1860 3073
57 133 100 162 193

702 131 801 159 LIBER
821 131 1013 160 SECUNDUS.

1622 137 1672 164 191

55 194 84 221 sit
94 192 174 227 signis
184 192 288 226 quibus
304 192 392 219 fuerat
405 192 492 226 primo
506 191 646 225 diﬁ'usum;
659 193 728 226 quod
743 193 835 226 utique.
851 195 874 223 Α
889 200 964 219 vorsa
991 191 1178 227 pervenient),
1205 191 1231 218 id
1258 185 1373 220 fortasse
1400 193 1460 227 plus
1480 193 1581 228 aliquid
1611 203 1672 223 esse

56 237 295 265 innumerabilibus
325 237 454 264 medimni
478 237 572 272 grauis
596 237 761 271 impossibile
791 242 834 264 est

55 291 155 318 prorsus
167 283 310 315 accidere.
325 283 432 310 etiamsi
455 291 503 317 per
521 284 651 311 immensa
673 283 768 310 saecula
791 284 834 310 in-

54 329 244 357 desinenter-ac
256 329 361 364 jugiter
374 329 558 357 eﬁ‘undanlur.
575 329 611 356 lta
627 336 692 364 ergo
710 329 835 363 impossi-

53 375 99 402 bile
111 375 172 401 mihi
193 375 306 402 videtur
319 375 414 402 eodem
434 375 550 408 ordine,
568 375 726 410 eisdemque
746 375 833 403 modis

53 419 221 452 nascentium,
239 425 268 446 et
287 421 460 447 morientium
474 440 481 452 ,
503 424 530 447 et
545 421 682 455 agentium
703 421 767 455 quid
791 428 833 448 se-

52 466 128 493 cundo
140 466 273 492 mundum
288 465 344 500 (19)
361 473 438 500 posse
453 466 586 500 reparari;
600 467 646 493 sed
665 466 832 494 immutatio-

52 512 121 538 nibus
136 519 186 538 non
200 511 328 540 minimis
342 513 461 539 diversos
472 518 551 545 posse
566 512 680 540 mundos
688 513 830 544 exsistere,

52 557 82 582 ita
95 562 120 583 ιιι
132 564 180 590 pro
193 557 352 584 manifestis
367 558 520 592 quibusque
533 558 625 585 causis
638 557 733 584 melior
744 562 831 585 status

51 602 80 627 sit
95 601 204 628 alterius
221 603 328 635 mundi,
345 607 372 629 rt
388 610 436 637 pro
448 603 509 630 aliis
523 603 647 635 inferior,
665 609 691 630 et
710 611 758 638 pro
771 604 832 631 aliis

51 648 143 675 medius
158 648 271 682 quidem
286 653 383 676 status.
400 649 449 681 Qui
464 654 556 676 autem
573 656 702 676 numerus
716 649 756 676 vel
775 657 830 676 mo-

49 693 90 719 dus
104 693 145 720 hic
162 694 210 725 sit,
230 702 284 729 ego
298 702 342 720 me
359 694 466 721 nescire
485 694 583 722 fateor.
600 695 627 723 Si
653 695 715 730 quis
739 700 828 724 autem

50 743 130 772 posset
143 739 300 771 ostendere,
317 739 444 767 libentius
456 740 600 767 discerem.

78 783 103 811 5.
117 783 319 811 Verumtamen
335 785 480 812 multorum
493 785 655 813 saeculorum
673 787 735 815 ﬁnis
761 788 827 815 dici-

50 834 87 855 llll'
101 837 157 856 esse
170 830 214 857 hic
230 831 363 863 mundus,
379 831 423 865 qui
447 836 475 858 et
497 832 554 865 ipse
568 832 695 859 saeculum
713 833 825 862 dicitur.

50 874 123 900 Docet
137 880 225 901 autem
248 880 364 902 sanctus
377 876 522 910 Apostolus
542 877 599 911 (20)
613 878 685 911 quod
701 879 827 906 Christus

49 919 72 946 in
87 927 117 946 eo
130 920 227 947 saeculo
243 921 321 956 quod
337 926 401 949 ante
417 923 468 949 hoc
491 922 540 949 fuit
551 942 557 953 ,
579 931 632 949 non
657 928 700 950 cst
720 932 826 958 passus,

49 969 90 994 sed
104 975 135 994 ne
148 968 172 995 in
189 968 234 996 illo
252 969 366 1004 quidem
381 972 450 1005 quod
463 976 528 998 ante
544 972 630 1006 ipsum
646 973 707 1001 luit;
729 979 756 1000 ct
779 982 827 1001 nc-

49 1015 99 1043 scio
111 1016 131 1042 si
145 1024 274 1044 enumera
282 1024 311 1043 re
321 1017 451 1045 suﬁiciam
461 1023 561 1052 quanta
576 1017 675 1045 fuerint
689 1019 826 1046 anteriora

50 1062 137 1088 saecula
151 1063 176 1091 in
192 1063 296 1097 quibus
309 1071 405 1098 passus
421 1071 474 1090 non
492 1069 542 1090 est.
562 1063 598 1090 Ex
620 1064 718 1097 quibus
736 1068 825 1091 autem

50 1109 207 1135 sermonibus
221 1108 300 1135 Pauli
315 1109 347 1135 ad
361 1109 533 1136 occasionem
547 1109 627 1143 hujus
643 1108 828 1144 intelligentia:

50 1154 171 1186 venerim,
186 1155 339 1189 proferam;
357 1155 394 1182 ait
410 1155 482 1182 enim
497 1155 571 1188 (2i);
584 1165 593 1180 ‹
605 1154 680 1181 Nunc
699 1162 764 1182 vero
782 1163 826 1182 se-

50 1199 131 1225 meliu
147 1200 388 1228 consummatione
413 1199 574 1228 saeculorum
593 1201 625 1226 ad
650 1199 826 1227 refellendum

50 1249 176 1277 peccatum
198 1253 246 1280 per
267 1245 388 1272 hostiam
411 1246 452 1272 sui
476 1245 666 1273 mauil'estatus
691 1251 732 1273 cst
753 1247 788 1272 ".
814 1255 824 1272 ι

50 1289 128 1317 Semel
144 1291 213 1318 enitn
230 1292 270 1318 ait
288 1291 405 1318 hostiam
419 1291 554 1322 elTectum.
569 1296 595 1318 et
611 1292 636 1318 in
652 1293 826 1319 c0txsumuua-

50 1337 112 1362 tione
125 1337 287 1365 smculorum
303 1337 337 1364 ad
350 1337 523 1364 refellendum
541 1343 679 1372 peccatum
695 1345 755 1365 esse
767 1346 826 1364 ma-

50 1381 205 1410 nifestatum.
223 1384 303 1417 Quod
316 1389 406 1411 autem
421 1389 481 1418 post
494 1385 544 1411 hoc
555 1384 694 1416 smculum,
709 1384 779 1418 quod
792 1384 825 1410 ad

50 1430 297 1456 consummationem
310 1429 591 1456 aliorumsaeeulorum
603 1429 702 1456 dicitur
712 1429 824 1462 factum,

50 1478 120 1502 erunt
132 1475 181 1502 alia
198 1476 300 1503 srecula
321 1476 547 1510 supervenientia,
563 1475 706 1502 manifeste
719 1475 753 1502 ab
768 1475 826 1509 ipso

50 1520 123 1548 Paulo
137 1522 285 1549 didicimus
301 1522 410 1550 dicente
428 1531 434 1549 :
453 1531 463 1547 ι
488 1522 523 1550 Ut
547 1522 704 1549 ostenderet
725 1522 751 1549 in
774 1529 823 1549 sae-
837 1529 859 1559 (ς

50 1566 107 1593 culis
142 1568 400 1602 supervenientibus
428 1568 681 1602 superabundantcs
715 1568 823 1595 divitias

50 1612 130 1644 gratiae
142 1619 195 1640 suae
210 1613 236 1640 in
253 1613 378 1641 bonitate
392 1621 474 1648 super
490 1621 538 1641 uos
560 1614 594 1641 ⁵³.
613 1623 622 1640 ι
642 1613 701 1641 Non
727 1614 795 1640 dixit
816 1634 824 1646 ,

50 1656 72 1683 in
85 1657 175 1684 saculo
190 1658 421 1692 superveniente,
438 1667 525 1694 neque
545 1659 572 1686 in
592 1659 697 1686 dttobus
719 1659 824 1686 saeculis

50 1704 299 1736 Supervenieutibus;
317 1704 386 1730 unde
393 1705 511 1731 arbitror
521 1704 603 1730 multa
616 1703 711 1731 sa-cula
722 1703 823 1731 indicio

50 1749 170 1776 sermonis
183 1749 258 1777 illius
278 1749 423 1777 declarari.
439 1749 467 1777 Si
482 1757 547 1777 vero
563 1749 665 1783 aliquid
678 1755 719 1777 est
734 1757 821 1776 smon-

53 1791 79 1818 lis
92 1792 182 1826 majus,
201 1794 239 1821 ita
258 1799 287 1821 et
299 1795 325 1821 in
345 1795 480 1822 creaturis
498 1795 621 1829 qumdam
646 1794 743 1822 sterilia
764 1793 821 1829 (2'2)

51 1838 227 1873 intelligantur,
244 1841 274 1866 in
298 1840 359 1867 aliis
373 1848 436 1868 vero
450 1847 510 1875 quae
531 1840 666 1867 excedunt
685 1844 711 1866 et
728 1847 822 1875 super-

51 1883 194 1916 grediuntur
205 1885 329 1911 visibiles
343 1889 484 1912 creaturas
510 1884 597 1919 (quod
625 1884 677 1910 erit
703 1883 775 1911 forte
795 1885 820 1911 in

51 1929 206 1958 restitutione
224 1931 360 1963 oumium,
378 1938 440 1958 cum
453 1930 486 1957 ad
505 1929 655 1965 perlectum
671 1929 751 1956 linem
765 1929 823 1956 uni-

82 2000 101 2016 "
111 1998 172 2028 lleb.
184 2008 221 2035 ix,
233 2000 281 2028 26.
292 2000 315 2015 ⁸³
326 2000 423 2035 Ephes.
436 2007 466 2032 ll,
478 2000 503 2027 7.
559 2001 583 2016 ³⁵
594 2000 672 2028 Joan.
689 2007 755 2031 xvu,
773 2000 818 2027 22.

53 2074 60 2090 ι
75 2067 166 2102 utique.
180 2069 255 2097 mox
271 2077 350 2101 mss.,
360 2079 369 2095 ι
383 2078 430 2104 per
442 2070 573 2097 immensa
589 2069 697 2097 sarcula.
710 2078 720 2095 ι
735 2068 820 2104 Alias,

53 2108 61 2124 ι
75 2109 116 2134 per
134 2104 234 2131 diversa
254 2104 364 2131 saccula.
387 2114 395 2129 ι

52 2169 56 2174 ,
79 2135 127 2172 (19)
139 2137 279 2166 Mundum.
301 2139 378 2167 Deest
391 2140 417 2166 in
437 2144 515 2166 antea
530 2139 623 2170 editis,
640 2139 686 2166 sed
703 2140 818 2168 habetur

52 2177 144 2199 Intuss.
164 2173 267 2200 Ibidem
293 2182 377 2205 mss.,
403 2183 412 2199 ι
440 2174 673 2200 immutationibus
692 2182 744 2201 non
770 2177 805 2202 mi
836 2176 858 2205 D

52 2205 129 2241 nimis.
146 2217 154 2233 ι
169 2208 245 2235 Libb.
262 2209 338 2241 editi,
354 2219 362 2234 ι
381 2210 614 2236 immutationibus
628 2209 787 2238 innumeris.
807 2221 816 2236 ι

54 2238 125 2278 Paulo
137 2249 194 2276 post
206 2251 287 2275 mss.,
304 2253 313 2269 ι
331 2238 376 2278 qui
399 2249 487 2270 autem
513 2251 642 2270 numerus
665 2244 706 2271 vel
727 2246 822 2272 modus

52 2273 87 2313 hic
97 2273 155 2305 sit.)
166 2277 249 2310 Editi,
262 2273 326 2313 «qui
342 2273 429 2306 autem
445 2279 600 2306 verissimus
615 2279 708 2306 modtts
727 2280 820 2306 hormu

80 2344 129 2415 (ιυῖ
146 2345 211 2375 Vide
225 2347 396 2383 Origeninn.,
416 2348 434 2374 l.
450 2356 480 2380 lt,
501 2356 528 2382 q.
542 2348 570 2379 3,
586 2356 660 2374 num.
677 2347 712 2375 '23
724 2353 751 2374 et
773 2348 820 2376 24.

90 2380 115 2406 il
142 2382 185 2410 Sic
197 2390 294 2409 omnes
308 2383 386 2411 codd.
401 2391 477 2415 mss.;
491 2384 555 2409 editi
573 2390 648 2415 vero,
666 2392 675 2407 ι
697 2391 730 2410 ex
753 2385 814 2415 qui-

90 2380 128 2415 il)
142 2382 185 2410 Sic
197 2380 294 2409 omnes
308 2383 386 2411 codd.
401 2391 477 2415 mss.;
491 2380 555 2409 editi
573 2390 648 2415 vero,
666 2392 675 2407 ι
697 2391 730 2410 ex
753 2385 814 2417 qui-

53 2412 94 2451 bus
108 2412 189 2444 tamen
203 2417 376 2445 sermonibus
389 2412 516 2444 Pauli'ad
541 2412 713 2445 occasionem
739 2412 821 2449 hujus

55 2450 220 2488 intelligentia!
240 2455 282 2488 (ut
298 2459 390 2479 verum
415 2452 565 2488 proferant)
587 2452 668 2480 facile
691 2453 819 2480 devottie-

54 2489 111 2511 IIIIIS.
127 2486 168 2512 Ait
178 2486 260 2514 enirn.
282 2497 292 2514 ι

82 2518 129 2555 (22)
149 2521 185 2548 ita
205 2530 284 2554 mss;
302 2522 367 2549 editi
385 2529 470 2555 vero,
493 2531 504 2548 ι
527 2522 565 2549 ita
589 2526 620 2549 ut
641 2521 668 2549 in
687 2522 820 2549 creaturis

55 2555 268 2590 quidetuisaacula,
289 2566 299 2583 ν
318 2562 372 2584 etc.

83 2588 131 2658 (25)
148 2589 225 2618 Movet
245 2588 295 2619 me.
315 2593 342 2619 In
358 2596 437 2619 antea
449 2591 528 2619 editis
543 2591 620 2619 deest
637 2601 647 2618 ι
667 2599 720 2619 me.
744 2600 754 2617 ι

92 2623 131 2658 24)
147 2624 183 2651 Ita
195 2633 272 2658 mss.;
286 2627 353 2654 editi
366 2632 465 2657 autem,
485 2636 494 2653 ι
513 2627 560 2655 sed
577 2627 666 2654 omnia
681 2632 708 2654 et
721 2627 748 2654 itt

71 2623 183 2661 “(libita
195 2633 272 2659 mss.;
286 2627 353 2654 editi
366 2632 465 2657 autem,
485 2636 494 2653 ι
513 2627 560 2655 sed
577 2627 666 2654 omnia
681 2632 708 2654 et
721 2627 748 2654 iu
762 2634 820 2654 om-

56 2658 119 2684 nibus
133 2659 207 2688 Deus.
225 2671 236 2688 ι

83 2692 131 2728 (Ξὸ)
147 2694 191 2721 Sic
209 2697 281 2723 hunc
304 2696 392 2723 locum
411 2696 513 2729 optime
533 2697 679 2724 emendant
702 2704 767 2724 mss.
790 2696 818 2724 lu

57 2730 122 2766 antea
133 2730 209 2757 editis
223 2731 322 2765 legitur
344 2740 351 2758 :
377 2731 508 2766 {Dicitur
532 2738 540 2758 :
563 2739 611 2766 per
627 2737 817 2759 ornamentum

57 2763 136 2801 {limitis
147 2766 216 2792 aurci
238 2763 375 2792 calvitium
393 2765 514 2793 Hebraeis
529 2763 638 2800 propter
660 2774 740 2801 opera
761 2772 816 2792 tua.

57 2794 228 2835 ornamentum
243 2801 279 2828 ibi
297 2808 329 2828 co
351 2801 459 2828 nomine
480 2794 537 2834 quo
552 2794 686 2828 m'uudum'
697 2801 818 2835 appella-

58 2832 95 2857 vit.
109 2832 164 2861 Ideo
177 2835 275 2871 κόσμος
291 2836 395 2863 scribit.
416 2845 425 2861 ι
443 2832 521 2868 Ωιιὸιι
537 2835 610 2864 oumi
632 2832 719 2864 sensui
730 2832 815 2863 caret.

867 2000 891 2016 ”
905 2000 955 2027 lsa.
982 2008 1022 2032 ιιι,
1039 2001 1085 2027 ‘24.

886 244 966 271 quam
979 237 1107 264 seculum
1127 237 1331 271 intelligendum
1351 243 1404 270 est.
1418 240 1443 265 in
1464 246 1518 274 qtto
1532 239 1584 267 erit
1609 248 1671 268 om-

886 283 960 310 nium
979 284 1188 311 consummatio.
1205 284 1293 312 Movet
1311 285 1429 320 mov(25)
1452 291 1541 314 autem
1567 288 1592 314 in
1619 288 1671 316 hoc

886 327 1034 362 Scriptura:
1047 333 1149 355 sancta:
1164 329 1311 356 auctoritas
1325 337 1385 364 qua:
1397 330 1463 357 dicit
1479 339 1486 357 :
1508 340 1517 356 ι
1536 331 1563 357 In
1582 339 1670 359 szeeu-

884 373 952 410 lum,
970 378 997 401 et
1010 374 1109 402 adhuc.
1131 383 1140 400 ι
1166 375 1198 402 Ει
1224 384 1232 400 ι
1253 375 1340 402 adlmc
1360 385 1369 400 ι
1393 377 1465 402 enim
1486 378 1556 410 quod
1582 378 1670 411 dicit,

884 420 945 456 plus
957 420 1059 454 aliquid
1077 420 1135 447 sine
1144 420 1226 447 dubio
1240 427 1321 454 quam
1333 420 1460 447 saeculum
1474 421 1529 448 vult
1543 422 1668 457 intelligi.

884 471 912 494 et
930 467 991 494 vide
1007 474 1040 493 ne
1054 467 1118 493 illud
1135 466 1206 501 quod
1227 467 1293 493 dicit
1313 466 1438 492 Salvator
1454 467 1516 500 quia
1537 477 1546 493 ι
1566 468 1627 495 νοΙο
1639 473 1669 494 ιιι

885 512 928 539 ubi
943 519 993 547 ego
1012 520 1070 539 sum
1087 517 1113 540 et
1130 513 1172 539 isti
1190 513 1245 539 sint
1260 519 1375 544 mecum;
1391 517 1419 539 et
1433 512 1504 539 sicut
1517 521 1567 547 ego
1590 519 1617 540 et
1640 521 1667 541 tu

887 566 970 585 unum
986 566 1088 589 smnus.
1100 563 1127 585 et
1142 559 1185 586 isti
1197 559 1252 585 sint
1266 559 1291 585 in
1307 557 1384 586 nobis
1397 566 1478 586 unum
1489 559 1523 591 ";
1543 568 1552 585 ι
1573 564 1668 587 osten-

883 603 948 631 dere
963 604 1087 630 videatur
1111 603 1170 638 plus
1194 604 1297 639 aliquid
1322 612 1405 640 quam
1424 609 1466 631 est
1488 605 1616 632 saeculum
1640 611 1668 632 et

882 649 990 681 szccula,
1003 648 1071 676 forte
1081 649 1162 676 etiam
1171 649 1231 683 plus
1241 656 1323 684 quam
1335 654 1377 677 est
1385 650 1482 678 saecula
1492 651 1665 682 smeulorum.

884 695 909 722 id
926 695 1051 723 videlicet
1063 703 1124 722 cum
1134 695 1190 730 jam
1202 703 1255 724 non
1268 696 1294 722 in
1308 696 1409 724 saeculo
1429 701 1494 724 sunt
1505 696 1607 728 omnia,
1620 697 1668 724 sed

882 741 908 768 in
924 743 1048 768 omnibus
1060 741 1129 768 Dens
1142 740 1209 775 (24).

915 786 942 814 6.
960 786 1006 814 His
1019 794 1068 821 pro
1084 779 1194 814 nostris.
1202 787 1305 815 viribus
1317 788 1350 814 de
1370 787 1462 814 mundi
1482 787 1588 814 ratione
1611 787 1665 815 dis-

880 833 972 865 sertis,
989 840 1041 860 non
1059 833 1240 868 incongruum
1258 834 1341 860 etiam
1357 835 1464 861 videtur
1476 834 1559 868 ipsius
1573 835 1665 862 mundi

879 879 1022 913 appellatio
1037 879 1102 913 qttid
1117 879 1168 906 sibi
1185 878 1251 906 velit
1265 880 1414 914 inquirere;
1436 887 1495 913 quae
1518 880 1664 915 appellatio

879 925 905 951 in
924 923 1074 958 Seripturis
1088 924 1191 951 sanctis
1203 925 1309 952 diversa
1327 925 1486 960 signiﬁcans
1508 926 1666 960 frequenter

878 969 1038 996 ostenditur.
1067 969 1143 1002 Quod
1169 970 1241 997 enim
1264 970 1358 997 Latine
1385 972 1512 998 mundtnn
1537 972 1664 1005 dicimus,

878 1015 971 1042 Greece
986 1015 1090 1049 κόσμος
1105 1015 1266 1050 appellatur;
1283 1016 1385 1051 κόσμος
1394 1021 1484 1044 autem
1506 1024 1557 1044 non
1576 1017 1662 1045 solum

879 1061 1019 1093 mundum,
1035 1061 1082 1088 sed
1098 1065 1123 1087 et
1134 1066 1322 1088 ornamentum
1338 1062 1484 1096 signiﬁcat.
1504 1062 1623 1097 Denique
1637 1063 1662 1090 in

878 1106 947 1133 lsaia
962 1106 1006 1133 ubi
1018 1107 1050 1132 ad
1063 1107 1200 1141 principes
1214 1106 1283 1134 ﬁlias
1292 1107 1356 1134 Sion
1372 1108 1565 1142 increpationis
1572 1115 1662 1136 sermo

878 1153 1005 1186 dirigitur
1030 1157 1058 1180 et
1081 1152 1147 1180 dicit
1171 1151 1260 1179 ;‹Ρι-ο
1281 1157 1445 1180 ornamento
1467 1153 1563 1187 capitis
1587 1154 1663 1182 aurei

878 1198 1014 1225 calvitium
1039 1199 1152 1226 habebis
1176 1203 1286 1233 propter
1311 1205 1393 1232 opera
1413 1204 1458 1226 tua
1485 1199 1524 1231 ",
1546 1209 1555 1225 ι
1581 1208 1664 1227 orna-

879 1248 998 1270 mentum
1018 1243 1053 1270 ibi
1066 1251 1098 1270 eo
1113 1244 1222 1271 nomine
1239 1251 1293 1279 quo
1307 1244 1435 1271 mundum
1451 1245 1614 1279 appellavit,
1637 1247 1662 1273 id

877 1294 919 1316 cst
938 1289 1040 1324 κόσμον
1056 1289 1123 1324 (25).
1138 1290 1245 1317 Dicitur
1261 1291 1342 1318 etiam
1362 1291 1387 1318 in
1401 1291 1558 1318 indumento
1571 1292 1663 1326 ponti-

878 1335 937 1362 ﬁcis
957 1336 1048 1362 mundi
1068 1335 1137 1363 ratio
1152 1336 1300 1370 contineri,
1321 1337 1389 1364 sicut
1403 1337 1429 1364 in
1445 1336 1583 1372 Sapientia
1609 1338 1661 1365 Sa-

876 1381 992 1409 lomonis
1013 1381 1176 1414 invenimus,
1195 1389 1256 1410 cum
1268 1383 1343 1414 dicit,
1357 1383 1420 1416 quia
1433 1391 1442 1408 ι
1463 1383 1488 1410 in
1502 1383 1664 1411 vestimento

877 1427 986 1461 poderis
1001 1431 1059 1454 erat
1075 1427 1218 1454 universus
1234 1427 1350 1454 mundus
1371 1427 1421 1455 “.1
1431 1427 1546 1454 Mundus
1563 1428 1662 1455 dicitur

876 1471 957 1498 etiam
976 1476 1067 1498 uoster
1082 1479 1142 1498 cttm
1159 1472 1356 1500 habitatoribus
1371 1473 1427 1500 suis
1441 1473 1514 1499 orbis
1526 1477 1660 1499 terrarum

878 1517 938 1549 iste,
956 1517 1026 1544 sicut
1038 1525 1098 1544 cmn
1115 1517 1254 1552 Scriptura
1265 1519 1330 1546 dicit
1345 1526 1352 1546 :
1371 1527 1380 1544 ι
1395 1519 1488 1546 Omnis
1504 1519 1619 1546 mundus
1634 1519 1660 1545 in

877 1562 994 1596 maligno
1019 1566 1121 1598 positus
1141 1569 1182 1590 est
1199 1564 1233 1590 ".
1262 1573 1272 1590 ι
1299 1564 1422 1592 Meminit
1448 1571 1513 1592 sane
1537 1565 1663 1592 Clemens

877 1606 1061 1641 apostolorum
1085 1607 1234 1642 discipulus
1249 1609 1333 1636 etiam
1345 1617 1439 1636 eorum
1452 1616 1519 1643 quos
1536 1608 1661 1644 ἀντίχθο-

877 1662 924 1685 νας
940 1653 1026 1680 Graeci
1045 1655 1221 1682 nominarunt
1236 1659 1317 1689 atque
1331 1655 1398 1682 alias
1410 1659 1500 1689 partes
1515 1655 1571 1689 (‘26)
1586 1655 1661 1682 orbis

879 1704 958 1727 terra!
972 1699 1004 1726 ad
1020 1707 1088 1734 quas
1104 1707 1192 1735 neque
1204 1705 1358 1728 nostrorum
1370 1701 1513 1736 quisquam
1530 1701 1662 1728 accedere

876 1749 977 1780 potest,
991 1753 1079 1780 neque
1095 1753 1126 1772 ex
1142 1745 1196 1773 illis
1207 1746 1252 1780 qui
1262 1746 1298 1774 ibi
1310 1752 1373 1774 sttnt
1387 1748 1530 1781 quisquam
1543 1748 1662 1775 transire

876 1790 909 1816 ad
923 1797 973 1816 nos
986 1799 994 1816 :
1008 1797 1078 1824 quos
1091 1795 1118 1817 et
1131 1790 1204 1825 ipsos
1218 1791 1332 1819 mundos
1345 1792 1491 1827 appellavit
1504 1800 1577 1825 cum,
1597 1793 1636 1820 ait
1653 1801 1659 1818 :

878 1845 887 1862 ι
905 1835 1030 1863 Oceanus
1042 1837 1274 1865 intransmcabilis
1288 1842 1330 1865 est
1345 1838 1497 1865 hominibus
1507 1838 1576 1873 (27),
1590 1843 1619 1866 et
1634 1839 1660 1865 bi

875 1883 921 1917 qui
941 1887 1017 1910 trans
1036 1882 1122 1917 ipsum
1140 1889 1203 1910 sunt
1216 1885 1319 1916 mundi,
1333 1885 1378 1918 qui
1396 1885 1439 1911 his
1453 1885 1554 1911 eisdem
1569 1885 1658 1911 domi-

877 1929 982 1956 naloris
998 1929 1045 1956 Dei
1060 1929 1291 1964 ‘dispositiouibus
1306 1930 1502 1965 gubernantur.
1522 1939 1531 1956 ι
1558 1930 1661 1957 Dicitur

1136 2000 1160 2017 ⁸⁸
1174 2000 1238 2035 Sap.
1256 2008 1333 2033 xvm,
1351 2000 1396 2028 42.
1418 2000 1439 2016 ⁵⁷
1456 2001 1463 2028 Ι
1478 2000 1556 2028 Joan.
1570 2009 1596 2034 v,
1615 2001 1658 2029 ιθ.

913 2067 968 2104 (26)
982 2068 1019 2094 lla
1032 2067 1203 2104 codd._mss.;
1217 2067 1281 2094 editi
1299 2074 1373 2099 vero,
1387 2075 1397 2093 ι
1413 2068 1564 2100 nominaut,
1574 2074 1658 2101 atque

875 2102 947 2132 illius
962 2107 1062 2137 partes.
1081 2112 1091 2128 ι
1110 2102 1194 2128 Paulo
1208 2107 1268 2135 post
1294 2109 1370 2133 inst...
1393 2111 1401 2127 ι
1424 2103 1659 2130 ιιιιιιθιιδιιιείιιηίΙιε

874 2143 926 2166 est.
945 2147 953 2163 ι
975 2138 1084 2169 Ειιίιί,¹ι
1104 2137 1280 2164 intraustbilis
1294 2142 1344 2164 est.
1362 2147 1371 2163 ι

908 2173 964 2207 (27)
981 2171 1101 2198 Oceanus
1122 2172 1342 2198 intransmeabilis
1362 2177 1410 2204 est,
1434 2176 1488 2199 etc.
1512 2171 1658 2199 Clementis

873 2208 986 2235 Romani
1002 2208 1084 2234 verba
1104 2207 1204 2242 imitari
1218 2207 1324 2234 videtur
1339 2207 1480 2242 Dionysius
1496 2207 1658 2242 Alexandri-

872 2251 924 2270 nus
937 2242 1004 2276 apud
1025 2242 1168 2268 Eusebium
1183 2241 1229 2268 lib.
1243 2249 1291 2272 vti,
1304 2249 1362 2275 cap.
1377 2242 1404 2273 2,
1420 2241 1534 2274 Hislor.,
1546 2243 1560 2269 ὁ
1574 2241 1656 2273 πολὺς

872 2278 918 2304 καὶ
935 2276 1087 2312 ἀπέραντος
1101 2275 1406 2312 ἀνθρώποιςγὨκεανός.
1427 2276 1465 2312 Eo
1480 2284 1586 2312 quoque
1611 2285 1655 2303 rc-

872 2313 976 2347 spicere
990 2311 1095 2338 videtur
1109 2312 1225 2338 lrcumus
1241 2311 1287 2337 lib.
1303 2319 1331 2343 tt,
1345 2319 1407 2345 cap.
1425 2311 1459 2347 i7
1476 2320 1482 2338 :
1498 2320 1507 2336 ι
1528 2311 1596 2344 Quid
1612 2319 1658 2337 au-

873 2346 937 2378 tem,
954 2347 1052 2381 inquit,
1063 2353 1208 2379 possumus
1227 2353 1363 2379 exponere
1378 2347 1411 2373 tle
1429 2346 1529 2373 Oceani
1544 2353 1656 2372 accessu

871 2386 899 2420 e_t
914 2389 1032 2420 recessu,
1048 2389 1108 2420 cum
1121 2385 1226 2408 constet
1238 2388 1298 2407 esse
1309 2386 1411 2420 certam
1425 2381 1548 2420 causam?
1557 2381 1657 2420 quidve

871 2416 905 2443 de
918 2417 959 2443 his
972 2424 1032 2450 qua:
1047 2415 1118 2442 ultra
1129 2423 1188 2450 eum
1203 2419 1276 2447 sunt,
1290 2416 1434 2442 enuntiare
1449 2415 1538 2450 qualia
1553 2415 1619 2450 sint?
1643 2424 1652 2440 ι

871 2449 1092 2483 ριιὶὺυςνειὺίς
1119 2449 1288 2484 adjuugenda
1321 2455 1385 2476 sunt
1414 2449 1465 2477 ista
1497 2449 1590 2476 llilarii
1622 2450 1655 2476 ad

871 2486 966 2519 psalmi
981 2493 1064 2512 vattt
1082 2485 1181 2521 tinent:
1196 2493 1205 2509 ι
1215 2484 1296 2521 Mare
1310 2485 1380 2517 quod
1393 2485 1525 2521 profunda
1536 2484 1656 2521 inﬁnita-

871 2528 923 2555 que
934 2521 976 2547 sui
991 2521 1069 2548 obiec
1081 2519 1199 2548 mentem
1214 2520 1336 2546 humanm
1349 2519 1484 2553 opinionis
1493 2520 1616 2555 excedat,
1627 2523 1657 2545 ut

871 2554 957 2589 neque
977 2555 1041 2590 quid
1062 2559 1138 2582 extra
1159 2554 1204 2587 sit,
1221 2561 1307 2588 neque
1326 2555 1475 2590 quidintra
1496 2554 1554 2590 sit,
1571 2560 1654 2590 sensu

870 2587 1047 2625 persequente
1060 2592 1209 2623 capiamus.
1229 2599 1238 2614 ι
1255 2587 1309 2625 Sed
1323 2594 1350 2616 et
1364 2588 1511 2625 Clementis
1539 2587 1655 2614 llotnaui

871 2622 946 2662 locus
957 2622 1271 2662 'citaturacoguomiue
1280 2624 1465 2662 Alexandrino
1481 2622 1653 2662 Strontatzv,

870 2668 895 2694 p.
910 2660 974 2692 586,
994 2660 1039 2697 ubi
1052 2660 1096 2697 de
1109 2657 1199 2687 multis
1211 2659 1287 2697 egetis
1304 2666 1350 2697 seu
1368 2658 1485 2697 mundis;
1500 2662 1528 2684 et
1542 2657 1575 2683 ab
1592 2657 1654 2697 Ilie-

875 2703 988 2730 ronymo
1004 2696 1029 2722 iu
1051 2695 1150 2728 Ephes.
1170 2703 1205 2727 ll,
1228 2694 1260 2726 2,
1280 2693 1350 2730 qui,
1372 2694 1478 2726 opinor,
1500 2693 1656 2719 transcribit

869 2729 996 2766 Origo-uis
1025 2731 1245 2766 commentarios.
1279 2729 1341 2766 ligno
1359 2731 1606 2766 _ob_servata__suut
1633 2734 1653 2766 la

869 2762 1020 2792 clarissimo
1043 2765 1177 2792 Cotclerio
1202 2764 1228 2790 in
1256 2765 1328 2790 notis
1359 2764 1384 2790 in
1410 2763 1482 2790 hunc
1508 2762 1655 2789 Clementis

869 2800 957 2826 locum
979 2801 1011 2828 de
1032 2807 1085 2834 quo
1109 2800 1201 2833 plura,
1225 2799 1246 2826 si
1268 2799 1354 2832 cupis,
1379 2798 1439 2826 vide
1457 2797 1582 2826 eumdem
1605 2796 1656 2824 ibi-

870 2836 939 2862 deut.
