1834 3072
496 51 504 70 Α

31 127 124 157 1857

322 128 513 156 ADAMANTII
533 128 707 158 DIALOGUS
730 128 774 156 DE
792 128 904 156 RECTA
922 127 955 155 IN
973 128 1069 156 DEUM
1090 127 1177 156 FIDE.
1196 143 1231 149 —
1251 127 1347 156 SECT.
1369 128 1414 155 iV.

1612 131 1681 158 1833

31 187 172 221 φοῦσοαι
186 187 279 223 ἐχρῆν,
292 187 332 219 εἷς
344 188 374 214 τὺ
390 188 428 224 μὴ
444 188 584 223 φαίνεσθαι
600 189 614 215 ὃ
628 187 672 225 ἦν,
689 189 755 216 ἀλλὰ

957 190 1027 216 idum
1055 189 1149 216 venit:
1168 189 1289 224 profecto
1315 198 1365 217 nec
1394 190 1419 216 in
1446 190 1560 226 ﬁguram
1584 199 1681 219 novam

29 233 144 261 εἰσ-θαι
154 242 161 249 ·
173 233 234 260 οὔτε
252 234 304 270 μὴν
319 236 493 271 σιωπήσαντα
505 235 589 269 τοῦθ’,
599 236 667 272 ὅπερ
680 233 714 271 ἦν
727 235 843 271 ἀληθῶς,

30 281 272 317 ἄνθρωπον-ἀντὶ
284 283 352 309 Θεοῦ
367 284 462 310 ἑαυτὸν
478 285 581 312 καλεῖν.
597 285 653 311 Καὶ
665 284 743 311 τοῦτο
753 285 845 319 ἐλέγο-

35 335 106 362 μεν
128 328 180 360 ἂν,
195 329 219 354 εὶ
234 329 327 361 ἁπλῶς
351 330 447 357 ἑαυτὸν
468 330 609 366 ἄνθρωπον
631 331 739 365 ἔλεγεν·
758 331 802 358 ὂ..ε
818 331 845 357 δὲ

34 372 102 399 καὶ
126 373 184 399 ὑίδν
203 373 345 408 ἇνθρώπου
363 375 461 409 φάσκει
473 373 541 403 εἶναι
556 377 665 409 ἑαυτὸν,
680 377 739 409 πῶς
755 377 848 413 τεχνά-

36 418 147 450 ζονται
165 416 237 447 οὗτοι
250 420 363 453 ψεύδους
386 423 578 458 προϊστάμενοι
591 444 598 456 ,
610 424 652 450 ὃτι
661 445 668 455 ,
688 424 732 451 διὰ
747 423 777 450 τὸ
789 425 847 450 τού-

38 465 162 491 ναντίον
179 465 298 500 σχήματι
316 466 476 501 βλέπεσθαι,
492 469 590 495 νοεῖται
617 469 725 501 πάντως
747 470 786 496 ὅτι
803 470 847 496 ἀν-

38 510 167 546 θρώπου
182 513 256 539 ἐστὶν
271 513 329 545 υἱός
342 522 348 546 ;
364 515 419 541 Καὶ
431 515 457 541 τί
471 514 542 549 λέγω
559 516 622 551 περὶ
648 517 729 551 μόνου
744 517 847 552 σχήμα-

38 566 118 590 τος;
134 559 175 585 ὅτι
195 559 225 585 οὐ
251 560 330 594 μόνον
345 560 383 595 τῷ
406 561 526 596 σχήματι
543 562 682 596 φαίνονται
697 562 844 598 ἄνθρωποι,

40 603 123 630 ἀλλὰ
140 605 186 631 καὶ
204 606 235 640 τῇ
251 606 338 642 οὐσίᾳ,
353 606 432 640 φύσει
448 607 585 643 ἄνθρωποι
598 608 682 641 ὄντες.
699 610 732 635 ’⁷0
749 618 778 635 τε
791 610 845 644 γὰρ

53 649 149 686 Ἀδὰμ
162 651 209 677 καὶ
223 653 239 687 ἠ
255 651 311 678 Εὔα.
327 654 379 679 υἱοὶ
391 653 541 689 ἀνθρώπων
558 654 618 681 οὔτε
633 655 764 691 ὑπῆρχον,
783 655 844 681 οὐτε

43 696 219 724 ἐκαλοῦντοο
238 699 262 723 εἰ
285 698 334 733 μὲν
358 699 410 734 γὰρ
437 701 485 735 τῆς
509 701 602 733 οὐσίας
618 701 671 728 τῶν
694 702 845 737 ἀνθρώπων

42 741 182 778 ὑπῆρχεν
199 745 365 779 σημαντικὸν
387 745 417 771 τὸ
430 746 503 778 vide,
519 746 603 781 ἐχρῆν
623 747 669 774 καὶ
693 747 737 773 τὸν
761 747 846 782 ’Λδὰμ

43 789 103 816 καὶ
116 789 166 825 τὴν
177 789 258 821 Εὕαν,
277 791 435 827 ἀνθρώπους
447 792 537 825 ὄντας,
551 793 624 825 υἱοὺς
637 793 787 829 ἀνθρώπων
800 803 846 821 κα-

43 833 176 862 λεῖσθαι·
203 836 266 868 τοὺς
286 845 314 862 τε
335 836 492 869 πλειστάκις
516 839 544 865 ἐν
562 839 628 865 εἴδει
653 840 700 866 καὶ
718 839 844 875 ὁμοιώσει

899 235 1009 268 mutari,
1025 240 1055 263 ut
1073 244 1107 264 ne
1121 237 1147 263 id
1159 237 1234 271 quod
1245 242 1303 264 erat
1318 242 1471 271 appareret,
1493 239 1541 266 sed
1562 239 1682 273 ignorari

897 280 1000 313 debuit,
1022 288 1111 316 neque
1135 282 1276 309 reticendo
1294 281 1321 309 id
1337 283 1407 316 quod
1425 290 1488 310 vere
1505 288 1575 316 erat,
1593 284 1682 311 homi—

898 334 959 354 nem
971 334 1000 355 se
1014 334 1064 362 pro
1079 327 1133 355 Deo
1146 335 1257 356 vocare.
1272 328 1360 363 Atque
1377 328 1429 356 hoc
1443 329 1551 363 quidem
1574 330 1682 356 dicere-

898 380 970 405 mus,
983 373 1004 400 si
1021 373 1182 407 simpliciter
1199 373 1336 401 hominem
1361 381 1391 401 se
1412 375 1577 403 nominaret.
1604 375 1682 404 Nune

899 426 964 447 vero
975 427 1036 446 cum
1049 419 1133 446 ﬁlium
1148 419 1266 447 hominis
1282 427 1312 447 se
1323 420 1456 455 appellet,
1478 422 1614 456 quomodo
1637 421 1682 449 isti

898 465 1030 493 mendacii
1041 465 1197 493 defensores
1207 467 1461 499 comminiscuntur,
1476 475 1550 500 eum,
1563 469 1626 503 quia
1640 469 1683 496 di-

898 519 992 539 versus
1008 519 1022 538 a
1037 512 1122 539 forma
1138 513 1255 544 videtur,
1273 512 1385 548 intelligi
1398 514 1477 548 plane
1489 514 1609 542 hominis
1621 523 1682 543 esse

897 558 983 585 lilium
996 559 1007 585 ?
1020 558 1074 585 Sed
1092 558 1156 593 quid
1171 558 1234 586 dico
1250 558 1284 586 de
1295 560 1353 586 sola
1369 560 1467 592 forma,
1483 568 1546 588 cum
1566 569 1620 589 non
1636 569 1667 589 so

897 603 951 631 lum
967 604 1052 631 forma
1068 610 1217 639 appareant
1235 604 1367 636 homines.
1383 605 1430 632 sed
1442 607 1593 634 substantia
1612 614 1683 642 quo-

896 659 949 686 que
961 651 986 678 id
1000 652 1056 678 sint
1072 651 1119 686 qui
1133 656 1228 678 natura
1244 652 1370 679 homines
1384 653 1470 679 sunt?
1490 652 1556 679 Nam
1568 658 1596 680 et
1609 655 1683 680 Ada-

898 705 957 724 mus
975 702 1003 723 et
1020 696 1073 724 Eva
1090 697 1136 723 ﬁlii
1153 697 1292 724 hominum
1306 705 1393 732 neque
1409 702 1497 732 erant,
1515 706 1601 733 neque
1614 708 1685 727 nun-

897 748 1040 776 cnpantur.
1055 742 1086 770 Si
1100 743 1172 770 enim
1192 750 1291 770 nomen
1316 744 1369 778 ﬁlii
1392 745 1571 772 substantiam
1593 746 1683 774 homi-

897 796 960 815 num
974 788 1138 821 declararet,
1157 793 1184 816 et
1199 790 1332 816 Adamum
1348 795 1375 817 et
1389 791 1481 825 Evam,
1495 793 1540 826 qui
1557 793 1683 820 homines

898 840 970 867 sunt,
998 835 1068 863 ﬁlios
1094 836 1235 863 hominum
1260 836 1389 871 appellari
1415 843 1574 872 oporteret:
1601 845 1683 874 atque

44 881 206 917 ἀνθρώπων
222 883 316 916 ἁγίους
333 884 464 917 ἀγγέλους
477 885 630 921 πεφηνότας
648 886 718 913 οὕτω
735 870 768 913 ’κς

957 881 986 908 :ti
1000 881 1099 916 angeli,
1115 881 1161 916 qui
1172 889 1243 917 stepe
1257 870 1346 916 specie
1360 890 1392 910 ac
1407 870 1584 912 similitudine
1595 870 1681 913 hor-ni-

46 927 117 953 σθαι
140 929 185 963 τῇ,
205 928 270 961 υἱὸς
294 929 462 963 ἀνθρώπου,
484 932 653 967 προσηγορίᾳ
670 932 731 959 ἔδει.
750 934 780 960 Ε.
802 934 838 959 Οὐ

43 974 102 1009 ἰὴν
118 975 212 1002 οὐσίαν
228 975 281 1003 τῶν
297 976 448 1013 ἀνθρώπων
467 977 541 1012 δηλοῖ
565 978 639 1010 υίὸς,
658 978 724 1005 ἀλλὰ
746 979 798 1014 τὴν
814 980 844 1012 ἐξ

42 1021 198 1057 ἀνθρώπου
224 1023 360 1058 γέννησιν.
380 1024 418 1050 Μ.
443 1024 512 1058 Ἐγώ
538 1033 619 1060 φημι,
636 1025 687 1057 ὅτι,
705 1025 799 1061 ὥσπερ
818 1027 843 1052 οἱ

43 1067 164 1101 ἄγγελοι
188 1068 227 1103 τῷ
251 1069 375 1105 Ἀϐραὰμ
402 1069 553 1105 ὤφθησαν,
578 1071 625 1097 καὶ
648 1070 765 1105 ἔφαγον,
795 1072 843 1098 καὶ

46 1113 148 1147 ἔπιον,
168 1116 214 1142 καὶ
233 1115 388 1150 ὡμίλησαν,
406 1116 477 1143 οὕτω
496 1117 543 1143 καὶ
561 1117 575 1142 ὁ
591 1118 717 1153 Χριστός.
731 1120 763 1144 Α.
787 1119 843 1154 Πρὸ

44 1159 103 1194 τῆς
125 1160 172 1186 τοῦ
192 1161 309 1196 Χριστοῦ
329 1162 478 1197 παρουσίας
502 1162 581 1189 τύποι
601 1163 735 1197 ἐγίνοντο’
757 1163 844 1190 ἐλθού-

47 1214 105 1241 σης
122 1206 149 1233 δὲ
165 1207 214 1243 τῆς
231 1207 369 1243 ἀληθείας,
389 1209 414 1234 οἱ
430 1210 510 1235 τύποι
526 1210 694 1245 ὲπαύθησαν,
713 1211 783 1238 κατὰ
797 1211 843 1237 τὸν

54 1251 229 1278 ’Δπόστολον.
245 1252 273 1279 '0
281 1253 335 1288 γὰρ
342 1254 424 1288 νόμος
436 1254 508 1281 σκιὰ
521 1254 579 1280 τῶν
588 1256 763 1289 μελλόντων
773 1256 844 1290 ἀγα-

45 1296 125 1324 θῶν.
137 1295 220 1324 Εἱοῦν
235 1298 282 1324 καὶ
296 1299 309 1325 ὁ
323 1299 439 1334 Χριστὸς
454 1299 584 1332 σκιωδῶς,
600 1300 646 1327 καὶ
657 1301 842 1337 προφητικῶς,

46 1342 100 1368 καὶ
127 1342 206 1374 αὐτὸς
229 1343 266 1375 ὡς
285 1344 310 1370 οἱ
327 1344 438 1379 ἄγγελοι
456 1342 521 1380 ἦλθε
549 1345 582 1371 δι’
605 1345 684 1372 ἄλλον
701 1346 756 1381 (24)
769 1366 775 1378 ,
796 1347 843 1373 νῦν

45 1387 100 1416 οὖν
119 1390 189 1417 κατὰ
209 1391 238 1417 σὲ
258 1391 409 1427 προσδοκᾷν
424 1392 566 1427 ὀφείλομεν
585 1392 701 1427 ἀληθῶς,
719 1393 766 1420 καὶ
786 1394 842 1420 υἰὶιν

46 1436 196 1472 ἀνθρώπου
210 1437 282 1469 ὄντα,
297 1439 344 1464 καὶ
363 1438 469 1472 ἀληθῶς
485 1438 700 1474 ἀποθνήσκοντα,
726 1440 771 1466 καὶ
796 1440 843 1466 θα-

47 1483 187 1518 πτόμενον
200 1504 206 1515 ,
225 1484 273 1510 καὶ
287 1484 460 1519 ἐγειρόμενον
477 1486 508 1511 ἐκ
522 1485 636 1521 νεκρῶν,
655 1486 701 1512 καὶ
713 1486 843 1521 ἀληθινὴν

49 1529 191 1565 σωτηρίαν
206 1530 324 1557 δώσοντα
339 1532 394 1563 τοῖς
411 1531 573 1567 ἀνθρώποις.
587 1532 624 1559 Μ.
639 1533 671 1558 Εἰ
681 1533 761 1559 τύποι
773 1531 842 1568 ἦσαν

48 1575 101 1602 τοῦ
130 1576 248 1609 Χριστοῦ
283 1577 307 1603 οἱ
342 1577 462 1612 ἄγγελοι,
481 1578 540 1609 πῶς
571 1578 672 1612 ἓςςαγον
701 1578 769 1614 μετὰ
794 1579 840 1604 τοῦ

56 1621 185 1656 Ἀϐραὰμ
195 1622 264 1654 ,καὶ
286 1622 380 1655 gmw;
395 1624 515 1658 Ἐφαγον
526 1624 553 1651 δὲ
577 1624 685 1660 ἀληθῶς
710 1624 727 1660 ἢ
744 1626 793 1657 ob;
807 1625 838 1651 A.

48 1668 86 1694 Ol.
101 1667 220 1702 ἄγγελοι,
233 1669 365 1704 πρότυποι
381 1670 520 1705 γενόμενοι
536 1671 585 1706 τῆς
606 1671 744 1707 ἀληθείας,
762 1680 841 1698 τουτ-

48 1714 112 1741 έστι
136 1715 183 1740 τοῦ
205 1715 332 1751 Σωτῆρος
360 1717 497 1751 Χριστοῦ,
524 1717 624 1751 ἔφαγον
646 1717 695 1752 μὲν
720 1717 838 1754 ἀληθῶς,

47 1760 181 1796 οὐδεμιᾶς
195 1761 334 1797 αὐξήσεως
347 1764 403 1793 τοῖς
419 1762 542 1798 σώμασιν
559 1763 648 1790 αὐτῶν
662 1764 694 1789 ἐκ
708 1764 758 1798 τῆς
778 1773 839 1799 τρο-

49 1807 107 1841 φῆς
123 1807 348 1842 προσγινομένης.
363 1807 466 1843 Ὥσπερ
487 1808 541 1843 γὰρ
565 1808 595 1834 τὸ
619 1807 675 1844 πῦρ
699 1808 788 1834 πάντα
806 1809 839 1834 τὰ

51 1853 283 1888 παραϐαλλόμενα
302 1853 447 1884 κατεσθίει,
468 1854 514 1880 καὶ
531 1854 736 1887 καταναλίσκει,
752 1854 839 1886 οὕτως

49 1899 100 1926 καὶ
116 1899 139 1924 οἱ
151 1897 260 1932 ἄγγελοι
275 1898 343 1933 μετὰ
359 1898 404 1924 τοῦ
420 1898 543 1933 Ἀϐραάμ
553 1907 559 1913 ·
575 1898 666 1930 καθὼς
676 1899 745 1926 καὶὸ
761 1900 840 1926 Ἀπὸ-

50 1944 145 1975 στολος
165 1945 264 1978 φάσκει
277 1952 283 1958 ·
305 1943 399 1971 Ταῦτα
418 1944 476 1978 μὲν
494 1945 597 1977 τύποις
619 1945 675 1980 (25)
700 1945 837 1972 συνέϐαι-

49 2000 110 2018 νον
131 1991 272 2023 ἐκείνοις·
288 1990 401 2025 ἐγράφη
418 1990 451 2016 δὲ
473 1990 548 2024 πρὸς
568 1991 730 2018 νουθεσίαν
744 1991 837 2026 ἡμῶν,

48 2039 96 2070 εὶς
112 2036 165 2069 οὒς
189 2036 226 2063 τὰ
249 2035 321 2068 τέλη
344 2035 402 2061 τῶν
423 2035 536 2062 αἰώνων
558 2035 736 2070 κατήντησε.
761 2037 790 2063 Ε.
811 2037 838 2063 ’0

57 2081 218 2112 Ἀπόστολος
231 2101 239 2112 ,
255 2082 292 2113 ὡς
315 2081 406 2115 ἔμοιγε
425 2081 499 2107 δοκεῖ
510 2101 517 2112 ,
536 2081 615 2108 σκιὰν
629 2083 676 2109 καὶ
690 2083 773 2109 τύπον
787 2083 837 2118 ἐμ-

49 2128 142 2164 φαίνει
156 2127 306 2163 μελλούσης
321 2126 447 2162 ἀληθείας
457 2136 463 2141 ·
481 2125 514 2162 ἧς
527 2127 573 2154 καὶ
585 2128 712 2163 σχήματα
727 2129 839 2162 γεγόνα-

51 2185 96 2203 σιν
119 2177 142 2202 οἱ
164 2175 284 2209 ἄγγελοι.
305 2172 375 2208 Εὖγε
397 2172 443 2200 οὖν
468 2174 514 2200 καὶ
534 2174 624 2206 καλῶς
647 2176 781 2210 στοιχήσει
800 2175 838 2211 τῷ

50 2221 222 2256 ἀποστολικῷ
235 2221 376 2256 γράμματι
389 2220 468 2256 ἡτῶν
483 2221 608 2254 ἀγγέλων
619 2221 713 2247 εἰκών·
728 2223 774 2248 καὶ
790 2219 836 2249 οὗ·

49 2278 98 2301 τος
113 2269 177 2305 (26).
190 2269 222 2295 El
232 2268 253 2294 δ’
267 2267 361 2303 ὥσπερ
376 2269 400 2294 οἱ
414 2267 534 2301 ἄγγελοι,
547 2267 618 2294 οὕτω
632 2270 678 2294 καὶ
694 2269 708 2294 r3
722 2269 838 2304 Χριστὸς

79 2341 103 2357 ⁷¹
118 2339 183 2368 lleb.
198 2347 223 2373 κ,
237 2341 262 2365 l.
300 2339 323 2354 ⁷³
338 2339 344 2365 l
357 2338 418 2365 Cor.
434 2346 462 2370 χ,
477 2339 506 2366 Η

50 2399 135 2428 αὐτοῦ
149 2399 286 2434 ἀλήθειαν.
304 2399 356 2426 Sed
373 2400 490 2426 nonduin
512 2400 622 2434 σφάλμα
633 2401 736 2429 codicis
749 2403 833 2429 nostri

51 2442 179 2470 agnosco.
193 2434 247 2461 Nec
259 2435 329 2462 enim
344 2434 498 2470 signiﬁcant
514 2444 544 2461 ea
560 2436 650 2468 verba,
669 2445 678 2461 ι
696 2444 773 2463 suam
789 2445 834 2464 ve.

53 2472 171 2502 ritatem,
189 2479 198 2496 ι
214 2470 260 2496 sed
279 2470 367 2504 potius
380 2479 389 2495 ι
408 2475 502 2496 contra
513 2471 630 2503 seipsum
644 2471 784 2498 veritatem
800 2482 806 2499 :
820 2483 829 2498 ι

52 2506 126 2540 quod
137 2506 175 2532 rei
190 2504 316 2539 praesenti
334 2513 385 2532 non
404 2505 528 2538 quadrat.
545 2505 591 2531 Sic
603 2505 692 2539 itaque
707 2514 805 2534 censeo
822 2515 828 2533 :

52 2541 115 2575 quia
131 2540 257 2567 Christus
272 2540 332 2566 ideo
354 2541 427 2566 venit
447 2541 472 2566 in
494 2540 635 2572 nuiudum,
655 2546 683 2568 ut
706 2542 830 2568 homines

53 2576 191 2602 veritatem
208 2575 333 2607 doceret;
346 2580 559 2602 consentaneum
572 2579 622 2603 est.
638 2576 724 2610 ipsum
738 2577 831 2610 utique

52 2611 206 2641 veritatem,
235 2618 315 2644 quam
331 2619 340 2636 ‹
357 2611 390 2637 de
414 2611 510 2643 seipsis
527 2620 535 2636 ι
556 2615 601 2636 alit
619 2620 628 2635 ι
653 2619 685 2638 ex
702 2612 798 2645 seipsis
820 2621 828 2636 ι

51 2652 214 2679 cognoscere
231 2650 367 2678 poterant,
383 2646 584 2679 simplicissime
600 2653 633 2672 ac
646 2646 831 2674 sincerissime

53 2681 186 2707 docuisse.
197 2680 270 2707 Talis
284 2686 373 2707 autem
387 2682 563 2709 eratveritas.
575 2688 655 2714 quam
671 2681 707 2707 illi
722 2687 830 2708 nui-ant.

53 2715 120 2748 Quid
135 2716 169 2742 sit
187 2724 196 2740 ι
218 2716 308 2746 homo,
335 2725 344 2740 ι
364 2716 428 2749 quid
457 2724 466 2740 ι
490 2717 605 2742 hominis
627 2716 713 2743 illius?
729 2726 738 2741 ι
764 2716 830 2743 Cum

55 2751 134 2784 igitur
151 2757 179 2777 se
193 2750 302 2780 dixerit,
320 2752 400 2778 modo
419 2760 426 2775 ι
445 2751 592 2780 hominem.
608 2759 617 2775 ι
631 2752 709 2777 modo
723 2761 731 2776 r
748 2751 830 2778 tilium

55 2785 185 2814 hominis:
202 2795 210 2810 ι
224 2785 283 2811 καθ’
297 2786 409 2816 ἑαυτοὺς
424 2786 618 2819 intelligebant,
629 2786 690 2820 quis
703 2791 730 2812 et
746 2787 832 2820 qualis

56 2826 145 2848 revera
164 2827 253 2852 esset;
272 2822 402 2855 nonquid
419 2820 488 2846 κατὰ
504 2821 653 2855 φαντασίαν
671 2821 735 2854 ipsis
752 2829 833 2855 appa-

56 2861 123 2882 reret
139 2856 202 2882 falsa
214 2857 310 2887 specie.
326 2854 461 2882 Nonenini
474 2854 522 2882 sub
538 2861 639 2883 certain
655 2854 778 2884 notitiam
788 2854 831 2883 'vel

897 935 962 954 num
980 932 1178 962 apparuerunt,
1203 928 1255 956 isto
1269 929 1350 956 modo
1366 929 1412 957 lilii
1427 931 1566 958 hominum
1589 933 1682 959 vocari

897 974 1038 1001 deberent.
1056 973 1088 1001 Ε.
1105 973 1163 1001 Νοη
1189 975 1372 1003 substantiam
1398 977 1537 1004 hominum
1559 978 1682 1006 declarat

897 1027 993 1048 nomen
1009 1021 1072 1056 ﬁlii,
1088 1022 1134 1049 sed
1149 1029 1182 1049 ex
1199 1023 1353 1051 hominibus
1367 1029 1468 1052 ortum.
1483 1025 1517 1053 Μ.
1541 1026 1597 1060 Ego
1617 1034 1682 1053 ccu-

897 1075 956 1100 seo,
977 1068 1205 1103 quemadmodum
1230 1070 1317 1104 angeli
1343 1070 1459 1099 Abrahae
1485 1071 1535 1098 visi
1560 1077 1633 1105 sunt,
1655 1077 1683 1099 et

898 1122 960 1141 cum
983 1121 1016 1141 eo
1039 1118 1163 1147 ederunt,
1187 1115 1314 1143 biberunt
1335 1121 1417 1151 atque
1443 1117 1525 1145 locuti
1545 1123 1619 1150 sunt,
1642 1119 1682 1145 sic

897 1161 979 1188 etiam
995 1152 1143 1188 Christum.
1166 1163 1199 1188 A.
1224 1163 1295 1189 Ante
1309 1162 1408 1190 Christi
1422 1163 1566 1190 adventum
1589 1164 1681 1199 ﬁgurie

897 1211 974 1234 erant
988 1215 996 1239 ;
1009 1214 1070 1234 cum
1085 1212 1175 1235 autem
1191 1208 1264 1235 venit
1277 1209 1390 1240 veritas,
1412 1208 1505 1244 ἥκω-ἰι
1530 1209 1680 1241 desierunt,

896 1253 1018 1288 Apostoli
1037 1254 1180 1281 sententia.
1200 1254 1253 1281 Lex
1269 1255 1341 1282 enim
1357 1257 1449 1282 umbra
1462 1256 1612 1290 futurorum
1634 1258 1681 1283 bo—

897 1307 991 1326 norum
1014 1301 1047 1327 ⁷³.
1072 1300 1100 1327 Si
1123 1307 1188 1335 ergo
1205 1301 1331 1328 Christus
1346 1302 1426 1329 etiam
1450 1303 1553 1329 umbrae
1569 1302 1632 1335 ritu,
1654 1308 1682 1330 et

897 1346 1066 1379 prophetico,
1083 1351 1109 1373 et
1124 1346 1182 1381 ipse
1199 1352 1228 1372 nt
1240 1348 1340 1382 angeli,
1354 1353 1465 1382 propter
1483 1348 1564 1375 alium
1586 1350 1680 1377 venit:

897 1399 969 1419 nunc
986 1399 1047 1419 eum
1066 1397 1109 1419 tua
1127 1394 1261 1420 sententia
1277 1401 1339 1421 vere
1358 1400 1519 1428 exspectare
1540 1395 1680 1427 debemus,

897 1441 924 1463 et
939 1437 1023 1464 ﬁlium
1042 1438 1161 1465 hominis
1174 1438 1304 1472 futurum,
1332 1443 1359 1465 et
1376 1446 1440 1466 vere
1454 1439 1626 1471 moriturum,
1654 1444 1681 1466 et

897 1483 1091 1517 sepeliendum.
1101 1485 1306 1511 etexeitandnm
1321 1492 1335 1511 a
1351 1485 1474 1517 mortuis,
1487 1491 1514 1511 et
1526 1485 1680 1512 hominibus

897 1529 1023 1556 daturum
1036 1537 1128 1556 veram
1143 1530 1269 1557 salutem.
1284 1529 1319 1556 M.
1333 1530 1362 1557 Si
1379 1531 1470 1565 ligurire
1485 1535 1564 1557 erant
1576 1530 1679 1557 Christi

896 1575 995 1610 angeli,
1014 1578 1152 1610 quomodo
1172 1585 1232 1604 cum
1259 1576 1395 1603 Abraham
1421 1576 1535 1603 ederunt
1555 1584 1588 1603 ac
1603 1577 1681 1604 bibe-

897 1622 980 1648 runt?
994 1621 1047 1649 Sed
1073 1623 1188 1650 ederunt
1207 1630 1294 1650 necne
1312 1623 1428 1650 revera?
1452 1624 1485 1650 A.
1506 1623 1613 1658 Angeli,
1633 1624 1679 1657 qui

896 1667 987 1703 ﬁgurae
1010 1669 1135 1696 veritatis
1161 1674 1250 1702 erant,
1275 1670 1300 1696 id
1325 1673 1367 1696 est
1387 1668 1488 1695 Christi
1512 1668 1679 1701 Servatoris.

895 1715 1010 1740 ederunt
1037 1714 1146 1748 quidem
1175 1722 1283 1746 revera,
1316 1714 1363 1741 sed
1387 1714 1420 1740 ad
1447 1720 1538 1741 eorum
1564 1721 1679 1748 corpora

896 1760 965 1786 nulla
980 1759 1063 1787 ﬁebat
1075 1768 1108 1787 ex
1124 1760 1193 1787 cibis
1209 1761 1342 1787 accessio.
1357 1759 1393 1787 Ut
1409 1761 1483 1788 enim
1496 1761 1566 1795 ignis
1587 1761 1678 1787 omnia

894 1815 954 1841 qua:
977 1806 1153 1839 adhibentur,
1179 1807 1293 1834 conﬁcit
1318 1813 1346 1834 et
1369 1808 1516 1839 consumit,
1532 1807 1572 1834 sic
1595 1807 1677 1834 etiam

894 1852 980 1887 angeli
1009 1861 1070 1879 cum
1097 1853 1247 1884 Abraham,
1275 1853 1503 1887 quemadmodum
1532 1853 1679 1888 Apostolus

893 1900 988 1927 scribit
997 1899 1029 1925 ⁷⁸.
1050 1898 1113 1925 Haec
1126 1899 1231 1931 quidem
1249 1899 1277 1924 in
1294 1899 1379 1933 ﬁgura
1398 1899 1581 1933 contingebant
1604 1899 1679 1926 illis:

892 1947 990 1981 scripta
1006 1951 1065 1973 sunt
1077 1950 1165 1972 autem
1178 1946 1212 1971 ad
1227 1946 1415 1979 torreplionem
1426 1950 1555 1978 nourmn,
1568 1947 1594 1972 in
1611 1953 1678 1980 quos

892 1993 957 2027 lines
968 1992 1125 2019 sa‘culorum
1143 1991 1309 2018 devenerunt.
1334 1991 1366 2020 E.
1390 1991 1546 2025 Apostolus,
1570 1997 1598 2018 ut
1613 1991 1677 2017 mihi

893 2040 1001 2074 quidem
1016 2040 1134 2072 videtur,
1148 2039 1273 2065 umbram
1285 2043 1312 2064 et
1327 2038 1438 2072 figuram
1451 2038 1568 2065 declarat
1582 2038 1678 2066 futura:

892 2085 1026 2115 veritatis.
1043 2084 1121 2118 cujus
1134 2084 1216 2112 etiam
1233 2084 1326 2119 ﬁgura:
1339 2084 1452 2111 fuerunt
1468 2085 1569 2119 angeli.
1593 2085 1677 2112 Recte

893 2131 975 2165 igitur
989 2139 1020 2158 ac
1035 2131 1168 2165 praeclare
1183 2135 1318 2165 congrnet
1340 2131 1497 2164 apostolicis
1513 2131 1610 2158 litteris
1628 2138 1677 2157 an-

892 2179 1014 2212 gelorum
1031 2177 1131 2211 imago,
1155 2180 1182 2204 et
1200 2177 1260 2204 iste.
1284 2176 1330 2203 Sin
1349 2181 1450 2209 autem,
1469 2181 1499 2204 ut
1519 2176 1617 2211 angeli,
1637 2177 1676 2204 sic

853 2236 877 2263 ι)
891 2224 1014 2251 Christus
1031 2223 1104 2250 visus
1119 2227 1159 2250 est
1175 2230 1228 2257 pra:
1241 2230 1270 2249 se
1283 2222 1354 2250 ferre
1370 2223 1513 2258 imaginem
1540 2228 1622 2258 atque
1646 2224 1676 2250 ti-

892 2277 986 2305 guram
1004 2269 1127 2296 veritatis
1147 2279 1153 2296 :
1179 2270 1248 2296 alter
1269 2269 1396 2297 Christus
1413 2274 1550 2304 quaeratur
1561 2277 1676 2297 necesse

889 2401 1068 2436 cognitionem
1086 2401 1169 2432 venit,
1191 2401 1262 2434 quod
1279 2400 1348 2426 fallit
1363 2408 1410 2427 sua
1426 2400 1526 2432 specie.
1554 2401 1671 2431 Warsr.

923 2437 984 2473 (Si)?
992 2436 1030 2462 Δι’
1063 2436 1169 2473 War.
1186 2436 1226 2473 _lta
1245 2437 1422 2473 recte_c_oilex
1443 2436 1673 2473 Vaticanus,___nec

885 2470 965 2500 aliter
979 2472 1081 2507 legerat
1099 2471 1295 2507 Humphredus.
1310 2471 1377 2507 Male
1391 2475 1481 2507 autem
1495 2471 1581 2507 codex
1591 2470 1670 2498 Wet-

885 2505 1040 2540 stenianus,
1068 2506 1095 2532 δὲ
1116 2506 1204 2533 ἄλλον.
1222 2506 1255 2533 Et
1269 2506 1349 2541 paulo
1373 2510 1442 2540 post,
1467 2505 1608 2540 ὲφείλομαι
1623 2514 1672 2541 pro

883 2542 1035 2577 ὀφείλομεν.

919 2575 982 2611 (25t
991 2576 1081 2603 Codex
1093 2575 1257 2611 j’aticanrus,
1277 2575 1368 2603 τύποι.

919 2609 974 2644 (26)
1000 2611 1054 2637 Kal
1070 2609 1170 2643 οὗτος,
1198 2610 1387 2645 Humphredus
1405 2615 1433 2636 et
1458 2610 1540 2637 Picus
1565 2611 1671 2646 legunt,

884 2647 930 2673 καὶ
943 2646 1038 2676 οὕτως.
1055 2646 1089 2671 At
1111 2646 1164 2675 ille,
1181 2651 1260 2679 prout
1278 2648 1361 2673 codex
1390 2650 1481 2672 noster
1499 2646 1671 2679 praeferebat,

883 2683 918 2708 ab
932 2680 1156 2716 antecedentibus
1170 2685 1196 2707 et
1214 2681 1443 2716 consequentibus
1457 2682 1605 2715 separavit,
1630 2682 1671 2708 in-

885 2722 926 2743 tor
948 2717 1000 2743 duo
1018 2715 1084 2745 cola.
1104 2717 1139 2741 ita
1163 2724 1168 2740 :
1188 2724 1198 2740 ε
1215 2715 1248 2742 Ει
1264 2715 1325 2743 εἰει
1350 2725 1359 2741 ι
1389 2723 1514 2750 tanquam
1532 2717 1670 2750 sequentis

886 2750 1129 2786 argumentationis
1142 2750 1220 2776 index
1242 2752 1458 2784 praemitteretur.
1476 2750 1575 2786 Parum
1596 2757 1669 2784 apte.

885 2785 943 2813 Non
969 2785 1040 2812 enini
1066 2792 1098 2810 ex
1121 2786 1342 2814 aulct‘edentibus
1365 2787 1477 2813 istarum
1501 2785 1669 2818 vocularum,

886 2821 1010 2848 connecli
1029 2825 1119 2854 posset
1134 2825 1325 2853 argumentum
1340 2822 1373 2848 de
1394 2820 1570 2855 sequentibus
1590 2829 1596 2847 :
1622 2823 1669 2847 sed

887 2856 991 2890 plenum
1007 2863 1054 2890 per
1067 2861 1096 2882 se
1113 2858 1242 2888 prtcstaut
1257 2856 1441 2892 syllogismum
1453 2857 1535 2883 verba
1553 2863 1674 2891 sequen-
