1834 3072
68 144 139 171 18ίὶ

348 144 535 172 ADAMANTII
553 145 723 173 DlALOGUS
741 145 783 171 DE
806 145 919 172 RECTA
935 144 969 172 IN
989 144 1083 172 DEUM
1104 144 1191 172 FIDE.
1206 159 1239 163 —-
1256 143 1352 171 SECT.
1364 144 1408 172 IV.

1622 147 1692 175 18:3

67 201 201 234 Θανόντα,
217 202 264 228 καὶ
282 201 320 237 τῷ
345 204 402 238 ἰδίῳ
425 205 496 238 ἡμᾶς
517 203 735 240 ἐλευθερώσαντα
752 204 856 240 θανάτῳ

942 210 1023 231 orteru
1041 205 1195 239 pertulisse,
1213 212 1317 239 suaque
1334 209 1421 232 morte
1443 212 1474 232 ac
1495 207 1627 240 sanguine
1643 214 1692 233 uos

65 248 101 284 δὴ
118 249 165 275 καὶ
178 249 272 284 αἵματι
287 257 292 262 ·
308 249 380 285 ἅπερ
394 250 442 285 οὐχ
457 248 511 277 οἷον
536 250 678 277 πιστεῦσαι
702 251 798 277 παθεῖν
813 251 858 277 τὸν

65 294 99 325 ἐξ
120 294 235 329 οὐρανοῦ
255 295 417 322 κατελθόντα
430 297 544 331 Χριστὸν
557 316 564 328 ,
581 297 604 322 εἰ
631 296 667 331 μὴ
692 297 780 332 σάρκα
802 297 860 323 ἀνέ-

66 338 146 366 λοιθὶε.
161 341 215 367 Καὶ
227 341 267 366 ὅτι
284 341 396 368 θάνατον
414 343 460 369 καὶ
474 341 542 378 αἷμα
556 344 570 369 ὁ
589 343 748 375 Ἀπόστολος
765 344 793 370 οὐ
808 353 858 370 πει-

68 386 336 422 ρακεκαλυμμὲνως,
357 388 423 414 ἀλλὰ
438 389 507 424 μετὰ
523 391 612 424 πάσης
629 390 785 425 παρρησίας
807 398 856 424 κη-

68 431 177 466 ρύσσει,
193 433 393 469 ἀναγνώσομαι.
407 435 487 469 Λέγει
497 435 551 471 γὰρ
563 435 647 462 οὕτω·
662 436 793 470 Γνωρίζω
805 436 858 471 γὰρ

68 477 140 511 ὑμῖν
152 479 185 504 τὸ
201 480 395 514 Εὐαγγέλιον,
408 480 423 507 ὃ
437 481 678 517 εὐηγγελισάμην
690 482 771 517 ὑμῖν,
783 482 798 509 ὃ
809 483 857 509 καὶ

69 523 262 557 παρελάϐετε,
278 525 313 550 ἐν
326 521 349 557 ᾧ
363 525 411 551 καὶ
426 525 570 558 ἑστήκατε
581 534 587 540 ·
606 526 643 552 δι’
657 524 692 554 οὗ
710 526 759 553 καὶ
773 526 858 557 σώζε-

68 570 123 594 σθε
136 577 142 583 ”
161 570 216 595 τίνι
229 571 307 604 λόγω
319 571 560 605 εὐηγγελισάμην
572 571 654 605 ὑμῖν,
669 573 693 598 εὶ
708 572 856 606 κατέχετε,

68 615 155 648 ἐκτὸς
165 616 192 641 εὶ
202 615 244 650 μὴ
255 615 320 650 εἰκῆ
331 617 537 644 ἐπιστεύσατε.
550 617 708 652 Παρέδωκα
721 617 776 652 γὰρ
788 618 858 653 ὑμῖν

67 661 103 688 ἐν
115 661 240 696 πρώτοις
254 662 298 689 ὅτι
307 663 433 697 Χριστὸς
446 664 594 691 ἀπέθανεν
606 664 682 698 ὑπὲρ
696 664 755 691 τῶν
768 665 858 699 ἁμαρ-

67 707 140 734 τιῶν
156 707 252 742 ἡμῶν,
269 709 317 735 καὶ
335 710 378 736 ὅτι
399 710 510 746 ἐτάφη,
528 711 576 737 καὶ
591 710 635 738 ὅτι
650 711 804 746 ἐγήγερται
820 711 858 745 τῇ

67 753 153 787 τρίτῃ
170 753 272 788 θήμέρᾳ.
288 754 370 786 Eiet;
391 753 437 781 οὖν
451 755 488 790 μὴ
505 755 565 790 εικῆ
582 755 776 787 πεπίστευκεν,
790 756 857 782 ἀλλὰ

67 801 168 834 κρατεῖ
188 799 236 835 τὴν
258 800 405 836 παράδοσιν
424 802 470 827 τοῦ
489 801 649 828 Ἀποστόλου
670 802 716 828 καὶ
731 802 857 837 γνωρίζει

68 845 98 871 τὸ
117 845 281 880 Εὐαγγέλιον
292 866 299 878 ,
316 847 348 873 δι’
369 844 398 873 οὗ
417 846 573 882 σωζόμεθα,
586 848 633 875 καὶ
651 847 706 883 ἔχει
720 848 806 876 τοῦτο,
824 849 854 875 Ε.

911 249 1039 276 liberasse
1060 258 1066 275 :
1090 257 1149 284 qua:
1178 257 1321 284 pcrpessm
1345 256 1405 276 esse
1430 249 1502 276 credi
1525 258 1577 277 nou
1602 256 1693 285 potest

910 295 1032 322 Christus
1043 295 1087 329 qui
1106 303 1121 322 e
1136 295 1205 322 ccelo
1224 296 1374 327 descendit,
1393 296 1442 323 nisi
1458 304 1567 323 carnem
1581 305 1689 324 assum-

909 340 1003 374 pscrit.
1020 341 1107 374 Atquc
1124 346 1153 366 ut
1168 346 1280 367 mortem
1307 341 1415 375 quidem
1445 342 1589 375 pertulisse
1617 350 1688 374 eum,

909 385 1122 420 sanguiuemque
1149 385 1277 413 habuisse
1292 385 1404 413 Paulum
1429 386 1515 415 liherc
1541 389 1690 422 praedicare

910 431 1074 465 iutelligalis,
1101 430 1160 465 ejus
1179 432 1259 459 verba
1276 433 1407 460 recitabo.
1433 434 1535 461 Scribit
1558 434 1629 460 enim
1648 435 1689 462 his

908 479 1019 506 verbis:
1037 477 1136 505 Notum
1150 480 1218 505 enim
1239 480 1308 506 vobis
1328 480 1397 513 [ucio
1418 480 1600 515 Euangelium,
1620 481 1689 517 quod

908 525 1082 560 evastgelizavi
1098 525 1178 554 vobis.
1192 525 1260 560 quod
1270 530 1293 551 et
1304 526 1452 559 accepistis,
1463 527 1489 552 in
1502 535 1551 561 quo
1564 531 1588 553 et
1599 528 1688 559 atatis,

907 579 952 605 per
968 572 1036 604 quod
1052 575 1075 596 et
1087 571 1235 604 salvumini,
1247 580 1298 601 qua
1308 573 1408 598 ratione
1423 573 1593 606 evangelizaui
1606 573 1688 603 vobis.

907 618 930 642 si
958 616 1061 648 tenetis,
1089 617 1140 643 nisi
1165 617 1233 651 forte
1261 617 1360 649 {rustra
1391 619 1547 646 credidistis.
1580 618 1690 646 Tradidi

907 663 976 689 enim
989 663 1058 688 vobis
1074 663 1101 688 in
1115 663 1218 696 primis,
1236 664 1305 696 quod
1321 663 1442 691 Christus
1457 670 1576 691 mortuus
1590 671 1628 692 est
1641 674 1688 700 pro

906 709 1018 742 peccatis
1035 709 1144 740 nostris,
1159 714 1182 735 et
1194 709 1256 742 quia
1268 710 1385 744 sepultus
1403 716 1450 742 est,
1474 715 1497 737 et
1514 711 1577 746 quia
1602 719 1690 738 resur.

907 754 970 780 rexit
988 754 1065 780 tertia
1079 754 1122 780 die
1131 754 1163 780 ⁷⁸.
1181 754 1208 781 Si
1225 755 1286 788 quis
1299 762 1364 789 ergo
1379 763 1432 782 non
1449 755 1548 783 l'rustra
1562 757 1687 789 credidit,

907 799 952 826 sed
972 800 997 826 id
1010 800 1080 834 quod
1095 799 1241 834 Apostolus
1256 800 1378 832 tradidit,
1397 805 1468 828 tenet
1490 810 1497 834 ;
1520 802 1543 828 is
1558 807 1585 829 et
1600 802 1689 830 Evan-

907 845 1002 879 gelium
1018 853 1072 881 quo
1097 845 1170 873 salus
1190 845 1269 872 nobis
1294 845 1383 879 datur,
1410 847 1560 882 cognoscit,
1579 851 1607 874 et
1622 848 1686 875 illud

73 891 222 926 Ὀρθότατα
236 893 250 919 ό
268 893 425 925 Ἀπόστολος
437 893 580 920 δείκνυσιν·
599 894 684 929 ’Υπὲρ
698 894 752 930 τῷν
767 895 856 930 ἁμαρ-

945 892 998 919 bet.
1013 891 1043 918 E.
1060 892 1142 918 Recte
1154 891 1298 926 Apostolus
1311 891 1402 923 docet,
1418 900 1479 919 Clllll
1498 893 1549 924 ait,
1567 900 1614 927 pro
1628 901 1689 928 pec-

70 937 135 963 ςιῶν
152 937 238 972 ἡμῶν,
253 938 349 973 λέγων,
361 939 478 965 ἀπέθανε
491 940 618 975 Χριστὸς,
634 940 681 966 καὶ
698 941 795 976 ἐτάφη,
810 942 856 968 καὶ

69 984 100 1018 τῇ
118 983 197 1020 τρίτῃ
213 985 302 1020 ἡμέρᾳ
317 985 471 1021 ἐγήγερται.
489 985 568 1012 Κατὰ
581 985 682 1021 ταύτην
697 986 744 1021 τὴν
759 986 856 1013 07:605—

66 1037 112 1055 σιν
130 1029 205 1056 ἔσται
225 1029 309 1065 ψευδῆ
322 1030 356 1057 τὰ
368 1031 516 1066 λεγόμενα,
537 1032 561 1057 εἰ
583 1031 620 1067 μὴ
640 1032 686 1058 καὶ
704 1032 792 1067 σάρκα
810 1034 857 1059 καὶ

66 1072 142 1110 αἷμα
158 1075 212 1111 (ὅῖ)
228 1075 305 1111 ἔσχεν
320 1077 333 1102 ὁ
347 1077 462 1112 Χριστὸς
473 1097 480 1109 ,
501 1077 567 1104 ἀλλὰ
590 1078 669 1113 μόνον
689 1076 722 1114 ἦν
738 1079 855 1114 πνεῦμα,

66 1121 222 1154 φαντασίαν
244 1121 387 1156 ἀνθρώπου
410 1122 480 1157 ἔχον.
505 1122 573 1148 Οὖτε
596 1123 650 1158 γὰρ
672 1124 856 1160 παραδοθῆναι

67 1165 185 1199 ἠδύνατο
199 1166 229 1192 τὸ
253 1165 359 1201 πνεῦμα
370 1186 378 1198 ,
392 1167 545 1202 ἁκρὰτητον
560 1170 589 1195 ὃν
599 1189 605 1200 ,
623 1168 682 1194 οὐδὲ
702 1169 856 1202 ἀποθανεῖν,

67 1213 108 1247 μὴ
122 1211 151 1238 ὃν
163 1211 261 1248 θνητῆς
277 1213 382 1247 φύσεως
392 1221 399 1228 ”
414 1213 532 1248 ταφῆναι
546 1212 574 1239 δὲ
584 1233 591 1245 ,
606 1214 738 1250 πνεύματι
751 1216 857 1251 ἀμήχα-

66 1256 115 1282 νόν
130 1258 195 1284 ἐστι.
209 1258 240 1283 Τί
250 1258 290 1283 δεῖ
304 1258 349 1284 καὶ
364 1258 452 1292 λέγειν
464 1267 471 1291 ;
483 1259 539 1285 ἀλλ’
556 1258 614 1285 οὐδὲ
629 1259 736 1295 ἔναιμόν
751 1261 808 1287 ἐστι
823 1263 855 1298 τῇ

67 1302 150 1336 φύσει
166 1303 196 1329 τὸ
214 1303 331 1338 πνεῦμα.
350 1303 452 1336 Ἄλλως
467 1304 504 1337 δὲ,
523 1306 546 1331 εἰ
561 1305 605 1332 διὰ
619 1305 665 1331 τοῦ
681 1305 794 1332 θανάτου
809 1307 857 1333 καὶ

65 1349 116 1375 τοῦ
133 1350 247 1384 αἵματος
272 1349 389 1386 Χριστοῦ
410 1351 459 1386 τὴν
475 1352 611 1387 σωτηρίαν
632 1351 686 1379 τῶν
707 1352 857 1388 ἀνθρώπων

66 1395 299 1430 καταγγέλλουσιν
324 1397 353 1423 αὶ
373 1397 494 1432 Γραφαί,
513 1395 583 1424 οὗτοι
602 1399 657 1433 (55)
674 1398 701 1424 δὲ
724 1397 792 1434 αἷμα
809 1400 857 1426 καὶ

66 1442 160 1477 σάρκα
173 1442 316 1478 ἀρνοῦνται
331 1443 401 1478 ἔχειν
413 1443 492 1471 αὐτόν
503 1453 510 1459 ·
527 1444 588 1471 οὗτε
603 1446 738 1472 ἀπέθανεν
754 1447 857 1478 ἐκεῖνος

67 1488 140 1515 κατὰ
155 1489 280 1524 ἀλήθειαν
290 1508 297 1520 ,
310 1489 370 1516 οὗτε
384 1490 484 1525 ἐτάφη·
498 1490 558 1516 οὔτε
575 1491 628 1526 γὶρ
643 1489 712 1525 αἷμα
729 1492 854 1527 ἐσχήκει·

66 1534 138 1561 ἀλλὰ
145 1534 182 1569 τῷ
194 1535 279 1562 δοκεῖν
287 1535 371 1562 ταῦτα
382 1536 423 1562 ἐπ’
435 1535 527 1568 αὐτοῦ,
543 1536 580 1572 μὴ
594 1536 711 1571 ἀληθῶς,
723 1537 854 1572 γενόμενα

66 1581 193 1614 λέγεται·
214 1580 267 1607 οὐδ’
290 1582 368 1616 ἡμεῖς
390 1579 436 1609 οὖν
460 1581 529 1608 κατὰ
552 1583 679 1618 ἀλήθειαν
702 1583 854 1618 ἐσώθημεν,
869 1574 890 1602 C

66 1625 137 1652 ἀλλὰ
158 1626 266 1662 δοκήσει
278 1635 284 1641 ”
300 1627 336 1659 ὡς
352 1628 398 1653 ἐπὶ
423 1628 472 1662 τῆς
492 1628 546 1654 τῶν
559 1627 646 1654 ἄλλων
664 1630 733 1655 κατὰ
747 1629 855 1664 δόκησιν

68 1672 222 1705 παρουσίας
240 1672 254 1698 ὁ
269 1672 369 1708 κόσμος
383 1673 499 1707 σωθῆναι
515 1674 565 1700 οὐκ
584 1673 717 1709 ἠδυνήθη·
734 1674 856 1708 ἀγγέλων

66 1717 140 1750 λέγω
151 1718 195 1743 ἐπί
211 1727 239 1743 τε
260 1718 307 1744 τοῦ
328 1718 468 1754 Ἀϐραὰμ,
486 1720 532 1746 καὶ
547 1719 572 1745 εἴ
586 1728 626 1751 τις
642 1720 735 1755 ἕτερος
752 1720 855 1756 γέγρα-

65 1771 144 1790 πται.
160 1763 204 1789 Διὸ
220 1764 375 1800 ἐσφάλημεν
390 1765 453 1799 περὶ
469 1764 516 1800 τὴν
533 1764 632 1796 πίστιν,
647 1765 685 1800 τῷ
706 1765 793 1791 δοκεῖν
807 1766 856 1800 τῆς

66 1809 176 1840 ἐλπίδος
192 1810 239 1836 καὶ
254 1809 304 1845 τῆς
321 1810 456 1846 σωτηρίας
471 1810 660 1846 τετυχηκότες.

106 1945 137 1971 Δ.
155 1945 246 1980 Βραχὺ
264 1947 519 1981 προσκαρτερήσας,
535 1946 615 1972 ἄκουε
647 1945 775 1981 μειζόνων
789 1947 856 1972 ἁπο-

65 1990 177 2022 δείξεων
199 1990 246 2016 τοῦ
270 1991 440 2017 Ἀποστὸλου·
459 1993 493 2018 El
513 1991 545 2017 δὲ
566 1991 691 2025 Χριστὸς
710 1993 765 2018 οὐκ
786 1992 856 2026 ἐτνή-

66 2045 168 2071 τερτιιι
190 2037 224 2063 ἐκ
242 2036 371 2070 νεκρῶν,
391 2037 472 2071 φησὶ,
489 2037 578 2063 κενὸν
594 2037 642 2063 καὶ
663 2037 697 2063 τὸ
710 2036 855 2072 κήρυγμα,

67 2082 145 2116 κενὴ
161 2082 209 2109 καὶ
225 2083 243 2116 ἡ
256 2083 356 2115 πίστις
371 2082 463 2117 ἡμῶν.
481 2083 511 2109 Εἰ
524 2081 569 2109 οὖν
585 2083 623 2117 τῷ
636 2083 733 2114 δοκεῖν,
747 2083 784 2114 ὡς
796 2083 857 2110 τού-

66 2136 125 2158 τοις
140 2127 223 2159 δοκεῖ,
240 2128 366 2159 πέπονθε,
380 2129 426 2154 καὶ
440 2128 469 2154 οὐ
485 2128 554 2155 κατὰ
568 2128 704 2164 ἀλήθειαν,
721 2129 770 2155 οὐκ
790 2129 857 2155 ἀπέ-

67 2176 150 2202 Θανεν
165 2175 287 2210 ἀληθῶς·
306 2175 382 2210 δῆλον
398 2172 444 2201 οὖν
455 2195 462 2207 ,
479 2175 518 2201 ὅτι
541 2175 599 2201 οὐδὲ
625 2174 731 2210 ἀληθῶς
752 2175 855 2209 ἠγέρθη

67 2223 102 2248 ἐκ
112 2222 225 2257 νεκρῶν,
241 2221 287 2248 καὶ
300 2221 374 2247 ἔσται
387 2221 455 2247 κατὰ
468 2221 593 2256 ἀλήθειαν
606 2222 683 2247 κενὸν
700 2222 745 2248 καὶ
760 2222 790 2247 τὸ
807 2221 856 2256 κή-

68 2277 172 2304 ρυγμα,
182 2268 246 2303 κενὴ
255 2267 325 2302 καὶὴ
336 2267 424 2298 πίστις
433 2267 519 2302 ἡμῶν.
534 2265 588 2293 Εἶτ’
597 2267 735 2303 ἐπιφέρει·
747 2267 812 2294 Νῦν
821 2267 856 2293 δὲ

68 2314 196 2348 Χριστὸς
218 2314 400 2348 κηρύσσεται
421 2313 455 2339 ἐκ
478 2312 591 2347 νεκρῶν
605 2313 721 2348 ἀπαρχῆ
735 2313 793 2340 τῶν
808 2322 854 2340 κε-

67 2359 263 2394 κοιμημένων·
274 2359 376 2392 ἐπειδὴ
386 2358 440 2393 γὰρ
449 2358 485 2385 δι’
494 2359 649 2391 ἀνθρώπου
662 2359 797 2392 θάνατος,
805 2359 852 2386 καὶ

67 2407 105 2432 δι’
114 2405 270 2439 ἀνθρώπου
281 2404 447 2436 ἀνάστασις
454 2404 576 2438 νεκρῶν.
589 2404 700 2438 Ὠσπερ
712 2404 765 2439 γὰρ
774 2404 855 2437 ἐντῷ

75 2451 161 2485 Ἀδὰμ
169 2450 278 2482 πάντες
286 2448 543 2482 ἀποθνήσκουσιν,
552 2449 627 2475 οὕτω
635 2449 684 2475 καὶ
696 2450 730 2475 ἐν
742 2449 781 2482 τῷ
791 2450 856 2483 Χριι-

68 2495 132 2527 στῷ
139 2494 529 2527 πάντεςζωοποιηθήσονται.
540 2493 672 2527 Ἀπαρχὴ
680 2494 815 2528 Χριστός.
824 2494 843 2520 Ε
849 2515 857 2522 .

70 2541 212 2572 Πιστεύεις
221 2540 259 2576 τῷ
268 2540 447 2574 ἀποστολικῷ.
456 2540 568 2574 Μαρῖνε;
578 2540 614 2566 Μ.
623 2540 745 2566 Πιστεύω
753 2540 802 2574 μὲν
809 2541 858 2566 αὺ-

69 2587 118 2622 τῴ,
128 2586 195 2613 ἀλλὰ
204 2586 330 2621 πρόσχες,
339 2585 415 2617 πῶςὸ
423 2585 502 2616 αὐτὸς
510 2585 666 2616 ’Λπόστολος
676 2584 757 2618 λέγει·
775 2585 800 2610 Ὀ
807 2593 858 2610 κα-

69 2634 169 2666 ταϐὰς,
182 2633 272 2665 αὐτός
287 2633 351 2658 ἐστι
363 2631 411 2658 καὶ
425 2633 440 2657 o'
454 2630 574 2662 ἀναϐάς.
588 2630 642 2656 Καὶ
657 2631 684 2656 ὲν
692 2630 730 2665 τῷ
739 2630 857 2664 E61775-

69 2680 119 2714 λιῳ
127 2679 210 2713 λέγει’
223 2678 327 2711 Οὐδεὶς
338 2677 519 2710 ἀναϐέϐηκεν
529 2678 573 2709 εὶς
581 2677 633 2702 τὸν
641 2675 770 2709 οὐρανὸν
780 2677 805 2701 εὶ
813 2674 855 2709 μὴ

70 2728 86 2753 ὀ
101 2727 135 2752 ὲκ
152 2725 204 2752 τοῦ
220 2724 348 2758 οὐρανοῦ
361 2722 498 2755 καταϐὰς,
514 2724 529 2749 ό
547 2723 612 2754 Υἱὸς
622 2722 674 2748 τοῦ
687 2720 853 2754 ἀνθρώπων.

106 2783 128 2798 ⁷³
147 2783 156 2808 ι
169 2783 230 2809 (lor.
244 2790 288 2811 xv,
302 2781 356 2808 14.
393 2780 415 2796 τ’
430 2780 439 2806 Ι
452 2779 514 2806 Cor.
524 2787 567 2811 xv,
581 2779 623 2806 Η.
662 2780 683 2794 ⁸ο
698 2779 761 2805 ibid.
775 2778 867 2805 20-25.

108 2828 225 2860 l32)Kui
245 2825 324 2861 ιιῘμιι,
339 2827 434 2852 Destitit
452 2825 477 2861 it_t
495 2826 587 2861 codice
606 2825 744 2852 Vaticano.

836 2243 894 2272 LD

907 938 974 964 catis
996 938 1094 965 nostris
1127 943 1262 966 mortuum
1285 946 1346 967 esse
1378 939 1526 971 Christum,
1553 939 1688 974 sepultum

908 991 978 1016 esse,
993 984 1127 1018 tertioque
1140 985 1184 1012 die
1203 986 1363 1013 excitatum.
1388 986 1444 1013 Hac
1468 986 1576 1021 quidem
1601 986 1688 1021 hypo-

908 1029 977 1056 thesi
993 1029 1057 1058 falsa
1077 1036 1158 1058 erunt
1170 1039 1229 1065 quxe
1242 1032 1381 1063 dicuntur.
1397 1033 1418 1060 si
1433 1032 1559 1060 Christus
1577 1040 1688 1059 carnem

907 1083 959 1102 non
977 1075 1080 1108 habuit,
1097 1076 1143 1103 sed
1162 1077 1248 1104 solmn
1270 1082 1329 1104 erat
1344 1077 1468 1112 spiritus,
1485 1079 1568 1106 solani
1587 1079 1690 1106 habens

907 1121 1024 1148 hominis
1042 1122 1172 1154 speciem.
1193 1122 1286 1157 Neque
1303 1123 1375 1150 enim
1396 1125 1464 1150 tradi
1481 1129 1589 1158 poterat
1610 1124 1691 1158 spiri-

908 1173 963 1200 tus,
980 1168 1025 1203 qui
1047 1169 1133 1196 teneri
1150 1170 1397 1204 comprehendique
1413 1178 1465 1198 non
1483 1175 1584 1204 potest,
1601 1178 1690 1205 neque

908 1214 974 1241 mori
989 1214 1035 1248 qui
1055 1214 1177 1241 mortalis
1191 1220 1297 1242 natura:
1311 1224 1363 1242 non
1379 1220 1448 1242 erat.
1463 1215 1574 1250 Sepeliri
1598 1221 1688 1243 autem

907 1259 1018 1293 spiritus
1033 1268 1083 1287 non
1096 1266 1191 1295 potest.
1204 1260 1273 1294 Quid
1288 1261 1362 1295 plura
1378 1262 1459 1289 etiam
1472 1262 1567 1289 attinet
1580 1262 1690 1289 dicere?

908 1313 942 1332 ne
959 1307 1118 1342 sanguinem
1134 1307 1242 1342 quidem
1266 1308 1346 1335 habet
1360 1313 1458 1335 natura
1476 1307 1595 1342 spiritus.
1619 1307 1689 1334 Prae-

909 1357 981 1379 terea
998 1352 1020 1379 si
1033 1352 1181 1387 Scriptura:
1203 1360 1251 1388 per
1269 1353 1370 1381 Christi
1395 1358 1421 1381 ct
1439 1358 1552 1380 mortem
1575 1357 1602 1380 et
1627 1360 1689 1379 san-

907 1399 1014 1433 guinem
1032 1398 1171 1426 hominum
1196 1399 1311 1426 salutem
1333 1401 1509 1433 annuntieul,
1533 1400 1577 1427 isti
1597 1403 1688 1426 autem

906 1453 968 1472 eum
992 1452 1100 1472 carnem
1128 1451 1154 1472 et
1173 1446 1334 1480 sanguinem
1362 1446 1488 1474 habuisse
1513 1451 1622 1481 negant,
1640 1453 1690 1473 nec

908 1496 1030 1518 mortuus
1049 1497 1089 1518 est
1107 1491 1150 1518 ille
1173 1499 1278 1524 revera,
1295 1499 1344 1519 nec
1361 1491 1480 1527 sepultus
1496 1492 1594 1526 (neque
1618 1491 1689 1518 enim

907 1537 1065 1572 sanguinem
1091 1537 1206 1573 habuit),
1223 1539 1269 1565 sed
1286 1539 1341 1565 haec
1355 1539 1446 1565 omnia
1461 1538 1487 1564 in
1505 1538 1549 1564 illo
1561 1538 1690 1572 opinione

909 1588 990 1617 atque
1005 1583 1104 1616 specie,
1131 1590 1183 1609 non
1205 1590 1267 1609 vere
1291 1582 1424 1609 accidisse
1441 1582 1577 1609 dicuntur.
1597 1580 1690 1614 Neque

909 1634 957 1653 nos
980 1627 1063 1662 igitur
1080 1634 1143 1654 vere
1171 1627 1272 1653 servati
1288 1634 1393 1659 sumus,
1416 1627 1463 1654 sed
1487 1627 1576 1660 specie
1591 1631 1618 1652 et
1636 1625 1691 1660 opi-

908 1672 989 1698 nione
1001 1681 1007 1699 :
1020 1673 1246 1706 quemadmodum
1261 1672 1376 1699 aliorum
1389 1674 1479 1708 specie
1497 1669 1599 1700 tantum
1613 1679 1692 1707 appa-

909 1718 1024 1744 rentium
1040 1719 1154 1745 adventu
1172 1718 1288 1745 mundus
1302 1718 1405 1745 servari
1422 1726 1474 1745 non
1489 1719 1587 1753 potuit,
1608 1727 1691 1753 auge-

908 1763 993 1790 lorum
1014 1763 1077 1790 dico
1094 1763 1209 1790 Abrahae
1226 1763 1403 1798 temporibus,
1426 1768 1453 1790 et
1471 1764 1493 1790 si
1511 1764 1572 1798 quis
1592 1765 1691 1790 adven-

909 1813 951 1835 tus
967 1809 1036 1835 alius
1052 1809 1150 1836 litteris
1167 1809 1312 1836 mandatus
1327 1814 1379 1836 est.
1396 1808 1489 1844 Itaque
1513 1810 1539 1835 in
1558 1809 1610 1836 [ide
1635 1810 1692 1836 bal-

907 1853 1071 1885 lucinamur,
1091 1862 1152 1880 cum
1164 1854 1292 1887 opinione
1309 1859 1412 1881 tantum
1433 1861 1508 1888 spem
1526 1858 1553 1881 et
1573 1853 1689 1881 salutem

907 1899 991 1926 simus
1002 1900 1150 1927 consecuti.

942 1945 974 1971 A.
989 1945 1085 1973 Patere
1099 1946 1247 1981 paulisper.
1263 1951 1290 1973 et
1306 1946 1368 1973 audi
1380 1946 1495 1980 majores
1509 1946 1630 1981 Apostoli
1645 1954 1688 1973 ra-

908 1990 1015 2017 tiones:
1033 1989 1062 2017 Si
1076 1998 1134 2016 vero
1156 1990 1276 2017 Christus
1295 1998 1346 2016 non
1367 1990 1511 2016 resurrexit
1534 1998 1550 2015 a
1570 1990 1689 2022 mortuis,

908 2036 1004 2070 inquit,
1017 2037 1105 2063 inanis
1121 2041 1197 2063 estet
1215 2037 1371 2071 prwdicatio
1391 2041 1491 2067 nostra,
1514 2037 1603 2063 inanis
1619 2042 1642 2063 et
1658 2036 1691 2067 ﬁ-

907 2083 951 2108 des
972 2083 1107 2109 noslru".
1124 2082 1152 2109 Si
1168 2090 1234 2117 ergo
1255 2083 1346 2117 specie
1370 2088 1397 2109 et
1420 2083 1558 2117 opinione,
1580 2087 1608 2108 ut
1632 2082 1692 2109 istis

907 2129 1026 2161 videtur,
1045 2136 1141 2164 passus
1154 2134 1206 2162 est,
1223 2137 1276 2156 non
1297 2136 1390 2156 revera
1406 2138 1411 2162 ε
1425 2136 1476 2155 non
1492 2136 1556 2155 vere
1571 2132 1693 2154 mortuus

907 2179 949 2200 est
963 2174 1052 2209 igitur.
1069 2173 1243 2209 Perspicuum
1257 2179 1300 2201 est
1311 2174 1436 2201 eumdem
1463 2182 1497 2200 ne
1514 2181 1608 2201 revera
1631 2173 1693 2207 qui-

909 2220 967 2246 dem
984 2228 998 2246 a
1014 2220 1128 2247 mortuis
1143 2220 1293 2247 excitatum
1309 2227 1388 2247 esse:
1404 2220 1510 2253 eritque
1527 2226 1590 2255 vere
1605 2219 1693 2246 inanis

909 2265 1077 2299 praedicatio,
1098 2265 1187 2292 inanis
1203 2270 1230 2292 et
1247 2265 1313 2292 ﬁdes
1329 2270 1431 2292 nostra.
1448 2265 1548 2292 Deinde-
1563 2264 1691 2298 subjicit:

911 2311 989 2337 Nunc
1008 2319 1067 2338 vero
1080 2311 1201 2338 Christus
1217 2312 1380 2344 prmdicatur
1398 2319 1430 2337 ea:
1446 2311 1559 2337 mortuis
1570 2309 1693 2344 primitias

907 2356 1104 2388 dormientium,
1129 2356 1254 2388 quoniam
1273 2357 1377 2391 quidem
1396 2365 1441 2389 per
1458 2356 1590 2382 hominem
1611 2363 1692 2387 mors,

908 2406 932 2427 et
956 2409 1002 2434 per
1031 2402 1162 2429 hominem
1196 2401 1354 2428 resurrectio
1385 2402 1581 2427 dormientium.
1616 2399 1693 2426 Sicut

909 2449 977 2474 cnim
1003 2448 1030 2474 in
1054 2448 1139 2474 Adam
1163 2457 1251 2475 omnes
1271 2450 1431 2478 moriuntur,
1454 2446 1492 2472 ita
1520 2451 1542 2472 et
1571 2446 1596 2471 in
1617 2445 1694 2472 Chri-

908 2498 947 2519 sto
966 2501 1054 2520 omnes
1080 2494 1292 2527 viviﬁcabuntur.
1317 2492 1450 2519 I‘rimitiw
1467 2492 1588 2519 Christus
1607 2492 1640 2519 ⁸ο.

909 2535 1041 2563 Credisne
1054 2538 1213 2570 apostolico,
1232 2537 1336 2565 Marine
1348 2538 1359 2564 ?
1371 2537 1404 2564 M.
1426 2537 1455 2563 Ei
1469 2537 1578 2570 quidem
1594 2537 1692 2564 credo:

910 2584 958 2610 sed
977 2585 1095 2614 attende,
1114 2585 1178 2618 quid
1199 2585 1269 2612 idem
1296 2583 1440 2618 Apostolus
1463 2583 1534 2609 dicat
1551 2590 1557 2608 :
1572 2581 1623 2613 Qui
1648 2582 1694 2608 do-

909 2629 1020 2661 scendit,
1032 2630 1085 2662 ipsa
1096 2634 1134 2656 est
1145 2630 1189 2664 qui
1201 2635 1224 2656 et
1232 2630 1347 2656 ascendit
1360 2629 1392 2656 ".
1403 2628 1434 2655 Et
1446 2629 1472 2655 in
1484 2628 1629 2663 Evangelio
1638 2630 1692 2656 ait:

912 2673 996 2700 Nemo
1009 2675 1124 2701 ascendit
1140 2676 1166 2701 in
1181 2677 1288 2706 cretum,
1310 2675 1361 2701 nisi
1376 2676 1420 2709 qui
1432 2675 1565 2702 descendit
1579 2675 1611 2701 de
1630 2675 1693 2702 calo

909 2719 981 2752 [ilius
994 2718 1149 2746 hominis".
1167 2719 1249 2746 Vides
1263 2728 1324 2746 eum
1342 2720 1420 2754 plane
1432 2728 1461 2748 se
1479 2728 1493 2748 c
1507 2720 1575 2747 coelo
1589 2720 1695 2747 venisse

920 2778 940 2793 "'
958 2776 1026 2812 Eph.
1042 2786 1076 2810 tv,
1097 2779 1136 2805 l0.
1175 2778 1288 2806 "Joau.
1307 2788 1346 2812 ιιι,
1362 2781 1404 2808 15.

109 2856 164 2898 \55)
181 2856 433 2893 (Iodchaticauus,
448 2857 528 2886 οὗτοι.
544 2860 726 2894 Wetstcnius,
752 2867 856 2894 perper:

942 2856 1009 2887 3:0;.
