1834 3072
44 155 124 184 ίεῖῧ

39 213 104 247 γὰρ
127 212 216 250 ὕδωρ
233 215 276 242 διὰ
300 216 417 252 σωλῆνας
432 218 577 253 διέρχεται,
592 218 674 253 μηδὲν
688 219 863 254 προσλαμόά-

39 267 105 289 νον.
118 259 206 287 οὔτω
229 262 275 288 καὶ
290 263 304 288 6
326 263 411 297 Λόγος
428 264 471 290 διὰ
491 264 610 298 Μαρίας,
625 265 672 290 καὶ
684 265 733 290 οὐκ
755 266 787 291 ὲκ
802 266 861 291 Μα-

40 303 125 338 ρίας.
153 306 193 333 Α.
215 308 372 343 Πρόσταξον
382 309 586 345 ἀναγνωσθῆναι
599 310 629 336 τὸ
642 311 815 345 Εὑαγγὲλιον.
830 312 860 339 Ε.

46 348 341 389 Ἀναγνωσθήτω.Α.
359 355 558 389 Ἀναγινώσκω,
572 356 629 388 πῶς
641 356 655 382 6
668 356 782 390 ἄγγελος
793 356 860 392 πρὸς

38 393 96 429 τὴν
109 396 240 431 Μαρίαν
246 397 307 431 λέγε
312 407 328 424 ι·
340 399 458 433 Πνεῦμα
465 400 550 435 ἅγιον
556 401 748 428 ἐπελεύσεται
755 401 804 428 ἐπὶ
812 401 859 432 σὲ,

40 440 96 466 καὶ
114 440 261 476 δύναμις
287 441 427 477 Ὑψίστου
447 445 617 472 ἐπισκιάσει
632 453 691 472 σοι.
704 445 750 473 Διὸ
765 446 812 472 καὶ
826 446 860 473 τὸ

39 486 257 521 γεννώμενον
267 489 302 515 ἐκ
313 489 370 516 σοῦ
387 489 481 525 ἅγιον,
505 491 570 523 Υἱός
595 491 734 525 Ὑψίστου
748 491 858 526 κληθή-

39 538 151 559 σεται.
171 533 208 559 Ε.
224 534 304 565 Ἴσως
318 535 364 561 καὶ¹
379 535 427 570 τὴν
441 536 488 562 τοῦ
504 537 619 570 ἀγγέλου
636 537 725 573 φωνὴν
749 538 858 574 δοκήσει

39 577 140 610 λέξεις
155 580 340 615 γεγενῆσθαι.
355 581 387 607 Τί
403 582 457 617 γὰρ
473 582 567 609 τούτου
579 583 654 610 ἔσται
668 584 856 620 ἀληθέστερον,

39 623 94 650 τοῦ
111 625 246 659 ἀγγέλου
258 626 312 662 (Al)
323 627 468 662 φήσαντος·
485 628 533 655 Διὸ
546 629 595 655 καὶ
621 629 653 656 τὸ
672 630 858 665 γεννώμενον

39 670 79 696 ἐκ
93 670 161 697 σοῦ
180 671 273 706 ἅγιον
284 681 293 704 ;
306 673 343 700 Οὐ
361 673 415 709 γὰρ
426 674 477 710 ἔφη
494 674 526 701 τὸ
543 675 728 710 γεννώμενον
738 676 781 703 διὰ
797 676 856 708 σοῦ,

40 717 106 743 ἀλλ’
123 719 162 744 ὲκ
180 717 256 747 σοῦ.
272 719 335 751 Πῶς
354 721 381 747 δὲ
400 721 510 748 κάκεῖνο
525 723 574 748 οὐκ
594 723 669 749 ἔσται
686 724 808 759 ἀνόητον,
826 724 857 750 τὸ

41 763 156 798 λέγειν,
171 766 219 798 ὡς
236 766 285 792 διὰ
298 766 447 801 σωλῆνος,
464 768 549 794 καὶτὸ
563 769 611 803 μὲν
624 769 734 796 διελθεῖν
748 770 790 797 διὰ
801 772 858 798 Μα-

43 806 111 842 ρίας
128 808 182 835 τὸν
205 809 293 844 Λόγον
308 810 457 845 ὁμολογεῖν,
481 813 510 839 τὸ
526 813 554 839 δὲ
579 813 669 840 λαϐεῖν
683 823 708 841 τι
725 815 755 847 ἐξ
772 816 856 851 αὐτῆς

41 854 222 889 ὰρνεῖσθαι;
245 857 300 883 Καὶ
314 859 338 884 εἰ
355 858 403 894 μὲν
423 859 456 885 δι’
475 859 540 886 αἰδῶ
560 868 621 887 τινα
635 861 770 896 ἀρνεῖσθε,
786 861 813 887 εἴ
823 870 854 896 γε

41 900 171 927 αἰδεῖται
190 902 250 936 (42)
262 902 293 929 τὸ
305 904 395 931 Θεῖον’
405 905 452 931 καὶ
468 905 498 932 τὸ
508 906 556 941 μὲν
572 906 661 938 αἰδοῦς
673 907 746 939 ἀξιον
759 908 854 942 ὁμολο-

42 948 119 979 γεῖς.
133 948 262 983 Βίαρῖνε,
276 949 306 976 τὸ
327 950 355 976 δὲ
374 951 534 987 σεμνότερον
554 953 598 978 καὶ
614 952 855 989 οἱκονομικώτερον

42 992 132 1028 ἀρνῇ.
147 994 184 1020 El
198 995 255 1030 γὰρ
268 995 380 1023 διελθεῖν
390 997 433 1024 διὰ
442 999 550 1033 Μαρίας
562 1001 575 1025 6
588 1000 671 1034 Λόγος
687 1001 735 1027 οὐκ
745 1001 854 1036 αἰσχρὸν

43 1038 191 1073 ἡγήσατο,
211 1040 272 1067 οὐδὲ
284 1040 375 1068 λαϐεῖν
389 1051 416 1068 τι
430 1042 461 1075 έξ
472 1043 556 1078 αὐτῆς
570 1044 668 1079 ᾐδεῖτο.
685 1045 716 1071 Τί
730 1045 783 1081 γὰρ
808 1047 854 1072 καὶ

41 1081 79 1118 ἦν
94 1084 261 1119 ἀναγκαῖον
273 1087 397 1119 διελθεῖν,
419 1090 443 1115 εἰ
459 1092 495 1124 μή
511 1098 537 1115 τι
558 1090 794 1125 προσελάμϐανενς
815 1093 847 1119 Δ.

43 1131 78 1156 Εἰ
93 1130 134 1166 μὴ
150 1131 254 1158 ἐλαϐεν
274 1133 416 1169 ἄνθρωπον
433 1135 465 1161 ὲκ
486 1135 605 1171 Μαρίας,
625 1137 684 1168 πῶς
704 1138 737 1164 ἂν
755 1146 852 1165 συστα-

43 1176 122 1203 Θεῖεν
134 1178 162 1203 οἱ
180 1178 237 1204 ὑπὸ
251 1179 297 1205 τοῦ
319 1180 480 1207 Ἀποστόλου
493 1181 634 1218 λεγόμενοι
648 1183 738 1217 λόγοι;
753 1184 810 1216 πῶς
824 1185 852 1211 δὲ

44 1224 233 1258 πρωτότοκος
254 1225 330 1252 ἔσται
344 1227 398 1253 τῶν
418 1228 535 1263 νεκρῶν.
550 1229 597 1256 καὶ
614 1230 725 1266 ἀπαρχὴ
739 1231 792 1257 τῶν
806 1241 853 1258 κε-

43 1271 253 1306 κοιμημένων;
268 1272 447 1305 Δειξάτωσαν.
462 1275 493 1301 El
511 1276 559 1310 μὲν
573 1276 627 1312 γὰρ
648 1278 765 1312 σχήματι
779 1279 852 1314 μόνῳ

45 1315 134 1348 φασὶν
164 1317 262 1349 αὑτὸν,
277 1318 314 1350 ὡς
338 1319 384 1345 καὶ
409 1319 471 1351 τοὺς
483 1320 624 1354 ἀγγέλους,
647 1322 803 1358 πεφηνέναι,
819 1324 849 1350 οὐ

43 1361 166 1389 δύναται
182 1361 255 1390 εἶναι
269 1365 449 1398 πρωτότοκος,
462 1366 521 1393 οὐδὲ
531 1367 651 1403 ἁπαρχή.
668 1369 704 1396 Μ.
722 1369 801 1402 Πῶς;
818 1370 848 1397 Ε.

44 1408 77 1433 Οἱ
93 1408 214 1443 ἄγγελοι
231 1410 283 1444 πρὸ
300 1410 346 1436 τοῦ
363 1412 480 1447 Χριστοῦ
499 1415 659 1449 πεφήνασιν,
675 1416 691 1450 ἢ
706 1416 719 1442 6
734 1409 850 1452 Χριστὸς

43 1455 101 1489 πρὸ
112 1455 171 1481 τῶν
187 1456 328 1490 ἀγγέλων;
343 1459 379 1484 Μ.
392 1459 447 1494 Πρὺ
460 1459 555 1486 πολλοῦ
567 1461 661 1496 χρόνου
671 1462 708 1497 τῷ
726 1464 849 1499 Ἀϐραὰμ

45 1502 193 1536 ἐφάνησαν
210 1503 235 1528 οί
250 1503 368 1538 ἄγγελοι.
386 1505 415 1531 Ε.
428 1506 458 1531 Εἰ
474 1507 519 1532 καὶ
535 1508 559 1533 οἱ
573 1507 682 1542 ἄγγελοι
701 1510 746 1536 καὶ
757 1512 770 1536 ό
782 1511 848 1546 Χρι-

46 1547 110 1578 στὸς
131 1547 248 1584 δοκήσει
265 1550 414 1585 ἀμφότεροι
429 1552 589 1587 πεφήνασιν,
611 1554 640 1580 οὐ
653 1554 764 1582 δύναται
778 1554 846 1583 εἶναι
861 1569 882 1598 C

44 1594 58 1618 6
70 1593 196 1629 Χριστὸς
214 1596 395 1630 πρωτότοκος,
416 1598 470 1624 τῶν
493 1598 614 1633 ἀγγέλων
633 1600 663 1626 τδ
674 1601 781 1636 πρῶτον
796 1611 846 1636 φα-

45 1638 163 1673 νέντων,
180 1641 221 1672 ὡς
243 1641 295 1667 ὑπὸ
308 1641 354 1668 σοῦ
370 1642 552 1679 ὡμολόγηται.
576 1646 694 1681 ’Λνάγκη
709 1646 763 1683 γὰρ
783 1649 845 1680 τοὺς

47 1685 176 1720 πρώτους
203 1687 324 1719 ἐκείνους
346 1689 534 1723 πρωτοτόκους
561 1691 660 1725 λέγειν.
683 1693 714 1719 Α.
731 1693 793 1725 Πῶς
815 1695 844 1721 δὲ

45 1731 160 1768 ἀπαρχὴ
191 1732 270 1759 ἔσται
283 1733 337 1759 τῶν
351 1735 558 1770 κεκοιμημένων
580 1737 594 1762 ὸ
609 1738 736 1773 Χριστὸς,
763 1739 843 1766 ὁπότε

45 1777 100 1811 πρὸ
125 1777 214 1804 αὑτοῦ
230 1779 276 1805 καὶ
289 1780 302 1805 6
317 1780 364 1815 τῆς
389 1780 577 1816 Σουναμίτιδος
595 1783 651 1814 υἱὸς
666 1784 718 1818 πρὸ
745 1785 842 1812 πολλοῦ

45 1823 78 1849 ἐκ
87 1825 197 1860 νεκρῶν
219 1825 328 1862 ἀνέστη,
342 1828 388 1854 καὶ
405 1829 420 1854 ὁ
437 1828 487 1864 τῆς
505 1829 685 1866 Σαραφθινῆς,
704 1833 750 1859 καὶ
761 1834 775 1859 6
788 1834 842 1861 Λά-

46 1869 148 1905 ζαρος;
162 1871 194 1898 Εἰ
210 1872 246 1907 μὴ
257 1870 303 1899 οὖν
317 1873 386 1900 κατὰ
400 1873 528 1910 ἀλήθειαν
546 1876 674 1909 ἀπέθανε,
690 1878 736 1904 καὶ
751 1879 783 1906 τὰ
797 1888 842 1914 γε-

45 1916 159 1950 νόμενα,
176 1918 208 1943 οὑ
220 1917 339 1953 δοκήσει,
350 1919 416 1946 ἀλλά
428 1919 541 1956 ἀληθείᾳ
551 1921 655 1956 γέγονε,
669 1923 758 1956 καθὼς
769 1924 842 1959 λέγει

51 1962 182 1998 Ἰωάννης
189 1965 204 1990 ὁ
215 1964 424 2002 Εὐαγγελιστὴς,
432 1967 483 1999 ὅτι,
501 1967 527 1993 '0
534 1969 625 2002 νόμος
635 1968 684 1996 διὰ
694 1971 841 2004 Μωϋσέως

45 2008 146 2043 ἐδόθη,
167 2011 186 2044 ἡ
202 2010 287 2045 χάρις
300 2013 348 2038 καὶ
362 2014 378 2047 ἡ
387 2013 511 2046 ἀλήθεια
525 2014 574 2042 διὰ
595 2016 697 2049 Ἰησοῦ
712 2018 839 2051 Χριστοῦ

45 2056 165 2090 γέγονε·
194 2057 308 2089 δειξάτω
324 2056 380 2091 οὗν,
404 2060 462 2091 πῶς
476 2061 586 2097 ἀπαρχὴ
606 2062 660 2089 τῶν
674 2065 840 2100 κεκοιμημέ-

45 2111 99 2128 νων
112 2103 187 2129 ἐστὶν
203 2104 217 2129 ὁ
228 2104 353 2137 Χριστός.
375 2106 411 2132 Μ.
428 2107 462 2133 Σὺ
478 2107 574 2139 δεῖξον.

80 2149 112 2173 Δ.
125 2148 325 2183 Δείκνυμι,.ὄτι
339 2150 386 2176 καὶ
406 2151 577 2186 πρωτότοκος
594 2152 649 2179 τῶν
673 2154 776 2190 νεκρῶν
790 2155 837 2182 καὶ

45 2193 158 2229 ἀπαρχὴ
182 2194 237 2220 τῶν
251 2195 459 2230 κεκοιμημένων
483 2197 552 2224 κατὰ
575 2198 701 2234 ἀλήθειάν
724 2201 797 2227 ἐστιν
822 2202 836 2227 6

45 2238 174 2273 Χριστός.
194 2241 225 2266 0i
240 2240 294 2276 γὰρ
315 2241 367 2276 πρὸ
380 2241 427 2267 τοῦ
442 2242 560 2278 Χριστοῦ
582 2244 746 2278 ἀναστάντες
759 2245 835 2279 αὖθις

45 2284 191 2312 ἀπέθανον·
215 2287 240 2312 Ὁ
255 2286 288 2313 δὲ
299 2288 426 2321 Χριστὸς
435 2289 579 2323 ἀναστὰς,
596 2293 694 2318 οὐκέτι
710 2294 836 2327 ἀποθνή-

45 2338 124 2357 σκει.
152 2331 197 2363 Ὦς
212 2331 265 2368 γὰρ
283 2334 453 2368 πρωτότοκος
475 2334 608 2363 ἀπέθανεν
637 2337 730 2373 Ἀδὰμ,
748 2339 835 2372 οὕτως

46 2375 153 2410 πρῶτος
175 2378 273 2413 ἀνέστη
304 2380 429 2414 Χριστός.
454 2382 651 2418 Παραθήσομαι
677 2385 761 2417 αὑτὰς
786 2386 832 2412 τοῦ

52 2422 213 2450 Ἀποστόλου
223 2424 272 2456 τὰς
286 2426 386 2461 ῥήσεις·
401 2427 524 2461 Ὥσπερ,
538 2429 628 2464 φησὶν,
637 2430 673 2456 ἐν
686 2430 726 2463 τῷ
749 2431 834 2467 Ἀδὰμ

47 2467 157 2502 πάντες
182 2469 441 2503 ἀνιτοθνήσκουσιιν⁴⁸
454 2473 529 2500 οὕτω
549 2475 597 2501 καὶ
616 2475 650 2502 ἐν
663 2475 703 2508 τῷ
718 2477 833 2511 Χριστῷ

46 2513 156 2547 πάντες
172 2515 449 2550 ζωοποιηθήσονται.
470 2519 596 2554 Ἀπαρχὴ
609 2522 832 2555 Χριστὸς-,ἒπει-

45 2567 81 2586 ra
104 2561 130 2586 οἱ
151 2562 204 2588 τοῦ
227 2563 365 2596 Χριστοῦ.
391 2565 423 2590 Τί
441 2565 474 2591 ἂν
499 2565 625 2601 εὕροιμεν
641 2567 743 2603 ἕτερον,
762 2568 833 2595 οὕτω

47 2606 169 2641 φανερῶς
184 2608 256 2643 ἡμᾶς
274 2609 398 2637 διδάσκον
419 2611 571 2646 ἀμφότερα·
586 2612 632 2638 καὶ
644 2613 684 2639 ὅτι
698 2613 831 2640 ἀπέθανεν

46 2651 60 2675 ὁ
75 2651 199 2686 Χριστὸς,
215 2654 262 2681 καὶ
273 2655 315 2682 ὃτι
329 2656 470 2691 ἅνθρωπος
483 2655 518 2692 ἦν
528 2657 558 2684 τὸ
570 2657 719 2691 ἁποῡανόν;
733 2659 764 2685 El
776 2659 830 2696 γὰρ

350 158 536 186 ADAMANTII
554 158 725 187 DMLOGUS
743 159 786 186 DE
802 159 915 187 RECTA
934 159 968 187 IN
988 162 1083 191 DEUM
1101 164 1188 193 FIDE.
1208 181 1242 186 —
1261 165 1358 194 SECT.
1376 167 1420 195 IV.

1625 170 1693 199 1846

877 223 899 249 A
914 228 965 247 nec
984 222 1130 258 quidquam
1155 226 1285 253 assumit:
1304 226 1344 253 sic
1370 225 1489 253 Verbum
1512 235 1559 261 per
1581 228 1693 256 Mariam

914 273 1005 295 natum
1021 274 1073 302 est,
1089 278 1142 297 non
1156 278 1190 298 ex
1204 271 1300 299 Maria.
1321 273 1353 300 A.
1367 272 1435 299 Jube
1447 273 1554 300 re'citari
1569 273 1693 310 Evange-

912 313 987 341 liutn.
1001 314 1031 342 E.
1047 315 1194 344 Recitetnr.
1208 319 1240 344 A.
1257 317 1351 346 Recito
1362 319 1387 346 id
1400 320 1471 353 quod
1482 320 1592 353 angelus
1603 320 1694 348 Maria:

911 357 988 386 dixit.
1005 359 1121 393 Spiritus
1140 369 1245 389 sanctus
1261 364 1421 396 superveniet
1432 365 1460 390 in
1473 369 1506 396 te,
1523 370 1547 390 et
1559 366 1640 392 virtus
1651 365 1695 392 Al-

911 405 1004 432 liuimi
1017 407 1180 434 obumbrabit
1196 409 1253 435 tibi.
1272 409 1387 444 Ideoque
1400 409 1469 445 quod
1484 417 1606 438 nascetur
1620 419 1653 438 ea:
1668 418 1693 439 Ie

910 455 1040 485 sanctum,
1061 452 1149 480 Filius
1172 455 1299 481 Altissimi
1320 455 1454 482 vocabitur
1465 457 1498 484 ".
1514 456 1544 483 E.
1568 456 1690 485 Forsitan

910 497 998 532 angeli
1015 499 1098 525 etiam
1114 507 1207 527 vocem
1221 501 1311 534 specie
1326 506 1353 528 et
1372 502 1498 536 opinione
1517 502 1615 530 factam
1632 511 1691 531 esse

909 543 994 570 dices.
1013 543 1081 577 Quid
1098 546 1169 572 enim
1187 547 1238 573 hoc
1251 546 1303 573 erit
1320 548 1422 580 verius,
1438 556 1498 575 cum
1517 549 1628 584 angelus
1651 550 1692 576 di~

909 590 980 616 xerit
994 599 1000 616 :
1025 589 1140 625 Ideoque
1160 592 1229 626 quod
1253 600 1284 618 ex
1305 597 1330 619 te
1344 597 1463 620 nascetur
1477 596 1618 622 sanctum?
1633 594 1690 622 Non

909 635 980 661 enim
996 635 1081 662 dixit:
1101 635 1178 668 Quod
1192 644 1314 664 nascetur
1330 645 1377 673 per
1393 643 1428 670 te,
1446 640 1504 673 sed,
1517 648 1550 666 ea:
1565 645 1599 667 te.
1621 641 1691 674 Quid

908 686 952 708 est
966 687 1055 709 autem
1072 690 1122 709 cur
1133 691 1187 710 non
1204 683 1268 710 illud
1287 684 1367 711 etiam
1386 685 1506 712 amentia
1534 687 1569 713 sit
1589 687 1690 718 dicere,

909 733 937 754 ut
949 736 994 762 per
1005 729 1107 761 tubum,
1120 733 1147 756 et
1161 737 1209 764 per
1230 729 1343 757 Mariam
1374 732 1502 759 transisse
1518 732 1634 759 Verbum
1653 732 1692 759 fa-

910 775 970 806 teri,
984 775 1083 809 aliquid
1096 780 1184 802 autent
1200 775 1265 803 illud
1276 783 1309 803 ex
1322 777 1415 804 eadem
1437 778 1627 813 assumpsisse,
1645 785 1692 805 ne-

909 822 991 856 gare?
1003 821 1036 848 Et
1054 823 1076 849 si
1100 823 1210 856 quidem
1233 824 1406 850 verecundia:
1421 831 1500 851 causa
1528 825 1643 858 negatis,
1667 825 1690 852 si

908 869 988 895 modo
1002 869 1088 903 pudor
1101 869 1126 895 itt
1142 869 1261 896 divinum
1276 868 1380 896 Numen
1391 869 1473 897 cadit.
1496 869 1528 896 Et
1544 870 1614 903 quod
1640 877 1690 904 pu-

906 913 973 940 dore
984 913 1092 947 quidem
1111 914 1219 948 dignum
1233 919 1284 946 est,
1301 913 1407 947 fateris,
1424 914 1537 947 Marine,
1550 914 1621 949 quod
1641 922 1690 941 au-

906 962 959 985 lem
974 958 1193 993 magniﬁcentius
1212 965 1263 993 est,
1288 955 1452 994 maiorisque
1470 959 1688 994 dispensationis,

905 1003 931 1029 id
954 1010 1046 1037 negas.
1076 1002 1105 1029 Si
1127 1003 1199 1030 enim
1225 1010 1272 1037 per
1300 1003 1412 1030 Mariam
1439 1003 1555 1030 transire
1571 1002 1688 1030 Verbum

905 1051 981 1081 turpe
996 1055 1048 1074 non
1070 1047 1156 1081 duxit,
1175 1055 1224 1075 nec
1240 1049 1334 1082 utique
1350 1048 1450 1083 aliquid
1471 1056 1502 1075 ex
1529 1056 1561 1075 ea
1581 1056 1689 1076 sumere

905 1099 983 1128 turpe
999 1094 1174 1121 existimavit.
1190 1095 1259 1128 Quid
1272 1096 1344 1122 enim
1361 1102 1471 1122 necesse
1488 1100 1546 1122 erat
1559 1096 1686 1127 transire,

903 1140 954 1166 nisi
968 1139 1071 1174 aliquid
1091 1140 1263 1167 assumeret?
1288 1140 1321 1166 A.
1338 1140 1367 1167 Si
1385 1141 1521 1167 hominem
1545 1148 1578 1168 ex
1602 1141 1686 1168 Maria

903 1193 956 1212 non
970 1187 1127 1221 assumpsit,
1138 1189 1273 1221 quomodo
1285 1187 1366 1214 verba
1379 1187 1498 1222 Apostoli
1508 1188 1688 1216 constabunt?

903 1231 1039 1264 quomodo
1057 1238 1120 1258 vero
1133 1232 1333 1267 primogenilus
1346 1233 1399 1259 erit
1411 1240 1445 1259 ex
1460 1233 1583 1266 mortuis,
1596 1233 1687 1268 primi-

904 1280 1000 1311 timque
1014 1278 1222 1305 dormientium?
1240 1279 1364 1306 doceant.
1381 1278 1582 1313 Sienimllgura
1598 1279 1684 1306 solum

903 1324 977 1350 aiunt
992 1323 1079 1358 ipsum
1095 1324 1318 1358 quemadmodum
1331 1325 1439 1360 angelos
1455 1325 1623 1360 apparuisse,
1636 1333 1685 1352 nec

901 1370 1097 1405 primogenitus
1121 1377 1171 1397 nec
1194 1371 1319 1404 primitiae
1341 1378 1400 1398 esse
1414 1371 1468 1398 ullo
1492 1371 1570 1398 modo
1585 1375 1683 1405 potest.

900 1417 935 1444 Μ.
953 1417 1076 1450 Quonam
1093 1418 1193 1445 modo?
1213 1417 1242 1444 E.
1260 1417 1355 1445 Utrum
1369 1418 1454 1453 angeli
1468 1423 1531 1445 ante
1545 1418 1684 1446 Christum

899 1469 1092 1497 apparuerunt.
1108 1471 1142 1490 an
1159 1463 1284 1490 Christus
1309 1469 1372 1490 ante
1395 1464 1522 1498 angelos?
1548 1463 1582 1492 Μ.
1604 1464 1685 1492 Multo

900 1515 963 1536 ante
977 1514 1098 1544 tempore
1113 1511 1231 1537 Abrahae
1246 1510 1333 1545 angeli
1353 1515 1547 1545 apparuerunt.
1563 1511 1593 1538 E.
1611 1510 1639 1538 Si
1657 1516 1684 1538 et

899 1555 997 1589 angeli,
1011 1561 1038 1582 et
1054 1555 1179 1582 Christus
1201 1556 1291 1590 specie
1306 1560 1387 1589 atque
1402 1557 1530 1590 opinione
1551 1564 1684 1591 apparue-

900 1605 983 1627 runt:
1001 1601 1126 1628 Christus
1150 1600 1306 1635 angelorum
1331 1601 1527 1636 primogenitus
1546 1608 1607 1628 esse
1629 1609 1683 1628 non

898 1650 995 1680 potest,
1021 1654 1081 1673 cum
1099 1647 1174 1681 prius
1192 1652 1234 1673 tua
1251 1645 1420 1674 confessioue
1435 1647 1618 1682 apparuerint.
1631 1647 1682 1674 Ne-

898 1700 974 1720 cesse
991 1698 1034 1720 est
1048 1694 1120 1720 enim
1137 1693 1238 1727 primus
1252 1692 1313 1720 illos
1328 1693 1521 1728 primogenitos
1534 1693 1633 1720 dicere.
1647 1693 1680 1719 Δ.

898 1738 1039 1772 Quomodo
1053 1744 1143 1765 autent
1165 1738 1291 1773 primitiae
1314 1739 1369 1765 erit
1386 1738 1578 1765 dormientium
1603 1739 1681 1766 Chri-

897 1789 967 1815 stus,
981 1791 1041 1810 cum
1060 1788 1123 1810 ante
1141 1783 1215 1810 illum
1232 1784 1315 1810 multo
1333 1789 1455 1818 tempore
1465 1790 1492 1810 et
1505 1783 1681 1811 Sunamitidis

897 1829 968 1856 ﬁlius
981 1830 1115 1856 excitatus
1130 1830 1175 1861 sit,
1190 1836 1218 1856 et
1238 1829 1429 1864 Saraphthina:
1453 1829 1575 1857 mulieris
1597 1829 1678 1863 ﬁlius,

896 1881 922 1902 et
941 1875 1079 1902 Lazarus?
1101 1874 1128 1902 Si
1154 1876 1221 1910 ergo
1244 1883 1296 1902 non
1323 1883 1416 1902 revera
1435 1881 1557 1902 mortuus
1574 1880 1626 1908 est,
1651 1880 1680 1903 et

896 1930 955 1956 qua:
968 1922 1038 1949 facta
1051 1927 1124 1955 sunt,
1139 1930 1191 1949 non
1204 1923 1294 1956 specie
1305 1927 1332 1948 et
1343 1922 1478 1956 opinione.
1491 1922 1537 1948 sed
1550 1929 1577 1949 re
1590 1927 1617 1949 et
1631 1929 1678 1948 ve-

895 1969 976 1996 ritate
1000 1975 1162 2002 evenerunt,
1184 1969 1262 1996 sicuti
1291 1969 1329 1995 ait
1357 1968 1476 1996 Joannes
1499 1968 1677 2003 evangelista,

869 2035 874 2039 .
893 2014 948 2041 Leo:
966 2024 1012 2049 per
1030 2015 1145 2050 Moysem
1157 2015 1220 2041 dum
1240 2020 1289 2046 est,
1306 2015 1392 2050 gratia
1403 2020 1427 2041 et
1445 2015 1540 2042 veritas
1561 2023 1608 2049 per
1628 2014 1678 2041 Je-

892 2070 949 2088 xum
964 2060 1097 2088 Christum
1112 2061 1183 2096 facta
1195 2067 1231 2088 est
1241 2061 1283 2088 ⁸⁸ι
1298 2062 1393 2088 doceat
1404 2060 1541 2088 Christum
1551 2068 1611 2088 esse
1623 2062 1677 2096 pri-

893 2108 982 2134 mitias
995 2107 1197 2134 dormientium.
1215 2107 1248 2133 lll.
1265 2106 1304 2133 Tn
1318 2107 1397 2134 doce.

899 2147 901 2149 ’
927 2153 959 2179 Λ.
977 2152 1068 2180 Doceo
1083 2157 1110 2179 et
1127 2152 1334 2186 primogenitum
1352 2157 1528 2186 mortuorum,
1540 2156 1568 2179 et
1583 2152 1676 2186 primi-

892 2199 942 2226 tias
955 2199 1147 2225 dormientium
1164 2205 1226 2225 esse
1241 2197 1380 2224 Christum
1396 2205 1424 2225 re
1439 2206 1470 2225 ac
1486 2198 1611 2224 veritate.
1623 2198 1674 2231 Qui

890 2240 960 2271 enim
976 2249 1040 2272 ante
1050 2244 1186 2271 Christum
1203 2244 1312 2271 excitati
1325 2249 1389 2271 sunt
1405 2251 1419 2270 a
1434 2244 1558 2277 mortuis,
1578 2244 1674 2271 iterum

891 2291 988 2318 mortui
1001 2296 1065 2318 snnt
1078 2301 1084 2317 :
1099 2290 1220 2318 Christus
1242 2296 1330 2317 autem
1345 2298 1481 2325 resurgens
1500 2298 1532 2317 ex
1551 2291 1673 2324 mort-tia,

889 2344 940 2362 non
950 2336 1008 2370 jam
1022 2336 1134 2362 moritur
1145 2336 1179 2360 ⁸⁷.
1198 2335 1233 2363 Ut
1249 2336 1320 2362 enim
1337 2336 1459 2362 Adamus
1477 2336 1673 2370 primogenitus

888 2386 1012 2408 mortuus
1026 2386 1076 2414 est,
1091 2382 1130 2408 sic
1141 2381 1243 2415 primus
1258 2380 1394 2408 excitatus
1412 2386 1454 2408 est
1466 2381 1599 2408 Christus.
1613 2381 1671 2415 Ipsa

886 2426 1006 2461 Apostoli
1026 2427 1107 2454 verba
1133 2427 1288 2461 proferam:
1316 2426 1389 2453 Sicut
1412 2427 1493 2459 enim,
1519 2427 1616 2462 inquit,
1644 2429 1672 2454 in

887 2474 974 2499 Adam
990 2481 1077 2500 omnes
1092 2474 1250 2506 moriuntur,
1267 2473 1305 2500 ita
1327 2478 1351 2500 et
1368 2474 1397 2499 in
1408 2473 1511 2500 Christo
1531 2482 1619 2501 omnes
1634 2475 1673 2501 vi-

886 2520 1071 2553 viﬁcabuntur.
1096 2517 1226 2546 Primitia:
1245 2519 1387 2546 Christus:
1403 2520 1495 2545 deinde
1515 2520 1535 2546 ii
1550 2521 1594 2554 qui
1610 2525 1670 2546 sunt

886 2565 986 2593 Christi
999 2565 1032 2593 ⁸⁸.
1050 2567 1119 2598 Quid
1143 2565 1216 2592 aliud
1237 2566 1417 2597 inveniemus,
1436 2566 1507 2599 quod
1532 2566 1568 2593 ita
1590 2567 1670 2601 plane

885 2618 1030 2646 utrumque
1048 2619 1097 2639 nos
1114 2613 1221 2644 doceat,
1235 2615 1263 2638 et
1280 2611 1419 2639 Christum
1436 2616 1570 2638 mortuum
1596 2619 1667 2643 esse,

884 2664 910 2686 et
925 2658 1062 2685 hominem
1087 2666 1157 2692 esse,
1186 2659 1211 2686 id
1229 2659 1303 2694 quod
1321 2663 1362 2686 est
1380 2657 1537 2684 mortuum?
1551 2656 1580 2684 Si
1596 2658 1667 2684 enim

96 2722 119 2738 ⁸⁸
133 2721 227 2756 Luc.t,
240 2724 284 2751 55.
323 2725 346 2741 ⁸⁸
359 2724 437 2753 Joan.
451 2734 471 2758 ι,
484 2726 527 2753 17.
572 2727 593 2743 ⁸⁷
608 2726 685 2754 Rom.
698 2735 735 2760 Vl,
753 2728 780 2756 9.
819 2737 820 2742 η

401 2733 437 2753 tn.
451 2734 471 2758 ι,
484 2726 527 2753 17.
572 2727 593 2743 ⁸⁷
608 2726 685 2754 Rom.
698 2735 735 2760 Vl,
753 2728 780 2756 9.
819 2729 841 2746 ⁸⁸
855 2729 866 2757 l
882 2729 945 2757 Cor.
961 2736 1006 2761 xv,
1019 2727 1065 2760 22,
1080 2727 1125 2755 25.

81 2793 135 2833 μὶ.)
154 2793 244 2833 Codex
266 2795 436 2833 Vaticanus;
461 2797 579 2833 ἀγγέλου
605 2798 754 2833 φήσαντος·
783 2799 828 2825 Διὸ

47 2828 92 2870 καὶ
105 2828 135 2870 'ch
155 2830 327 2870 YEVWPEE‘JOV.
340 2830 382 2870 Eae
391 2830 437 2870 eo?!
459 2828 534 2870 ἅγιον
546 2828 616 2870 LQQ'
707 2828 758 2870 ἔιρη
770 2842 781 2870 '7
793 2834 829 2861 Τὸ

49 2863 209 2898 γεννώμενον
221 2863 264 2891 διὰ
281 2865 340 2897 σοῦ,
357 2865 414 2892 ἀλλ’
428 2867 459 2891 ἐκ
477 2863 535 2893 σοῦ.
549 2868 610 2899 Πῶς
632 2863 674 2899 δὲξ
689 2863 741 2896 ele.
753 2863 828 2896 llllnle

48 2903 131 2926 autem
153 2899 353 2930 Wetstcnianus
375 2910 380 2928 :
426 2902 590 2936 Εὑιιγγελίου
615 2904 765 2938 φήσαντος·
784 2905 829 2931 Διὸ

880 2801 928 2843 καὶ
955 2798 985 2826 τδ
1010 2798 1179 2834 γεννώμενον
1206 2797 1251 2825 διὰ
1282 2798 1345 2832 σοῦ,
1373 2798 1431 2826 ἀλλ’
1458 2798 1490 2824 ἐκ
1518 2796 1574 2823 σοῦ.
1604 2794 1666 2828 Πῶς

881 2836 1084 2906 οὲ’(ἶέῖ’(ὶοιίοι
1103 2869 1260 2906 Vaticanus,
1277 2869 1302 2896 εἴ
1324 2878 1355 2904 γε
1381 2868 1504 2896 αἰδεῖται.
1548 2867 1664 2896 Wet5te~

883 2907 991 2940 nianus,
1006 2907 1031 2933 ει
1049 2906 1095 2932 καὶ
1110 2905 1204 2932 δεῖται.
