1860 3073
150 109 201 136 195

149 170 233 196 etiam
247 169 361 196 mundus
376 169 425 196 ista
440 169 605 196 universitas
618 176 678 202 quae
691 176 723 195 ex
737 169 808 195 caelo
821 174 848 195 et
865 170 973 198 terraA

149 216 316 246 continetur,
336 215 404 241 sicut
423 214 523 241 Paulus
537 215 574 241 ait
593 224 599 240 :
619 223 628 239 ι
647 213 773 241 Transiet
788 215 844 249 (28)
862 215 935 241 enim

151 261 259 288 habitus
275 260 354 294 hujus
370 260 464 286 mundi
487 260 520 286 ".
543 269 554 286 ι
576 260 703 294 Designat
722 267 788 287 sane
805 265 833 286 et
851 261 934 286 alium

149 306 292 341 quemdam
305 306 434 332 mundutn
451 309 550 339 praeter
560 305 633 331 hunc
644 305 777 331 visibilem
791 305 871 332 etiam
887 305 936 332 Do-

150 352 240 378 minus
250 357 277 378 ct
293 350 421 377 Salvator
430 355 533 381 noster.
546 358 625 383 quem
639 357 733 377 revera
744 351 899 378 describere
909 357 936 378 et

149 396 292 432 designare
299 396 407 423 dilﬁcile
415 401 456 422 est
468 404 474 421 :
487 397 663 429 aituamque:
676 405 684 420 ι
697 396 754 430 Ego
765 403 817 422 non
831 403 890 423 sum
902 397 935 424 de

149 443 202 469 hoc
209 443 309 469 mundo
319 442 352 468 ⁸³.
366 452 375 468 ι
385 441 525 475 Tanquam
537 443 609 468 enim
620 450 653 468 ex
664 442 718 468 alio
731 442 847 476 quodam
863 447 936 469 esset

150 488 257 519 muudo,
271 488 307 514 ita
320 487 456 522 διώκω
464 487 534 522 quod
543 497 552 512 ι
567 486 623 514 Non
632 495 690 514 sum
703 488 735 514 de
744 488 794 514 hoc
806 487 932 514 mundo.»

147 533 231 567 Cujus
247 533 338 559 mundi
357 533 491 561 dilIicilcm
507 534 584 560 nobis
602 541 661 560 esse
674 533 873 567 expositionem
891 534 934 560 id-

147 578 222 604 circo
232 578 419 611 przediximus,
430 586 463 604 ne
475 578 543 604 forte
552 578 706 612 prmbeatur
715 578 850 612 aliquibus
860 587 936 606 occa-

147 624 189 650 sio
201 624 273 649 illius
282 623 477 658 intelligentize,
487 631 539 658 qua
553 628 647 658 putent
655 631 703 650 nos
713 624 844 658 imagines
854 632 936 658 quas-

147 669 208 701 dam
220 676 288 702 quas
298 668 383 695 (ΙΙ-τεεί
394 668 464 699 ἰδέας
475 669 623 701 nominaut,
639 668 740 695 amrma
746 676 775 696 re
786 670 874 703 :quod
884 670 936 696 uti-

146 722 198 747 que
214 723 227 739 ιι
247 715 347 740 nostris
372 714 489 740 alienum
514 719 571 747 est,
596 708 725 740 mundum
747 715 935 749 incorporeum

146 759 249 790 dicere,
273 759 298 786 in
321 759 377 786 sola
399 761 496 786 mentis
515 760 658 794 phantasia
681 760 724 786 vel
743 761 934 795 cogitationum

146 804 249 830 lubrico
263 805 471 835 consistentem;
485 809 511 831 et
528 805 662 838 quomodo
677 805 848 832 Salvatorem
866 805 930 833 inde

146 857 223 881 esse,
250 850 292 876 vel
317 856 427 877 sanctos
452 858 560 885 quoque
593 851 657 878 illuc
685 851 772 878 ituros
807 856 933 885 poterunt

145 895 290 928 aﬂirmarc,
309 904 362 930 non
384 897 474 923 video.
501 896 687 925 Verumtamen
710 897 867 932 pratclarius
886 897 935 924 ali-

144 942 210 975 quid
234 946 261 968 et
289 942 458 976 splendidius
490 949 570 976 qualn
598 943 650 970 istc
672 943 719 977 qui
745 950 867 977 praesens
892 941 934 970 es't

144 988 272 1018 mundus.
289 988 402 1015 indicari
419 996 434 1014 a
449 989 592 1016 Salvatore
607 997 660 1016 non
681 989 793 1016 dubium
811 995 866 1021 est,
880 996 933 1023 quo

144 1033 226 1059 etiam
241 1033 383 1061 credentes
401 1034 426 1060 in
443 1042 472 1061 se
487 1035 601 1062 tendere
614 1041 744 1070 provocat
758 1041 784 1062 et
797 1036 931 1062 hortatur

144 1079 198 1106 Sed
215 1085 305 1106 utrum
331 1081 448 1107 mundus
473 1081 524 1107 iste
548 1088 628 1114 quem
651 1081 744 1108 sentiri
763 1081 834 1112 vult,
852 1088 933 1115 sepa-

143 1131 218 1153 ratus
244 1127 278 1153 ab
303 1127 354 1153 hoc
378 1127 413 1154 sit
441 1127 573 1161 longeque
601 1128 715 1160 divisus,
742 1128 783 1154 vel
802 1127 874 1158 loco,
890 1127 932 1154 vel

143 1173 284 1206 qualitate,
300 1172 342 1198 vel
359 1173 460 1207 gloria;
479 1181 512 1199 an
527 1173 611 1206 gloria
627 1174 737 1207 quidem
751 1178 779 1200 et
799 1173 932 1207 qualitate

143 1219 290 1252 przeceltat,
304 1219 372 1244 intra
392 1223 481 1245 tamen
501 1220 579 1252 hujus
593 1220 686 1246 mundi
704 1220 934 1254 circumscriptio-

143 1271 205 1290 nem
221 1264 392 1296 cohibeatur,
412 1266 482 1298 quod
501 1270 527 1292 et
545 1265 608 1291 tuihi
631 1265 715 1298 magis
731 1265 878 1292 verisimile
892 1265 932 1291 vi-

142 1311 232 1342 detur,
254 1310 387 1336 incertum
409 1315 498 1337 tamen
519 1316 577 1341 est.
601 1315 626 1337 et
642 1331 649 1343 ,
671 1315 700 1336 ιιι
725 1317 775 1344 ego
800 1311 929 1344 arbitror,

143 1356 268 1382 humanis
284 1356 372 1382 adhuc
391 1356 605 1391 cogitationibus
621 1360 648 1383 et
663 1356 799 1383 mentibus
821 1356 933 1383 inusita-

143 1404 208 1427 tum.
223 1400 261 1427 Ex
278 1401 320 1427 his
337 1406 425 1428 tamen
443 1409 502 1436 quae
518 1401 644 1428 Clemens
661 1401 736 1428 visus
752 1407 793 1428 est
809 1401 932 1428 indicare

141 1454 203 1474 cum
219 1446 287 1473 dicit
301 1469 306 1474 .
326 1457 335 1472 ι
351 1446 475 1474 Oceanus
500 1447 733 1474 intransmeabilis
752 1452 794 1474 est
811 1447 931 1474 homini-

140 1492 206 1523 bus,
228 1497 256 1519 et
273 1493 300 1519 hi
322 1493 414 1519 mundi
435 1493 480 1527 qui
502 1498 561 1527 post
583 1493 670 1527 ipsum
689 1497 750 1519 sunt
762 1501 770 1519 :
784 1502 793 1518 ι
811 1493 856 1527 qui
873 1498 930 1527 post
945 1509 966 1537 Ο

142 1537 230 1572 ipsum
248 1543 310 1564 sunt
334 1539 448 1565 mundos
472 1538 613 1572 pluraliter
636 1539 798 1570 nominans,
819 1546 887 1572 quos
904 1545 930 1565 et

139 1583 234 1610 eadem
257 1583 303 1610 Dei
320 1584 418 1610 summi
440 1584 610 1618 providentia
627 1585 671 1618 agi
695 1585 806 1618 regique
827 1585 931 1619 signiti-

139 1633 195 1660 cat,
212 1629 316 1655 semina
333 1629 455 1663 quaedam
473 1629 551 1656 nobis
574 1629 730 1661 hujusmodi
747 1630 930 1661 intelligentize

138 1675 248 1702 videtur
264 1682 422 1709 aspergere,
442 1682 495 1709 quo
518 1680 628 1709 putetur
640 1676 730 1702 omnis
742 1676 853 1710 quidem
870 1677 930 1702 uni-

139 1723 255 1750 versitas
277 1730 370 1749 eorum
390 1730 450 1757 qua:
474 1728 537 1750 sunt
563 1727 644 1757 atque
667 1723 822 1750 subsistunt
845 1723 929 1750 cmle-

138 1769 233 1800 stium,
246 1772 273 1795 et
287 1768 534 1802 superemlestiutn.
549 1773 729 1799 terrenarum,
746 1768 930 1795 infernorum-

138 1823 203 1851 que,
225 1823 296 1842 unus
316 1820 343 1842 et
367 1815 504 1849 perlectus
530 1817 646 1841 mundus
671 1814 836 1848 generaliter
856 1814 926 1847 dici;

138 1861 211 1888 intra
226 1869 306 1896 quem
322 1861 391 1887 vela
414 1868 468 1895 quo
490 1861 581 1888 czeteri
606 1860 639 1895 (si
657 1861 702 1895 qui
726 1860 763 1886 illi
788 1859 862 1895 sunt)
879 1867 929 1894 pu-

135 1906 211 1933 tandi
237 1911 301 1933 sunt
321 1906 466 1933 contineri.
492 1905 567 1933 Unde
590 1898 675 1933 voluit
692 1906 799 1939 quidem
821 1905 927 1939 globum

138 1953 208 1979 hune
233 1952 275 1979 \‘el
299 1952 374 1983 solis,
399 1957 630 1986 ceterorumque,
650 1958 718 1986 quos
738 1953 858 1984 planetas
880 1958 927 1977 vo-

137 2003 211 2029 cant,
235 2006 283 2032 per
300 1997 404 2031 singula
424 1997 537 2023 mundos
555 1997 702 2023 nominari.
725 1995 778 2023 Sed
797 2001 824 2023 et
839 1997 926 2030 ipsum

137 2045 383 2077 supereminentem
399 2051 479 2077 quem
498 2043 591 2069 dicunt
608 2042 714 2076 ἀπλανῆ
730 2042 850 2076 globum.
864 2048 926 2074 pro-

137 2090 195 2123 prie
221 2089 276 2124 (29)
305 2089 484 2115 nihilominus
511 2088 642 2114 mundum
667 2087 796 2121 appellari
818 2086 923 2112 volunt.

136 2134 257 2167 Denique
273 2134 354 2160 etiam
379 2134 486 2160 Baruch
512 2133 651 2167 propheta:
669 2133 765 2158 librum
786 2132 812 2157 in
833 2138 924 2157 asser-

136 2179 219 2205 tionis
236 2178 315 2212 hujus
336 2178 520 2205 testimonium
546 2181 660 2208 vocant,
681 2176 752 2210 quod
771 2175 807 2201 ibi
832 2176 865 2202 de
880 2183 924 2202 se-
941 2171 964 2198 Ι)

136 2230 208 2258 ptem
231 2224 338 2250 mundis
359 2224 400 2250 Vel
421 2223 497 2251 cmlis
515 2222 669 2249 evidentius
695 2221 839 2248 indicatur.
856 2221 924 2248 Esse

137 2275 227 2297 tamen
253 2276 334 2303 super
363 2269 436 2295 illam
464 2268 597 2302 sphaeram
628 2274 708 2301 quam
735 2266 842 2301 ἀτελεινῆ
867 2266 923 2300 (50)

135 2316 238 2348 dicunt,
253 2315 347 2342 volunt
363 2315 456 2347 aliam,
474 2322 567 2348 quam,
583 2313 654 2340 sicut
667 2313 738 2346 apud
757 2319 805 2338 nos
826 2312 924 2338 coelum

171 2361 194 2377 ⁸⁸
208 2361 291 2389 ICor.
305 2369 348 2393 ιιι,
367 2361 412 2388 5|.
451 2359 473 2375 ⁵⁹
487 2359 565 2386 Joan.
583 2366 649 2389 xvtt,
667 2358 710 2385 15,

135 2396 158 2412 ⁸³
170 2396 272 2424 Psaltn.
289 2404 343 2429 vui,
362 2396 389 2422 ι.
428 2396 450 2412 ⁸³
464 2395 516 2422 lsa.
531 2401 604 2425 uvt,
619 2393 647 2420 2.

170 2445 226 2481 (28)
245 2445 290 2472 Sic
309 2452 380 2481 u_tss._
397 2443 474 2481 Libb.
497 2443 573 2481 eiliti.
593 2451 602 2481 ι
626 2449 686 2476 qua:
706 2446 748 2469 est
760 2449 792 2468 ex
809 2441 880 2469 cmlo
895 2447 924 2469 et

135 2477 222 2508 terra,
235 2481 304 2507 sicut
318 2479 415 2506 Paulus
432 2479 469 2504 ait
485 2488 491 2505 :
507 2477 656 2504 Transiet.»

171 2514 226 2549 (29)
252 2513 395 2547 Ἁπλανῆ,
412 2514 516 2549 globum
532 2513 645 2546 proprie.
661 2512 698 2549 lla
715 2511 794 2539 codd.
814 2519 878 2539 mss.
896 2512 922 2539 ln

135 2547 310 2577 antea'editis
323 2549 399 2575 deest
413 2548 519 2583 ἀπλανῆ
535 2552 562 2574 et
580 2556 588 2571 ι
602 2547 720 2581 proprie.
735 2556 744 2572 ι

171 2584 227 2619 (δυ)
254 2583 393 2616 Ἀπλανῆ.
411 2582 492 2619 Deest
505 2583 622 2619 iurantea
636 2582 725 2613 editis,
742 2582 790 2608 sed
805 2582 922 2609 habetur

136 2619 162 2645 in
176 2617 314 2646 omnibus
332 2626 395 2645 mss.
422 2618 504 2645 Paulo
527 2617 595 2644 inl'ra
613 2624 696 2645 mss..
719 2626 728 2641 ι
745 2618 920 2651 reprontittit.

134 2654 173 2680 Ex
198 2654 269 2680 illius
287 2660 403 2687 namque
425 2658 503 2680 terra:
523 2652 662 2679 nomine.»
679 2651 762 2684 Editi,
781 2661 790 2677 ι
806 2658 920 2687 promit-

135 2689 179 2719 tit,
192 2693 220 2714 et
235 2688 308 2715 illius
328 2695 443 2721 namque
460 2692 539 2714 terra:
553 2687 671 2713 nomine.
683 2696 692 2712 ι

170 2722 226 2757 (5|)
251 2722 317 2749 Vide
335 2721 382 2749 lib.
393 2730 411 2749 ιι
427 2722 591 2756 0rigenian.,
607 2729 634 2756 q.
648 2722 691 2753 ll,
706 2729 780 2748 num.
797 2722 840 2748 ll.

170 2757 227 2792 (52)
246 2757 293 2786 Sit:
303 2757 476 2790 codd.mss.;
497 2758 561 2785 editi
576 2765 650 2790 vero,
670 2757 815 2793 ἀκηράτων
835 2757 922 2792 sli/ur—

135 2799 203 2818 rem.

172 2825 227 2863 (55)
248 2826 320 2854 Editi
334 2826 411 2861 libb.,
430 2837 439 2853 ι
452 2828 644 2862 perfectorum.
659 2838 668 2854 ι

948 837 970 863 Β

767 106 927 135 ORIGENIS
947 107 1026 134 ΠΕΡΙ
1045 108 1161 135 ΑΡΧΩΝ

761 2358 782 2373 ⁸⁸
799 2359 893 2385 Matth.
913 2367 940 2390 ι’,
953 2360 980 2385 ι.

1738 108 1785 135 1M

987 169 1108 196 continet
1121 169 1211 196 omnia
1225 177 1284 204 qua:
1299 169 1350 198 sub
1367 169 1437 197 caelo
1449 175 1523 201 sunt,
1538 169 1575 196 ita
1600 168 1676 196 illam
1692 168 1786 196 dicunt

988 216 1118 242 immensa
1152 216 1269 250 quadam
1298 216 1338 243 sui
1374 215 1562 251 magnitudine
1594 220 1624 242 et
1650 215 1785 242 ineffabili

987 261 1126 295 complexu
1147 261 1234 295 spatia
1261 262 1451 288 universarum
1473 261 1646 296 sphaerarum
1675 261 1783 288 ambitu

988 307 1224 340 magniﬁcentiore
1247 308 1453 342 constringere;
1477 308 1514 334 ita
1540 311 1570 333 ut
1589 308 1683 333 omnia
1711 307 1784 334 intra

987 352 1072 386 ipsam
1088 353 1125 379 ita
1137 353 1192 379 sint
1208 353 1279 379 sicut
1297 357 1340 380 est
1355 353 1413 379 haec
1428 357 1500 380 terra
1515 358 1609 380 nostra
1621 354 1675 380 sub
1687 353 1762 380 cmlo
1776 361 1785 380 τ

986 404 1046 431 qua:
1062 397 1142 424 etiam
1157 397 1183 423 in
1201 397 1350 432 Scripturis
1364 398 1467 424 sanctis
1484 402 1558 424 terra
1575 400 1646 425 bona
1663 401 1691 424 et
1709 402 1784 424 terra

986 442 1136 469 viventium
1149 443 1272 469 creditur
1291 443 1437 476 nominari,
1455 442 1559 470 habens
1576 451 1657 470 suum
1677 443 1784 471 caelum

987 488 1050 514 illud
1071 489 1142 522 quod
1167 491 1300 523 superius,
1325 489 1350 516 in
1375 497 1428 522 quo
1449 489 1520 516 coelo
1545 494 1709 516 sanctorum
1737 497 1786 516 no-

986 533 1058 559 mina
1086 533 1184 565 scribi,
1210 533 1252 560 vel
1277 534 1376 568 Scripta
1405 542 1466 561 esse
1493 535 1622 562 dicuntur
1645 542 1661 561 a
1685 534 1786 561 Salva-

987 583 1046 606 tore
1070 579 1146 614 (51);
1165 587 1219 613 quo
1245 580 1316 606 caelo
1342 580 1489 607 cohibetur
1519 580 1564 606 illa
1593 585 1667 607 terra
1701 585 1787 615 atque

984 623 1164 655 concluditur,
1187 632 1268 658 quam
1289 624 1413 651 Sahator
1435 627 1462 652 in
1487 625 1634 660 Evangelio
1667 625 1788 652 mitibus

985 674 1012 696 et
1030 670 1177 696 mansuetis
1192 671 1401 704 repromittit“.
1414 671 1452 697 Ex
1474 671 1547 698 illitis
1566 678 1689 705 namque
1704 677 1788 699 terra:

985 716 1095 742 nomine
1111 715 1193 742 etiam
1209 715 1278 742 hanc
1294 720 1414 742 nostram
1433 716 1475 742 cui
1492 716 1571 743 arida
1586 717 1665 750 prius
1681 724 1786 743 nomen

985 759 1089 790 fuerat,
1109 761 1327 794 cognominatam
1349 762 1453 793 volunt,
1473 762 1546 788 sicut
1568 767 1597 789 et
1618 762 1786 789 ﬁrmamen-

987 811 1041 833 tum
1064 807 1115 834 hoc
1133 807 1232 834 cmlum
1256 807 1327 834 illius
1349 807 1411 834 σαειί
1436 809 1568 835 vocabulo
1591 812 1784 842 nuncupatum

984 858 1035 880 est.
1051 852 1150 881 Verum
1165 853 1197 879 de
1214 853 1397 886 hujuscemodi
1418 854 1592 886 opinionibus
1619 855 1732 889 plenius
1756 855 1783 880 in

984 898 1032 926 illo
1045 899 1103 926 loco
1118 899 1304 929 tractavimus,
1317 907 1379 926 cum
1394 900 1597 933 requirerenius
1613 900 1683 935 quid
1705 903 1784 926 esset

984 945 1055 979 quod
1078 945 1105 971 in
1124 945 1256 980 principio
1275 944 1340 972 fecit
1364 945 1433 972 Deus
1456 945 1555 972 cmlum
1573 950 1601 972 et
1627 950 1732 972 terram
1747 945 1782 972 ".

983 990 1062 1017 Aliud
1074 990 1145 1016 enim
1159 989 1257 1016 ctelum
1273 994 1299 1016 et
1311 989 1362 1015 alia
1380 994 1451 1016 terra
1467 990 1604 1016 indicatur
1618 997 1682 1016 esse
1697 996 1784 1024 quam

984 1035 1051 1063 illud
1069 1036 1270 1062 ﬁrmamentum
1291 1035 1362 1069 quod
1378 1039 1437 1070 post
1454 1035 1566 1062 biduum
1585 1035 1689 1062 factum
1713 1035 1785 1062 dici-

985 1087 1039 1114 tur,
1056 1081 1099 1108 vel
1123 1081 1197 1108 arida
1213 1088 1272 1115 qua:
1295 1081 1464 1115 postmodum
1490 1086 1563 1108 terra
1587 1085 1783 1115 nuncupatur.

984 1127 1057 1154 Sane
1077 1127 1127 1154 boc
1141 1127 1212 1160 quod
1228 1127 1322 1153 dicunt
1335 1126 1445 1160 quidam
1462 1126 1495 1154 de
1510 1127 1561 1154 hoc
1576 1127 1692 1158 mundo,
1713 1133 1785 1160 quo-

984 1174 1056 1199 niam
1079 1172 1264 1206 corruptibilis
1284 1173 1394 1206 quidem
1416 1177 1459 1199 est
1479 1180 1512 1199 ex
1532 1179 1566 1200 eo
1588 1173 1662 1207 quod
1691 1172 1785 1199 factus

983 1223 1034 1249 est,
1049 1225 1098 1244 nec
1117 1224 1205 1244 tamen
1225 1219 1418 1252 comunpitur,
1439 1219 1501 1253 quia
1520 1219 1703 1251 corruptione
1723 1218 1784 1245 for—

984 1264 1036 1289 tior
1057 1267 1085 1290 et
1106 1262 1220 1290 validior
1233 1266 1274 1290 est
1296 1263 1422 1290 voluntas
1446 1264 1492 1291 Dei
1516 1265 1561 1299 qui
1580 1264 1648 1291 fecit
1665 1272 1731 1291 eum
1755 1269 1784 1290 et

983 1311 1106 1337 continet
1126 1309 1200 1337 illum
1226 1317 1260 1337 ne
1284 1310 1308 1337 ei
1324 1310 1462 1344 corruptio
1482 1311 1653 1344 demittetur,
1676 1311 1785 1337 rectius

983 1356 1078 1383 sentiri
1111 1355 1161 1383 ista
1185 1359 1298 1390 possunt
1323 1356 1356 1383 de
1373 1363 1405 1383 eo
1429 1357 1529 1383 mundo
1554 1363 1637 1390 quem
1667 1355 1783 1390 ἀπλανῆ

983 1403 1118 1436 sphaeram
1136 1401 1193 1437 (ὂῖ)
1206 1409 1285 1435 supra
1300 1401 1428 1434 diximus,
1440 1402 1504 1436 quia
1519 1409 1551 1428 ex
1568 1401 1716 1429 voluntate
1732 1401 1782 1428 Dei

984 1455 1154 1482 nequaquam
1167 1447 1336 1480 corruptioni
1350 1448 1499 1482 subjaceat,
1517 1455 1566 1481 pro
1580 1454 1614 1474 eo
1632 1447 1709 1482 quod
1729 1453 1783 1474 nec

983 1500 1080 1520 causas
1101 1492 1282 1527 corruptionis
1296 1492 1408 1527 accepit.
1431 1492 1596 1520 Sanctorum
1615 1493 1722 1527 quippe
1737 1497 1784 1519 est

982 1542 1010 1565 et
1025 1538 1059 1564 ad
1081 1537 1211 1572 liquidum
1234 1537 1439 1571 puriﬁcatorum
1458 1537 1514 1572 (55)
1538 1538 1659 1564 mttndus
1678 1538 1738 1570 ille,
1754 1541 1784 1564 et

983 1591 1034 1611 non
1059 1584 1202 1618 impiorum
1219 1584 1290 1610 sicut
1303 1583 1354 1610 iste
1377 1587 1480 1610 uoster.
1499 1583 1656 1610 Videndum
1683 1589 1782 1609 autem

982 1635 1024 1656 est
1038 1636 1070 1655 ne
1091 1629 1161 1655 forte
1185 1629 1211 1655 in
1237 1629 1288 1655 hoc
1312 1628 1464 1662 respiciens
1483 1628 1631 1662 Apostolus
1648 1627 1757 1655 dixerit
1773 1634 1782 1654 :

984 1686 993 1702 ι
1007 1675 1242 1710 Prospicientibus
1263 1674 1340 1701 nobis
1360 1682 1412 1701 non
1437 1681 1469 1700 ea
1487 1681 1547 1708 qua:
1564 1674 1710 1706 videntur,
1733 1674 1783 1701 sed

980 1729 1041 1756 qum
1057 1728 1111 1747 non
1129 1721 1265 1747 videntur.
1286 1720 1350 1752 Qua:
1373 1720 1445 1747 enim
1462 1720 1589 1746 videntur
1610 1720 1782 1752 temporalia

980 1772 1052 1800 sunt,
1066 1773 1125 1800 qua:
1141 1771 1229 1792 autem
1255 1773 1307 1792 ιιοιι
1326 1766 1451 1792 videntur
1465 1770 1567 1792 mterna
1592 1771 1658 1792 sunt
1670 1767 1694 1781 ⁶¹
1708 1766 1782 1801 (54).

980 1813 1087 1840 Scimus
1107 1818 1197 1839 autent
1220 1812 1348 1846 quoniam
1362 1811 1384 1838 si
1403 1811 1541 1838 terrestris
1560 1811 1661 1838 domus
1682 1818 1783 1839 nostra

980 1858 1059 1892 hujus
1084 1858 1260 1885 habitationis
1280 1856 1452 1889 dissolvatur,
1481 1856 1698 1884 aediﬁcationem
1728 1858 1783 1885 ha-

979 1905 1073 1931 bemus
1087 1911 1101 1930 a
1119 1903 1173 1931 Deo
1187 1904 1295 1931 domum
1312 1909 1364 1930 non
1386 1901 1570 1929 manufaclam
1593 1908 1735 1930 aeternam
1754 1905 1781 1931 in

978 1950 1054 1977 (telis
1067 1949 1098 1976 ⁸³.
1115 1959 1124 1974 ι
1151 1949 1217 1976 Cum
1242 1949 1312 1974 enim
1342 1948 1405 1974 alibi
1431 1948 1528 1974 dicat:
1552 1957 1561 1973 ι
1578 1947 1649 1981 Quia
1675 1950 1784 1976 videbo

978 1996 1061 2023 ctelos
1081 2001 1165 2028 opera
1187 1994 1331 2028 digitorum
1348 1999 1456 2019 tuorum
1469 1993 1502 2024 “,
1516 2003 1525 2019 ι
1543 1998 1571 2020 et
1588 1994 1622 2021 de
1643 1995 1785 2022 omnibus

979 2040 1161 2068 invisibilibus
1186 2047 1234 2073 per
1257 2039 1417 2074 prophetam
1451 2039 1522 2066 Deus
1548 2040 1617 2067 divit
1642 2049 1650 2067 :
1680 2050 1691 2066 ι
1707 2041 1784 2074 Quia

977 2092 1075 2112 manus
1098 2092 1157 2111 mea
1181 2083 1243 2111 fecit
1269 2084 1327 2110 haec
1349 2084 1439 2111 omnia
1451 2085 1506 2115 “,3
1535 2085 1616 2112 istam
1639 2090 1782 2114 azternam

977 2131 1087 2157 domum
1111 2136 1192 2164 quam
1221 2129 1324 2156 sanctis
1350 2130 1514 2163 repromittit
1541 2130 1598 2165 (55)
1623 2130 1651 2156 in
1680 2132 1780 2164 caelis,

979 2174 1162 2202 manufactam
1182 2181 1234 2201 non
1249 2181 1309 2200 esse
1329 2175 1494 2208 pronuntiat.
1511 2175 1699 2202 diﬂ‘erenliam
1718 2177 1784 2204 sine

979 2221 1061 2249 dubio
1076 2225 1208 2247 creatum
1227 2220 1252 2246 in
1272 2220 1313 2246 his
1329 2228 1388 2254 quae
1408 2220 1546 2253 videntur,
1562 2225 1589 2247 et
1604 2222 1631 2247 in
1649 2222 1695 2249 his
1716 2231 1784 2258 qua:

980 2275 1032 2294 non
1053 2267 1181 2294 videntur
1205 2267 1261 2301 (56)
1283 2266 1440 2294 ostendens.
1461 2267 1518 2293 Non
1539 2267 1613 2293 enim
1633 2268 1709 2294 idem
1737 2270 1784 2296 in-

980 2312 1121 2346 telligitur,
1133 2312 1206 2346 quod
1227 2311 1292 2338 dicit
1308 2310 1376 2345 (37),
1392 2318 1423 2338 ea
1440 2318 1500 2345 qua:
1514 2319 1568 2338 non
1589 2312 1738 2346 videntur,
1753 2319 1784 2340 et

1018 2359 1038 2374 ⁶¹
1061 2358 1129 2386 Gen.
1146 2370 1165 2390 ι,
1181 2358 1206 2385 1.
1244 2358 1266 2373 ⁸³
1283 2357 1302 2383 ιι
1315 2356 1378 2384 Cor.
1392 2365 1428 2388 Iv,
1447 2358 1492 2384 18.
1551 2357 1574 2373 ⁶³
1590 2357 1610 2384 ll
1623 2358 1691 2386 Cor.
1708 2367 1738 2391 ν,
1754 2361 1781 2387 Ι.

1014 2441 1070 2476 (54)
1092 2441 1169 2468 Libb.
1182 2440 1268 2467 editi:
1287 2449 1296 2464 ι
1312 2438 1394 2476 Vobis
1418 2446 1520 2476 nonrea
1544 2447 1606 2473 qnze
1626 2441 1782 2476 videntur,

974 2474 1021 2504 sed
1037 2474 1096 2510 qua:
1122 2483 1176 2503 non
1204 2475 1337 2501 videntur.
1353 2474 1417 2510 Qiite
1440 2475 1512 2500 enim
1542 2482 1596 2500 non
1625 2475 1778 2510 videntur,

972 2509 1072 2539 azlcrna
1087 2517 1165 2539 sunt:
1179 2517 1238 2543 qua:
1252 2514 1340 2534 autern
1353 2509 1488 2538 videntur.
1501 2509 1664 2542 temporalia
1679 2516 1780 2537 sunt.»

973 2548 1026 2575 Sed
1044 2554 1108 2572 mss.
1123 2550 1151 2571 ut
1167 2545 1194 2571 in
1211 2549 1303 2570 nostro
1316 2547 1402 2569 textu.

1008 2581 1063 2615 (Ξύ)
1085 2581 1122 2607 lta
1139 2587 1206 2606 mss.
1221 2578 1300 2615 Libh.
1314 2577 1378 2603 editi
1401 2584 1476 2606 vero.
1493 2585 1502 2602 ι
1518 2585 1580 2615 cum
1609 2577 1679 2604 alibi
1699 2579 1780 2615 dica-

975 2613 1018 2644 tur
1031 2625 1038 2643 :
1055 2613 1162 2642 Videbo
1176 2613 1260 2640 cados
1274 2618 1345 2642 tuos,
1356 2616 1423 2642 ete.,
1437 2619 1485 2644 per
1498 2613 1665 2646 prophetam
1689 2614 1780 2646 dixit,

974 2658 1040 2679 etc...
1056 2658 1136 2684 quam
1149 2649 1251 2676 sanctis
1267 2647 1429 2684 promittit.)

1010 2680 1071 2720 (56)"
1089 2685 1122 2711 Et
1142 2685 1169 2710 in
1188 2684 1229 2709 his
1249 2689 1306 2716 qua:
1329 2681 1526 2720 non_vi_dentur.
1544 2680 1609 2720 lltee
1632 2680 1661 2707 in
1690 2687 1780 2720 antea

975 2715 1171 2748 cditis'omissa
1192 2715 1264 2748 sunt,
1277 2716 1403 2750 quamvis
1420 2715 1575 2752 habeantur
1595 2715 1624 2741 in
1640 2716 1782 2744 omnibus

974 2765 1000 2782 In
1004 2764 1041 2782 SS.

1004 2764 1068 2825 s(55.7)
1089 2788 1167 2822 Quod
1187 2786 1260 2814 dicit.
1274 2785 1353 2814 Deest
1373 2784 1400 2811 in
1415 2788 1496 2812 antea
1513 2783 1607 2818 editis,
1623 2786 1675 2814 sed
1697 2794 1780 2823 repe-

975 2826 1046 2853 ritur
1060 2826 1086 2853 in
1105 2831 1169 2850 tnss.
