1834 3072
58 150 138 178 I339

358 151 546 179 ADAMANTII
563 152 731 180 Dl.\LOGUS
747 152 790 179 DL
809 151 922 180 RECTA
940 151 972 180 IN
991 151 1083 180 DEUM
1105 151 1190 178 FIDE.
1214 166 1241 173 -
1260 151 1355 179 SECT.
1370 151 1413 180 IV.

1626 155 1694 182 1851)

52 210 172 246 γαίρας
202 211 350 238 ἀπέθανον.
369 212 428 238 Ἔτι
453 213 505 248 μὴν
529 213 575 239 καὶ
595 211 677 238 αὑτοῦ
703 212 749 238 τοῦ
772 212 860 246 Σωτῆ-

967 211 990 227 "
1005 220 1010 238 :
1026 210 1133 246 Oportet
1149 209 1249 236 Filium
1265 210 1376 237 hominis
1395 209 1476 236 multa
1488 211 1552 244 pati,
1568 215 1592 238 et
1605 219 1694 246 repro—

57 264 110 291 ρος
136 257 304 293 παρέξομαι
324 257 424 291 φωνὰς,
444 257 492 289 τὰς
509 258 744 294 προαγγελλούσας
759 258 789 284 τὸ
814 257 865 285 πά-

56 302 110 334 θος
126 303 236 331 αὑτοῦ.
249 303 319 330 οὕτω
327 304 484 337 φάσκοντος·
499 305 540 330 ὃτι
550 304 590 331 δεῖ
602 304 655 331 τὸν
672 304 739 330 Υίὸν
751 304 804 331 τοῦ
813 305 865 331 ἀν-

57 347 195 380 θρώπου
210 349 311 375 πολλὰ
326 349 439 381 παθεῖν,
457 349 506 377 καὶ
517 349 793 384 ἀποδοκιμασθῆναι
806 350 865 376 ἀπὸ

57 391 126 419 τῶν
135 394 365 428 πρεσϐυτέραν,
375 396 424 422 καὶ
431 396 598 430 ἀρχιερέων,
609 396 657 422 καὶ
666 395 863 430 ῃοαμματέων,

57 438 115 465 καὶ
132 437 424 474 σταυρωθῆναι.’καὶ
437 442 500 476 μεθ’
516 441 627 476 ἡμέρας
639 442 717 476 τρεῖς
736 441 866 475 ἀναστῆ-

58 493 116 512 rat
135 485 215 520 (46)’
231 487 277 513 καὶ
295 487 374 513 πάλιν
390 487 457 522 μετά
471 487 519 523 τὴν
535 487 680 514 ἀνάστασιν
694 488 811 522 ἐλέγχων
824 496 865 514 τι-

59 531 114 563 νὰς
124 531 242 565 ἔλεγεν·
252 529 288 559 Ὦ
300 533 430 566 ἀνόητοι,
447 533 494 560 καὶ
506 532 628 566 ,βραδεῖς
641 533 679 567 τῇ
694 534 799 568 καρδίᾳ
813 532 864 559 τοῦ

59 578 238 604 πιστεύειν
251 579 299 605 ἐπὶ
310 578 414 611 πᾶσιν,
428 577 473 612 οἷς
486 579 623 614 ἐλάλησα
633 579 708 613 πρὸς
722 579 807 614 ὑμᾶς’
820 579 864 606 ὅτι

58 623 130 650 ἔδει
163 624 265 651 ταῦτα
290 624 396 652 παθεῖν
419 625 473 652 τὸν
491 625 627 659 Χριστόν.
643 625 702 651 Ἔτι
718 625 770 660 μὴν
782 625 826 651 καὶ
851 626 865 651 6

59 669 295 705 Εὑαγγελιστὴς,
322 671 353 697 οὐ
379 670 498 706 δόκησιν,
519 670 585 697 ἀλλὰ
604 669 729 706 ἀληθινὸν
752 670 865 696 Θάνατον

58 714 284 750 εἰσηγούμενος,
307 716 383 751 φησί’
401 716 454 744 Καὶ
469 715 732 751 φανήσαςμεγάιῃ
752 714 835 750 φωνῇ
846 717 863 742 ὀ

67 760 212 793 Ἰησοῦς,
223 758 297 787 εἷπε·
307 760 410 795 Πάτερ,
421 762 464 794 εἰς
476 761 577 796 χεῖράς
587 769 644 789 σου
659 761 865 796 παραθήσομαι

59 805 97 832 τὸ
119 805 252 841 πνεῦμά
265 815 335 841 μονα
360 807 409 834 καὶ
423 807 596 838 ἐξέπνευσε·
623 807 679 839 καὶ,
701 806 773 834 Ἰδοὺ
789 807 865 841 ἀνὴρ

62 851 200 886 ὀνόματι
221 853 337 887 Ἰωσὴφ,
345 853 542 887 αἰτησάμενος
548 853 581 879 τὸ
589 852 684 885 σῶμα,
693 853 865 885 ἐνετύλιξεν

59 898 99 925 ὲν
115 898 257 933 σινδόνι,
272 899 322 926 καὶ
336 899 444 933 ἔθηκεν
458 899 493 926 ἐν
505 899 597 932 καινῷ
605 899 746 934 μνημείῳ.
760 899 808 930 Τίς
819 897 864 926 οὖν

62 941 148 976 οὗτος
162 942 214 980 ἦν,
227 945 410 980 τολμήσαντες
429 945 592 972 εἰπάτωσαν.
617 945 653 971 οὐ
669 944 723 979 γὰρ
738 944 822 980 δήπου
835 944 865 971 τὸ

63 990 186 1025 τνεῦμα
211 990 382 1023 ἐξέπνευσεν,
404 992 433 1019 ὃν
460 991 542 1018 ἀΐδιον
566 992 613 1018 καὶ
627 991 772 1025 ἄφθαρτον
798 990 865 1017 ἀλλὰ

64 1036 187 1068 πάντως
198 1045 243 1067 τις
255 1034 288 1072 ἦν
299 1038 313 1063 ό
327 1036 396 1070 ἔχων
409 1037 439 1064 τὸ
451 1036 567 1072 πνεῦμα,
590 1036 619 1068 ὃς
644 1036 803 1068 ἐξέπνευσεν
820 1035 864 1062 ὅν-

62 1090 133 1113 τως·
154 1081 188 1113 ὃς
205 1082 255 1108 καὶ
273 1082 407 1118 παρέθετο
419 1082 540 1109 ἐκπνέων
555 1081 585 1108 τὸ
597 1081 705 1116 πνεῦμα
714 1081 753 1116 τῷ
768 1081 864 1116 Πατρὶ,

64 1127 96 1153 ὒν
111 1127 245 1162 ὲνείλησε
267 1128 362 1154 σινδόνι
378 1129 393 1154 ὁ
422 1129 531 1163 Ἰωσήφ.
554 1128 591 1154 Οὐ
613 1127 668 1163 γὰρ
684 1127 769 1163 δήπου
787 1127 866 1154 σκιὰν

65 1172 213 1208 ἑνείλησε,
227 1173 273 1199 καὶ
281 1173 390 1208 ἔθαψεν,
402 1173 469 1200 ἀλλὰ
480 1174 526 1200 τὸν
534 1172 724 1209 προσπαγέντα
736 1172 774 1208 τῷ
786 1173 866 1206 ξύλῳ.

65 1218 152 1245 Οὕτω
177 1219 213 1254 γέ
227 1228 267 1245 τοι
289 1219 336 1246 καὶ
350 1219 419 1254 μετὰ
437 1219 486 1255 τὴν
502 1219 648 1246 ἀνάστασιν
664 1218 739 1252 ἔλεγε
751 1220 808 1250 τοῖς
820 1227 868 1253 μα-

68 1263 184 1298 οηταῖς,
198 1264 323 1291 δοκοῦσιν
338 1264 419 1292 αὐτὸν
436 1265 584 1299 φαντασίαν
597 1262 675 1291 εἶναι·
689 1266 718 1291 Τί
732 1273 868 1299 τεταραγ-

67 1309 160 1343 μένοι
177 1310 253 1337 ἐστέ
259 1318 269 1342 ;
283 1310 332 1337 καὶ
348 1311 398 1337 ἵνα
413 1311 441 1337 τί
456 1310 640 1345 διαλογισμοὶ
654 1311 869 1338 ἀναϐαίνουσιν

67 1356 114 1389 εὶς
133 1356 196 1390 τὴν
211 1356 337 1389 καρδίαν
350 1357 450 1392 ὺμῶν;
467 1357 554 1384 Ἴδετε
564 1356 617 1390 τὰς
633 1356 732 1391 χεῷάς
746 1365 805 1391 μου
819 1356 868 1383 καὶ

67 1402 144 1436 τοὺς
158 1402 260 1436 πόδας
274 1412 344 1438 μου,
360 1403 403 1430 ὅτι
421 1403 478 1438 ἐγώ
500 1405 557 1437 ειμι
574 1404 674 1436 αὐτός·
692 1403 736 1430 ὅτι
750 1403 868 1437 πνεῦμα

69 1448 167 1475 ὀστέα
189 1449 242 1475 καὶ
265 1448 380 1483 σάρκας
394 1450 449 1476 οὐκ
470 1449 540 1483 ἕχει,
556 1448 653 1481 καθὼς
671 1448 723 1482 ἐμὲ
737 1448 867 1482 θεωρεῖτε

68 1495 197 1528 ἔχοντα.
218 1495 272 1521 Καὶ
283 1495 319 1525 τί,
334 1495 458 1522 τοσοῦτον
467 1495 654 1530 ἐπιδιατρίϐων
667 1495 722 1525 τοῖς
736 1494 866 1529 ἐλέγχοις,

70 1539 112 1570 εἰς
129 1539 225 1574 μῆκος
245 1539 357 1566 ὲκτείνω
376 1539 438 1571 τοὺς
454 1540 564 1573 λόγους
580 1540 677 1574 Ἤρκει
691 1538 745 1574 γὰρ
762 1538 792 1564 τὸ
805 1540 868 1574 ὁμο·
882 1557 904 1587 c

69 1584 163 1618 λογεῖν
189 1585 287 1612 ἑαυτὸν
306 1585 363 1612 υἱὸν
390 1585 544 1621 ἀνθρώπου.
568 1586 605 1612 Μ.
629 1586 705 1617 Τίνος
727 1586 868 1622 ἀνθρώπου

69 1631 147 1657 ἐστὶν
165 1631 244 1663 uide;
267 1631 300 1657 A.
315 1631 361 1658 Ἐκ
378 1631 533 1667 σπέρματος
548 1631 617 1658 κατά
631 1631 718 1667 σάρκα
728 1631 775 1658 τοῦ
788 1631 868 1658 Δαυῖδ

70 1677 143 1707 ἐστι,
160 1676 256 1708 καθὼς
278 1676 326 1703 καὶ
350 1677 379 1704 τὸ
401 1677 564 1711 Εὑαγτέλιον
579 1677 687 1711 φάσκει.
705 1678 742 1705 Μ.
766 1677 809 1704 Ἐν
831 1676 870 1711 τῷ

71 1723 250 1758 Εὑαγγελίῳ,
265 1723 320 1750 τῶν
340 1723 374 1749 ἰο
380 1723 477 1750 υδαιων
488 1723 628 1758 λεγόντων,
639 1724 678 1750 ὅτι
689 1724 745 1755 υἱός
755 1724 812 1750 ἐστι
823 1723 870 1750 τοῦ

71 1768 167 1800 Δαυῖδ,
186 1767 269 1799 αὐτὸς
285 1769 299 1794 ὁ
315 1767 431 1803 Χριστὸς
450 1769 649 1802 κατεγίνωσκεν
664 1768 763 1796 αὐτῶν·
776 1769 823 1796 καὶ
846 1769 871 1795 εἰ

72 1814 164 1845 θέλεις
171 1813 370 1848 ἀναγινώσκω.
381 1814 412 1841 Ε.
428 1813 584 1848 ’Δνάγνωθι.
593 1814 630 1840 Μ.
640 1811 722 1840 Εἶπεν
730 1815 744 1840 ὁ
757 1813 869 1849 Ἰησοῦς·

75 1861 106 1887 Τί
119 1860 195 1895 ὑμῖν
210 1859 292 1887 δοκεῖ
307 1859 374 1894 περὶ
390 1858 444 1886 τοῦ
457 1858 597 1894 Χριστοῦ,
617 1858 698 1891 τίνος
711 1859 776 1892 υἱός
787 1859 872 1892 sort;

72 1905 229 1940 Λέγουσιν
238 1905 329 1938 αὐτῷ,
345 1905 400 1933 Τοῦ
409 1905 509 1932 Δαυΐδ.
518 1905 602 1940 Λέγει
609 1904 731 1937 αὑτοῖςό
745 1905 869 1938 Ἰησοῦς”

74 1950 141 1984 πῶς
148 1949 209 1979 οὖν
216 1951 306 1978 Δαυῒδ
312 1951 346 1977 ἐν
354 1951 496 1985 πνεύματι
504 1950 612 1983 Κύριον
620 1948 712 1976 αὐτὸν
717 1949 812 1981 καλεῖ,
820 1950 871 1976 λέ-

75 2006 146 2026 γων·
158 1995 256 2025 Εἶπεν
262 1999 277 2024 ό
284 1997 392 2031 Κύριος
399 1997 438 2029 τῷ
445 1997 541 2031 Κυρίῳ
543 2005 612 2031 μου·
619 1995 717 2023 Κάθου
724 1996 758 2022 ἐκ
764 1995 870 2028 δεξιῶν

74 2051 135 2077 μου
149 2052 158 2074 ;
170 2045 206 2070 El
222 2041 279 2071 οὖν
289 2042 380 2069 Δαυῒδ
393 2043 427 2070 ἐν
437 2043 580 2077 πνεύματι
592 2043 700 2076 Κύριον
712 2041 805 2069 αὑτὸν
817 2041 869 2068 λέ-

77 2098 134 2123 γει,
149 2090 215 2122 πῶς
232 2089 297 2122 υίὸς
303 2089 396 2116 αὑτοῦ
409 2090 511 2121 batur;
524 2087 609 2120 Εἶδες,
618 2089 658 2115 ὅτι
672 2088 870 2123 καταγινώσκει

75 2137 131 2163 τῶν
146 2137 293 2171 λεγόντων,
312 2137 353 2163 ὅτι
369 2137 426 2168 uio;
445 2136 525 2163 Δαυΐδ
540 2137 623 2168 ἐστιν,
643 2135 806 2172 ἀρνούμενος
822 2137 870 2163 αὑ-

78 2182 125 2214 τός
136 2191 144 2215 ;
170 2184 203 2209 Α.
219 2183 255 2209 Τὸ
268 2183 331 2216 πῶς
347 2183 396 2209 οὐκ
409 2182 549 2218 ἀρνήσεώς
563 2183 645 2214 ἐστιν,
657 2183 724 2209 ἀλλὰ
737 2183 868 2214 πεύσεως·

915 257 970 283 bari
984 265 1000 283 tt
1014 257 1171 286 senioribus,
1189 260 1213 283 et
1227 256 1385 289 principibus
1406 257 1570 282 sacerdotum
1591 263 1614 284 et
1628 259 1695 284 scri-

915 303 964 334 bis,
977 307 1001 330 et
1011 302 1140 336 cruci/igi,
1154 306 1178 328 et
1189 307 1245 336 post
1259 308 1311 328 tres
1328 302 1384 328 dies
1396 310 1538 337 resurgere.
1549 303 1582 329 Et
1596 303 1694 331 iterum

915 354 986 378 cum,
1004 347 1136 374 excitatus
1149 354 1162 372 a
1181 346 1304 377 mortuis.
1326 347 1456 380 quosdam
1471 353 1607 382 argueret,
1623 347 1696 375 dit-e-

915 393 959 419 bat
975 401 981 419 :
996 391 1018 418 0
1034 392 1105 418 stulti
1119 397 1142 418 et
1158 393 1226 418 lardi
1238 392 1315 418 corde
1328 392 1361 418 ad
1373 393 1530 419 credendum
1539 393 1626 419 omnia
1637 400 1697 427 quis

915 437 1016 463 locutus
1036 445 1094 463 sum
1117 437 1205 470 vobis,
1229 438 1299 471 quod
1321 437 1452 471 oportebat
1474 437 1529 464 ha'c
1545 439 1602 472 pati
1616 438 1695 465 Chri-

915 488 984 508 stum
995 481 1028 509 ’7.
1041 480 1195 514 Quinetiam
1212 481 1377 515 evangelista
1392 488 1444 507 non
1456 481 1572 514 speciem
1589 482 1694 512 mortis.
1739 482 1742 487 '

916 528 961 554 sed
977 534 1068 553 veram
1086 532 1199 554 morlem
1217 528 1356 559 inducens,
1372 527 1424 554 ait:
1442 527 1474 554 Et
1496 527 1614 554 clamans
1636 535 1696 554 t'oce

916 579 1010 605 magna
1021 570 1109 604 Iesus,
1124 571 1208 598 dixit:
1219 571 1309 603 Pater,
1329 571 1354 598 in
1367 580 1459 598 manus
1475 577 1533 597 tuas
1546 571 1696 597 conmendo

916 617 1036 649 spiritum
1052 624 1136 643 meum
1149 623 1157 642 :
1170 621 1194 643 et
1209 617 1294 643 emisit
1310 617 1442 651 spiritum.
1457 616 1505 644 Et:
1518 616 1583 644 Ecce
1594 619 1632 644 oir
1647 625 1694 643 no-

915 663 984 689 mine
1001 663 1094 697 Joseplt
1109 671 1167 689 cum
1182 663 1297 697 petiisse!
1311 671 1413 697 corpus,
1435 664 1539 690 involvit
1562 664 1629 690 illud
1643 664 1683 690 sin

916 710 992 741 done,
1006 714 1029 735 et
1043 709 1127 743 posuit
1143 710 1171 736 in
1184 717 1249 736 novo
1263 715 1429 736 monumento
1444 710 1478 738 ".
1495 710 1561 743 Quis
1574 717 1639 744 ergo
1653 711 1697 737 hic

916 759 996 787 esset,
1010 756 1138 782 audacter
1148 755 1248 782 dicant.
1265 755 1323 783 Non
1341 755 1412 783 enim
1434 761 1508 783 certe
1523 757 1635 790 spiritus
1648 764 1696 783 ex-

916 801 1040 834 spiravit,
1054 807 1114 826 cum
1139 806 1257 828 attentus
1278 801 1323 832 sit,
1337 807 1364 827 et
1387 801 1498 828 interire
1515 809 1568 828 non
1592 802 1697 836 possit:

917 846 964 873 sed
983 846 1061 881 plane
1078 846 1175 881 aliquis
1207 851 1267 873 erat
1291 847 1336 881 qui
1362 847 1483 880 spiritum
1503 846 1636 880 habebat,
1650 847 1696 880 qui

918 897 980 917 vere
1006 890 1230 925 exspiravit:qui
1256 891 1337 918 etiam
1362 890 1455 918 elllans
1476 891 1600 926 spiritum
1624 891 1696 918 Patri

919 936 1038 970 tradidit,
1055 944 1134 971 quem
1149 936 1262 970 involvit
1273 935 1371 970 Joseph
1386 936 1509 963 sindone.
1524 935 1615 970 Neque
1625 936 1696 962 enim

918 981 1041 1016 proiecto
1053 982 1175 1016 umbram
1194 981 1307 1008 involvit
1323 988 1404 1016 atque
1417 981 1551 1017 sepelivit,
1574 982 1620 1009 sed
1635 989 1697 1008 eum

917 1028 963 1062 qui
977 1027 1049 1062 ligno
1064 1026 1174 1054 sumxus
1188 1027 1287 1055 fuerat.
1298 1027 1342 1055 Sic
1357 1028 1437 1054 etiam
1450 1032 1509 1062 post
1520 1026 1698 1054 resurrectio-
1715 1018 1719 1022 ’

920 1081 979 1100 nem
997 1072 1136 1106 discipulis
1163 1073 1208 1106 qui
1233 1079 1293 1098 eum
1324 1077 1459 1106 specuum
1477 1079 1537 1098 esse
1557 1071 1697 1105 putabant,

919 1118 1025 1145 dicebat
1038 1126 1046 1144 :
1063 1117 1133 1149 Quid
1145 1118 1241 1144 turbati
1252 1117 1324 1149 estis,
1336 1123 1358 1144 et
1373 1118 1541 1152 cogitationes
1555 1117 1697 1144 ascendunt

919 1164 946 1190 in
971 1164 1092 1190 cordibus
1120 1163 1235 1190 vestris?
1254 1162 1345 1189 Videte
1367 1171 1459 1189 manus
1485 1171 1554 1189 meas
1574 1167 1597 1189 et
1620 1162 1698 1196 pedes

919 1219 998 1242 meos,
1009 1211 1071 1244 quia
1081 1217 1127 1245 ego
1138 1209 1193 1243 ipse
1206 1218 1263 1236 sum
1275 1218 1283 1236 :
1294 1210 1355 1244 quia
1368 1210 1474 1243 spiritus
1486 1217 1591 1236 carnem
1603 1214 1625 1235 et
1638 1217 1697 1235 ossa

920 1263 971 1282 non
984 1255 1069 1287 habet,
1083 1256 1149 1282 sicut
1164 1263 1203 1282 me
1219 1255 1310 1282 videtis
1325 1255 1416 1282 habere
1428 1255 1460 1282 ”.
1473 1255 1526 1282 Sed
1536 1255 1698 1289 quidtaudiu

920 1308 1090 1328 commorans
1106 1302 1132 1328 in
1145 1301 1306 1328 refutatione
1320 1308 1470 1328 sermonem
1485 1300 1636 1335 protraho?
1649 1300 1700 1326 Sa-

921 1346 955 1373 tis
968 1346 1041 1373 enim
1057 1351 1127 1380 crat,
1139 1354 1169 1373 se
1183 1347 1266 1373 lilium
1284 1347 1401 1374 hominis
1422 1346 1554 1382 proﬁteri.
1569 1345 1603 1373 Μ.
1616 1345 1699 1381 Cujus

921 1393 1038 1420 hominis
1051 1398 1092 1420 est
1105 1393 1174 1420 [ilius
1184 1393 1195 1419 ?
1206 1393 1238 1419 A.
1253 1393 1290 1419 Es
1307 1393 1409 1420 semine
1423 1392 1531 1420 Davidis
1548 1396 1589 1420 est
1603 1399 1699 1419 secun-

920 1438 983 1465 dum
999 1445 1121 1469 carnem,
1135 1438 1358 1473 quemadmodum
1372 1438 1454 1465 etiam
1472 1438 1642 1471 Evangelium
1659 1438 1699 1464 di-

921 1483 967 1512 cit.
992 1482 1026 1510 Μ.
1049 1482 1075 1509 lu
1103 1483 1257 1516 Evangelio,
1280 1491 1340 1510 cum
1354 1483 1436 1510 Judaei
1454 1484 1592 1510 Christum
1614 1483 1697 1510 lilium

924 1527 1029 1554 Davidts
1043 1528 1173 1559 dicereut,
1189 1531 1244 1563 ipse
1257 1536 1303 1555 eos
1319 1528 1417 1554 refellit
1432 1537 1438 1555 :
1454 1535 1485 1554 ac
1498 1527 1520 1555 si
1538 1529 1590 1560 vis,
1603 1528 1697 1555 recito.

922 1572 1059 1599 Echt-ita.
1070 1572 1104 1600 Μ.
1122 1572 1290 1600 Dixitlesus:
1301 1573 1370 1606 Quid
1384 1574 1452 1600 vobis
1462 1574 1563 1600 videtur
1580 1575 1611 1600 de
1623 1574 1700 1600 Chri-

920 1618 1059 1653 sto?cujus
1066 1619 1293 1653 ﬁliuseslMicunt
1304 1619 1327 1646 ei
1341 1627 1350 1646 :
1365 1619 1459 1646 David.
1473 1619 1541 1646 Dicit
1552 1621 1588 1646 eis
1600 1619 1677 1646 Jesus
1689 1627 1700 1647 .'

922 1665 1058 1698 Quomodo
1071 1674 1130 1700 ergo
1145 1665 1230 1692 David
1241 1665 1268 1692 in
1282 1665 1375 1698 spiritu
1393 1664 1533 1692 Dominum
1545 1674 1602 1692 eum
1615 1671 1699 1698 vocat,

920 1711 1007 1737 dicens
1024 1719 1032 1737 :
1054 1711 1126 1737 Dixit
1143 1710 1270 1736 Dominus
1289 1711 1401 1737 Domino
1415 1719 1481 1743 meo,
1500 1712 1558 1738 sede
1573 1720 1589 1738 a
1601 1713 1699 1739 dextris

921 1757 1005 1783 meis?
1022 1756 1051 1783 Si
1064 1764 1125 1791 ergo
1138 1756 1222 1783 Duoid
1234 1757 1261 1782 in
1273 1757 1365 1789 spiritu
1380 1756 1520 1783 Dominum
1540 1765 1597 1783 eum
1614 1762 1698 1788 vacat,

919 1805 1048 1838 quomodo
1065 1802 1121 1837 ejus
1137 1808 1174 1829 est
1195 1802 1266 1836 ﬁlius
1277 1802 1306 1828 ‘2’
1325 1801 1439 1829 Vidistin
1455 1807 1483 1829 ut
1499 1810 1546 1830 eos
1567 1803 1700 1837 improbet

919 1855 946 1876 et
963 1850 1082 1881 damnet,
1097 1848 1142 1883 qui
1158 1848 1295 1875 Christum
1321 1847 1428 1874 Davidis
1450 1848 1532 1874 lilium
1547 1855 1608 1875 esse
1624 1849 1698 1875 dice-

919 1895 993 1928 bant,
1008 1902 1068 1921 cum
1085 1894 1111 1921 id
1132 1899 1242 1929 negaret
1256 1892 1329 1928 ipse?
1345 1894 1377 1919 Α.
1390 1893 1465 1926 Illud,
1481 1893 1628 1927 Quomodo,
1645 1902 1698 1921 non

920 1941 1071 1976 negationis
1097 1945 1149 1972 est,
1172 1941 1218 1977 sed
1240 1939 1477 1973 interrogationis:
1493 1947 1579 1974 neque
1603 1941 1697 1972 semel,

919 1987 964 2013 sed
982 1993 1165 2021 smpeuumero
1192 1987 1218 2013 in
1239 1986 1390 2021 Scripturis
1414 1995 1465 2013 non
1488 1986 1569 2013 habet
1584 1986 1636 2013 vim
1651 1994 1699 2013 ne-

919 2033 1009 2068 gandi,
1021 2033 1068 2059 Sed
1081 2034 1106 2059 in
1121 2027 1329 2067 interrogatione
1341 2033 1459 2067 portitor.
1471 2032 1604 2065 Quomodo
1613 2033 1696 2065 enim,

920 2079 1015 2114 inquit,
1028 2080 1126 2114 fugabit
1143 2087 1208 2105 unus
1219 2080 1304 2105 decem
1314 2079 1428 2105 millia'?
1438 2083 1480 2105 et:
1495 2078 1629 2112 Quomodo
1642 2078 1698 2112 {or-

920 2126 1031 2151 nicatrix
1046 2128 1116 2160 [arta
1133 2131 1169 2151 est
1181 2125 1272 2151 civitas
1287 2125 1372 2160 ﬁdelis
1390 2124 1485 2152 Siou‘?
1501 2131 1525 2152 et
1540 2134 1545 2151 :
1564 2125 1698 2157 Quomodo

920 2171 1010 2197 cecidit
1022 2171 1053 2197 de
1065 2171 1127 2198 calo
1140 2171 1252 2206 Lucifer,
1268 2172 1311 2205 qui
1329 2179 1403 2197 mane
1421 2170 1589 2197 oriebatur“?
1607 2170 1699 2206 Neque

81 2229 130 2254 καί
148 2237 181 2263 γε
200 2230 248 2264 οὐχ
275 2229 378 2260 ἁπλῶς,
392 2228 459 2256 ἀλλὰ
473 2228 601 2260 πολλάκις
621 2230 650 2256 ὲν
671 2231 731 2261 ταῖς
752 2229 860 2264 Γραφαί

960 2218 994 2244 im
1008 2225 1109 2251 negans
1120 2217 1246 2245 Christus
1258 2217 1363 2244 dicebat
1377 2227 1383 2244 :
1397 2217 1544 2250 Quomodo,
1554 2218 1599 2244 sed
1615 2217 1699 2244 inter-

81 2273 132 2299 οὐκ
149 2274 199 2300 ἐπὶ
213 2275 362 2309 ἀρνήσεως,
379 2274 435 2300 ἀλλ’
459 2274 505 2300 ἐπὶ
523 2274 644 2306 πεύσεως
659 2274 714 2309 (47)
731 2275 865 2310 κείμενον·

81 2319 148 2352 Πῶς
172 2319 238 2355 γὰρ,
257 2321 334 2355 φησὶ,
359 2319 492 2352 διώξεται
514 2318 556 2353 εἷς
577 2320 710 2354 χιλίους
726 2320 784 2352 καὶ,
801 2319 867 2353 Πῶς

79 2365 203 2399 ἐγένετο
226 2367 321 2399 πόρνη
343 2366 430 2398 πόλις
447 2365 538 2398 πιστὴ
550 2365 641 2397 tuor;
660 2365 716 2397 καὶ,
729 2365 795 2398 Πῶς
804 2366 868 2398 ἐξέ-

80 2419 177 2438 πεσεν
189 2412 223 2438 ἐκ
239 2411 292 2438 τοῦ
307 2411 435 2445 οὐρανοῦ
447 2412 464 2438 ὁ
483 2411 656 2445 Έωσφόρος,
671 2413 687 2437 ὁ
702 2411 777 2445 πρωϊ
791 2412 864 2438 ἀνα-

80 2456 213 2488 τέλλων;
238 2457 304 2492 Οὐχὶ
324 2457 378 2493 γὰρ
398 2457 561 2493 ἀρνούμενος
579 2456 593 2482 ὁ
615 2457 730 2492 Χριστὸς
753 2457 864 2491 ἔφασκε,

82 2501 156 2535 πῶς,
181 2502 249 2529 ἀλλὰ
275 2502 533 2538 πυνθανόμενος.Μ.
559 2501 640 2528 Δαυῖδ
662 2502 762 2539 Κύριον
785 2503 865 2529 αὑτὸν

82 2547 291 2583 ὁμολογεῖ,ιοὺχὶ
306 2548 372 2575 υἱόν.
393 2549 425 2574 Δ.
437 2547 517 2574 Δαυῖδ
533 2547 613 2574 αὐτὸν
627 2548 697 2574 κατά
708 2548 796 2583 σάρκα
806 2549 864 2575 Κύ-

85 2599 140 2625 ριον
157 2593 205 2627 οὐχ
221 2593 356 2628 ὁμολογεῖ,
376 2593 442 2620 ἀλλὰ
463 2594 532 2620 κατὰ
556 2593 672 2628 πνεῦμα·
693 2594 830 2620 τουτέστιν
851 2595 865 2620 ό

82 2637 168 2671 Λόγος
185 2638 232 2664 τοῦ
258 2638 324 2665 Θεοῦ
343 2639 373 2665 οὺ
397 2639 476 2674 μόνον
487 2639 534 2666 τοῦ
562 2638 641 2666 Δαυῖδ
659 2639 759 2673 Κύριός
779 2640 863 2672 ἐστιν,

923 2271 1030 2298 rogans.
1048 2263 1083 2289 M.
1111 2263 1255 2290 Dominum
1274 2271 1334 2290 eum
1361 2263 1443 2290 David
1466 2263 1577 2295 fatetur,
1598 2271 1650 2290 non
1667 2264 1699 2290 li-

920 2310 994 2337 lium.
1011 2310 1043 2337 A.
1060 2310 1142 2337 David
1159 2317 1220 2337 eum
1245 2317 1297 2336 non
1319 2309 1466 2336 secundum
1483 2317 1592 2336 carnem
1607 2310 1698 2336 Domi-

920 2364 982 2383 num
998 2356 1105 2388 fatetur,
1114 2356 1166 2383 sed
1179 2355 1324 2383 secundum
1350 2355 1472 2389 spiritum
1488 2364 1495 2382 :
1510 2356 1535 2382 id
1554 2359 1604 2387 est,
1631 2353 1697 2381 Ver-

919 2403 981 2429 bum
1000 2401 1046 2429 Dei
1062 2409 1115 2429 non
1132 2401 1218 2428 solum
1231 2400 1340 2429 Davidis
1353 2401 1539 2434 Dominusesl,
1552 2401 1598 2428 sed
1610 2401 1699 2428 omnis

919 2448 1001 2475 etiam
1021 2448 1201 2483 principatus,
1222 2449 1375 2483 potestatis,
1389 2448 1592 2479 dominationis,
1609 2447 1698 2473 nomi—

917 2494 973 2527 nis,
985 2494 1057 2528 quod
1070 2493 1225 2521 nominatur
1238 2501 1291 2520 non
1307 2493 1392 2521 solum
1409 2493 1435 2520 in
1452 2493 1502 2520 hoc
1519 2493 1625 2526 sarculo,
1636 2500 1697 2521 cunt

917 2544 1109 2572 praenosceret.
1126 2546 1219 2566 verum
1234 2539 1315 2566 etiam
1331 2539 1357 2566 in
1369 2539 1469 2566 loturo.
1486 2538 1594 2566 Sciebat
1606 2542 1695 2567 autem

916 2583 1022 2612 Judatos
1037 2593 1089 2611 nun
1106 2585 1217 2612 credere
1231 2585 1257 2612 id
1272 2586 1343 2620 quod
1368 2589 1427 2612 erat
1452 2585 1601 2612 secundum
1617 2585 1697 2619 spiri~

917 2634 984 2662 tum,
998 2634 1026 2657 et
1040 2631 1222 2666 interrogabat
1238 2638 1285 2658 eos
1306 2631 1348 2658 his
1367 2631 1475 2658 verbis:
1493 2631 1523 2658 Si
1537 2639 1597 2665 ergo
1615 2631 1696 2658 David

134 2707 157 2722 "
169 2707 251 2735 Marc.
270 2717 330 2738 vttt.
346 2710 389 2736 51.
427 2710 448 2725 ³⁷
463 2709 528 2736 Luc.
547 2717 621 2740 μιν,
636 2709 681 2736 9.5.
719 2709 742 2724 ’³
758 2709 822 2736 Luc.
840 2718 860 2735 χε

960 2700 987 2733 6,
1004 2700 1047 2728 5'5.
1087 2701 1109 2716 "
1121 2701 1187 2729 Luc.
1205 2709 1277 2734 sstv,
1290 2701 1337 2734 38,
1352 2701 1395 2729 59.
1435 2701 1550 2729 ‘Matth.
1568 2709 1634 2733 χχιι,
1650 2701 1694 2732 42,

83 2740 127 2767 45.
164 2744 174 2758 ¹
189 2743 263 2771 Deut.
280 2753 364 2776 sunt,
379 2744 423 2772 50.
461 2745 471 2759 ³
487 2745 536 2771 lsa.
555 2745 628 2775 I,‘2I.
666 2745 676 2759 ⁸
688 2745 738 2771 Isa.
753 2752 807 2775 xiv,
820 2745 862 2771 12.

118 2800 172 2834 (46)
193 2802 275 2834 Alias,
296 2802 506 2836 ἀποκτανθῆναι.

121 2836 175 2868 M7)
193 2838 253 2863 οὐκ
281 2837 329 2863 ἐπὶ
353 2837 524 2870 ἀρνήσεως,
550 2839 616 2865 ἀλλ’
641 2838 689 2864 ἐπὶ
718 2838 860 2870 πεύσεως.

90 2868 133 2896 Sic
157 2878 227 2899 ιρι-ιο
259 2873 338 2900 habet
370 2868 454 2899 i'otlt'x
488 2868 651 2906 Vatiranus;
680 2875 747 2901 male
774 2868 861 2900 autem

919 2799 1134 2834 \‘t‘etstcniauus,

959 2801 1134 2844 z-tstcniauus,
1185 2803 1232 2829 οὐκ
1264 2802 1320 2829 ἐστι
1355 2803 1509 2838 ἀρνήσεως,
1541 2801 1607 2828 ἀλλά
1638 2802 1694 2830 ἐστι

917 2846 1046 2870 mocrito;
