1834 3072
65 160 144 188 1853
371 161 558 189 ΑυΑΜΔΝΤΙΙ
579 160 747 188 DlALOGUS
766 160 809 187 DE
826 160 938 188 RECTA
955 161 988 188 lN
1005 161 1048 188 DE

907 160 938 188 [Ἄ
955 161 988 188 lN
1005 161 1100 189 DEUM
1119 161 1206 188 FIDE.
1217 161 1356 190 -SECT.
1374 159 1406 188 V.
1634 161 1701 188 1851

64 226 131 252 φεν·
186 218 237 245 καὶ
247 218 261 244 ὁ
274 217 390 252 Χριστὸς
403 217 551 253 ἐμαρτύρει
566 217 655 248 καλῶς
671 217 871 243 πεπιστευκότι.
888 221 910 247 Α
926 217 990 243 titnn
1005 217 1051 252 dog

907 239 910 247 λ
926 217 990 243 titnn
1005 217 1099 252 dogma
1112 238 1119 249 ,
1134 216 1160 243 id
1176 221 1218 244 est
1239 217 1270 243 ad
1291 216 1502 251 disputationem
1525 217 1558 243 de
1583 224 1703 244 resurre—

65 263 155 290 Ὅθεν
171 263 266 295 καλῶς
278 263 348 298 ἔχειν
360 264 442 296 δοκεῖ,
461 264 509 299 τὴν
528 263 616 289 πίστιν
630 262 684 289 τῶν
697 262 760 298 περὶ
775 263 865 297 Μαρῖ-
921 262 1021 289 ctione.

64 318 113 335 vov
137 311 188 336 καὶ
210 310 372 346 ἀποῤῥίψαι,
389 311 435 337 καὶ
464 309 706 345 ἁποσφενδονῆσαι,
732 309 824 345 πόρῤω
853 310 903 342 τῆς
922 310 1049 344 ἀληθείας
1070 310 1252 346 ὑπάρχουσαν,
1277 309 1323 336 καὶ
1345 309 1415 336 κατὰ
1437 309 1516 344 μηδὲν
1539 311 1571 344 τῇ
1588 309 1702 345 Θεότητι

64 356 280 390 προσήκουσαν.
295 356 396 388 ML“)th
409 356 463 392 γὰρ
492 357 538 383 καὶ
569 356 739 390 φαντασίαις,
764 357 810 382 καὶ
839 357 945 392 δοκήσει
967 356 1149 388 πιστεύοντες,
1175 356 1261 392 μύθῳ,
1283 356 1329 382 καὶ
1354 356 1497 392 φαντασίᾳ,
1528 356 1574 382 καὶ
1591 356 1700 391 δοκήσει

64 401 118 436 τὴν
140 402 285 438 σωτηρίαν
310 402 358 428 σὺν
384 402 422 437 τῷ
441 403 554 438 δόγματι
581 403 694 435 ἕξουσιν.
725 400 761 430 Εὖ
786 400 832 428 οὖν
851 402 923 436 ἐχειν
937 411 980 438 μοι
995 403 1068 429 δοκεῖ
1095 403 1214 438 Μαρῖνον
1238 402 1391 429 παύσασθαι
1414 403 1467 429 ἀπὸ
1490 401 1539 437 τῆς
1567 401 1701 438 φιλέριδος

64 448 201 483 γνώμης,
220 449 397 484 εὐγνωμόνως
416 450 462 476 ἐπὶ
478 450 522 476 τὸν
536 450 625 486 τρίτον
642 451 702 487 ὅρον
732 450 984 485 ἐγκαταγινόμενον,
1005 450 1128 476 τουτέστι
1149 451 1194 477 τὸν
1216 451 1279 486 περὶ
1301 451 1350 486 τῆς
1372 451 1544 482 ἀναστάσεως
1558 451 1644 485 λόγον.

635 607 845 654 SECTIO
884 608 1133 661 QUINTA.

68 773 130 803 Ubi
147 773 190 804 de
205 774 439 805 resurrectione
457 775 618 814 disputant
634 777 845 807 ADAMANTIUS
859 777 1068 814 orthodoxus,
1084 778 1235 808 MARINUS
1254 776 1698 814 Bardesianista,Maoerutus

527 832 558 858 et
578 829 711 859 Mancus
729 828 935 865 Marcionitae,
952 828 1116 860 Eunomo
1129 828 1250 867 judice.

388 910 551 937 ΜΑΗΝΟΣ.
877 915 898 941 Β

1226 910 1392 938 MARINUS.

103 954 139 981 El
158 953 251 990 βούλει
276 955 345 990 ὑπὲρ
367 955 416 990 τῆς
438 955 567 989 ἀληθείας
588 955 726 990 γενέσθαι,
749 955 864 991 ἑτοίμως
950 955 977 983 Si
996 964 1045 991 pro

950 955 977 983 Si
996 964 1045 991 pro
1056 957 1173 984 veritate
1185 957 1324 990 disputare
1337 957 1388 989 vis,
1403 961 1515 990 paratus
1526 963 1586 983 sum
1600 956 1631 983 de
1648 957 1698 984 bac

68 1001 127 1035 ἔχω
144 1001 213 1036 περὶ
228 999 322 1027 τούτου
337 1001 420 1034 δεῖξαι
441 1001 572 1036 ἀκριϐῶς.
589 1002 620 1029 Ε.
634 1001 762 1037 Πάρεισιν
775 1002 823 1035 οὐχ
840 1003 864 1028 οί
913 1010 943 1029 re
955 1010 1051 1030 accura

913 1010 943 1029 re
955 1008 1083 1030 accurate
1100 1002 1245 1030 disserere.
1262 1002 1292 1029 E.
1307 1002 1473 1029 Adsuntnon
1491 1002 1616 1036 vulgares
1626 1003 1675 1029 viri
1688 1010 1695 1028 :

68 1047 205 1082 τυχόντες
217 1046 312 1082 ἄνδρες
323 1055 330 1062 ·
348 1047 425 1073 αὐτοὶ
442 1047 603 1080 λεγέτωσαν,
617 1048 641 1073 εἰ
656 1048 750 1083 ὲξέὸην
764 1047 809 1074 τοῦ
826 1048 865 1074 δι-
914 1048 964 1083 ipsi
986 1047 1051 1075 dicat

914 1048 964 1083 ipsi
986 1047 1087 1080 dicant,
1104 1056 1167 1074 num
1182 1048 1215 1074 ab
1232 1047 1362 1082 tequitate
1375 1047 1570 1074 aberraverim.
1584 1047 1659 1080 Quod
1674 1048 1697 1074 si

69 1092 163 1119 καίου.
181 1093 215 1118 Et
227 1093 255 1119 δὲ
268 1093 300 1120 σὺ
312 1092 464 1128 ἥττησαι,ἢ
478 1092 638 1119 δεδούλωσαι
652 1093 785 1129 προλήψει
797 1102 865 1129 κρα-
915 1098 944 1119 tu
962 1094 1050 1121 victus

915 1098 944 1119 tu
962 1094 1050 1121 victus
1073 1101 1122 1126 es,
1142 1098 1189 1120 aut
1208 1092 1363 1128 prtejudicio
1381 1093 1457 1127 quasi
1477 1093 1607 1120 servitute
1632 1100 1697 1120 con-

67 1137 218 1173 τούμενος,
232 1139 292 1173 ἐμοὶ
306 1138 395 1165 αἰτίαν
410 1139 441 1164 οὐ
457 1138 634 1173 προσαπτέον.
696 1139 727 1165 El
738 1139 864 1174 βούλεσθε
913 1138 1035 1172 strictus,

913 1138 1035 1172 strictus,
1059 1139 1086 1166 in
1103 1147 1146 1167 me
1174 1139 1254 1174 culpa
1282 1147 1336 1166 non
1364 1144 1406 1166 est
1421 1139 1596 1166 conferenda.
1614 1139 1649 1166 Μ.
1666 1139 1696 1166 Si

71 1183 145 1218 μετὰ
172 1183 266 1219 πάσης
282 1183 408 1219 ἀληθείας
422 1184 470 1219 τὴν
483 1183 596 1219 ζήτησιν
611 1184 746 1219 γενέσθαι,
763 1194 863 1221 παραι-

69 1229 195 1264 τήσασθε
210 1229 246 1257 τὰ
260 1229 484 1265 φιλοσοφούμενα,
501 1232 560 1262 ταῖς
572 1231 692 1265 Γραφαῖς
709 1231 864 1266 πειθόμενοι

72 1273 183 1308 μόναις.
205 1274 238 1300 Δ.
263 1274 421 1310 Πεισοῶμεν
453 1276 511 1306 ταῖς
536 1275 666 1310 Γραφαῖς.
694 1276 724 1303 E.
750 1277 820 1312 Δήλη
847 1277 864 1312 ὴ

71 1319 277 1353 συγκατάθεσις
298 1320 470 1356 ἀμφοτέρων.
498 1321 535 1348 Μ.
562 1322 677 1356 Οίομαι,
700 1322 740 1348 ὃτι
765 1322 865 1354 ἀδίκως

72 1365 238 1392 ἐπιϐάλλετε
258 1365 307 1401 τὴν
335 1366 446 1402 ζήτησιν
459 1366 568 1402 ταύτην.
585 1368 616 1394 Α.
632 1367 736 1403 Προϊὼν
748 1369 762 1394 ὁ
775 1368 863 1402 λόγος,

71 1412 118 1438 τὸν
132 1412 239 1443 ἀδίκως
249 1412 456 1447 ἐπιϐαλλόμενον
464 1412 512 1448 τὴν
520 1413 632 1448 ζήτησιν
640 1413 741 1448 ταύτην
749 1413 849 1446 ἐλέγξει
855 1434 862 1441 .

71 1458 110 1484 Μ.
132 1456 289 1493 Ὀρισάσθω
311 1458 495 1494 Ἀδαμάντιος,
512 1460 587 1485 ποῖον
611 1459 690 1494 σῶμα
706 1459 862 1491 ὰνίσταται;

913 1185 1000 1220 placet
1016 1193 1077 1213 cum
1094 1185 1166 1213 omni
1183 1185 1296 1212 veritate
1311 1185 1442 1220 disputari
1456 1205 1463 1218 ,
1485 1185 1634 1220 repudiatis
1662 1186 1697 1213 iis

913 1239 973 1266 quae
990 1239 1004 1258 a
1016 1231 1183 1266 philosophis
1206 1230 1364 1262 atteruntur,
1382 1230 1444 1257 solis
1467 1230 1616 1264 Scripturis
1633 1238 1696 1258 cre-

914 1276 979 1303 dite.
997 1277 1030 1303 A.
1059 1277 1207 1304 Credamus
1232 1275 1391 1310 Scripturis.
1426 1275 1458 1302 E.
1485 1275 1630 1310 Perspicua
1653 1281 1696 1303 est

914 1326 1090 1356 utrorumque
1106 1322 1237 1350 assensio.
1250 1320 1287 1348 M.
1303 1321 1356 1348 Vos
1371 1320 1441 1348 hanc
1453 1322 1627 1355 quaestionem
1642 1329 1694 1348 non

913 1373 987 1395 recte
1005 1375 1105 1402 ponere
1117 1368 1253 1395 existimo.
1271 1368 1303 1395 Α.
1320 1367 1470 1402 Disputatio
1489 1374 1632 1402 progressu
1646 1375 1695 1394 suo

913 1420 974 1439 eum
987 1415 1031 1448 qui
1043 1413 1217 1448 qurestionetn
1232 1413 1301 1440 hanc
1313 1419 1364 1439 non
1374 1417 1448 1440 recte
1459 1412 1569 1444 inferat,
1586 1419 1693 1447 arguet.

914 1457 949 1484 M.
965 1458 1069 1485 Statuat
1088 1458 1267 1485 Adamantius
1279 1458 1413 1492 quodnam
1434 1464 1532 1491 corpus
1547 1463 1671 1492 resurgat
1685 1478 1693 1488 .

72 1502 163 1534 τοῦτο,
178 1503 192 1530 ὃ
208 1504 396 1539 περικείμεθα.
409 1505 448 1535 είς
461 1504 475 1530 ὃ
493 1503 661 1540 ὲνδεδέμεθα,
678 1504 694 1540 ἦ
709 1505 772 1532 ἄλλο
782 1514 863 1531 πνευ-
915 1505 976 1531 idne
991 1512 1044 1539 quo

915 1505 976 1531 idne
991 1512 1044 1539 quo
1053 1504 1213 1532 circumdati
1227 1511 1331 1536 sumus,
1345 1508 1372 1530 et
1390 1503 1416 1530 in
1429 1511 1482 1537 quo
1497 1503 1578 1530 vineti
1589 1511 1694 1534 sumus,

75 1549 206 1583 ματικόν;
224 1549 256 1576 Α.
270 1549 353 1576 Τοῦτο
366 1550 396 1575 τὸ
414 1549 502 1585 σῶμα,
516 1550 596 1585 φημὶ,
609 1551 777 1584 ἀνίστασθαι,
791 1550 863 1578 ὃπε-
915 1559 948 1577 an
966 1551 1037 1577 aliud

915 1559 948 1577 an
966 1551 1037 1577 aliud
1062 1550 1204 1585 spiritale?
1221 1551 1254 1576 Δ.
1280 1548 1337 1577 Hoc
1368 1549 1455 1583 ipsum
1470 1557 1523 1584 quo
1537 1549 1631 1576 amicti
1650 1556 1695 1575 su-

73 1594 233 1630 ρικείμεθα.
263 1596 301 1622 Μ.
327 1595 442 1622 Αὐτὸθεν
468 1596 598 1631 πάρεστιν
625 1596 734 1632 ἔλεγχος
764 1598 861 1633 σαφὴς,
876 1585 984 1628 C.mllS,
1003 1596 1051 1623 dict

916 1604 984 1628 mus,
1003 1596 1063 1624 dico
1080 1596 1204 1625 excitari.
1220 1595 1256 1622 Μ.
1272 1595 1321 1622 Hic
1347 1596 1447 1629 praesto
1459 1599 1501 1621 est
1518 1594 1695 1628 reprehensio

72 1640 239 1676 ἀνατρέπων
261 1640 343 1667 αὑτοῦ
359 1641 407 1677 τὴν
424 1641 513 1669 ἄδικον
534 1641 673 1678 ὲπιόολήν.
693 1642 729 1669 Τὸ
749 1643 803 1679 γὰρ
815 1643 862 1670 τοῦ
914 1648 1005 1677 aperta
1022 1651 1051 1676 qt.

914 1648 1005 1677 aperta
1022 1650 1082 1676 quae
1104 1643 1163 1677 ejus
1189 1642 1296 1676 iniquas
1315 1640 1434 1669 rationes
1450 1640 1558 1668 refellit.
1573 1639 1695 1668 Hominis

73 1685 221 1722 ἀνθρώπου
238 1686 317 1722 σῶμα
333 1687 382 1713 οὐκ
398 1687 429 1713 ὲκ
441 1687 541 1713 παίδων
554 1687 633 1722 μέχρι
646 1688 737 1723 γήρως
752 1688 783 1714 τὸ
798 1689 864 1714 αὐτὸ
914 1689 985 1715 enim
1002 1695 1051 1715 (τοι-

914 1689 985 1715 enim
1002 1695 1102 1722 corpus
1131 1695 1183 1715 non
1203 1695 1219 1714 a
1248 1695 1333 1722 puero
1353 1694 1440 1721 usque
1469 1687 1502 1713 ad
1527 1690 1694 1713 senectutem

73 1731 242 1767 παραμένει,
257 1732 372 1767 ῥευστῆς
391 1732 484 1763 οὐσίας
498 1732 554 1767 (55)
574 1733 703 1768 ὑπάρχον.
723 1733 801 1760 Ποῖον
817 1732 863 1760 οὖν
915 1734 985 1761 idem
1005 1742 1047 1760 ma

915 1734 985 1761 idem
1005 1738 1106 1764 manet,
1120 1741 1180 1759 cutn
1197 1739 1291 1760 natura
1304 1741 1352 1760 sua
1367 1733 1440 1759 fluat.
1460 1732 1535 1765 Quod
1551 1739 1616 1767 ergo
1633 1739 1696 1759 cor-

74 1777 193 1810 φάσκεις
207 1777 367 1804 ἀνίστασθαι
385 1778 474 1812 σῶμα,
496 1777 526 1803 τὸ
541 1778 673 1809 παιδικὸν,
687 1778 703 1814 ἢ
723 1778 753 1804 τὸ
769 1779 862 1814 μέσον,
913 1786 964 1813 pus
975 1786 1051 1805 cense

913 1786 964 1813 pus
975 1786 1070 1805 censes
1080 1778 1206 1811 excitari,
1222 1783 1309 1804 utrum
1324 1778 1435 1812 puerile.
1447 1785 1479 1804 an
1488 1777 1582 1803 media:
1595 1777 1693 1808 artatis.

73 1822 90 1857 ἢ
105 1821 137 1848 τδ
165 1823 318 1858 γηραλέον;
333 1823 365 1850 Α.
382 1823 413 1850 Οἱ
428 1825 611 1859 τοιχογράφοι,
629 1824 794 1858 ναυπηγοὺς,
815 1825 863 1850 καὶ
913 1832 947 1851 an
960 1824 1044 1852 senile

913 1832 947 1851 an
960 1824 1064 1852 senile?
1077 1824 1110 1851 Α.
1127 1824 1177 1857 Qui
1192 1825 1217 1851 in
1234 1825 1382 1858 parietibus
1398 1832 1441 1851 res
1465 1824 1613 1855 delineant,
1632 1831 1693 1850 cum

74 1864 140 1891 κυεε
146 1867 257 1901 ρνήτας,
270 1867 316 1892 καὶ
328 1867 473 1901 πελαγίους
488 1867 632 1903 πλωτῆρας
643 1868 861 1903 ζωγραφοῦντες,
913 1871 1021 1898 navium
1037 1870 1051 1896 f:

913 1871 1021 1898 navium
1037 1870 1140 1901 fabros,
1170 1870 1374 1904 gubernatores,
1395 1876 1426 1895 ac
1441 1873 1536 1895 nautas
1558 1869 1693 1903 pingant,

73 1913 227 1946 ναυπηγεῖν
244 1912 291 1938 καὶ
311 1913 444 1949 κυδερνᾷν
468 1914 517 1940 οὐκ
537 1914 627 1940 ἴσασι·
645 1913 690 1939 τὸν
703 1914 783 1940 αὑτὸν
798 1914 861 1949 τρό-
913 1923 995 1942 naves
1018 1923 1051 1941 tm

913 1923 995 1942 naves
1018 1915 1176 1946 :edificare,
1207 1922 1240 1942 ac
1259 1916 1410 1950 gubernare
1437 1915 1571 1942 nesciunt.
1592 1914 1692 1941 Eodem

74 1964 126 1983 πον
139 1958 186 1983 καὶ
199 1958 321 1994 Μαρῖνος
336 1959 474 1995 προήκατο
487 1959 575 1993 λόγον,
593 1957 623 1985 οὗ
640 1960 689 1995 τὴν
703 1961 800 1995 πεῖραν
814 1961 862 1987 καὶ
912 1961 991 1989 modo
1004 1961 1051 1988 Ma‘

912 1961 991 1989 modo
1004 1961 1123 1988 Marinus
1136 1968 1290 1989 sermonem
1306 1961 1446 1995 przcmisit,
1461 1960 1535 1995 cujus
1548 1967 1598 1987 nec
1611 1967 1693 1994 expe-

73 2002 123 2038 τὴν
145 2003 283 2036 ἀπόδειξιν
309 2004 345 2041 μὴ
368 2005 432 2040 ἔχει.
452 2006 482 2032 E.
501 2006 669 2041 Σαφέστερον
686 2006 780 2041 μαθεῖν
800 2006 862 2041 βούυ
912 2007 1037 2034 rientiam

912 2007 1037 2034 rientiam
1054 2014 1103 2034 nec
1115 2006 1299 2041 probationem
1315 2007 1405 2034 habet.
1420 2007 1451 2034 E.
1471 2006 1579 2034 Planius
1594 2005 1690 2033 intelli-

74 2048 166 2085 λομαι,
195 2050 255 2082 πῶς
275 2051 325 2078 οὐκ
353 2051 409 2078 ἔστι
427 2052 458 2078 τὸ
481 2053 560 2087 σῶμα
584 2053 616 2079 ὲκ
633 2052 759 2079 παιδόθεν
780 2053 860 2088 μέχρι
910 2061 972 2088 gere
985 2053 1051 2084 volo,

910 2061 972 2088 gere
985 2053 1056 2084 volo,
1073 2061 1123 2081 cur
1137 2062 1189 2080 non
1205 2054 1241 2081 sit
1254 2053 1324 2080 idem
1336 2060 1434 2087 corpus
1447 2061 1461 2080 a
1477 2051 1592 2087 pueritia
1607 2059 1692 2092 usque

72 2095 166 2130 γήρως
192 2096 223 2123 τὸ
245 2097 320 2125 αὑτό.
344 2098 382 2124 Μ.
411 2096 539 2134 Ῥευστῆς
559 2099 653 2130 οὐσίας
676 2099 706 2125 ὂν
725 2099 754 2125 τὸ
781 2100 860 2135 σῶμα
910 2098 944 2125 ad
962 2102 1051 2126 senecl

910 2098 944 2125 ad
962 2102 1141 2126 senectutem.
1156 2098 1192 2125 Μ.
1209 2098 1341 2131 Quoniam
1354 2106 1452 2133 corpus
1464 2098 1541 2125 ﬂuxae
1559 2101 1600 2124 est
1625 2098 1692 2124 sub-

74 2140 201 2178 ὑπεκρεῖ,
225 2143 257 2169 ὲκ
275 2143 324 2178 τῆς
339 2143 442 2179 τροφῆς
457 2144 597 2178 γινόμενον
607 2152 613 2159 ·
630 2144 725 2180 ἀμέλει
739 2142 785 2170 οὖν
801 2146 860 2176 ταῖς
911 2145 1031 2176 stantia,
1045 2151 1051 2170 ε

911 2145 1031 2176 stantia,
1045 2145 1144 2172 sensim
1172 2144 1266 2171 deﬂuit
1282 2144 1306 2171 id
1328 2145 1397 2179 quod
1413 2152 1446 2171 ex
1461 2144 1590 2171 alimento
1612 2151 1690 2171 acce-

73 2186 163 2219 νόσοις
178 2188 342 2223 δαπανηθὲν,
358 2188 375 2224 ἢ
389 2189 420 2215 τὸ
434 2189 466 2215 ἐκ
481 2189 619 2222 παιδὸθεν,
633 2189 649 2224 ἢ
668 2190 698 2216 τὸ
713 2189 858 2225 γηραλέον,
911 2190 948 2216 dit
963 2198 970 2217 :
983 2189 1051 2224 itaqu

911 2190 948 2216 dit
963 2198 970 2217 :
983 2189 1072 2224 itaque
1087 2189 1191 2216 morbis
1206 2189 1376 2216 consumitur
1390 2189 1430 2216 vel
1440 2188 1511 2223 quod
1524 2187 1627 2222 puerile
1638 2192 1690 2220 est,

73 2234 97 2259 εί
110 2234 158 2260 καὶ
174 2234 208 2261 τὰ
223 2234 338 2269 μάλιστα
354 2235 410 2269 ῥέει
426 2235 472 2261 καὶ
486 2235 633 2270 φθείρεται,
649 2235 680 2262 ἐκ
696 2235 745 2271 τῆς
756 2237 859 2272 τροφῆς
876 2261 896 2272 n
911 2235 952 2262 vel
967 2236 1038 2270 quod

911 2235 952 2262 vel
967 2236 1038 2270 quod
1053 2235 1139 2262 senile
1155 2244 1161 2261 :
1180 2240 1207 2262 et
1230 2242 1384 2270 quanquam
1402 2235 1517 2261 maxime
1538 2233 1597 2261 fluit
1611 2239 1692 2267 atque

73 2276 151 2311 αὖθις
177 2280 258 2315 ἕτερα
283 2280 465 2316 προσγίνεται.
491 2281 570 2307 Ποῖον
596 2279 641 2307 οὖν
664 2281 752 2315 λέγεις
778 2281 858 2317 σῶμα
875 2276 1015 2313 νίηιοτίι,
1030 2285 1051 2308 ta

910 2282 1015 2313 interit,
1030 2285 1120 2308 tamen
1139 2288 1234 2308 rursus
1251 2280 1303 2308 alia
1320 2280 1350 2307 (it
1363 2282 1494 2311 accessio.
1519 2279 1595 2313 Quod
1610 2279 1692 2314 igitur

73 2323 251 2358 ἀνίστασθαι;
271 2325 301 2352 τὺ
324 2326 353 2352 ὲν
373 2328 433 2358 ταῖς
451 2326 538 2358 νόσοις
563 2326 724 2362 δαπανηθὲν,
740 2328 757 2364 ἢ
779 2329 810 2355 τὸ
826 2329 858 2355 ἐκ
911 2334 1008 2361 corpus
1023 2334 1051 2354 ex

911 2334 1008 2361 corpus
1023 2327 1136 2354 excitari
1154 2327 1235 2359 dicis,
1251 2327 1275 2354 id
1292 2333 1325 2353 ne
1347 2326 1418 2360 quod
1445 2326 1547 2353 morbis
1564 2331 1690 2353 consum-

73 2369 210 2402 παιδόθεν,
227 2371 243 2406 ἦ
258 2371 288 2397 τὸ
300 2371 448 2407 γηραλέονς
913 2378 989 2407 ptum
1005 2376 1051 2405 est,

913 2378 989 2407 ptum
1005 2376 1057 2405 est,
1070 2380 1104 2399 an
1119 2372 1233 2408 puerile,
1247 2379 1281 2398 an
1293 2371 1399 2398 senile?

107 2415 139 2441 Α.
166 2416 196 2442 Ei
213 2417 260 2443 καὶ
275 2417 308 2443 τὰ
328 2418 444 2453 μάλιστα
459 2418 513 2445 ἀπὸ
527 2418 643 2454 Γραφῶν
658 2421 857 2457 ἐπαγγειλάμε-
944 2418 978 2445 Α.
992 2418 1049 2451 Qua

944 2418 978 2445 A.
992 2418 1154 2453 Quanquam
1183 2426 1244 2445 curn
1262 2417 1380 2444 maxime
1399 2423 1432 2443 ex
1449 2415 1596 2450 Scripturis
1611 2414 1689 2449 polli-

73 2467 117 2491 νος
130 2460 232 2488 πείθειν
248 2462 310 2494 τοὺς
333 2463 478 2499 ἀκροατὰς,
498 2464 605 2499 ἰατρικῇ
621 2465 758 2501 ἐπιστήμῃ
774 2475 857 2502 προσ-
909 2464 980 2491 citus
991 2464 1027 2491 sis
1041 2468 1050 2491 ι

909 2464 980 2491 citus
991 2464 1027 2491 sis
1041 2468 1066 2491 te
1082 2471 1272 2498 persuasurum
1292 2461 1469 2493 auditoribus,
1491 2465 1516 2487 te
1532 2460 1564 2487 ad
1576 2459 1690 2488 medici-

74 2503 204 2538 πελάσας,
222 2507 357 2542 ὲπελήσθη
380 2507 425 2534 τοῦ
448 2508 511 2543 ὅρου
524 2508 594 2544 (54)·
616 2510 667 2536 οὐκ
689 2509 796 2545 ὀκνήσω
812 2510 858 2536 καὶ
909 2516 970 2535 nam
985 2513 1048 2536 cont

909 2516 970 2535 nam
985 2509 1135 2541 contulisti,
1149 2513 1230 2543 atque
1252 2508 1289 2535 ita
1304 2507 1443 2535 decretum
1457 2506 1558 2534 oblitus
1571 2514 1601 2534 es
1615 2514 1623 2534 :
1649 2511 1690 2533 ta-

73 2550 165 2585 αὐτδς,
179 2552 203 2578 εί
217 2553 263 2579 καὶ
281 2553 317 2589 μὴ
334 2553 457 2590 ἧσκημαι
473 2555 607 2590 ἰατρικὴν,
625 2555 794 2591 ἀποκροῦσαί
810 2564 856 2582 σου
909 2561 970 2581 men
985 2561 1035 2587 ego
1049 2566 1051 2578 ι

909 2561 970 2581 men
985 2561 1035 2587 ego
1049 2562 1157 2588 quoque
1173 2554 1283 2581 minime
1309 2552 1453 2584 dubitabo,
1468 2552 1575 2579 etiamsi
1592 2551 1618 2579 in
1633 2559 1691 2579 nte-

72 2594 106 2620 ἰὰ
135 2596 215 2623 ἄδικα
233 2598 282 2633 τῆς
302 2598 407 2630 ἐννοίας
427 2600 596 2635 φρονήματα,
619 2601 650 2626 El
671 2600 725 2635 γὰρ
742 2601 857 2636 ῥευστῆς

72 2640 166 2673 οὐσίας
182 2641 216 2678 ἦν
235 2643 266 2670 τὸ
290 2644 378 2680 σῶμα,
396 2645 488 2681 ἕτερον
510 2646 567 2672 ἀνθ’
585 2646 678 2682 ἑτέρου
698 2647 854 2681 γινόμενον·

74 2685 156 2721 ἐχρῆν
175 2688 208 2715 τὰ
229 2689 436 2724 ἀποκοπτόμενα
460 2690 538 2726 μέλη,
560 2691 697 2718 τουτέστιν
721 2691 812 2725 ὠτίον,
839 2692 856 2727 ἢ

74 2730 211 2764 δάκτυλον,
229 2735 245 2770 ἥ
264 2737 334 2770 ῥῖνα,
352 2734 429 2767 αὖθις
445 2737 477 2762 ἐκ
495 2737 544 2770 τῆς
564 2737 666 2772 τροφῆς
687 2737 858 2772 ἀναπληροῦ-

77 2775 146 2803 σθαι’
155 2779 206 2806 ἔδει
217 2780 245 2807 δὲ
261 2780 308 2807 καὶ
320 2781 368 2812 τὰς
380 2781 460 2813 οὐλὰς
472 2781 526 2808 τῶν
536 2784 699 2818 τραυμάτων
715 2784 751 2818 μὴ
768 2791 856 2819 παρα.-

112 2832 168 2874 (5ξ5)
186 2836 339 2874 ’Ῥευστῆς
357 2838 474 2871 οὐσίας.
498 2837 748 2866 Valentinianorum
768 2839 853 2874 hypo-

81 2866 167 2897 lhesiti
185 2870 263 2899 istam
280 2866 475 2901 commemorat
497 2881 604 2910 quoque
630 2874 746 2903 lrenteus
768 2866 814 2903 lib:
829 2882 849 2906 ι,

908 2599 999 2626 dicina
1015 2607 1068 2627 non
1081 2608 1140 2627 sum
1157 2605 1281 2627 versatus
1293 2619 1302 2632 ,
1331 2599 1421 2632 iniqua
1442 2598 1526 2625 animi
1544 2598 1583 2625 tui
1610 2605 1690 2626 sensa

909 2643 1041 2672 refellere.
1059 2645 1088 2672 Si
1103 2646 1175 2672 enim
1195 2650 1294 2673 natura
1319 2645 1399 2672 labile
1421 2652 1521 2679 corpus
1546 2645 1617 2672 aliud
1642 2653 1691 2679 pro

911 2691 963 2717 alio
979 2690 1056 2718 ﬂeret
1068 2701 1075 2718 :
1094 2692 1214 2719 membra
1227 2700 1288 2728 quae
1310 2698 1482 2728 amputantur
1496 2698 1523 2719 et
1537 2691 1689 2727 praecidun-

912 2740 966 2769 tur,
984 2737 1009 2764 id
1023 2742 1063 2764 est
1076 2738 1236 2770 auriculam,
1251 2744 1296 2765 aut
1308 2739 1432 2774 digitum,
1448 2743 1494 2765 aut.
1513 2745 1592 2765 nares
1603 2757 1612 2769 ,
1629 2744 1690 2762 rur-

910 2790 969 2809 sum
988 2783 1117 2810 alitnento
1134 2784 1235 2818 expleri
1261 2789 1399 2820 oporteret
1413 2793 1420 2812 :
1449 2784 1592 2811 cicatrices
1605 2782 1687 2810 etiam

907 2839 1106 2920 “igituch
1125 2875 1340 2909 Wctstcniantts,
1367 2874 1398 2902 τὸ
1411 2874 1506 2911 οὔρου,
1521 2873 1599 2901 male.
