1834 3072
37 138 50 164 ξ
56 137 114 165 857

37 196 120 223 ἔνδον
142 197 197 223 καὶ
223 195 386 231 χυλουμὲνη,
473 194 521 229 μὲν
543 194 583 224 εἰς
606 190 684 227 αἷμα,
701 191 739 226 πὴ
759 191 787 217 δὲ
809 190 848 220 εἰς

38 241 177 277 φλέγμα.
196 242 237 277 πὴ
252 241 279 267 δὲ
291 243 329 273 εἰς
344 241 430 267 σίελον
446 240 575 275 ἐκκρίνει.
598 239 740 269 Ἐἀσαντες
756 236 803 264 οὖν
813 237 847 263 τὰ

38 287 153 323 ἄκυρα,
177 288 230 314 ἐπὶ
250 287 284 313 τὰ
305 285 457 322 κυριώτερα
475 285 575 311 ἔλθετε.
598 285 634 310 Μ.
658 284 686 310 Ὀ
706 283 847 319 ἄνθρωπος

39 334 74 359 ἐκ
94 333 165 368 γῆς,
184 334 236 360 καὶ
257 332 361 364 ὓδατος,
377 332 424 358 κα)⁹
439 331 532 367 πυρὸς,
549 331 596 357 καὶ
615 331 695 366 ἀέρος
717 329 847 365 συνέστη-

39 387 109 406 κεν’
137 379 220 405 ἐπὰν
243 377 289 405 οὖν
313 378 445 414 ἀποθάνῃ,
469 378 516 404 καὶ
532 377 641 412 διαλυθῇ
659 376 724 412 (64),
746 376 848 411 ἑκάστη

39 425 128 452 οὐσία
142 425 178 452 τὸ
204 425 269 452 ῖδιον
291 423 477 459 ἀπολαμϐάνει
501 423 720 458 συγκιρναμένη·
736 421 801 453 οἷον,
818 422 848 448 τὸ

39 469 90 496 τοῦ
109 469 208 505 πυρὸς
229 469 309 505 μέρος
323 469 353 495 τὺ
373 469 438 504 πῦρ,
460 468 491 495 τὸ
504 469 550 495 τοῦ
565 468 659 500 ὓδατος
676 468 706 495 τὸ
721 468 802 504 ὕδωρ,
817 468 849 495 τὸ

42 515 92 541 τοῦ
107 516 198 551 ἀέρος
214 517 229 543 ὁ
246 517 309 553 ἀὴρ,
326 515 355 541 τὸ
369 515 417 550 τῆς
434 515 495 550 γῆς,
519 516 566 542 καὶ
581 516 626 551 γῆ.
642 515 704 548 Πῶς
717 514 762 542 οὖν
775 517 803 543 ὲν
814 517 847 552 τῇ

42 562 208 589 ἀναστάσει
231 561 341 588 δυνατὸν
357 561 438 588 αὑτὸν
460 561 504 587 τὸν
527 561 668 595 ἄνθρωπον
687 562 846 597 ἀναστῆναι,

43 604 75 633 οὗ
93 607 130 633 τὰ
156 607 234 642 μέρη
260 606 428 641 συνεκράοη;
453 606 546 642 ὥσπερ
560 607 623 642 γὰρ,
637 607 662 633 εἴ
683 616 724 639 τις
745 605 799 634 οἷον
820 609 849 635 ὲν

44 653 170 686 πελάγει
187 652 325 688 Θαλάττης
340 653 436 687 ὲκχέας
448 652 530 688 ὕδωρ,
541 653 571 680 τὸ
584 654 648 680 αὐτὸ
663 652 740 686 αὖθις
752 655 849 681 ἀνακο-

46 699 191 735 μίσασθαι
214 700 424 731 διαὸεϐαιοῦται,
450 699 496 726 τοῦ
513 701 672 736 πράγματος
694 701 850 728 ἀδυνατοῦν-

44 752 109 776 τος·
129 744 247 780 ἀνάγκη
267 743 332 778 γοῦν
353 744 431 771 ἄλλον
452 745 508 772 ἀντ’
525 745 604 772 ἄλλου
626 745 680 780 (65)
708 746 849 781 ἄνθρωπον

45 788 232 816 ἀνίστασθαι.
247 789 278 815 Α.
296 788 410 824 Σφόδρα,
426 789 496 815 κατὰ
512 789 553 820 σὲ,
569 789 746 825 δυνατώτεροι
760 791 784 816 οἱ
805 790 850 816 ἄν-

45 836 160 871 θρωποι
174 834 226 861 τοῦ
243 835 310 862 Θεοῦ
324 835 491 863 δείκνυνται·
509 837 556 863 καὶ
575 836 703 872 περισσὸν
716 837 746 862 τὺ
760 836 849 871 λέγειν

46 880 95 907 τον
116 880 257 916 Σωτῆρα·
285 881 326 908 Τὰ
353 882 427 916 παρὰ
451 881 603 917 ἀνθρώποις
628 883 746 910 ἀδύνατα
774 883 848 919 παρὰ

46 926 87 962 τῷ
105 925 171 961 Θεῷ
185 926 346 954 δυνατά.Μ.
363 927 424 959 Πῶς
439 928 506 954 εἰσιν
519 928 542 954 οἱ
560 927 697 963 ἄνθρωποι
715 927 761 954 τοῦ
781 928 848 955 Θεοῦ

47 972 241 1009 δυνατώτεροι
254 982 262 1006 ;
277 974 309 1000 Α.
326 975 356 1001 Οῑ
383 973 519 1009 ἄνθρωποι
546 974 593 1008 μὲν
609 974 664 1009 γὰρ
683 973 753 1001 οἶνον
774 974 849 1002 ὕδατι

48 1019 251 1054 συγκραθέντα
271 1019 426 1055 χωρίζουσι,
451 1019 531 1055 τέχνῃ
553 1020 600 1046 καὶ
626 1021 764 1056 ἐπιστήμῃ
779 1021 850 1056 χρώ-

50 1073 142 1100 μενοι,
163 1066 214 1092 καὶ
231 1065 361 1102 ἀργύριον
377 1065 431 1092 ἀπὸ
445 1065 556 1100 χαλκοῦ,
572 1066 618 1092 καὶ
635 1066 767 1093 πλείστων
780 1067 849 1093 ὅσων

48 1112 101 1144 τὰς
124 1113 284 1148 διακρίσεις
301 1112 372 1139 ἴσασι
390 1112 538 1139 ποιεῖσθαι“
556 1112 570 1138 ὁ
591 1113 618 1139 δὲ
638 1112 714 1145 Θεὸς,
738 1113 776 1143 ὼς
803 1114 851 1139 ἀν-

49 1158 233 1194 υπέρϐλητος
246 1157 300 1193 (66)
307 1158 422 1193 δυνάμει
436 1158 559 1194 τεχνίτης
574 1167 614 1190 τε,
630 1159 676 1185 καὶ
687 1158 851 1195 δημιουργὸς

51 1204 181 1234 πάντων,
199 1200 224 1238 ᾧ
243 1204 424 1231 ὑποτέτακται
439 1203 505 1240 πῦρ,
524 1205 588 1240 ἀὴρ,
607 1204 689 1240 ὕδωρ,
708 1205 754 1240 γῆ.
777 1205 851 1241 φόϐῳ

51 1250 232 1282 δουλεύοντα,
255 1251 301 1277 καὶ
317 1251 423 1286 ἑκάστῳ
439 1250 530 1286 τηρῶν
545 1251 575 1277 τὸ
592 1251 656 1277 ἴδιον
673 1251 753 1286 μέρος
765 1272 772 1281 ,
793 1251 851 1283 πῶς

52 1297 104 1323 οὒκ
127 1297 162 1323 ἂν
186 1297 296 1332 ἑκάστῳ
317 1297 346 1323 ὲν
371 1298 404 1332 τῇ
424 1297 571 1324 ἀναστάσει
598 1298 708 1333 ἀποδοίη
734 1298 763 1325 τὸ
787 1298 851 1325 ἴδιον

53 1342 154 1378 arbita;
169 1343 208 1369 Τδ
225 1343 274 1378 μὲν
287 1343 341 1378 γὰρ
355 1343 410 1378 πῦρ
425 1344 642 1378 ὑποτεταγμένον
664 1343 702 1379 τῷ
723 1344 791 1379 Θεῷ,
805 1344 852 1370 καὶ

53 1389 175 1424 νεύματι
195 1388 367 1424 πειθόμενον,
388 1390 449 1421 τοὺς
464 1391 538 1425 τρεῖς
561 1389 691 1424 ἀδελφοὺς
714 1391 776 1422 τοὺς
790 1391 853 1426 βλη-

53 1434 155 1466 Θέντας
170 1435 213 1465 εἰς
231 1435 344 1469 κάμινον
359 1434 453 1470 πυρὸς.
466 1435 514 1461 οὐκ
530 1435 666 1470 ἠδίκησεν,
689 1436 755 1462 ἀλλὰ
768 1436 853 1468 σώους

54 1480 95 1516 τῷ
107 1481 238 1516 Δεσπότῃ
262 1480 403 1516 παρέδωκε
413 1489 419 1496 ’
435 1481 465 1507 τὺ
480 1481 506 1507 δὲ
526 1480 597 1516 ὕδωρ
610 1481 655 1508 τὸν
674 1482 765 1509 Ἱωνᾶν
776 1482 853 1516 δεξά-

335 135 521 164 ADAMANTH
543 133 712 161 Dl.\LOCUS
730 132 772 159 DE
791 130 903 158 RECTA
919 130 951 157 IN
973 131 1068 158 DEUM
1089 131 1175 158 FIDE.
1196 146 1230 151 —-
1248 130 1346 159 SECT.
1366 131 1399 158 V.

1613 131 1682 159 1853

863 190 885 217 Α
901 193 999 215 cuntur
1011 209 1018 220 ,
1044 196 1074 216 ea
1099 197 1161 216 vera
1185 192 1209 216 et
1242 188 1332 215 vitalia
1346 189 1514 216 existimare.
1529 188 1595 216 Cum
1610 191 1682 217 enitn

899 233 1057 261 alimentum
1074 235 1275 268 intromittitur,
1284 239 1311 262 et
1323 234 1458 269 liquescit,
1471 236 1568 268 partim
1581 236 1607 262 in
1620 243 1682 263 san-

899 277 1019 311 guinem,
1031 279 1130 313 partim
1146 279 1171 306 in
1188 279 1323 313 pituitam,
1341 280 1438 313 partim
1456 279 1482 306 in
1499 280 1611 307 salivam
1634 289 1682 308 ex-

899 323 1028 350 cernitur.
1045 324 1079 351 lis
1096 331 1161 359 ergo
1176 332 1235 359 qua:
1251 324 1342 351 minus
1355 325 1462 359 propria
1481 330 1544 352 sunt
1569 331 1679 360 praeter-

899 368 989 396 missis
1002 388 1010 401 ,
1028 369 1060 396 ad
1076 377 1106 396 ea
1120 377 1179 404 qua:
1195 370 1280 404 magis
1299 370 1407 404 propria
1437 375 1509 403 sunt,
1526 372 1624 399 venite.
1644 371 1680 398 M.

899 413 985 441 Homo
1001 422 1034 442 ex
1051 419 1133 445 terra,
1148 423 1228 448 aqua,
1249 416 1326 450 igne,
1350 421 1376 443 ct
1388 423 1451 443 aere
1466 421 1584 447 constat.
1615 417 1682 444 Cum

899 467 963 494 ergo
979 460 1128 487 morituret
1141 461 1308 493 dissolvitur,
1333 469 1500 496 unaquaeque
1528 464 1682 491 substantia

900 505 1040 533 commista
1054 506 1080 532 in
1096 506 1120 532 id
1136 508 1206 540 quod
1221 506 1271 533 sibi
1287 507 1425 540 proprium
1437 511 1489 540 est,
1504 508 1608 539 recidit,
1624 509 1682 536 vel-

901 551 937 577 uti
960 559 1022 586 pars
1048 551 1116 586 ignis
1138 551 1164 578 iu
1188 552 1287 586 ignem,
1305 559 1381 586 aquae
1397 552 1422 578 in
1439 559 1547 587 aquam,
1572 553 1643 581 aeris
1657 554 1684 580 in

901 605 975 628 aera,
994 602 1074 624 terra:
1091 598 1116 624 in
1133 603 1244 624 terram.
1259 597 1317 631 Quo
1334 598 1415 632 igitur
1431 599 1509 626 modo
1533 599 1558 625 in
1592 607 1683 626 resur-

901 643 1020 670 rectione
1036 643 1125 675 homo,
1140 643 1216 676 cujus
1230 649 1322 678 partes
1342 644 1461 671 confusa:
1482 649 1554 678 sunt,
1569 646 1683 672 excitari

901 693 1006 723 potest,
1023 694 1053 716 ut
1069 689 1090 715 si
1105 689 1167 723 quis
1181 689 1206 715 in
1230 689 1284 716 alto
1300 690 1382 717 maris
1398 689 1539 718 eﬂ'nndens
1563 698 1660 725 aquam
1677 711 1684 720 .

901 743 997 762 rursus
1010 743 1069 762 eam
1084 743 1112 762 SC
1126 741 1349 770 recuperaturum
1366 742 1506 764 asseveret
1517 759 1525 771 ,
1554 745 1614 764 cum
1642 745 1685 764 res

902 782 958 816 ipsa
977 782 1032 808 ﬁeri
1048 781 1187 815 nequeat?
1210 781 1368 809 Necessario
1385 783 1468 818 igitur
1484 783 1554 810 alius
1569 790 1618 818 pro
1631 783 1685 810 alio

903 828 1011 855 homine
1021 827 1164 855 excitatur.
1176 829 1210 854 A.
1228 827 1312 855 Multo
1324 829 1488 858 valentiores
1500 831 1622 858 homines
1633 831 1685 857 Deo

866 866 886 894 Β
902 878 945 900 tua
961 874 1066 901 ratione
1093 878 1120 900 et
1148 874 1281 901 sententia
1311 875 1506 909 declarantur,
1530 876 1686 912 frustraque

901 921 1026 948 Salvator
1037 921 1101 948 dicit
1114 921 1135 952 ",
1152 927 1182 948 ea
1198 928 1257 955 quae
1274 921 1397 949 homines
1412 928 1542 958 prmstare
1557 932 1609 952 non
1621 933 1684 959 pos-

900 972 974 999 sunt.
986 968 1070 994 Deum
1085 966 1191 994 efﬁcere
1207 974 1294 1001 posse.
1309 967 1346 996 M.
1364 967 1505 1002 Quomodo
1520 976 1584 998 sunt
1599 971 1684 999 homi-

901 1022 949 1041 nes
967 1014 1022 1042 Deo
1039 1015 1227 1049 potentiores?
1244 1017 1277 1044 Α.
1289 1015 1358 1044 Nam
1376 1017 1502 1044 homines
1521 1017 1631 1051 quidem
1649 1019 1675 1044 vi

901 1067 965 1089 num
980 1069 1049 1098 aqua
1066 1062 1180 1090 dilutum
1195 1067 1332 1098 separant.
1349 1068 1407 1090 arte
1420 1067 1448 1091 et
1470 1063 1583 1091 scientia
1610 1064 1686 1092 adhi-

901 1109 970 1142 bita,
984 1114 1012 1137 et
1028 1115 1168 1145 argentum
1186 1110 1220 1137 ab
1231 1117 1296 1142 tere,
1310 1109 1496 1145 plurimasque
1525 1118 1569 1137 res
1595 1110 1686 1138 sciunt

901 1155 1066 1183 discernere.
1082 1156 1152 1182 Dens
1171 1161 1261 1182 autem
1279 1156 1325 1191 qui
1345 1160 1386 1183 est
1403 1156 1535 1182 immensa
1549 1156 1574 1182 vi
1588 1157 1687 1192 praedi-

903 1206 945 1230 tus
959 1202 1057 1230 artifex
1073 1202 1240 1236 eifectorque
1270 1201 1401 1233 omnium,
1430 1201 1472 1228 cui
1490 1201 1628 1236 subjectus
1645 1207 1686 1229 est

903 1252 981 1287 ignis,
997 1259 1054 1282 aer,
1067 1258 1147 1285 aqua,
1161 1255 1187 1277 et
1205 1256 1287 1280 terra,
1309 1256 1369 1284 qu:e
1383 1253 1454 1276 metu
1479 1249 1612 1280 serviunt,
1626 1249 1688 1283 qui-

901 1305 954 1333 que
980 1305 1055 1324 suam
1069 1298 1167 1331 cuique
1193 1300 1295 1331 partem
1311 1300 1421 1322 servat:
1437 1294 1500 1328 quid
1526 1299 1569 1321 est
1593 1302 1688 1329 quam.

902 1345 994 1371 obrem
1013 1351 1064 1370 non
1081 1343 1106 1369 in
1119 1342 1316 1370 resurrectione
1331 1349 1406 1368 suum
1422 1340 1518 1375 cuique
1531 1348 1629 1375 corpus
1646 1345 1688 1366 at-

904 1389 1024 1416 tribuat?
1036 1388 1102 1416 Nam
1118 1393 1146 1415 et
1162 1388 1231 1423 ignis
1246 1387 1291 1421 qui
1307 1386 1362 1413 Deo
1373 1385 1510 1420 subjectus
1528 1391 1579 1418 est,
1598 1387 1687 1415 uului-

902 1443 955 1470 que
967 1435 1025 1468 ejus
1043 1439 1130 1469 paret,
1147 1434 1235 1461 tribus
1249 1433 1379 1460 fratribus
1391 1452 1397 1464 ,
1423 1433 1470 1466 qui
1497 1433 1523 1460 in
1542 1433 1684 1460 fornacem

903 1482 972 1517 ignis
984 1481 1099 1516 coniecti
1116 1485 1189 1512 sunt,
1205 1487 1258 1507 non
1285 1479 1387 1510 nocuit,
1399 1479 1446 1505 sed
1460 1479 1551 1506 salvos
1574 1479 1688 1506 Domino

57 1535 140 1561 μενον
165 1526 196 1553 ὲν
221 1525 261 1561 τῷ
284 1525 356 1561 βυθῷ
372 1527 401 1552 ὲν
416 1527 489 1562 τρισὶ
510 1527 689 1563 νυχθημέροις
709 1527 781 1554 ὁλόκ)

963 1529 1016 1555 iidit
1031 1537 1038 1555 :
1055 1532 1082 1555 et
1096 1535 1166 1562 aqua
1194 1534 1255 1553 cum
1275 1524 1371 1553 Ionam
1402 1526 1549 1560 recepisset
1569 1533 1595 1552 111
1625 1533 1687 1560 pro-

56 1572 303 1608 ἀποκατέστησεν·
331 1573 345 1599 ὁ
370 1572 398 1598 δὲ
419 1572 472 1608 ἀὴρ
493 1573 537 1599 τὸν
564 1573 656 1600 Ἠλίαν
679 1573 718 1605 εἰς
738 1574 851 1609 οὐρανὸν

57 1619 238 1655 ἀνεκόμισεν·
257 1619 273 1654 ή
288 1619 316 1645 δὲ
337 1618 373 1653 γῆ
393 1617 516 1654 Λάζαρον
530 1621 687 1655 τεταρταῖον
702 1620 850 1647 ἀπέδωκενο

57 1665 128 1692 ἀλλὰ
152 1665 209 1701 μὴν
226 1665 272 1691 καὶ
295 1664 329 1691 τὰ
347 1664 448 1699 γλυκέα
465 1665 556 1697 ὕδατα,
574 1666 736 1702 ἐπιρρέοντα
755 1669 787 1702 τῇ
806 1667 853 1693 θα-

58 1711 149 1747 λάσσῃ
160 1732 168 1744 ,
189 1710 410 1746 ωγκιρνιῦμενα,
431 1711 478 1737 καὶ
496 1711 756 1747 συγκυλινδούμενα,
773 1712 853 1739 πάλιν

59 1757 147 1784 ὕδατα
175 1757 281 1791 γλυκέα
302 1756 346 1783 διὰ
367 1756 421 1783 τῶν
443 1757 560 1791 νεφελῶν
577 1759 675 1792 χεῖται,
695 1757 854 1794 διαχωριζό-

61 1812 133 1838 μενα
156 1803 214 1830 ἀπὸ
238 1802 291 1828 τῶν
312 1802 457 1838 ἁλμυρῶνο
481 1802 573 1834 καθὼς
600 1803 647 1829 καὶ
674 1804 687 1829 ὁ
712 1805 854 1840 προφήτης

59 1849 160 1884 φησιν·
186 1849 221 1875 '0
239 1849 505 1882 προσκαλούμενος
517 1848 550 1874 τὸ
564 1848 641 1882 ὕδωρ
665 1848 720 1882 τῆς
740 1850 853 1877 θαλάσ-

58 1902 131 1927 σης,
145 1894 196 1921 καὶ
213 1893 340 1928 ἐπιχέων
349 1893 422 1920 αὐτὸ
431 1893 479 1920 ἐπὶ
489 1893 649 1927 προσώπου
659 1894 714 1928 τῆς
722 1894 778 1930 γῆς
787 1895 852 1931 (67).

60 1940 92 1966 Ε.
116 1940 186 1966 Ἀπὸ
204 1938 319 1974 Γραῳῶν
338 1939 571 1976 ἐπαγγειλάμενος
585 1939 680 1972 δεῖξαι,
701 1941 741 1973 εἰς
763 1951 854 1976 φυσιο-

60 1985 156 2020 λογίας
171 1987 221 2012 καὶ
234 1985 356 2021 ἰατρικὰς
369 1986 494 2022 ζητήσεις
510 1987 664 2021 ὲκτραπεὶς,
676 1988 738 2020 τοὺς
749 1988 854 2024 ἀνθρώ-

60 2040 132 2065 «ou;
158 2033 362 2068 δυνατωτέρους
388 2032 434 2059 τοῦ
458 2032 525 2059 Θεοῦ
553 2033 684 2066 ἀπέδειξε.
708 2034 746 2060 Μ.
778 2035 855 2070 Ἐμοὶ

61 2079 178 2115 εὐχερές
195 2079 270 2104 ἐστιν
284 2078 336 2104 ἀπὸ
352 2078 405 2104 τῶν
422 2078 538 2114 Γραφῶν
558 2078 652 2110 δεῖξαι,
673 2080 697 2106 εἰ
717 2080 855 2116 εὐγνωμο-

61 2126 103 2151 νεῖ
125 2125 316 2160 ’Λδαμάντιος.
333 2124 363 2150 Ε.
380 2124 437 2150 Οὐκ
461 2124 635 2159 Ἀδαμάντιος
654 2125 704 2160 τῆς
719 2127 855 2162 ἐκτροπῆς

61 2171 165 2203 αἴτιος,
191 2170 249 2197 ἀλλ’
272 2171 289 2205 ἡ
312 2170 345 2206 σὴ
367 2170 515 2204 φιλόνεικος
532 2171 586 2206 (68)
604 2171 710 2207 γνώμη.
735 2173 767 2200 Α.
786 2174 854 2208 Συγ-

908 1574 990 1602 fundo
1004 1574 1092 1601 tribus
1100 1573 1195 1601 diebus
1206 1580 1238 1600 ae
1252 1572 1386 1603 noctibus,
1402 1571 1534 1607 integrum
1551 1573 1687 1599 restituit:

905 1627 933 1650 et
945 1629 992 1648 aer
1008 1621 1093 1649 Eliam
1109 1620 1136 1647 in
1147 1619 1246 1647 caelum
1259 1618 1384 1646 subvexit
1398 1627 1406 1651 ;
1429 1623 1456 1645 et
1472 1623 1542 1645 terra
1556 1618 1688 1645 Lazarum

905 1667 1113 1703 quatriduanum
1125 1665 1251 1693 reddidit.
1265 1664 1417 1697 Quinetiam
1431 1664 1522 1691 dulces
1538 1672 1614 1699 aqua:
1628 1672 1688 1691 cum

906 1714 1027 1742 influunt.
1045 1713 1248 1746 miscenturque
1265 1711 1290 1737 itt
1306 1710 1384 1742 mari,
1399 1717 1492 1738 rursus
1510 1710 1602 1737 dulces
1614 1717 1627 1736 a
1640 1717 1690 1736 nu-

905 1760 984 1787 bibus
1001 1759 1159 1790 redduntur,
1172 1763 1386 1792 separanturqne
1404 1765 1418 1783 a
1440 1756 1515 1783 falsis
1531 1765 1538 1783 :
1556 1757 1689 1791 quemad—

907 1805 1014 1832 modum
1031 1804 1113 1830 etiam
1133 1804 1262 1838 propheta
1277 1803 1336 1830 ait:
1357 1802 1408 1834 Qui
1423 1806 1497 1829 vocat
1519 1809 1614 1836 aquam
1631 1809 1689 1827 ma-

907 1853 953 1884 ris,
969 1857 993 1879 et
1008 1850 1123 1886 infundit
1139 1858 1197 1877 eam
1212 1851 1237 1877 in
1251 1849 1346 1884 [aciem
1361 1853 1437 1875 terra:
1447 1848 1469 1875 ⁸.
1486 1847 1516 1875 Ε.
1530 1848 1596 1875 Cum
1615 1849 1691 1876 Scri-

907 1897 994 1932 pturis
1010 1904 1040 1924 se
1051 1890 1228 1931 probaturum
1246 1895 1381 1929 pollicitus
1396 1895 1441 1926 sil,
1468 1899 1557 1921 tamen
1574 1895 1607 1922 ad
1622 1895 1690 1930 phy-

906 1946 976 1971 sicas
988 1943 1183 1976 medicinaque
1199 1941 1320 1976 proprias
1335 1941 1498 1975 qua-stiones
1508 1960 1516 1972 ,
1531 1940 1667 1974 digressus
1680 1961 1690 1974 ,

906 1990 1028 2017 homines
1041 1988 1094 2016 Deo
1107 1988 1274 2023 potentiores
1288 1994 1349 2014 esse
1362 1986 1464 2014 docuit.
1479 1985 1515 2014 Μ.
1531 1986 1595 2013 Mihi
1611 1986 1690 2014 facile

907 2036 984 2064 estid
1000 2035 1148 2069 Scripturis
1167 2034 1274 2066 docere,
1286 2033 1308 2060 si
1320 2033 1403 2060 etiam
1427 2032 1531 2066 placide
1550 2033 1690 2059 Adaman-

907 2084 961 2110 tius
975 2090 1006 2110 se
1019 2086 1104 2118 gerat.
1124 2081 1153 2107 E.
1167 2080 1224 2107 Non
1234 2080 1410 2106 Adamantius
1418 2079 1595 2114 digressionis
1608 2087 1689 2106 Causa

907 2133 957 2162 est,
973 2129 1019 2155 sed
1045 2127 1151 2154 animus
1177 2130 1238 2152 tuus
1263 2125 1459 2152 contentiosus.
1476 2125 1507 2151 Α.
1526 2124 1690 2152 Permitten-

912 2175 974 2201 dqu
991 2174 1014 2201 ei
1026 2178 1079 2204 est,
1095 2179 1154 2206 qua:
1168 2171 1256 2204 volet,
1282 2171 1383 2198 sentire
1395 2192 1403 2202 ,
1427 2178 1488 2198 cum
1513 2177 1623 2205 parattts
1640 2171 1690 2198 sint

63 2217 207 2252 χωρητέον
230 2215 313 2251 αὐτῷ,
332 2216 349 2242 ἃ
367 2215 489 2250 βούλεται
512 2217 626 2248 οἴεσθαι,
652 2218 719 2253 ἐμοῦ
740 2219 784 2245 έτο

969 2220 999 2246 ιίιι
1016 2218 1150 2249 refellere.
1163 2217 1310 2245 auxiliante
1322 2217 1386 2244 mihi
1399 2217 1526 2244 veritate.
1538 2215 1573 2243 Μ.
1585 2215 1693 2249 Quibus

64 2263 175 2298 ἔχοντος
189 2263 258 2299 πρὸς
274 2263 379 2290 ἅπαντα
395 2263 580 2295 ὑπαντιάζειν,
598 2265 794 2300 συναιρομένης
810 2275 854 2301 μοι

63 2309 116 2343 τῆς
140 2308 281 2344 ἀληθείας.
303 2309 340 2335 Μ.
360 2307 454 2339 Ποιαις
476 2308 597 2344 Γραφαῖς
628 2309 718 2345 πείθῃ,
740 2310 782 2336 ἴνα
807 2311 854 2337 ἀπ’

65 2354 181 2380 ἐκείνων
193 2354 282 2386 δείξω,
297 2354 337 2380 ὅτι
350 2354 400 2380 οὐκ
412 2354 554 2380 ἀνίσταται
569 2355 585 2389 ἠ
601 2354 683 2389 σάρξ;
697 2356 727 2382 Λ,
752 2356 856 2388 ΙΙάσαις

64 2401 126 2431 ταῖς
142 2399 306 2431 ὲνδιαθέτοις
317 2400 454 2435 πείθομαι.
466 2399 504 2427 Μ.
520 2399 709 2433 Ἀναγινώσκω
720 2402 857 2437 ἀπόφασιν

65 2446 113 2472 τοῦ
128 2447 210 2479 Θεοῦ,
227 2447 436 2481 ἀποφηναμένου
455 2447 482 2472 ὲν
499 2447 533 2481 τῇ
549 2446 643 2482 πρώτῃ
665 2447 780 2484 διαθήκῃ
793 2457 799 2463 ”
816 2451 857 2476 Οὐ

67 2492 107 2525 μὴ
127 2493 291 2527 καταμείνῃ
307 2492 338 2518 τὸ
355 2492 472 2526 πνεῦμά
483 2501 543 2526 μου
559 2492 594 2517 ἐν
610 2492 671 2524 τοῖς
692 2494 858 2528 ἀνθρώποις

67 2539 197 2571 τούτοις,
206 2539 255 2565 διὰ
264 2538 297 2564 τὸ
306 2536 381 2565 εἶναι
395 2539 506 2571 αὐτοὺς
522 2537 629 2572 σάρκα,
647 2539 695 2565 καὶ
712 2537 782 2574 αἷμα
791 2540 856 2576 (69).

103 2599 113 2613 '
129 2598 197 2626 Luc.
213 2607 292 2632 xvru,
305 2600 351 2626 27.
389 2600 400 2615 ⁸
415 2599 497 2626 Amos
512 2606 539 2628 γ.
563 2598 591 2626 8.

106 2659 164 2695 (tit)
184 2660 273 2688 Codex
288 2660 443 2693 Wetstenii,
481 2661 561 2693 male,
579 2659 702 2695 όιαληθῇ.

107 2694 164 2728 (65)
185 2696 268 2728 Idem,
284 2695 371 2722 ἄλλον.

186 2731 275 2771 glorier
282 2766 288 2771 ~
295 2730 457 2771 Vaticanus.‘
463 2730 483 2771 ὁ.
492 2729 705 2771 ἀνυπέρϐλητος.

108 2765 164 2801 (6η
185 2766 267 2801 Mias,
281 2765 382 2801 ἐκχέων
399 2764 463 2801 agro
476 2765 522 2790 ἐπὶ
536 2764 683 2801 πρόσωπον
693 2764 742 2801 τῆς
755 2764 816 2801 γῆς.

111 2800 166 2832 (68)
186 2800 292 2835 Optimo
308 2799 390 2827 codex
414 2799 571 2835 Vaticanus,
589 2799 675 2835 ἀλλ“ἠ
693 2799 724 2835 σὴ
739 2800 854 2834 φιλόνει-

76 2840 132 2864 κος.
149 2832 349 2862 Wetstenianus
360 2854 366 2863 .
395 2834 451 2860 ἀλλ’
463 2832 497 2869 ἧς
510 2834 526 2868 ὴ
539 2832 700 2869 φιλόνεικος2

111 2869 166 2906 (69)
185 2869 236 2897 Διὰ
249 2871 281 2896 τὸ
291 2870 365 2896 εἶναι
376 2867 485 2903 αὐτοὺς
498 2867 596 2903 σάρκα
608 2870 654 2896 καὶ
667 2867 749 2904 αἷμα.
763 2870 856 2898 Aldina

908 2265 1056 2300 Scripturis
1071 2263 1171 2297 credis,
1187 2269 1217 2290 ut
1239 2263 1279 2290 eis
1294 2263 1416 2295 doceam,
1432 2270 1542 2290 carnetn
1572 2270 1624 2289 non
1650 2270 1693 2290 re~

908 2310 1037 2345 surgere?
1053 2309 1085 2336 Α.
1103 2309 1234 2335 Omnibus
1263 2309 1345 2336 credo
1374 2315 1434 2342 qua:
1459 2308 1485 2334 in
1511 2307 1693 2334 Testamentis

908 2357 1090 2384 continentur.
1106 2354 1141 2381 M.
1161 2353 1257 2381 Recito
1269 2355 1406 2382 decretum
1422 2354 1480 2386 Dei,
1498 2354 1543 2388 qui
1561 2354 1585 2380 iu
1602 2354 1691 2387 priore

911 2402 1086 2430 Testamento
1112 2402 1148 2428 ita
1174 2401 1304 2428 Censuit:
1324 2400 1385 2426 Non
1413 2399 1571 2433 permanebit
1585 2401 1692 2433 spiritus

909 2457 981 2476 meus
994 2449 1021 2475 in
1036 2448 1182 2475 hominibus
1195 2448 1263 2478 istis,
1280 2447 1341 2481 quia
1363 2451 1421 2472 sunt
1438 2453 1500 2471 caro
1517 2451 1541 2472 et
1572 2447 1691 2479 sanguis.

910 2497 942 2523 A.
961 2495 990 2522 Si
1019 2502 1085 2529 ergo
1104 2494 1171 2521 dixit
1195 2503 1201 2521 :
1222 2493 1284 2520 Non
1313 2491 1472 2525 permanebit
1494 2491 1602 2524 spiritus
1620 2499 1693 2517 meus

911 2543 937 2568 in
955 2542 1022 2574 istis,
1039 2541 1211 2576 perspicuum
1226 2544 1267 2566 est
1281 2546 1341 2566 eum
1359 2536 1546 2572 permansisse
1567 2537 1592 2562 iu
1619 2536 1692 2563 aliis.

903 2660 987 2687 editio
1012 2659 1172 2693 simpliciter
1198 2659 1278 2686 habet
1299 2659 1342 2685 διὰ
1361 2658 1392 2684 τὸ
1412 2656 1481 2685 εἶναι
1505 2658 1604 2688 αὐτοὺς
1624 2658 1692 2693 σάρη

903 2705 963 2727 κας.
992 2695 1100 2721 llierou.
1130 2695 1155 2720 in
1181 2694 1284 2721 Tradit.
1312 2693 1394 2720 Hebr.
1423 2695 1549 2720 observat
1582 2701 1692 2720 Sensum

903 2731 1026 2757 Gnccum
1044 2737 1096 2755 non
1109 2730 1253 2756 convenire
1270 2737 1331 2756 cum
1352 2729 1474 2756 llcbra-o.
1492 2738 1501 2754 1
1514 2728 1572 2755 Noti
1588 2729 1692 2754 severi-

904 2770 997 2796 tatem,
1029 2765 1124 2798 inquit,
1146 2769 1173 2789 ut
1192 2764 1216 2790 in
1247 2764 1347 2791 nostris
1370 2765 1506 2790 codicibus
1526 2763 1633 2798 legitur,
1644 2764 1692 2790 sed

904 2800 1073 2826 clementiam
1092 2799 1137 2826 Dei
1156 2803 1246 2828 sonat.
1271 2800 1333 2825 dum
1358 2804 1485 2831 peccator
1503 2799 1546 2825 hic
1573 2806 1621 2832 pro
1643 2806 1693 2825 suo

903 2836 1006 2862 scelere
1017 2834 1152 2861 visitatur.
1168 2833 1233 2860 Nam
1253 2834 1278 2861 in
1294 2833 1407 2861 Hebrteo
1421 2835 1550 2868 scriptum
1563 2839 1620 2860 est:
1634 2832 1691 2860 Non

901 2870 1035 2904 iudicabit
1056 2869 1167 2904 spiritus
1182 2877 1257 2897 meus
1274 2869 1397 2897 homines
1419 2870 1484 2897 istos
1499 2870 1525 2897 iu
1548 2869 1692 2905 Iempiter—
