1860 3073
65 125 105 152 i9?

698 119 796 146 LIBER
815 119 1008 148 SECUNDUS.

1624 120 1676 148 {98

63 192 87 212 ea
100 189 154 217 quae
176 180 321 209 invisibilia
335 184 409 207 sunt.
425 179 461 208 Ea
478 187 594 215 namque
609 188 669 215 quae
686 185 751 207 sunt
765 181 834 208 iuvi-
848 189 870 217 Α
885 179 1034 207 collocatur
1058 179 1132 216 (Η),
1151 178 1229 214 quasi
1250 179 1284 207 in'
1297 184 1368 208 terra
1388 180 1470 213 bona,
1494 184 1521 208 et
1542 185 1614 208 terra
1636 182 1677 208 vi-

62 229 146 261 sibilia,
166 235 216 255 non
238 226 324 253 solum
345 234 399 254 non
420 226 554 259 videntur,
577 227 624 254 sed
645 234 679 253 ne
704 231 829 254 naturam

62 275 154 310 quidem
167 273 268 300 habent
286 277 315 299 ut
336 272 420 299 videri
442 272 555 306 possint,
571 279 631 307 quae
647 270 734 299 ϐιτεεί
757 272 830 298 ἀσώ-

63 329 137 351 ματα,
160 320 183 346 id
200 323 240 346 est
263 320 424 355 incorporea
449 318 635 352 appellarunt;
661 319 718 345 hzcc
740 323 830 345 atttetn

61 368 89 394 de
104 365 192 401 quibus
214 364 313 391 Paulus
337 364 424 390 dixit:
443 373 452 388 ι
468 363 532 396 Qum.
556 371 608 390 non
633 363 759 390 videnlur
773 362 806 394 ⁸⁸,
819 371 828 388 ι

62 417 169 439 ltatnram
193 411 303 445 quidem
333 409 434 436 habent
456 414 483 435 ιιι
504 409 587 435 videri
612 409 734 442 possint,
761 416 831 435 non-

63 458 113 485 dum
130 461 213 484 tamen
230 455 317 483 videri
334 456 367 482 ab
378 455 428 482 his
444 455 544 489 quibus
563 454 768 488 promittuntur,
784 461 832 480 ex-

61 504 134 537 ponit.

90 558 111 584 7.
137 556 181 584 llis
213 557 296 591 igitur
333 556 418 583 tribus

61 604 216 638 opinionibus
235 603 268 630 de
288 603 342 629 ﬁne
361 609 419 629 om-

61 653 123 679 nium
135 656 157 678 el
177 651 210 678 de
225 657 333 678 summa
354 650 419 676 bea-

63 699 164 725 titudine
202 703 283 732 prout
316 696 419 724 sentire

62 746 183 781 potuimus
235 744 420 776 adumbratis,

63 793 229 827 unusquisque
271 791 420 826 legentium

63 839 120 873 apud
150 837 324 871 semetipsum
360 837 421 864 dili-

63 883 153 917 gentius
176 887 202 909 et
230 882 422 916 scrupulosius

61 928 162 962 indicet,
180 928 200 955 si
215 931 307 963 potest
331 927 420 961 aliqua

64 976 145 1002 harum
165 975 271 1010 probari
285 975 330 1002 vel
347 975 421 1009 eligi.

63 1021 111 1058 84
135 1023 233 1050 Dictum
268 1027 310 1049 est
349 1022 421 1048 enim

65 1071 124 1104 quod
137 1070 176 1096 vel
189 1061 351 1104 incorporea
365 1070 422 1096 vita

65 1115 100 1148 agi
107 1116 299 1150 possepntantla
308 1115 342 1141 sit
353 1114 421 1150 (59),

65 1164 221 1194 pesteaquam
235 1160 348 1186 Christo
366 1159 424 1186 fue-

65 1206 110 1232 rint
136 1206 252 1239 subjccta
277 1206 371 1232 omnia
396 1211 424 1232 et

65 1259 105 1286 per
114 1251 242 1278 Christum
256 1252 312 1278 Deo
327 1251 401 1278 Patri
413 1271 421 1283 ,

66 1304 116 1323 cum
146 1298 194 1324 erit
230 1297 324 1324 omnia
361 1297 421 1331 (50)

66 1347 89 1370 et
100 1343 121 1370 in
135 1343 254 1370 omnibus
269 1343 358 1375 Deus;
380 1343 421 1370 vel

66 1397 115 1417 cum
130 1391 298 1418 nihilominus
311 1390 423 1418 Christo

67 1436 152 1464 fuerint
189 1439 315 1466 universa
357 1439 422 1464 sub-

65 1485 138 1519 jecta,
159 1490 184 1512 ct
204 1494 251 1520 per
280 1485 422 1512 Christum

67 1530 183 1561 Deo,cutn
193 1536 278 1565 quoet
291 1539 363 1557 unus
373 1530 425 1564 spi-

67 1577 132 1609 ritus.
140 1579 280 1606 secundutn
291 1578 345 1605 hoc
354 1578 423 1612 quod

68 1626 162 1659 spiritus
179 1632 240 1654 sunt
260 1631 368 1653 natura:
383 1633 425 1652 ra-

69 1672 193 1701 tionabies
203 1694 210 1706 ,
237 1674 307 1701 ﬁunt
339 1673 384 1707 (dt
396 1674 423 1709 );

70 1724 120 1747 tunc
144 1721 199 1755 ipsa
224 1728 334 1755 quoque
357 1722 423 1748 sub-

69 1765 151 1792 stantia
159 1767 306 1800 corporalis
314 1766 425 1800 optimis

69 1817 91 1839 et
113 1814 255 1847 purissimis
281 1814 425 1849 spiritibus

70 1860 154 1887 sociata
168 1869 214 1895 pro
225 1861 424 1888 assumentium

69 1909 181 1942 qualitate
193 1909 233 1936 vel
252 1909 358 1937 meritis
369 1908 424 1945 (42)

70 1954 91 1981 in
130 1956 271 1984 tethereum
324 1960 425 1983 statum

71 2005 230 2030 transmutata
240 2023 248 2036 ,
274 2002 426 2030 secundant

70 2049 129 2081 quod
155 2050 301 2084 Apostolus
335 2050 425 2077 dicit:

73 2094 126 2122 «Ει
169 2103 217 2124 nos
266 2095 427 2123 imtttltlabi-

525 563 631 582 HIERON.
651 563 758 582 INTERP.

492 602 599 635 Triplex
638 611 699 637 ergo
741 605 831 634 suspi-

455 651 495 677 cio
519 650 586 685 (38)
623 651 696 677 nobis
729 651 761 677 tle
779 651 832 684 ﬁne

455 699 616 733 suggeritur,
630 707 643 724 ε
659 698 753 733 quibus
774 706 833 732 qua:

457 754 517 772 vera
536 751 559 772 et
577 745 670 772 melior
684 746 729 778 sit,
751 746 833 772 lector

457 793 583 828 inquirat.
606 793 658 819 Αιιι
678 793 746 819 enim
776 793 833 819 sine

457 849 564 873 corpore
605 841 738 872 vivemus,
773 848 831 867 cum

458 888 568 923 subjecti
605 887 710 914 Christo
747 888 834 923 subji-

458 936 557 962 ciemur
596 935 667 967 Deo,
703 939 725 962 et
765 935 835 962 Deus

458 983 537 1017 fuerit
564 983 654 1010 omnia
688 983 717 1010 in
751 984 836 1010 omni-

459 1031 523 1062 bus;
542 1035 587 1056 aut
608 1030 739 1062 quomodo
758 1030 835 1057 Citri-

458 1083 497 1105 sto
535 1078 651 1113 subjecta
692 1086 749 1105 cum
779 1080 834 1112 ipso

458 1126 563 1153 Christo
581 1126 756 1160 subjicientur
770 1126 833 1158 Deo,

458 1177 481 1199 et
510 1173 536 1198 in
564 1181 644 1199 unum
673 1172 757 1207 [trdus
792 1182 836 1200 ar-

459 1219 620 1251 clabtmtttr;
658 1219 695 1245 ita
750 1219 835 1245 omnis

461 1264 608 1290 substantia
641 1264 755 1298 redigetu
762 1273 774 1290 r
808 1266 834 1290 in

462 1311 586 1344 optimam
613 1310 785 1344 qualitatem,
811 1316 835 1337 et

462 1358 619 1384 dissolvetur
656 1358 684 1384 in
713 1358 836 1384 artlterem

461 1406 530 1440 quod
555 1406 670 1440 purioris
693 1406 836 1439 simplicio-

460 1452 547 1486 risque
576 1456 677 1478 naturte
702 1456 756 1483 est;
790 1455 834 1477 aut

461 1503 528 1524 certe
552 1498 656 1531 sp/tarra
681 1497 729 1523 illa
758 1505 836 1532 quam

461 1551 540 1576 supra
554 1542 742 1576 appellavimus
753 1543 836 1569 ἀπλα-
850 1541 870 1569 C

460 1589 504 1624 νῆ,
519 1593 542 1615 et
556 1589 683 1623 quidquid
700 1589 771 1615 illitis
786 1589 838 1615 cir-

461 1634 519 1660 culo
553 1635 711 1666 continetur,
741 1633 836 1660 dissol-

461 1686 536 1706 vetur
570 1680 597 1705 in
625 1680 757 1712 nihilum;
791 1680 837 1706 illa

462 1737 520 1755 vero
544 1736 596 1761 qua
621 1727 755 1764 ἀντιζώνη
782 1728 838 1762 ipsa

462 1779 565 1801 leuetur
589 1778 613 1801 et
641 1775 766 1809 cingitur,
791 1783 836 1802 vo-

462 1821 566 1847 cabitur
594 1825 663 1848 terra
687 1821 770 1852 bona;
792 1829 837 1847 nec

463 1873 514 1892 non
541 1871 565 1892 et
594 1866 676 1892 altera
711 1865 837 1900 spha’ra,

462 1919 521 1946 qua:
539 1911 607 1937 hanc
632 1911 717 1946 ipsum
741 1915 838 1937 terram

464 1956 643 1982 circumambit
669 1956 794 1990 vertigine
813 1960 839 1983 et

463 2002 561 2028 dicitur
583 2001 691 2035 mlum,
715 2002 743 2029 in
773 2010 836 2029 san-

463 2053 565 2075 ctorum
584 2048 762 2075 habitaculum
776 2057 839 2075 con-

463 2097 618 2123 servabitur.

72 2139 187 2173 mur",»
209 2141 372 2177 refulgebit;
394 2146 441 2168 aut
465 2145 540 2168 certe
565 2141 636 2176 quod
658 2148 751 2169 eorum
779 2148 839 2175 qua:

72 2183 178 2212 videntur
195 2187 287 2214 habittt
310 2191 500 2221 pretereunte,
518 2187 590 2213 omni
607 2187 840 2221 corruptibilitate
855 2192 877 2219 ι)
892 2197 951 2224 qua:
975 2189 1143 2223 praedicenda
1163 2193 1251 2221 erant,
1274 2188 1331 2222 ipse
1355 2187 1490 2221 prtedittit.
1515 2187 1549 2213 Et
1571 2187 1681 2214 dubium

74 2228 168 2258 decussa
186 2237 266 2266 atque
282 2237 413 2267 purgata,
428 2232 559 2266 omnique
581 2233 633 2259 hoc
656 2233 749 2259 mundi
766 2237 838 2260 statu

74 2273 152 2311 inquo
175 2279 343 2312 planetarum
364 2279 493 2306 dicuntur
515 2279 640 2314 sphterzn,
666 2286 840 2314 supergresso

74 2326 140 2357 atque
167 2330 303 2360 superato,
322 2333 403 2360 supra
429 2325 502 2352 illam
532 2332 591 2359 quze
616 2325 738 2360 ἀπλανής
771 2325 840 2352 dici-

76 2370 110 2394 lur
129 2368 196 2404 (43),
216 2371 349 2404 sphaeram
371 2370 477 2404 piorttm
495 2374 577 2403 atque
593 2369 734 2396 beatorum
761 2369 841 2395 statio

103 2426 122 2442 “
139 2428 146 2454 l
162 2428 219 2456 Cor.
237 2438 274 2464 tv,
292 2430 337 2458 {8.
374 2430 395 2445 ⁶τ
414 2429 500 2457 lCor.
520 2437 564 2462 xv,
581 2429 626 2457 52.

666 2428 689 2444 °°
706 2428 800 2456 Matth.
817 2436 843 2459 ν,

104 2486 152 2523 (38)
171 2487 275 2522 Triplex
295 2497 355 2523 ergo
375 2488 499 2523 suspicio,
517 2492 570 2515 etc.
591 2487 655 2514 Ilzcc
686 2492 796 2514 exstant
817 2489 843 2515 in

77 2521 171 2559 gpistola
191 2521 344 2559 Hieronymi
362 2525 395 2550 ad
413 2521 534 2550 Avitum.
554 2524 590 2550 De
604 2523 652 2559 itis
675 2528 766 2549 autem
783 2523 845 2550 vide

78 2553 159 2593 librum
176 2565 194 2584 ιι
216 2553 454 2593 ονίςὲιιὶιιηοηιηι,
479 2563 576 2592 quiest.
600 2557 632 2590 9,
658 2559 691 2585 de
719 2565 845 2585 resurre-

78 2590 161 2620 ctione.

106 2625 154 2662 (59)
172 2626 234 2662 Yide
249 2628 266 2655 I.
283 2636 300 2655 ll
317 2628 437 2662 Origen.,
455 2629 540 2662 (ι.1Ι9
557 2636 583 2655 n.
600 2628 641 2656 16.

108 2660 155 2696 (ιθ)
174 2661 224 2689 Per
243 2660 376 2690 Christuni
399 2664 451 2690 Deo
465 2660 567 2696 ‘Putri,
587 2672 648 2690 cum
669 2663 718 2689 erit
743 2663 842 2689 omnia.

80 2691 130 2722 “2c
148 2691 203 2730 quae
218 2697 245 2725 in
269 2699 469 2727 cditisomissa
489 2691 569 2730 sunt;
593 2698 741 2725 rcstituuttt
762 2697 842 2724 codd.

81 2734 132 2757 mss.

109 2764 155 2831 8;)
173 2766 245 2807 Mss,
263 2777 272 2793 ι
286 2768 386 2810 linunt
401 2769 484 2801 Editi,
502 2777 512 2809 ε
528 2768 638 2795 fuerint.
651 2778 661 2793 ι

150 2802 156 2831 )
175 2801 216 2829 Stc
231 2811 308 2831 ntss.:
322 2804 387 2830 edttt
404 2813 413 2828 ι
430 2808 539 2831 mentis.
553 2812 562 2828 ι
578 2803 658 2831 male.

118 2799 156 2836 ii)
175 2801 216 2829 Sic
231 2811 308 2836 ntss.;
322 2804 387 2830 editi
404 2813 413 2828 ι
430 2799 539 2836 mentis,
553 2812 562 2828 ι
578 2803 658 2831 male.

110 2835 217 2873 (ιω-βω
231 2835 324 2865 etnnes
339 2839 417 2865 codd.
431 2846 496 2866 mss.
512 2835 595 2868 recte,
608 2843 636 2864 ut
650 2842 722 2873 patct
736 2845 768 2864 ex
785 2844 843 2864 ver-

84 2875 144 2897 swne
156 2871 317 2909 Hieronymi.
334 2874 413 2901 Libb.
428 2873 493 2901 editi
507 2882 515 2900 :
536 2883 545 2899 I
561 2871 754 2908 hujus'muntli
771 2878 844 2900 statu

863 2429 892 2462 3,
905 2428 931 2456 4.

884 233 977 253 vorum
993 233 1074 260 quam
1094 226 1228 253 mansueti
1251 231 1279 254 et
1295 227 1376 254 mites
1401 227 1562 254 hmreditate
1587 229 1676 262 perci-

882 272 957 307 pient.
984 271 1056 306 (£5);
1089 271 1166 307 cujus
1191 276 1233 299 est
1256 272 1355 299 cmlum
1385 272 1449 299 illud
1477 273 1548 307 quod
1574 274 1676 301 ambitu

883 317 1118 352 magniﬁcentiora
1138 317 1223 352 ipsam
1241 317 1317 344 illam
1342 317 1493 345 circumdat
1506 322 1532 346 et
1555 318 1676 345 continet

885 367 1001 395 terram;
1027 363 1098 396 quod
1118 369 1180 389 vero
1203 363 1299 389 coelum
1324 369 1350 389 et
1369 363 1558 397 principaliter
1581 363 1676 398 appel-

883 409 963 442 latur,
978 410 1003 436 in
1017 416 1070 445 quo
1082 409 1152 436 cmlo
1167 409 1208 436 vel
1225 414 1295 436 terra
1312 408 1373 435 ﬁnis
1384 409 1504 435 omnium
1521 413 1602 443 atque
1617 416 1678 442 per-

882 454 966 483 fectio
989 460 1044 482 tnta
1061 463 1093 482 ac
1109 455 1239 482 ﬁdissima
1263 455 1350 489 possit
1370 455 1489 481 statione
1511 455 1675 486 consistere,

884 509 938 536 quo
955 501 1063 528 scilicet
1084 501 1121 528 illi
1144 505 1205 535 post
1228 501 1428 534 corrcptioncm
1451 499 1676 534 castigationem-

883 554 935 581 quc
958 555 1025 581 quas
1048 554 1096 581 pro
1121 546 1226 573 delictis
1250 545 1415 580 pertulerant
1436 545 1605 580 purgationis
1629 545 1677 572 ob-

884 596 970 625 tenttt,
985 591 1100 626 expletis
1115 591 1244 618 omnibus
1259 594 1342 624 atque
1354 589 1489 624 depcnsis,
1508 592 1587 614 terra:
1600 587 1676 614 illius

886 636 1071 663 habitaculum
1099 640 1277 667 mereantur;
1300 635 1327 661 hi
1355 641 1420 661 vero
1445 634 1489 666 qtti
1517 633 1603 659 verbo
1629 633 1676 660 Dei

883 682 1044 709 obedientcs
1066 682 1177 709 fuerunt
1197 689 1229 708 ac
1246 679 1387 715 sapientia:
1408 681 1466 715 ejus
1479 680 1534 714 jam
1551 680 1615 707 hinc
1630 687 1679 707 ca-

883 736 963 763 paces
984 721 1018 755 lse
1044 729 1266 762 obtemperantes
1300 727 1493 761 prrebnerunt,
1516 725 1578 753 caeli
1605 726 1678 753 illius

883 774 924 802 vel
940 774 1072 801 cmlorttm
1097 781 1180 808 regna
1201 772 1348 807 promereri
1374 772 1514 803 dicantur;
1531 776 1558 798 ct
1583 772 1618 798 ita
1634 771 1678 798 di-

883 819 962 854 gnius
987 818 1156 853 compleatur
1183 817 1247 844 illud
1272 816 1343 851 quod
1371 816 1472 842 dictum
1491 820 1554 842 est:
1575 824 1584 840 ι
1600 815 1677 841 Beati

850 861 870 888 Β
888 865 1038 896 mansueti,
1061 864 1124 899 quia
1149 863 1199 898 ipsi
1230 861 1388 889 ha-reditate
1413 861 1593 894 possidebunt
1622 864 1679 886 ter-

887 917 962 942 ram;
978 919 986 935 ι
1004 915 1050 936 et:
1072 919 1081 934 ‹
1097 908 1171 936 Beati
1194 914 1324 942 pauperes
1345 905 1454 940 spiritu,
1471 906 1600 939 quoniam
1628 904 1679 938 ipsi

886 957 1049 984 haereditate
1069 955 1180 989 capient
1203 961 1316 989 regnum
1333 953 1464 980 caelorum
1479 953 1517 986 6";
1535 963 1543 979 ι
1562 957 1590 980 et
1606 953 1680 988 quod

887 1003 951 1030 dicit
966 1002 991 1029 in
1011 1001 1115 1036 psalmo
1129 1011 1136 1028 :
1156 1010 1165 1026 ι
1180 1000 1317 1028 Exaltahit
1332 1006 1357 1028 te
1372 1005 1399 1026 et
1414 999 1572 1026 hmreditate
1588 1000 1680 1034 capies

887 1052 987 1074 terram
999 1048 1021 1067 ⁶⁹
1049 1046 1116 1082 (ιϐ).
1131 1056 1141 1073 ›
1168 1046 1208 1072 Ad
1226 1046 1297 1073 hanc
1315 1046 1417 1073 etenim
1434 1049 1534 1072 terram
1553 1045 1680 1072 desoendi

886 1093 999 1125 dicitur,
1016 1093 1049 1119 ad
1070 1092 1142 1118 illam
1160 1096 1251 1117 autem
1274 1099 1335 1126 qua:
1357 1092 1384 1118 in
1403 1091 1457 1118 alto
1481 1095 1533 1121 est,
1549 1090 1679 1117 exaltari.

887 1140 943 1167 lloc
961 1146 1026 1174 ergo
1043 1138 1123 1165 modo
1148 1138 1255 1164 videtur
1277 1138 1355 1172 quasi
1377 1138 1428 1164 iter
1450 1137 1585 1171 quoddam
1613 1143 1678 1162 san-

886 1188 991 1212 ctorum
1013 1183 1183 1218 profectibus
1207 1183 1304 1217 aperiri
1330 1183 1364 1209 ab
1388 1182 1433 1209 illa
1458 1187 1530 1209 terra
1555 1181 1589 1208 ad
1618 1181 1680 1208 illos

888 1230 982 1261 oculos,
999 1234 1028 1256 ttt
1050 1236 1103 1255 tton
1125 1232 1178 1254 tam
1203 1235 1364 1262 permanere
1384 1228 1409 1254 in
1428 1227 1471 1254 illa
1498 1231 1569 1254 terra
1596 1234 1678 1261 quam

890 1274 1014 1302 habitare
1026 1274 1179 1305 videantur,
1189 1274 1328 1300 transitttri
1343 1273 1457 1306 scilicet,
1467 1281 1528 1299 cum
1544 1273 1569 1299 in
1581 1272 1605 1299 id
1615 1280 1682 1306 quo-

888 1326 940 1354 que
951 1318 1115 1354 profecerim
1126 1317 1193 1354 (47),
1205 1318 1237 1344 ad
1250 1319 1434 1345 [nereditatem
1447 1319 1522 1353 regni
1537 1317 1680 1345 caelorum.

1193 1373 1307 1401 CAPUT
1328 1375 1371 1401 IV.

889 1420 965 1453 Quod
986 1429 1054 1448 unus
1076 1424 1114 1447 est
1133 1419 1201 1446 Deus
1220 1419 1282 1453 legis
1305 1424 1328 1446 et
1346 1420 1549 1454 prophetarum,
1573 1425 1597 1447 et
1623 1420 1681 1447 Do-

1103 1455 1168 1481 mini
1183 1454 1247 1481 Iesu
1263 1455 1362 1481 Christi
1378 1455 1469 1482 Pater.

925 1502 950 1528 1.
971 1500 1018 1527 His
1037 1501 1128 1534 itaque
1147 1507 1195 1533 per
1213 1501 1336 1526 ordinem
1361 1505 1441 1533 prout
1458 1501 1595 1535 potuimus
1619 1501 1682 1528 hrc-

888 1547 958 1573 vitcr
979 1547 1104 1580 digestis,
1127 1553 1297 1580 consequens
1316 1551 1359 1573 est
1385 1547 1532 1574 secundum
1554 1548 1624 1581 quod
1648 1556 1682 1575 cx

887 1591 964 1618 initio
980 1591 1181 1625 proposuimus,
1197 1590 1338 1617 confutare
1352 1592 1434 1618 ctiam
1451 1599 1498 1619 eos
1513 1592 1558 1626 qni
1578 1597 1675 1626 putant

888 1637 970 1663 alium
1000 1637 1082 1663 Deum
1118 1643 1177 1664 esse
1213 1636 1321 1663 Patrem
1339 1637 1457 1673 Domini
1491 1638 1575 1664 nostri
1612 1637 1676 1665 Jesu

887 1683 1006 1716 Cltristi,
1035 1687 1133 1717 prmler
1166 1683 1241 1710 illum
1268 1684 1312 1717 qtti
1343 1683 1425 1718 Moysi
1453 1691 1582 1718 responsa
1613 1684 1681 1719 legis

890 1730 986 1762 dabat,
1008 1729 1050 1755 vel
1076 1729 1223 1763 prophetas
1248 1728 1387 1762 mittebat,
1409 1729 1454 1763 qui
1479 1734 1521 1756 est
1542 1730 1612 1757 Dens
1632 1738 1682 1764 pa-

891 1781 959 1801 trum
974 1774 1122 1806 Abrahatn,
1146 1774 1218 1800 Isaac
1232 1778 1259 1800 et
1280 1772 1376 1801 Jacoh.
1391 1773 1505 1808 Oportet
1528 1776 1600 1802 enim
1627 1776 1683 1810 pri-

890 1828 963 1847 mutn
990 1820 1016 1846 in
1038 1820 1088 1847 hac
1112 1827 1162 1846 nos
1185 1819 1245 1846 lidci
1275 1820 1379 1846 ratione
1407 1820 1520 1849 ﬁrmari.
1547 1821 1678 1848 Conside-

891 1865 1003 1892 randum
1018 1873 1083 1900 ergo
1104 1869 1144 1892 cst
1167 1865 1231 1891 illttd
1255 1866 1326 1899 quod
1352 1865 1511 1900 frequenter
1534 1866 1560 1892 itt
1588 1867 1682 1893 Evan-

890 1912 967 1946 geliis
983 1912 1092 1947 dicitur,
1107 1916 1134 1939 et
1151 1911 1265 1946 singulis
1281 1912 1433 1946 quibusque
1454 1912 1562 1939 Domini
1578 1917 1605 1939 et
1622 1913 1681 1940 Sal-

891 1959 994 1986 vatoris
1020 1959 1105 1985 nostri
1132 1959 1219 1993 gestis
1250 1958 1406 1992 adjungitur
1427 1965 1434 1984 :
1453 1967 1462 1983 ι
1481 1958 1513 1985 Ut
1542 1958 1684 1993 impleatur

892 2006 961 2040 quod
978 2005 1078 2032 dictum
1097 2009 1138 2032 cst
1154 2013 1202 2039 per
1222 2005 1382 2039 prophetam
1396 2014 1404 2029 ι
1431 2004 1505 2030 illuttt
1524 2004 1564 2030 vel
1587 2004 1674 2037 illum,

891 2059 952 2079 cum
976 2052 1149 2078 manifestum
1166 2052 1201 2078 sit
1215 2051 1277 2085 quia
1296 2051 1436 2084 propheta:
1461 2050 1532 2077 illius
1549 2055 1613 2077 sunt
1633 2050 1678 2078 Dei

891 2097 936 2132 qui
952 2097 1079 2123 ntundttrn
1096 2096 1169 2123 fecit.
1186 2097 1224 2123 Ex
1241 2097 1296 2130 ipsa
1312 2103 1378 2130 ergo
1394 2097 1590 2130 consequentia
1612 2103 1681 2122 con-

892 2143 1020 2174 cluditur,
1033 2142 1161 2176 quoniatn
1180 2142 1226 2176 qui
1252 2142 1399 2176 prophetas
1416 2141 1501 2173 misit,
1514 2141 1549 2168 de
1570 2140 1683 2168 Christe

892 2243 946 2262 ttnn
969 2241 1028 2265 est,
1052 2235 1123 2268 quod
1148 2234 1205 2261 haec
1222 2241 1273 2261 non
1300 2233 1404 2260 alienus
1419 2233 1563 2267 quisquant
1586 2233 1620 2259 ab
1638 2240 1680 2263 eo.

893 2280 940 2306 sed
968 2279 1049 2306 Pater
1073 2279 1157 2314 ipsius
1187 2278 1363 2313 praedicebat.
1390 2277 1444 2305 Sed
1466 2283 1494 2304 et
1517 2277 1582 2304 illud
1612 2279 1684 2311 quod

896 2324 1049 2357 frequenter
1072 2323 1195 2358 exempla
1219 2324 1252 2350 dc
1275 2322 1365 2350 Veteri
1385 2323 1562 2350 Testamento
1586 2331 1600 2350 a
1622 2324 1685 2350 Sal-

895 2373 990 2395 vatore
1005 2368 1191 2403 proferuntur,
1203 2368 1244 2395 vel
1261 2369 1293 2395 ab
1313 2368 1443 2402 apostolis
1456 2369 1525 2402 ejus,
1542 2376 1595 2396 non
1612 2369 1683 2395 aliud

971 2429 992 2445 ⁸³
1005 2428 1105 2456 Psalm.
1119 2436 1212 2460 xxxvi,
1226 2428 1270 2454 Si.

898 2488 945 2522 qui
972 2486 1118 2523 ἀκηράτων
1144 2487 1247 2523 sphaera
1270 2485 1380 2523 dicitur,
1401 2492 1576 2523 supergresso
1604 2489 1684 2519 atque

900 2521 1041 2556 superato,
1059 2530 1140 2556 super
1153 2522 1226 2548 illam
1241 2528 1301 2556 qua:
1314 2521 1424 2555 aplanes
1440 2521 1577 2556 dicitur.)

934 2555 990 2591 (ad)
1012 2557 1080 2583 Vide
1095 2555 1112 2584 I.
1127 2565 1145 2583 ιι
1162 2555 1327 2590 0rigenian.,
1347 2563 1373 2588 q.
1388 2556 1430 2586 ll,
1446 2562 1519 2591 num.
1534 2555 1578 2580 ll.

934 2589 990 2628 (45)
1010 2592 1073 2620 Mss.
1086 2613 1092 2625 ,
1115 2589 1302 2628 tpcrcipiaitt.
1321 2600 1330 2616 ι
1355 2589 1543 2628 Lihlr.__ctlil_i_',.
1565 2597 1575 2613 ι
1596 2589 1684 2628 possi-

899 2623 990 2654 deant.
1006 2637 1014 2653 ι
1036 2623 1105 2654 Infra
1124 2623 1188 2653 libb.
1204 2623 1279 2657 editi,
1298 2635 1307 2651 ι
1322 2633 1376 2659 quo
1389 2624 1493 2652 scilicet
1508 2623 1544 2650 illi
1561 2624 1606 2659 qui
1625 2628 1684 2659 post

900 2663 1112 2696 correptiouem,
1127 2671 1137 2686 ›
1154 2666 1220 2692 etc.,
1247 2661 1293 2688 sed
1319 2657 1451 2696 delendas
1473 2657 1685 2696 erat_articnlus

902 2707 910 2722 ι
930 2693 1001 2731 quin
1030 2698 1073 2725 hic
1101 2697 1258 2724 redundans
1280 2699 1308 2722 et
1334 2695 1467 2722 orationis
1495 2693 1593 2720 seriem
1625 2697 1685 2719 tur-

899 2732 992 2802 baiitsti)
1013 2766 1058 2793 Sic
1082 2773 1147 2793 is.
1167 2764 1244 2791 Libb.
1267 2763 1351 2796 editi,
1379 2772 1389 2790 ι
1408 2769 1436 2792 ut
1460 2763 1605 2792 haeredites
1628 2766 1684 2789 tet-—

1013 2836 1058 2863 Sic
1087 2843 1152 2863 mss.
1183 2833 1263 2862 Libb.
1285 2833 1371 2867 editi,
1397 2843 1406 2859 ι
1423 2834 1449 2862 id
1476 2841 1583 2870 quoque
1611 2832 1686 2861 iece—

901 2877 966 2899 ΠΜ.
982 2881 993 2898 ι
1375 2896 1385 2905 .
