1834 3072
97 127 163 154 18ἲῦ

381 126 572 157 ADAMANTII
591 127 763 156 DlALOGUS
780 127 824 155 DE
843 127 958 155 RECTA
979 127 1012 154 1N
1033 126 1130 155 DEUM
1152 125 1239 153 FIDE.
1258 140 1291 145 —
1312 123 1409 151 SECT.
1433 122 1464 151 V.

1660 122 1729 152 1874

100 185 146 212 καὶ
156 183 263 220 πρῶτον
277 183 324 210 νῦν
339 184 450 218 φανεὶς,
465 183 526 212 οὔτε
540 184 663 220 ἐγνώσθη
676 186 730 212 τινὶ
744 186 836 222 πρότει

942 193 995 213 non
1028 192 1088 213 esse
1119 183 1202 210 ullum
1234 182 1337 213 alium,
1372 180 1423 207 nisi
1457 179 1592 214 opiﬁcem.
1622 178 1730 206 Planius

99 231 159 258 οὔτε
185 230 380 265 ἐπηγγείλατο·
413 231 512 267 δῆλον,
540 232 581 258 ὅτι
605 233 619 259 ὁ
643 232 888 267 ἐπαγγειλάμενος,

98 277 184 308 οὐδεὶς
197 276 290 312 ἕτερός
305 278 378 309 ἐστι,
398 277 414 313 ἢ
430 279 444 304 ὁ
458 278 634 314 δημιουργός.
658 279 845 314 Ἑνδηλότερον
862 279 890 305 δὲ

98 323 241 358 ἐπιστῆσαι
255 322 384 358 βούλομαι
394 343 401 356 ,
417 325 457 351 ὅτι
469 325 585 360 Χριστὸς
606 326 637 350 ἐκ
648 325 740 360 Νόμου
760 324 807 351 καὶ
819 325 890 360 Προ-

99 368 190 404 φητῶν
204 368 384 404 κατήγγελται
394 378 400 384 ·
417 369 454 401 ὡς
466 370 548 401 αὐτὸς
562 371 576 396 ὁ
588 369 684 405 Σωτὴρ
694 390 703 402 ,
717 369 782 405 περὶ⁸
802 369 891 396 Ἰωάν-

97 421 142 440 νου
161 412 247 439 λαλῶν
257 433 264 444 ,
278 413 358 448 φησιν
369 422 375 429 ·
394 412 488 447 Οὗτός
502 415 567 441 ἐστι
581 415 647 448 περὶ
662 412 697 442 οὗ
711 414 872 449 γέγραπται
882 422 889 428 θ

104 457 180 485 Ἰδοὺ
194 457 372 485 ἀποστέλλω
384 460 436 486 τὸν
452 459 580 495 ἄγγελόν
587 469 646 495 μου
657 460 714 494 πρὸ
728 459 890 494 προσώπου

98 510 164 535 σου,
183 503 216 535 ὂς
238 505 457 532 κατασκευάσει
476 505 535 539 τὴν
551 505 622 533 ὀδόν
645 513 703 534 σου
720 505 890 540 ἔμπροσθέν

98 554 165 574 σου.
189 548 298 584 Ταύτης
313 547 358 576 οὖν
373 549 416 576 διὰ
433 550 487 577 τῶν
507 551 654 585 προφητῶν
673 550 822 585 γενομένης
840 549 889 585 τῆς

97 593 279 628 ὑποσχέσεως,
288 595 358 621 ὣστε
369 596 522 632 πρόδρομον
530 597 634 632 Κυρίου
645 596 828 631 ἀποσταλῆναι
837 595 890 631 πρὸ

98 638 244 674 προσώπου
260 640 353 672 αὐτοῦ,
368 641 413 667 τὸν
423 641 606 676 ἑτοιμάσειν-ια
619 641 667 677 τὴν
679 641 737 667 ὁδὸν
751 641 797 667 τοῦ
809 640 888 674 Θεοῦ,

104 685 246 720 Ἰωάννηνο
262 685 353 720 ἔχουσι
367 687 452 720 δεῖξαι
469 688 562 723 ἕτερόν
578 696 648 719 τινα,
666 684 696 714 οῦ
714 686 767 722 πρὸ
779 680 887 722 προσώ-

97 739 149 756 που
164 731 267 763 ἐκεῖνος
282 733 439 768 directam};
463 734 494 759 Ei
512 733 566 769 γὰρ
586 732 713 769 ἐλήλυθεν
732 732 825 768 ἕτερός
847 741 888 764 τις

97 777 150 812 πρὸ
165 777 285 813 Χριστοῦ
300 778 352 804 ὑπὸ
365 778 412 805 τοῦ
427 778 594 814 δημιουργοῦ
615 778 766 814 πεμφθεὶς,
785 777 889 805 δεικνύ-

96 829 202 848 τωσανν
226 823 250 848 εἰ
271 823 299 849 δὲ
322 823 408 856 οὐδεὶς
430 824 523 859 ἕτερος
539 824 658 859 πέφηνεν
677 825 701 850 εἰ
722 824 758 860 μὴ
780 823 858 859 μόνος
874 825 888 850 ὁ

96 868 199 904 Κύριος
214 870 293 905 ήμῶν
317 871 420 907 Ἰησοῦς
440 872 575 908 Χριστὸς,
597 872 645 899 καὶ
667 872 719 908 πρὸ
740 871 885 907 προσώπου

95 914 191 941 τούτου
206 917 339 951 πάρεστιν
367 917 506 953 Ἰωάννης·
532 919 667 954 φανερὸν,
701 919 742 945 ὅτι
769 919 830 945 τότε
853 916 886 954 ἦν

95 961 288 998 ὲπηγγελμένη
308 963 325 998 ἡ
346 964 411 990 ποτὲ
432 964 634 1000 πεπληρωμένη
659 965 821 1000 ὑπόσχεσις,
842 965 886 991 καὶ

95 1006 199 1039 οὐδενὸς
212 1008 290 1035 ἄλλου
303 1009 370 1035 Θεοῦ
383 1010 456 1036 ἐστιν
466 1011 480 1037 6
491 1011 618 1046 Χριστὸς,
631 1011 647 1046 ἦ
663 1011 709 1038 τοῦ
719 1011 886 1047 δημιουργοῦ

94 1051 161 1078 Θεοῦ
171 1074 179 1086 ,
193 1051 224 1080 οὗ
241 1055 287 1080 καὶ
303 1056 327 1081 οἱ
344 1055 484 1092 Προφῆται
502 1057 625 1092 ὑπῆρχον
640 1057 687 1084 καὶ
700 1057 714 1083 ὁ
728 1057 829 1092 Νόμος.
859 1057 886 1083 '0

93 1096 122 1123 δὲ
144 1098 304 1132 Ἀπόστολος
317 1101 377 1136 οὐχὶ
391 1103 534 1138 τηλαυγῶς
546 1104 578 1130 ἐκ
595 1104 676 1139 νόμου
689 1103 821 1140 κηρύσσει
841 1105 887 1131 τὸν

95 1143 212 1178 Χριστὸν
222 1165 229 1177 ,
252 1146 338 1180 λέγων
353 1148 522 1183 Κορινθίοις,
540 1150 595 1182 ὅτι,
616 1151 647 1176 Οἱ
662 1150 788 1184 πατέρες
804 1150 888 1185 ἡμῶν

95 1188 206 1223 πάντες
235 1192 295 1218 ὑπὸ
319 1192 375 1226 τὴν
405 1194 539 1229 νεφέλην
572 1193 669 1230 ἦσαν,
697 1195 746 1222 καὶ
776 1195 887 1229 πάντες

95 1233 139 1262 διὰ
150 1236 205 1270 τῆς
223 1237 382 1272 θαλάσσης
403 1239 545 1274 διῆλθον.
568 1241 617 1268 καὶ
637 1240 748 1274 πάντες
768 1242 812 1274 εὶς
836 1241 888 1268 τὸν

96 1281 228 1317 Μωῡσῆν
252 1284 481 1319 ἐϐαπτίσθησαν
501 1286 537 1312 ἐν
560 1285 597 1321 τῇ
622 1286 754 1321 νεφέλῃ,
777 1286 826 1313 καὶ
853 1287 889 1313 ἐν

97 1326 133 1360 τῇ
155 1329 313 1364 θαλάσσῃ·
331 1330 380 1357 καὶ
393 1331 505 1364 πάντες
529 1332 561 1358 τὸ
584 1333 656 1358 αὐτὸ
675 1332 781 1366 ,βρῶμα
795 1341 887 1360 πνευ-

94 1374 221 1406 ματικὸν
234 1375 347 1410 ἔφαγον
356 1396 363 1408 ,
377 1376 426 1403 καὶ
439 1377 550 1411 πάντες
561 1378 594 1404 τὸ
616 1378 690 1405 αὐτὸ
704 1379 784 1413 πόμα
797 1386 888 1406 πνευ-

94 1420 222 1451 ματικὸν
235 1421 334 1448 ἔπιον·
349 1421 454 1448 ἔπινον
471 1422 525 1456 γὰρ
544 1422 579 1449 ἐκ
593 1423 796 1457 πνευματικῆς
818 1423 889 1451 ἀκο-

95 1465 269 1501 λουθούσης
288 1467 416 1501 πέτρας-⁸
441 1469 459 1502 ἡ
481 1468 516 1495 δὲ
539 1469 633 1502 πέτρα
653 1467 692 1504 ἦν
708 1471 724 1496 ὁ
747 1470 886 1504 Χριστός.

95 1509 143 1542 Τις
172 1512 223 1538 οὐκ
251 1512 283 1538 ἂν
311 1513 445 1548 θαυμάσει
476 1514 524 1549 τὴν
558 1514 649 1541 ἄνοιαν
675 1515 793 1548 τούτων,
821 1516 887 1542 ἀνα-

94 1558 283 1589 γινωσκόντων
307 1559 355 1594 μὲν
377 1559 481 1592 ταῦτα,
508 1560 554 1586 καὶ
573 1560 610 1596 μὴ
633 1561 794 1595 συνιέντων;
825 1562 888 1590 Ἐὰν

95 1601 124 1628 δέ
141 1611 183 1636 τις
203 1605 313 1641 παραϐῇ
332 1606 420 1641 τούτῳ
437 1606 476 1642 τῷ
499 1607 573 1643 ῥητῷ
598 1608 627 1633 τό
640 1616 646 1623 ·
673 1608 782 1643 Πάσχα
803 1608 889 1643 ἡμῶν

95 1647 184 1685 ἐτύθη
202 1652 345 1685 Χριστός·
370 1653 439 1688 ὅπερ
468 1654 560 1688 πάσχα
584 1654 636 1680 ὑπὸ
657 1654 703 1681 τοῦ
721 1655 888 1690 δημιουργοῦ

95 1694 189 1723 τούτου
209 1698 430 1734 νενομοθέτηται.
451 1699 489 1726 M.
514 1699 608 1727 Ταῦτα
633 1701 682 1735 μὲν
702 1701 822 1735 ἤκουσας
840 1701 887 1727 τοῦ

101 1742 278 1771 ’Λποστὸλου’
293 1747 385 1772 ἐκεῖνα
402 1746 431 1772 δὲ
453 1746 503 1772 οὐκ
516 1747 636 1781 ἤκουσας
653 1747 792 1780 λέγοντος·
814 1748 888 1783 Ἐγέ-

93 1796 161 1816 νετο
174 1793 191 1818 ὁ
204 1791 320 1824 πρῶτος
332 1791 487 1826 ἄνθρωπος
502 1792 592 1827 Ἀδάμ
603 1794 646 1826 εἰς
659 1792 765 1827 ψυχὴν
774 1792 885 1823 ζῶσαν·

94 1836 111 1860 ό
126 1836 256 1871 ἔσχατος
268 1839 375 1871 Κύριος
388 1837 443 1872 (94)
456 1858 462 1870 ,
479 1838 524 1871 εἰς
538 1838 656 1873 πνεῦμα
671 1838 834 1869 ζωοποιοῦν
844 1847 851 1854 ο
871 1841 888 1866 ὁ

94 1881 210 1915 πρῶτος
228 1882 383 1917 ἅνθρωπος
395 1884 430 1911 ἐκ
444 1882 502 1918 τῆς
520 1883 632 1917 χοϊκός,
651 1885 667 1910 ό
682 1883 820 1917 δεύτερος
835 1884 887 1910 κύ-

94 1934 156 1959 ριος
172 1929 206 1960 ἐξ
234 1929 376 1962 οὐρανοῦ.
397 1929 430 1957 Δ,
455 1929 552 1964 Σαφῶς
580 1930 595 1956 ὁ
619 1929 778 1960 Ἀπόστολος
804 1928 886 1962 ἔδειξε

94 1972 141 1998 καὶ
162 1974 208 2001 τὸν
231 1974 339 2010 πρῶτον
358 1975 459 2010 Ἀδὰμ,
488 1975 535 2002 καὶ
565 1974 610 2002 τὸν
633 1974 758 2011 δεύτερον
783 1975 885 2010 κύριον,

93 2017 141 2044 τεῦ
151 2020 235 2047 αὑτοῦ
251 2020 329 2054 Θεοῦ,
349 2021 396 2048 καὶ
415 2022 464 2057 οὐχ
477 2022 570 2057 ἐτέρου
583 2021 655 2053 τινός
665 2029 673 2037 ⁸
694 2022 718 2047 εὶ
733 2021 788 2056 γὰρ
801 2020 888 2053 οὕτως

93 2063 264 2100 γέγραπται,
296 2067 415 2101 Πρῶτος
446 2067 481 2094 ἐκ
514 2067 570 2102 γῆς
601 2067 704 2102 χοϊκός
731 2067 887 2101 ἄνθρωπος

101 2109 203 2147 Ἀδαμ,
227 2113 277 2139 καὶ
300 2115 316 2140 ό
336 2113 520 2147 δεύτερος-ἐξ
536 2113 683 2148 οὐρανοῦ,
696 2113 815 2148 Κύριος,
838 2121 887 2139 πε-

95 2159 174 2193 ρισσή
198 2159 271 2185 ἐστιν
291 2160 307 2194 ἡ
324 2158 480 2194 μυθοποιῖα.
505 2160 560 2186 Καὶ
574 2159 629 2194 γὰρ
647 2159 678 2186 τὸ
692 2158 886 2195 γεγραμμένον

942 236 1033 259 autetn
1054 231 1152 258 docere
1166 229 1245 262 volo,
1261 228 1397 255 Chrislmn
1422 235 1435 253 a
1454 226 1524 260 Lege
1544 230 1570 253 et
1588 224 1731 260 Prophetis

942 277 1132 304 annuntialum
1151 283 1229 308 esse,
1243 274 1324 302 sicuti
1343 273 1475 300 Servatur
1498 272 1557 306 ipse
1573 273 1607 299 de
1626 271 1731 299 Joanne

943 324 1062 358 loquitur
1077 324 1128 350 hoc
1144 322 1223 350 modo
1241 331 1247 348 :
1268 321 1318 347 Hie
1334 324 1391 352 est,
1405 321 1437 346 de
1451 328 1501 354 quo
1526 319 1652 351 scriptum
1670 322 1729 345 est:

943 369 1010 396 Ecce
1028 369 1103 394 mitto
1123 368 1245 402 angelum
1267 375 1353 394 meum
1374 370 1436 392 ante
1454 365 1547 400 facient
1571 370 1643 390 tuam
1656 383 1664 395 ,
1686 364 1730 395 qui

941 415 1099 450 pra’parabit
1116 416 1183 442 viam
1196 419 1267 441 luam
1284 421 1372 441 coram
1389 418 1413 439 te
1431 413 1464 438 δ’.
1490 411 1546 438 Hoc
1576 411 1658 446 igitur
1682 418 1731 442 per

941 461 1087 496 prophetas
1111 459 1184 486 iacto
1207 460 1342 494 promisso
1353 478 1361 491 ,
1393 458 1450 485 fore
1465 462 1493 484 ut
1509 465 1660 492 praecursor
1677 455 1730 483 Do-

941 506 1006 533 mini
1028 506 1185 533 mitteretur
1200 510 1262 533 ante
1277 513 1348 536 eum,
1373 505 1418 540 qui
1441 505 1487 532 Dei
1514 505 1584 532 viam
1609 507 1731 538 pararet,

940 551 1060 579 Joannes
1076 551 1195 582 scilicet,
1207 557 1355 586 possumne
1368 551 1511 578 ostendere
1537 550 1619 577 alium
1636 557 1730 584 quem-

941 599 1003 625 dam
1026 603 1090 625 ante
1113 597 1190 632 cujus
1209 597 1306 624 l'aciem
1337 597 1380 624 ille
1402 597 1502 624 missus
1525 597 1578 624 sit?
1600 596 1628 624 Si
1657 595 1730 623 enim

941 649 1004 672 ante
1021 645 1161 672 Christum
1184 644 1253 671 alius
1270 644 1363 675 venit,
1390 643 1435 678 qtti
1459 643 1493 670 ab
1515 643 1612 677 opil‘tee
1632 643 1730 669 missus

940 692 993 725 sit,
1009 692 1136 719 doceam.
1157 691 1205 718 Sin
1224 696 1315 718 autem
1338 698 1417 717 nemo
1442 690 1513 717 alius
1536 689 1660 722 exstitit,
1677 689 1729 716 nisi

940 738 1013 765 solus
1028 737 1158 764 Dominus
1178 741 1269 764 noster
1289 736 1369 764 Jesos
1382 737 1524 769 Christus,
1546 740 1573 764 et
1591 740 1654 763 ante
1673 735 1731 770 eius

941 783 1035 810 l'at-iem
1062 786 1161 817 pra-sto
1187 786 1227 809 est
1250 780 1370 808 Joannes
1388 789 1393 807 :
1413 781 1584 815 perspicuum
1601 785 1643 807 Esi.
1669 785 1726 806 tum

941 829 1040 856 factum
1052 836 1111 856 esse
1126 828 1305 863 promissum,
1323 827 1392 861 quod
1409 827 1555 861 aliquando
1574 825 1729 854 exsolatum

940 880 981 902 est
996 883 1004 901 ι
1022 882 1070 902 nec
1082 874 1162 901 ullius
1176 873 1222 900 Dei
1236 881 1297 900 esse
1318 872 1466 904 Christum,
1482 873 1533 900 nisi
1551 872 1655 907 opilicis
1671 871 1729 904 Dei,

941 920 1017 954 cujus
1045 926 1073 947 et
1099 919 1154 947 Lex
1168 924 1227 946 erat
1250 924 1276 946 et
1293 918 1446 952 Propheta).
1471 918 1618 952 Apostolus
1638 923 1729 945 autem

941 974 1031 994 nonne
1055 966 1133 999 plane
1154 970 1181 992 et
1195 970 1289 999 aperte
1304 972 1336 992 ex
1360 965 1418 999 lege
1435 964 1572 991 Christum
1589 965 1728 999 prtedicat,

940 1021 1000 1040 cum
1020 1013 1078 1039 hiL‘C
1093 1011 1241 1040 Corinthiis
1258 1011 1355 1038 scribit
1371 1011 1392 1026 ⁵³
1407 1020 1413 1037 :
1427 1010 1522 1037 Patres
1543 1011 1626 1038 nostri
1640 1018 1728 1038 omnes

940 1059 986 1085 sub
1002 1059 1068 1085 nube
1090 1059 1197 1092 {uerunt
1221 1065 1230 1084 .'
1256 1063 1278 1084 at
1298 1065 1385 1084 omnes
1413 1065 1484 1083 mare
1506 1058 1689 1090 transierunt;
1707 1063 1730 1085 et

941 1113 1028 1131 omnes
1042 1105 1068 1131 in
1081 1103 1171 1138 Moyse
1192 1104 1317 1138 baptizali
1338 1109 1396 1139 sunt
1418 1104 1444 1130 in
1460 1104 1527 1130 nube
1547 1109 1570 1130 et
1588 1105 1614 1130 in
1637 1105 1726 1131 mari:

941 1155 965 1177 et
984 1158 1073 1177 omnes
1085 1149 1202 1176 eumdem
1212 1157 1298 1176 escam
1312 1148 1475 1182 spiritualcm
1487 1148 1709 1175 manducarerunt
1719 1156 1730 1176 .'

941 1202 963 1223 et
982 1204 1070 1222 omnes
1086 1195 1204 1222 eumdem
1219 1200 1309 1228 potant
1324 1195 1490 1229 spiritualem
1509 1194 1638 1221 biberunt.
1653 1193 1730 1222 Ribb

941 1243 1002 1269 bant
1017 1242 1086 1268 enim
1109 1242 1141 1268 de
1160 1241 1274 1276 spiritali
1294 1247 1465 1276 cansequenle
1485 1249 1528 1268 eos
1542 1246 1636 1276 petra:
1657 1247 1730 1276 petra

940 1294 1028 1315 autem
1050 1293 1107 1315 erat
1128 1286 1261 1315 Christus.
1278 1287 1344 1320 Quis
1366 1294 1418 1314 non
1442 1287 1592 1314 admiretur
1616 1288 1730 1313 istorum

941 1333 1099 1368 amentiam,
1115 1334 1160 1368 qui
1179 1333 1235 1360 hate
1250 1333 1344 1367 legunt
1363 1332 1481 1367 quidem,
1496 1333 1542 1359 sed
1559 1339 1612 1358 non
1627 1331 1730 1358 intelli—

941 1381 1029 1415 gunt?
1043 1379 1121 1413 Quod
1133 1379 1155 1407 si
1170 1379 1230 1414 quis
1245 1379 1288 1406 his
1300 1379 1390 1406 verbis
1404 1378 1448 1406 illa
1462 1378 1611 1411 addiderit,
1624 1377 1730 1405 Pascha

942 1431 1060 1453 nostrum
1077 1425 1227 1453 immolatus
1238 1431 1276 1452 est
1292 1424 1414 1451 Christus
1429 1423 1451 1440 ’⁸⁸
1471 1433 1477 1450 :
1496 1424 1566 1458 quod
1581 1424 1680 1458 pascha
1697 1423 1730 1450 ab

941 1471 1040 1506 opiﬁce
1061 1471 1123 1506 lege
1149 1470 1285 1498 sancitum
1307 1474 1359 1497 est.
1389 1469 1442 1497 ΝΑ.
1470 1469 1534 1497 llaec
1563 1469 1672 1504 quidem
1696 1470 1730 1497 ab

941 1515 1071 1552 Apostolo
1085 1516 1211 1544 audivisti
1225 1524 1231 1542 :
1247 1515 1292 1542 illa
1307 1520 1397 1543 autent
1415 1523 1467 1543 non
1482 1515 1590 1543 audiisti
1604 1525 1610 1543 :
1629 1515 1729 1542 Factus

940 1567 977 1590 est
992 1563 1092 1598 primus
1105 1561 1181 1588 homo
1194 1561 1280 1588 Adam
1306 1561 1335 1588 in
1348 1561 1465 1588 animam
1480 1561 1605 1588 viventem
1619 1569 1628 1588 :
1644 1562 1730 1588 novi;-

939 1609 1022 1635 simus
1043 1607 1170 1634 Dominus
1196 1607 1223 1633 in
1254 1607 1376 1641 spiritum
1408 1607 1593 1640 viviﬁcantem.
1622 1606 1728 1634 Primus

939 1654 1015 1680 homo
1028 1653 1059 1680 de
1070 1658 1140 1680 terra
1152 1658 1288 1684 terrenus;
1301 1651 1432 1679 secundm
1442 1652 1569 1680 Dominus
1579 1653 1611 1679 de
1619 1653 1682 1679 caelo
1694 1652 1727 1679 δ’.

939 1699 971 1724 Α.
989 1698 1071 1726 Plane
1089 1699 1180 1725 docuit
1196 1698 1341 1732 Apostolus
1357 1702 1385 1724 et
1398 1698 1517 1732 priorem
1537 1698 1670 1726 Adamnan
1682 1719 1689 1730 ,
1703 1704 1729 1726 ct

939 1745 1118 1778 posteriorem
1136 1744 1295 1776 Dutninunt,
1314 1744 1435 1778 ejusdem
1452 1744 1521 1777 Dei,
1539 1751 1592 1772 non
1615 1745 1728 1780 alicujus

937 1790 1049 1818 altetius
1062 1797 1133 1818 esse.
1149 1789 1177 1817 Si
1195 1790 1265 1817 enim
1279 1790 1329 1816 hoe
1345 1790 1425 1817 modo
1441 1789 1571 1825 scriptum
1585 1794 1627 1818 est
1644 1799 1650 1817 :
1667 1790 1730 1818 Pri-

938 1845 996 1863 mus
1011 1844 1024 1863 ε
1040 1842 1110 1863 terra
1131 1839 1250 1863 terrenus
1267 1836 1345 1862 homo
1362 1835 1463 1870 Adam,
1490 1841 1514 1863 et
1541 1837 1671 1863 secuttdus
1696 1845 1730 1864 ea;

938 1883 1001 1910 aulo
1019 1883 1163 1913 Dominus.
1180 1891 1380 1918 supervacanea
1396 1887 1438 1910 est
1453 1882 1550 1910 fabula:
1561 1882 1644 1910 lletio.
1675 1883 1724 1910 Et-

938 1929 1011 1957 enim
1037 1930 1109 1964 quod
1136 1930 1265 1964 scriptum
1291 1935 1352 1961 est,
1380 1936 1432 1956 non
1460 1929 1522 1956 alibi
1544 1929 1594 1956 nisi
1608 1930 1635 1956 in
1658 1929 1730 1964 Lege

938 1976 1068 2011 scriptum
1095 1975 1257 2010 reperietur.
1285 1976 1376 2010 Atque
1390 1976 1473 2003 etiam
1497 1975 1608 2007 cmlum,
1624 1982 1657 2003 ex
1674 1982 1729 2009 quo

938 2021 1012 2049 venit
1036 2022 1183 2054 Dominus,
1201 2029 1255 2049 non
1281 2021 1393 2048 alterius
1406 2022 1452 2049 Dei
1476 2028 1536 2049 esse
1560 2021 1727 2054 declaratur,

937 2067 989 2094 nisi
1003 2067 1117 2102 opiﬁcis.
1138 2067 1169 2095 E.
1184 2067 1310 2095 leosne
1336 2067 1455 2102 possidet
1475 2065 1580 2094 bonus?
1602 2065 1654 2093 llis.
1671 2066 1728 2094 Non

937 2120 985 2141 eos
996 2114 1041 2149 qui
1056 2117 1118 2141 sunt
1129 2113 1251 2148 opiﬁces.
1269 2113 1298 2140 E.
1315 2113 1485 2140 Domiciliutn
1498 2120 1564 2147 ergo
1573 2111 1655 2140 habet
1668 2112 1728 2147 opi-

938 2158 980 2186 ﬁci
1002 2158 1194 2192 propinquum.
1213 2157 1266 2184 ΜΛ.
1279 2157 1351 2185 Suos
1367 2165 1398 2184 ac
1414 2159 1538 2192 proprios
1551 2158 1635 2184 malos
1647 2159 1729 2185 habet

94 2203 143 2229 οὐκ
154 2205 284 2241 ἀλλαχῆῆ
300 2206 328 2231 ὲν
339 2205 378 2240 τῷ
395 2205 468 2240 νόμῳ
482 2205 660 2240 εὑρεθήσεται
675 2205 836 2241 γεγραμμέν

939 2204 1034 2232 bonus.
1050 2204 1081 2231 E.
1096 2203 1208 2230 Planum
1230 2203 1314 2238 igitur
1334 2204 1435 2230 lactant
1457 2208 1515 2236 est,
1535 2204 1633 2230 bonum
1645 2204 1728 2230 etiam

94 2249 141 2274 καὶ
156 2250 170 2275 ὁ
183 2250 297 2286 οὐρανὸς
319 2250 363 2281 δὲ,
387 2250 448 2277 ὅθεν
471 2251 485 2277 ὁ
507 2250 600 2285 κύριος
616 2248 708 2286 ἦλθεν,
725 2250 774 2285 οὐχ
790 2250 884 2286 ἑτέρου

93 2292 230 2322 δείκνυται
252 2297 328 2328 ὄντος
348 2296 432 2328 Θεοῦ,
458 2296 515 2323 ἀλλ’
538 2296 554 2331 ἤ
576 2295 623 2322 τοῦ
647 2294 824 2332 δημιουργοῦ.
852 2296 884 2322 Ε.

94 2339 233 2375 Οὖρανοὺς
246 2342 375 2378 κέκτηται
387 2344 401 2369 ὁ
417 2342 517 2377 ἀγαθός
528 2351 534 2375 ;
549 2343 586 2368 M.
597 2342 635 2368 Οὐ
647 2342 694 2368 τοῦ
704 2342 882 2379 δημιουργοῦ.

94 2384 124 2413 Ε.
141 2386 270 2424 Παροικεϊ
279 2386 324 2415 οὖν
335 2388 374 2424 τῷ
385 2388 559 2425 δημιουργῷ;
574 2389 612 2415 Μ.
632 2387 725 2420 ’ἰδίους
737 2388 793 2423 ἔχει
804 2388 885 2424 οὺραι-

94 2431 154 2464 νοὺς
166 2435 180 2460 ὁ
190 2434 300 2469 ἀγαθός.
312 2435 342 2461 Ε.
353 2435 492 2461 Δέδεικται
503 2432 548 2461 οὖν
560 2434 607 2461 καὶ
619 2435 633 2460 ό
643 2433 744 2468 ἀγαθὸς
756 2434 885 2470 δημιουρ-

94 2477 140 2509 γδς
147 2478 185 2507 ὢν
193 2481 325 2516 οὐρανῶν.
334 2481 371 2508 Μ.
381 2481 494 2507 Ἐκεῖνοι
502 2481 526 2507 οἱ
535 2480 581 2506 τοῦ
589 2479 690 2514 ἀγαθοῦ
698 2480 727 2507 οὐ
733 2480 807 2516 ρανοὶ
815 2481 887 2516 ἀχει-

96 2525 233 2561 ροποίητοι
247 2527 293 2553 καὶ
306 2527 444 2562 ἀγένητοι.
473 2527 504 2553 Α,
524 2526 629 2553 Οὐκοῦν
645 2527 670 2553 εἰ
683 2526 821 2560 ἀγένητοι,
838 2528 885 2554 καὶ

92 2569 273 2607 ἀνονόμαστοι
283 2581 290 2588 θ
301 2572 332 2600 cs
344 2573 397 2609 γὰρ
409 2573 551 2608 ἀγένητον,
566 2572 613 2599 καὶ
623 2573 805 2608 ἀνονόμαστον
818 2572 884 2608 (95)-

94 2614 200 2650 Ἀλλως
213 2619 241 2646 δὲ
259 2620 306 2646 καὶ
327 2619 530 2654 αὐτοματισμὸν
545 2618 737 2654 δογματίζουσι
755 2618 825 2646 κατὰ
840 2618 886 2646 τὸν

939 2249 1068 2280 caelorum
1090 2249 1214 2284 opiﬁcem
1234 2256 1305 2276 esse.
1327 2248 1381 2276 ΜΔ.
1398 2248 1464 2276 (Ζωὶί
1483 2257 1551 2284 quos
1578 2250 1665 2278 bonus
1681 2250 1728 2276 ha-

940 2295 1000 2328 bet,
1025 2302 1078 2322 nou
1094 2300 1158 2322 sunt
1173 2301 1255 2330 opere
1268 2303 1396 2322 manuum
1410 2295 1499 2323 elIecti
1511 2316 1518 2328 ,
1541 2295 1587 2323 sed
1602 2295 1726 2329 ingeniti.

939 2343 971 2369 A.
988 2342 1017 2369 Si
1043 2342 1157 2376 ingenill
1180 2347 1262 2374 sunt.
1289 2343 1398 2370 nomine
1423 2344 1504 2370 etiam
1525 2346 1630 2370 carent.
1652 2342 1729 2374 Quod

939 2389 1012 2415 enim
1040 2388 1192 2422 ingenitum
1217 2394 1270 2421 est,
1294 2393 1369 2416 caret
1396 2389 1478 2415 etiam
1505 2389 1624 2416 nomine.
1656 2387 1727 2421 Quin

939 2435 1021 2462 etiatn
1048 2435 1186 2464 fortuitam
1212 2435 1392 2462 temeritatem
1420 2435 1553 2462 inducam
1576 2435 1725 2462 secundum

939 2480 1097 2514 Epicurum.
1122 2481 1176 2507 Ms.
1204 2481 1263 2513 Quo
1288 2481 1395 2507 tandem
1418 2480 1518 2507 modo?
1537 2480 1566 2506 Ε.
1580 2480 1728 2514 Apostolus

938 2527 975 2553 ait
989 2535 996 2554 :
1020 2527 1158 2554 Secundus
1169 2527 1201 2554 de
1213 2528 1276 2554 caelo
1293 2527 1420 2554 Dominus
1433 2547 1441 2559 ,
1457 2532 1485 2553 ut
1505 2527 1597 2553 vultis.
1619 2527 1657 2554 Ex
1675 2534 1728 2560 quo

939 2573 1020 2607 igitur
1034 2573 1105 2601 caelo
1124 2574 1178 2605 sit,
1200 2574 1357 2601 necessario
1380 2573 1554 2607 qumrendum
1577 2578 1631 2600 est.
1658 2573 1726 2600 Nam

937 2620 960 2646 si
982 2626 998 2645 e
1019 2619 1090 2646 cmlo
1111 2624 1154 2647 est
1177 2620 1304 2654 opilicis,
1326 2619 1500 2654 perspicuum
1525 2623 1566 2646 est
1589 2619 1726 2646 Christum

129 2663 151 2679 δ’
173 2665 267 2694 Matth.
288 2675 325 2698 XI,
354 2666 398 2693 ιο.
436 2665 557 2693 "lCor.
573 2674 600 2700 x,
617 2666 677 2696 ι-ι.
714 2666 737 2682 ιι
757 2665 836 2694 ιαοτη

970 2666 993 2682 ⁴⁵
1007 2666 1016 2693 ι
1029 2666 1091 2693 Cor.
1110 2674 1156 2700 xv,
1173 2667 1219 2695 45.

99 2710 185 2752 ’.φῆ
197 2714 314 2752 Κύριος.
330 2713 447 2752 Vulgata
462 2713 630 2752 ex_etnp|aria
644 2714 767 2752 Apostoli
784 2713 884 2741 habent

107 2744 257 2785 "Aadatsell
269 2744 327 2785 eius
343 2744 404 2776 loco
418 2749 536 2785 Marcion
546 2744 678 2784 ’τυροκυῆ
691 2748 802 2785 Κύριος,
816 2754 883 2777 teste

97 2776 264 2818 Tertitlliano
277 2776 324 2810 lib.
348 2791 361 2808 ν
377 2789 468 2810 contra
482 2776 656 2816 Marcionem,
671 2776 791 2818 cap.'10:

128 2816 184 2851 (95)
196 2819 231 2846 To
244 2818 299 2852 γὰρ
308 2818 456 2852 ἀγένητον
466 2816 741 2852 καιᾱνονόμαστον.
756 2818 881 2847 Picusvi-

93 2847 290 2889 dctur'legis'se;
309 2847 356 2878 κάι
375 2847 519 2887 αὖτοφυεῖς
531 2861 537 2868 ·
553 2853 583 2879 τὸ
598 2847 652 2890 γᾶρ
676 2854 809 2889 ἀγένητον
829 2855 877 2881 καὶ

937 2714 1088 2748 αὐτοφυές·
1103 2715 1187 2742 vertit
1204 2715 1287 2748 enim,
1309 2725 1317 2740 ι
1337 2716 1419 2743 etiam
1443 2721 1538 2749 sponte
1550 2720 1646 2742 natura
1661 2723 1726 2742 con-

937 2750 1037 2776 sistunt
1060 2758 1066 2776 :
1087 2750 1160 2783 quod
1179 2751 1251 2777 enim
1275 2751 1424 2778 increatnm
1442 2757 1499 2783 est,
1519 2756 1612 2784 suapte
1629 2757 1723 2776 natura

936 2784 1071 2812 consistit.
1092 2793 1101 2810 ι
1127 2785 1260 2812 Cancrum
1279 2786 1362 2813 dictio
1378 2787 1428 2813 ista
1453 2785 1636 2816 ἀνονόμαστος
1661 2786 1725 2812 Inilti

936 2820 1006 2855 apud
1019 2820 1087 2847 alios
1102 2818 1212 2848 Graecos
1224 2822 1346 2848 nondum
1362 2823 1492 2850 occurrit,
1510 2813 1630 2854 ὶκιετδτξ
