1860 3073
176 105 229 133 I99

793 107 872 136 ORlG
877 107 954 135 ΕΝΙὸ
970 108 1050 136 ΠΕΡΙ
1069 109 1186 136 ᾹΡΧΩΝ

1752 106 1806 135 200

175 163 274 191 indicat
295 165 346 192 nisi
370 165 442 200 quod
459 166 610 193 auctoritas
627 167 767 195 veteribus
785 176 798 195 a
817 169 958 196 Salvatore
974 171 997 199 Α
1049 168 1076 196 2.
1094 169 1217 202 Longum
1231 167 1349 204 erit(5‘2)
1363 168 1385 195 si
1401 175 1433 195 ex
1447 167 1574 195 omnibus
1591 166 1803 201 Evangeliorum

175 215 203 238 et
215 210 251 237 ab
265 211 324 244 ejus
337 211 479 245 discipulis
500 211 656 240 adhibetur.
679 214 732 241 Sed
752 219 780 241 ct
802 214 868 242 illud
891 216 963 250 quod

176 258 210 284 ad
229 257 421 290 benignitatem
436 265 587 292 provocans
610 259 759 294 discipulos
781 260 908 288 Salvator
923 261 963 288 di-

176 302 239 330 cit:
258 313 267 328 ι
284 302 376 331 Eslote
399 304 512 339 perfecti
538 305 608 332 sicut
631 311 659 333 et
685 306 766 334 Pater
791 311 883 334 vester
907 313 964 334 cm-

177 348 252 376 lestis
273 349 412 383 perfectus
436 355 496 384 est,
516 351 562 385 qui
584 352 669 379 solem
697 359 776 379 suum
799 352 865 379 oriri
886 352 965 387 iubet

175 401 257 428 super
273 394 361 421 bonos
377 400 404 421 et
419 395 516 427 malos,
536 401 564 424 et
582 396 650 431 pluit
677 404 758 431 super
778 397 866 430 iustos
880 402 907 424 et
924 397 965 424 in-

173 438 263 472 iustos
273 439 334 471 ⁷⁶;ι
359 441 445 467 cuivis
464 441 546 467 etiam
567 441 671 475 exigua:
697 442 882 474 intelligentiae
906 442 965 469 viro

176 484 409 511 evidentissimum
425 486 545 520 suggerit
557 485 613 520 (48)
631 486 811 519 intellectum,
824 487 895 521 quod
911 494 964 513 non

175 529 258 556 alium
272 531 306 556 ad
322 531 482 558 imitandum
499 533 625 566 proponit
640 532 782 567 discipulis
795 534 852 560 suis
869 533 965 566 Deum,

175 576 228 603 nisi
251 575 382 603 factorem
397 577 475 609 cceli,
495 582 522 604 et
543 577 670 604 imbriqu
688 578 871 612 praebitorem.
888 578 966 611 Quod

176 627 268 649 autem
283 623 347 650 dicit
370 624 433 658 quia
457 630 568 651 orantes
582 630 707 660 oporteat
729 625 842 652 dicere:
861 635 870 650 ι
886 625 968 652 Pater

176 673 269 695 uoster
286 669 332 703 qui
346 676 376 696 es
394 669 420 695 in
437 670 565 704 caelis";
579 681 588 697 ι
616 671 682 705 quid
699 671 774 698 aliud
792 671 900 698 videtur
924 679 968 698 os-

177 714 288 741 tendere
313 715 363 740 nisi
383 715 465 742 Deum
491 716 519 742 in
543 716 704 744 melioribus
734 717 843 750 mundi,
868 717 896 743 id
922 722 967 744 est

175 763 308 786 creaturae
321 767 377 786 sua:
393 761 515 794 partibus
539 762 756 795 requirendum?
774 762 827 789 Sed
850 767 879 788 et
895 763 967 797 quod

176 805 209 831 de
227 804 389 838 iuramentis
404 807 505 840 optima
529 809 652 840 quautam
678 808 810 837 instituta
831 811 965 839 deﬁniens

176 850 214 875 ait
242 859 251 875 ε
277 857 331 877 non
357 857 485 885 oportere
503 853 560 887 (i9)
584 853 696 888 iurare,
724 863 812 890 neque
832 865 881 893 per
911 867 967 886 cte-

176 894 247 928 lum,
271 896 333 931 quia
352 897 431 924 sedes
451 903 492 924 est
511 898 573 930 Dei;
596 905 686 934 neque
703 908 751 935 per
771 907 883 935 terram,
902 905 965 938 quia

176 942 322 969 scabellqu
344 947 386 969 est
409 943 506 977 pedum
523 943 629 976 eius";
646 955 657 971 ι
676 953 766 974 nonne
790 950 968 983 apertissime

176 989 284 1016 videtur
305 990 470 1024 propheticis
493 992 606 1019 vocibus
630 1000 784 1022 consonare
805 996 905 1030 quibus
925 997 967 1023 di-

176 1034 265 1061 citur:
284 1043 293 1060 α
307 1035 410 1062 Caelum
427 1037 493 1063 mihi
511 1038 602 1069 sedes,
616 1043 687 1066 terra
706 1045 798 1067 autem
813 1041 964 1068 scabellum

175 1079 274 1114 pedum
297 1089 419 1108 meorqu
432 1082 492 1109 "h
513 1084 566 1110 Sed
588 1089 616 1111 et
632 1092 648 1111 e
666 1086 766 1119 templo
788 1087 901 1120 eiiciens
919 1096 968 1116 eos

175 1126 222 1160 qui
246 1127 399 1154 vendebant
412 1135 487 1159 Oves,
501 1133 528 1155 et
542 1129 637 1163 boves,
651 1135 679 1157 et
699 1131 856 1165 columbas,
879 1133 968 1160 etl'un-

178 1171 246 1198 deus
266 1179 374 1206 quoque
395 1179 505 1201 mensas
524 1175 783 1209 nummulariorum,
799 1183 827 1204 et
847 1178 942 1206 dicens
958 1186 966 1206 :

181 1226 190 1242 ι
207 1217 305 1244 Tollite
329 1218 380 1244 ista
404 1218 478 1251 hinc,
493 1224 521 1246 et
539 1219 623 1247 nolite
641 1221 732 1249 facere
749 1224 858 1250 domum
878 1224 968 1252 Patris

178 1263 232 1291 mei
256 1263 366 1290 domum
389 1265 583 1298 negotiationis
595 1266 634 1298 τις
650 1276 659 1292 ι
675 1267 731 1302 85
757 1268 865 1296 Patrem
888 1277 967 1298 suum

174 1320 234 1339 sine
248 1315 331 1339 dubio
352 1313 459 1339 dicebat
474 1319 536 1339 eum
550 1312 629 1346 cujus
645 1312 749 1338 nomini
763 1311 889 1339 Salomon
907 1313 963 1346 (50)

175 1358 346 1393 magniﬁcum
363 1357 492 1392 templum
505 1361 684 1384 exstruxerat.
701 1356 753 1383 Sed
772 1362 799 1383 et
812 1357 877 1384 illud
890 1357 974 1391 quotL

176 1405 214 1432 ait
229 1414 236 1430 :
252 1414 261 1430 ι
279 1404 338 1430 Non
353 1403 455 1438 legistis
466 1402 538 1437 quod
560 1402 662 1429 dictum
679 1407 720 1429 est
735 1410 750 1428 a
766 1402 821 1429 Deo
841 1402 875 1429 ad
890 1402 963 1437 Moy-

177 1457 235 1477 sem
251 1459 257 1475 :
273 1449 328 1483 Ego
348 1456 407 1475 sum
429 1447 502 1474 Deus
520 1447 672 1477 Abraham,
693 1451 721 1473 et
738 1446 810 1473 Deus
831 1447 920 1476 Isaac.
938 1452 966 1473 et

178 1495 251 1522 Deus
267 1494 369 1525 Iacob;
391 1501 447 1520 non
465 1498 507 1520 est
527 1497 617 1519 autem
633 1492 705 1518 Deus
718 1497 897 1524 mortuorum,
918 1491 965 1519 sed
978 1507 1000 1535 ε

179 1539 329 1567 viventium
351 1539 393 1570 7';
426 1548 436 1563 ι
458 1537 676 1564 manifestissime
705 1544 756 1564 nos
792 1536 870 1563 docet
898 1544 967 1571 quo-

180 1586 253 1612 niam
267 1585 322 1619 «51)
338 1584 422 1610 Deum
439 1583 659 1618 patriarcharum.
682 1591 730 1617 pro
745 1590 779 1609 eo
790 1582 862 1617 quod
877 1582 965 1609 sancti

181 1634 273 1657 essent
295 1635 321 1657 et
344 1629 487 1661 vi\ereut,
511 1629 596 1655 Deum
623 1628 773 1663 appellabat
800 1628 966 1659 viventium,

181 1676 257 1703 illum
280 1675 382 1703 scilicet
403 1675 449 1709 qui
473 1675 577 1701 dixerat
592 1674 619 1700 in
634 1674 792 1708 prophetis:
812 1683 821 1699 ι
839 1674 894 1709 Ego
908 1681 968 1700 sum

183 1720 266 1750 Deus,
279 1724 306 1746 et
321 1727 375 1746 non
387 1723 428 1746 est
445 1718 517 1745 Deus
533 1724 630 1752 pneter
646 1726 689 1744 me
710 1719 742 1744 η.
760 1728 768 1743 ι
784 1718 877 1745 Sciens
890 1725 968 1744 nam-

182 1773 236 1799 que
257 1764 379 1791 Sahator
400 1764 485 1790 Deum
498 1763 633 1791 Abraham
655 1771 714 1790 esse
727 1771 789 1790 eum
809 1763 854 1798 qui
871 1764 898 1790 in
911 1763 969 1798 lege

184 1811 302 1845 scriptus
317 1815 368 1841 est,
379 1815 407 1837 et
419 1810 506 1844 ipsum
523 1817 582 1836 me
594 1809 640 1844 qui
656 1809 720 1836 dicit
735 1808 797 1843 quia
812 1818 822 1834 ‹
839 1809 894 1843 Ego
908 1816 968 1836 sum

184 1856 266 1887 Deus,
280 1860 306 1882 et
317 1864 372 1882 non
385 1860 427 1882 est
442 1855 513 1882 Deus
526 1860 624 1889 pneter
635 1862 693 1885 me;
709 1863 718 1877 ι
736 1853 867 1888 siquidem
882 1853 970 1888 ipsum

185 1903 260 1929 illum
281 1902 386 1929 Patrem
409 1910 470 1929 esse
485 1902 585 1929 fatetur
604 1902 650 1936 qui
670 1902 775 1937 ignorat
790 1901 872 1928 alium
889 1909 970 1936 super

176 1953 207 1974 se
223 1955 285 1975 esse
300 1948 395 1981 Deum,
410 1950 481 1976 sicut
495 1955 592 1984 putant
610 1952 749 1983 haeretici;
764 1953 882 1981 absurde
905 1961 966 1982 eum

176 1993 285 2022 Patrem
298 1997 459 2029 pronuntiat
471 1996 516 2030 qui
529 1997 735 2024 eminentiorem
748 1998 857 2033 ignorat
870 1999 966 2026 Deum.

177 2041 208 2068 Si
223 2049 288 2069 vero
303 2050 357 2069 non
376 2043 486 2076 quidem
502 2042 620 2076 ignorat,
634 2043 683 2070 sed
708 2043 775 2070 fallit
796 2045 892 2072 dicens
914 2053 966 2073 non

175 2086 259 2112 alium
271 2094 332 2114 esse
346 2087 429 2113 Deum
442 2093 541 2120 pater
554 2094 594 2118 se,
610 2086 695 2114 multo
719 2087 805 2121 magis
820 2089 966 2115 absurdum

176 2135 218 2158 est
240 2132 263 2158 si
282 2133 440 2159 mendaeem
464 2133 572 2160 Patrem
589 2140 667 2160 suum
685 2133 795 2161 fatetur.
812 2134 849 2160 Ex
867 2134 966 2168 quibus

1017 219 1084 246 locis
1100 219 1254 246 testimonia
1271 224 1467 252 congregemus
1478 238 1486 250 ,
1512 217 1612 252 quibus
1629 224 1701 244 unus
1723 222 1804 252 atque

1017 270 1087 296 idem
1108 270 1177 296 Deus
1202 269 1269 304 legis
1297 274 1325 296 et
1343 269 1549 304 Evangelidrum
1565 270 1635 295 'esse
1659 269 1804 296 doceatur.

1015 315 1214 350 Contingemus
1230 321 1321 342 tamen
1335 315 1390 350 (55)
1409 316 1528 343 breviter
1544 315 1625 342 etiam
1642 314 1676 341 de
1691 314 1808 341 Actibus

1016 363 1199 396 apostolorum
1216 362 1249 394 τ’,
1275 362 1319 388 ubi
1347 361 1506 396 Stephanus
1528 366 1555 388 et
1571 361 1686 394 apostoli
1711 367 1808 395 preces

1016 414 1080 434 suas
1095 407 1217 441 dirigunt
1230 407 1263 433 ad
1277 414 1338 434 eum
1355 407 1440 434 Deum
1457 407 1504 442 qui
1518 406 1583 434 fecit
1596 407 1698 434 uelum
1714 411 1743 433 et
1754 411 1809 433 ter-

1017 461 1088 485 ram,
1101 458 1128 480 et
1141 454 1187 488 qui
1201 453 1309 480 locutus
1320 457 1361 480 est
1376 461 1426 487 per
1439 461 1469 480 os
1482 458 1641 480 sanctorum
1655 453 1810 487 propheta-

1017 506 1076 525 rum
1091 506 1222 531 sucrum;
1236 499 1322 533 ipsum
1334 499 1458 526 dicentes
1473 500 1555 526 Deum
1570 498 1721 531 Abraham,
1732 497 1811 525 Isaac

1017 549 1044 571 et
1057 543 1142 571 Iacob
1155 553 1162 577 ;
1181 544 1264 571 Deum
1280 545 1326 578 qui
1341 544 1435 571 eduxit
1448 544 1576 579 populum
1592 551 1671 571 suum
1685 544 1720 571 de
1737 549 1808 571 terra

1018 590 1141 626 Αἰςγριὶ.
1158 591 1225 623 Qua:
1249 591 1393 618 sentcntiae
1415 598 1525 617 sensum
1550 595 1674 617 nostrum
1695 590 1811 617 eviden-

1019 636 1121 663 tissiute
1135 638 1194 663 sine
1212 636 1294 663 dubio
1314 636 1348 662 ad
1374 636 1516 663 Creatoris
1535 635 1656 670 dirigunt
1671 635 1766 666 ﬁdem.
1784 641 1811 662 et

1018 681 1144 709 all'ectum
1161 682 1221 716 eius
1237 682 1361 708 inserunt
1377 682 1420 708 his
1434 681 1479 715 qui
1498 681 1555 708 hmc
1575 682 1618 716 pie
1639 681 1673 708 de
1692 688 1727 708 eo
1744 681 1811 708 fide—

1019 728 1137 763 literque
1151 729 1325 759 didit-erunt;
1341 727 1412 755 sicut
1425 732 1453 754 et
1475 727 1533 762 ipse
1548 727 1675 754 Salvator
1690 734 1754 754 cum
1769 727 1812 754 ia-

1021 779 1175 806 terrogatus
1197 778 1269 800 esset
1293 774 1366 807 quod
1389 773 1546 799 mandatum
1570 778 1643 800 esset
1656 773 1810 799 maximum

1020 821 1140 847 omnium
1160 821 1187 846 in
1208 820 1283 854 lege.
1299 819 1458 854 respondit,
1474 819 1590 845 dicens:
1607 827 1616 843 ε
1637 818 1740 853 Diliges
1755 818 1807 845 Do-

1021 871 1124 897 minum
1149 870 1233 897 Deum
1259 875 1335 897 tuum
1351 877 1383 896 ex
1403 874 1460 896 toto
1481 869 1565 896 corde
1579 873 1636 901 tuo,
1650 873 1678 895 et
1701 875 1738 895 ex
1752 872 1812 895 tota

1019 923 1109 948 anima
1127 927 1183 951 tua.
1198 925 1225 948 et
1238 928 1270 948 ex
1289 926 1344 947 [012
1361 925 1452 946 mente
1465 924 1522 946 ιιη.
1538 919 1696 946 Secundum
1716 924 1811 947 autem

1018 967 1107 994 simile
1128 971 1169 993 est
1190 966 1271 993 huic:
1291 966 1389 999 Diliges
1405 965 1558 999 proximum
1574 970 1649 991 tuum
1664 965 1738 992 sicut
1760 966 1813 992 tei-

1019 1019 1107 1045 psum.
1123 1021 1133 1037 ι
1151 1011 1185 1037 Et
1201 1011 1242 1037 his
1258 1010 1378 1043 addidit,
1394 1018 1404 1034 ι
1421 1010 1484 1044 quia
1499 1009 1526 1036 in
1541 1009 1600 1036 istis
1615 1009 1723 1036 duobus
1734 1017 1812 1036 man-

1018 1058 1090 1084 datis
1112 1061 1167 1084 tota
1191 1057 1233 1083 lex
1264 1057 1365 1091 pendet
1403 1060 1431 1082 et
1469 1055 1608 1090 propheta:
1621 1055 1656 1083 ".
1687 1063 1697 1080 I
1729 1055 1806 1088 Quo-

1020 1103 1104 1129 modo
1119 1110 1186 1136 ergo
1213 1102 1238 1128 ei
1261 1109 1342 1135 quem
1361 1102 1504 1128 erudiebat
1527 1106 1607 1134 atque
1621 1101 1649 1127 in
1664 1100 1812 1135 discipula-

1019 1153 1074 1174 tum
1091 1147 1148 1181 (Si)
1172 1148 1349 1181 produrelat,
1375 1147 1427 1173 hoc
1453 1147 1611 1173 mandatum
1633 1151 1697 1173 ante
1717 1147 1811 1173 omnia

1020 1192 1147 1219 mandata
1156 1191 1341 1223 commendat,
1359 1198 1407 1225 per
1419 1192 1491 1225 qttod
1505 1190 1565 1217 sine
1578 1190 1661 1216 dubio
1677 1190 1705 1216 in
1723 1189 1810 1216 Deum

1019 1238 1086 1272 legis
1102 1237 1160 1270 eius
1178 1237 1375 1264 conciliaretur
1390 1236 1514 1269 aﬂ'eetus,
1540 1243 1573 1263 eo
1594 1236 1666 1270 quod
1685 1235 1752 1270 ipsis
1768 1236 1812 1262 his

1018 1284 1109 1311 verbis
1121 1283 1178 1318 (55)
1192 1283 1248 1310 haec
1264 1283 1371 1310 fuerant
1387 1291 1401 1309 a
1417 1284 1478 1317 lege
1493 1283 1640 1318 pmdicata
1653 1282 1665 1308 ?
1678 1282 1733 1310 Sed
1746 1289 1812 1309 con-

1018 1330 1133 1356 cedatur
1148 1335 1244 1356 contra
1270 1330 1319 1356 has
1342 1336 1438 1356 omnes
1465 1329 1688 1356 evidentissimas
1709 1335 1810 1363 appro-

1018 1376 1153 1407 bationes,
1176 1375 1239 1409 quia
1255 1375 1289 1402 de
1304 1375 1359 1402 alio
1375 1376 1468 1402 nescio
1485 1383 1539 1410 quo
1554 1375 1610 1401 Deo
1623 1375 1701 1401 dicat
1715 1379 1811 1402 Salva—

1018 1427 1080 1450 tor:
1099 1431 1108 1447 ε
1127 1421 1229 1456 Diliges
1243 1421 1386 1448 Dominum
1404 1421 1487 1447 Deum
1507 1426 1582 1447 tuum
1604 1427 1638 1447 ex
1656 1425 1715 1447 toto
1727 1421 1811 1448 corde

1018 1481 1074 1505 tuo,
1092 1482 1102 1499 ι
1118 1477 1145 1499 et
1157 1472 1262 1507 reliqua
1277 1479 1338 1506 qua:
1352 1471 1423 1498 dicta
1437 1476 1511 1498 sunt.
1531 1471 1563 1498 Et
1576 1471 1718 1506 quomodo
1731 1472 1754 1499 si
1770 1471 1810 1498 lex

1017 1527 1045 1548 et
1067 1519 1206 1555 propheta:
1231 1518 1369 1545 Creatoris
1391 1522 1477 1550 sunt,
1506 1518 1577 1544 sicut
1599 1518 1714 1550 dicunt,
1731 1519 1757 1545 id
1771 1523 1811 1545 est

1018 1567 1131 1594 alterius
1145 1566 1192 1593 Dei
1208 1570 1307 1599 prater
1319 1572 1381 1590 eum
1397 1571 1478 1598 quem
1503 1564 1542 1590 ait
1564 1563 1666 1590 bonum
1679 1584 1688 1593 ,
1714 1571 1811 1591 conse-

1018 1618 1133 1647 quenter
1152 1611 1255 1638 dictum
1270 1611 1407 1638 videbitur
1419 1610 1475 1645 (36)
1491 1610 1518 1636 id
1535 1610 1607 1644 quod
1629 1610 1737 1636 addidit
1749 1630 1757 1641 ,
1772 1609 1810 1636 le-

1018 1666 1079 1693 gem
1096 1663 1122 1684 et
1135 1657 1282 1692 prophetas
1295 1658 1322 1682 in
1336 1656 1378 1682 his
1395 1656 1500 1682 duobus
1516 1656 1637 1689 pendere
1651 1655 1810 1682 mandatis?

1020 1704 1162 1737 Quomodo
1179 1704 1252 1730 enim
1269 1703 1340 1737 quod
1356 1702 1476 1729 alienum
1493 1707 1519 1728 et
1534 1701 1710 1736 peregrinum
1727 1710 1742 1728 a
1757 1701 1811 1728 Deo

1018 1762 1071 1788 est,
1087 1755 1215 1790 pendebit
1232 1755 1259 1781 in
1274 1754 1328 1782 Deo
1339 1754 1350 1780 ἳ
1363 1754 1464 1781 Paulus
1479 1759 1571 1780 autem
1584 1754 1678 1780 dicens
1691 1762 1698 1780 :
1714 1762 1725 1779 α
1743 1753 1811 1781 Gra-

1019 1808 1071 1834 tias
1080 1815 1130 1842 ago
1139 1807 1195 1833 Deo
1204 1813 1264 1834 meo
1275 1806 1319 1833 cui
1333 1806 1425 1832 servio
1437 1804 1465 1830 in
1480 1805 1578 1838 spiritu
1591 1811 1654 1831 meo
1668 1812 1683 1830 a
1699 1804 1810 1838 proavis

1019 1853 1087 1880 meis
1108 1854 1134 1880 in
1160 1853 1328 1879 conscientia
1354 1858 1423 1885 pura
1440 1851 1463 1866 "
1484 1859 1492 1883 ;
1520 1860 1530 1876 ι
1557 1850 1677 1877 dilucide
1689 1851 1811 1878 ostendit

1018 1900 1081 1933 quia
1107 1907 1162 1926 non
1188 1899 1222 1925 ad
1246 1898 1362 1933 aliqum
1379 1905 1478 1924 novum
1495 1897 1591 1929 Deum,
1615 1897 1664 1924 sed
1679 1898 1714 1924 ad
1729 1897 1812 1924 Chri.

1017 1951 1089 1972 stum
1103 1945 1159 1979 (Si)
1183 1946 1299 1972 venerit.
1322 1944 1397 1977 Quos
1414 1944 1488 1970 enim
1504 1943 1573 1970 alios
1598 1951 1718 1977 proavos
1732 1943 1810 1970 Pauli

1017 1992 1155 2025 oportebit
1182 1991 1309 2025 intelligi,
1335 1991 1387 2017 nisi
1413 1997 1461 2017 eos
1480 1990 1514 2016 de
1527 1989 1627 2023 quibus
1645 1989 1705 2023 ipse
1722 1990 1810 2017 dicit:

1021 2046 1030 2061 ι
1048 2035 1153 2063 Hebmi
1171 2041 1245 2065 sunt.
1262 2041 1290 2063 et
1302 2043 1373 2070 ego;
1391 2036 1520 2062 Israelita
1537 2039 1617 2065 sunt.
1631 2041 1661 2062 et
1675 2043 1728 2070 ego
1745 2036 1779 2062 ⁵³.
1799 2044 1810 2061 ι

1019 2082 1072 2109 Sed
1094 2088 1121 2109 et
1135 2082 1260 2116 pnefatio
1284 2083 1341 2116 ipsa
1369 2082 1497 2117 Epistula:
1520 2083 1580 2116 ejus
1607 2083 1640 2108 ad
1667 2082 1810 2109 Romanos

1018 2136 1107 2155 nonne
1128 2129 1184 2162 (SS)
1211 2129 1268 2155 ha'c
1295 2128 1391 2155 eadem
1414 2129 1456 2156 his
1477 2129 1523 2162 qui
1551 2128 1707 2162 intelligere
1731 2128 1810 2155 Pauli

175 2177 301 2203 omnibus
316 2178 343 2204 in
360 2179 429 2205 hanc
445 2179 599 2213 indaginem
618 2186 715 2205 sensus
729 2179 883 2210 adducitur,
901 2179 963 2213 quia
981 2187 1002 2213 υ
1017 2175 1122 2201 litteras
1147 2178 1258 2202 uorum.
1282 2173 1429 2207 diligenter
1453 2174 1589 2203 ostendet.
1615 2180 1697 2208 quem
1725 2173 1810 2200 Deum

174 2223 258 2250 alium
280 2224 384 2250 nesciat
403 2224 513 2250 Patrem
530 2224 582 2250 nisi
607 2224 728 2250 omnium
750 2224 917 2252 conditorem
936 2231 965 2252 et

175 2274 327 2297 emtorem
342 2271 436 2297 Deum.

1017 2219 1117 2247 Paulus
1139 2220 1265 2254 pradicat
1276 2219 1289 2244 ἲ
1303 2220 1348 2246 Ait
1363 2220 1435 2246 enim
1449 2228 1457 2245 ε
1477 2227 1487 2244 ι
1506 2218 1606 2245 Paulus
1629 2226 1730 2246 servus
1745 2217 1810 2245 Jesu

1018 2265 1120 2292 Christi
1135 2269 1247 2290 vocatus
1260 2263 1409 2297 apostolus,
1422 2269 1581 2298 srgregatus
1593 2264 1620 2289 in
1630 2262 1810 2298 Evangelium

210 2339 233 2355 "'
247 2339 342 2367 latth.
357 2347 382 2367 τ.
396 2339 441 2367 48.
456 2339 500 2366 43.
534 2339 556 2354 "
575 2338 668 2365 Μςιιυι.
683 2347 719 2369 τι,
735 2339 762 2366 9.
792 2340 815 2355 ’⁸
830 2339 928 2367 Matth.
946 2350 956 2367 1

1058 2341 1103 2368 55.
1132 2341 1155 2356 ⁷³
1171 2340 1224 2368 lsa.
1242 2348 1317 2370 vat,
1338 2340 1361 2366 I.
1399 2341 1422 2355 τι
1439 2339 1518 2367 Joau.
1536 2347 1566 2369 Il.
1586 2339 1629 2366 16.
1666 2339 1690 2354 ⁷³
1710 2339 1806 2368 Matth.

176 2382 242 2407 un,
252 2374 297 2402 32.

208 2444 264 2477 (48)
286 2443 333 2471 Sic
355 2452 450 2471 omnes
474 2444 555 2471 codd.
586 2452 669 2475 mss;
688 2444 755 2471 libb.
776 2445 860 2477 editi,
884 2454 894 2470 ι
912 2454 955 2472 rut

172 2480 317 2507 etiam.....
338 2487 392 2506 non
408 2480 541 2514 suggerit.
555 2488 565 2504 ι
591 2479 675 2505 Paulo
696 2486 756 2513 post
779 2480 845 2506 libb.
868 2481 955 2507 editi:

174 2523 184 2538 ι
202 2515 329 2548 proponit
348 2515 419 2541 Deus
437 2514 579 2548 discipulis
600 2514 658 2541 Suis
679 2514 834 2542 Dominum.
846 2525 856 2540 ι
880 2515 958 2547 ηδε..

174 2557 184 2572 ε
198 2550 326 2582 proponit
339 2551 479 2584 discipulis
492 2550 549 2576 suis
564 2549 656 2576 Deum.
670 2558 679 2574 I

208 2583 264 2619 (‘9)
285 2584 323 2610 lla
340 2583 506 2616 mssJAltas,
523 2585 585 2611 «sed
599 2589 627 2610 et
642 2584 676 2611 de
687 2584 883 2618 iuramentis...
898 2586 936 2612 ait
950 2596 957 2612 :

171 2625 356 2652 “oportet.
370 2629 381 2645 ι

186 2687 192 2691 _
207 2653 263 2694 (50)
341 2659 522 2694 [ετιςοωιιεξ
533 2655 612 2694 codd.
627 2662 693 2681 mss.
707 2655 803 2694 Alias:
822 2663 831 2680 I
847 2655 955 2694 Patrem

170 2689 327 2748 ἰδξὲωο
342 2689 484 2716 Dominum
496 2690 603 2717 «licetat
619 2696 679 2716 eum
695 2691 775 2724 cui-ts
789 2698 886 2716 uorum
903 2690 956 2717 Sa-

262 2742 272 2749 .
287 2733 297 2749 1

170 2757 364 2818 “sinuati.
387 2759 471 2792 editi.
498 2769 509 2785 ι
536 2760 683 2794 quo-oio-
706 2769 715 2785 I
742 2759 831 2791 ιιι..
857 2771 867 2787 ι
887 2768 956 2796 quo-

168 2826 472 2895 πὲὶἷζιὲξπ-ηἱι.
496 2829 729 2863 5ἱειεε.;οιιὶύ
749 2838 831 2864 vero,
857 2838 955 2858 Icon-

336 2374 538 2405 "ISJ.1LY,7.
575 2375 731 2401 "Aetn'u.
770 2374 793 2389 "
831 2375 925 2403 Matth.
955 2384 1028 2410 nti,
1053 2375 1145 2404 5759.

1197 2376 1220 2391 "
1237 2376 1256 2401 ll
1267 2375 1339 2401 Tim.
1358 2383 1388 2406 II,
1403 2375 1431 2400 3.
1468 2375 1490 2390 ’⁸
1503 2375 1523 2400 11
1547 2376 1609 2401 αυτ.
1624 2375 1718 2406 v.22.

1046 2447 1103 2481 (53)
1117 2447 1173 2473 \‘ox
1189 2455 1199 2472 ι
1220 2451 1309 2472 tamen
1327 2454 1337 2470 ι
1355 2446 1432 2472 deest
1445 2445 1472 2471 in
1485 2450 1567 2471 antea
1580 2445 1674 2476 editis,
1689 2445 1738 2472 sed
1756 2445 1806 2473 ha-

1013 2482 1094 2509 betur
1112 2483 1138 2507 in
1155 2488 1221 2508 mss.

1048 2517 1103 2550 (Si)
1121 2517 1166 2543 Sic
1183 2523 1247 2542 mss.
1264 2523 1271 2542 :
1288 2514 1353 2541 editi
1372 2521 1437 2540 vero
1451 2523 1461 2539 ι
1477 2514 1503 2550 in
1514 2514 1734 2547 diseiplinatutl.
1750 2522 1760 2537 ι

1052 2553 1107 2585 (55)
1127 2551 1230 2578 Verbis.
1248 2550 1327 2576 Deest
1338 2551 1365 2575 in
1379 2554 1459 2575 antea
1472 2549 1564 2579 editis,
1576 2550 1623 2576 sed
1641 2550 1761 2576 habetur
1779 2550 1808 2577 in

1013 2595 1079 2615 mss.
1096 2587 1196 2613 Ibidem
1222 2586 1288 2611 libb.
1313 2585 1379 2610 editi
1397 2585 1507 2613 habent,
1538 2593 1548 2609 ι
1569 2585 1616 2610 sed
1634 2586 1806 2612 concedatur

1013 2623 1084 2649 circa
1102 2623 1151 2648 has
1163 2628 1268 2647 omnes.
1290 2629 1300 2645 ι
1316 2618 1381 2645 Mss.
1397 2624 1427 2644 ut
1443 2619 1469 2643 in
1484 2624 1579 2645 nostro
1594 2624 1683 2646 textu.

1044 2658 1101 2686 iss)
1118 2656 1196 2682 Libb.
1210 2655 1277 2682 editi
1295 2655 1442 2682 iiieudose.
1462 2662 1473 2678 ι
1491 2660 1573 2687 quem
1597 2655 1676 2680 aiunt
1690 2655 1806 2686 bonum,

1009 2687 1212 2726 consequenter
1224 2691 1324 2716 deinde
1340 2689 1498 2719 videbitur;
1513 2697 1524 2713 ι
1542 2694 1617 2716 recte
1628 2694 1723 2716 autem
1737 2696 1806 2716 mss.

1008 2734 1037 2754 ut
1052 2728 1079 2754 in
1095 2732 1190 2753 nostro
1206 2730 1291 2752 textu.

1045 2762 1101 2797 (ὅτ)
1114 2761 1161 2797 Sic
1175 2768 1241 2787 mss.
1257 2759 1336 2797 [:ibb.
1354 2757 1437 2797 editi.
1451 2757 1532 2797 ε.ῃίςί
1549 2756 1704 2797 Christum.
1723 2767 1734 2784 ι

1044 2793 1100 2832 (δε)
1264 2794 1345 2822 Deest
1372 2795 1400 2820 in
1427 2793 1530 2826 cuius,
1552 2793 1603 2820 sed
1633 2793 1757 2822 habetur
1779 2793 1807 2821 iu

1010 2839 1076 2860 BSR
