1860 3073
80 131 133 164 '20!

736 136 835 163 LIBER
853 137 1041 167 SECUNDUS.

1651 140 1706 172 203

85 197 131 223 Dei
151 197 229 231 quod
251 201 315 223 ante
335 196 495 231 promiserat
512 205 561 232 per
578 198 722 232 prophetas
737 205 800 225 suos
815 197 870 232 (59)
887 200 910 229 Α
926 198 947 225 si
974 206 1006 226 ex
1026 198 1138 225 materia
1158 198 1211 230 sit,
1229 197 1339 225 materia
1356 202 1445 226 autem
1463 199 1521 226 sine
1544 199 1626 228 dubio
1644 209 1705 228 corp

84 243 110 269 in
127 242 282 277 Scripturis
295 243 396 269 sanctis
411 243 443 269 de
458 242 527 270 Filio
542 251 601 277 suo,
620 244 664 278 qui
683 243 769 271 factus
783 248 824 270 cst
845 244 870 271 ei

82 290 116 314 'ex
134 289 246 315 semine
262 287 345 315 David
360 289 507 316 secundum
523 296 643 319 carnem,
660 289 705 321 qui
728 289 870 323 prredcsti-

85 338 164 359 natus
190 338 235 359 est
258 333 342 360 Filius
358 333 403 360 Dei
424 334 450 359 in
467 335 565 360 virtute
577 335 725 361 secundum
743 334 869 368 spiritum

84 378 313 405 sanctiﬁcationis
326 385 358 404 ex
374 379 574 405 resurrectione
585 383 752 405 mortuorum
767 378 869 405 Christi

82 422 146 450 Josu
164 423 275 451 Domini
290 425 374 450 nostri
386 424 419 456 ⁸⁵,
439 433 448 450 ι
465 428 518 451 etc.
535 423 588 450 Sed
609 428 636 451 et
648 424 712 451 illud
726 424 796 458 quod
812 424 869 451 ait:

87 479 96 495 ι
115 470 174 496 Non
198 469 343 496 oliturabis
365 467 395 496 os
419 469 479 496 bovi
503 469 641 496 trituranti
665 478 672 502 ;
699 469 818 503 nunquid
839 469 870 496 de

83 516 169 542 bobus
185 523 254 542 cura
274 520 315 542 est
332 515 404 542 Deo?
422 514 460 540 An
477 521 585 549 propter
605 523 654 542 nos
673 515 766 549 utique
783 514 870 542 dicit?

82 561 198 595 Propter
216 568 266 588 nos
281 561 352 587 enim
369 562 500 594 scriptum
517 566 557 588 est
570 581 577 592 ,
602 561 664 594 quia
684 560 710 587 in
728 567 774 594 spe
790 561 871 588 debet

82 607 127 639 qui
146 611 210 633 arat
222 613 313 638 arare,
327 610 354 632 et
366 608 412 640 qui
428 607 534 634 trilurat
545 606 594 633 sub
603 613 650 641 spe
665 605 768 632 fructus
784 607 871 640 perci-

83 652 220 687 piendil’.
240 662 249 677 ι
267 651 294 678 ln
311 660 365 686 quo
380 652 520 679 evidenter
544 652 666 678 ostendit
682 651 747 686 quia
771 652 814 686 qui
832 651 871 679 le-

83 705 142 731 gem
155 699 231 724 dedit
244 698 324 730 Dens,
338 702 446 732 propter
461 705 520 729 nos.
533 698 558 724 id
574 703 615 724 est
629 702 740 732 propter
761 702 870 732 aposto-

84 743 122 769 lus
138 742 208 769 dicit
231 753 237 770 :
258 752 267 768 ι
291 743 348 770 Νοιι
371 743 512 770 obturabis
533 750 564 770 os
587 743 647 770 bovi
673 743 808 770 trituranti
831 752 837 775 ;
857 753 866 769 ι

83 788 125 814 eui
152 795 219 814 cura
252 793 312 815 erat
339 795 391 814 non
406 788 502 819 boum,
532 787 578 814 sed
607 787 788 822 apostolorum
820 789 866 822 qui

83 835 184 861 (lhristi
210 834 388 869 Evangelium
412 826 607 869 prmilicabaut.
632 834 659 860 ln
683 834 744 860 aliis
763 841 869 868 qttoqne

85 879 296 914 promissionem
310 879 376 915 legis
390 879 557 913 amplectens
571 878 671 905 Paulus
690 879 748 912 ipse
763 879 798 905 ita
815 879 868 906 ai‘t:

88 933 97 949 ι
117 924 226 950 Ilouora
242 930 347 958 patrem
368 926 441 950 tuutn
457 928 483 950 et
500 927 614 949 matrem
627 943 634 954 ,
650 923 720 957 quod
738 927 778 950 est
796 931 872 950 man-

88 970 177 995 datum
194 969 314 1003 primum
330 966 559 1003 in'promiSsione,
573 973 603 995 ut
627 968 695 995 bene
716 968 751 995 sit
767 969 827 1000 tibi,
845 974 873 996 et

89 1014 223 1048 longaevus
252 1021 334 1047 super
356 1017 455 1040 terram
471 1013 526 1045 sis,
544 1017 644 1039 terram
669 1013 766 1040 bonam
791 1021 871 1048 quam

90 1061 216 1087 Dominus
230 1060 305 1087 Deus
325 1064 387 1086 tuus
401 1058 473 1086 dabit
500 1058 545 1086 tibi
566 1059 599 1085 ".
624 1068 633 1084 ι
655 1058 707 1085 Per
732 1066 791 1094 quae
814 1060 872 1087 sine

90 1106 166 1133 dubio
186 1105 244 1141 (60)
270 1106 375 1140 placere
391 1105 442 1131 sibi
459 1104 543 1139 legem
567 1108 593 1132 et
610 1104 692 1132 Deum
709 1104 776 1140 legis
793 1109 872 1139 atque

91 1150 144 1184 ejus
157 1151 292 1184 promissa
307 1150 474 1183 pronuntiat.

105 1194 149 1222 ’5.
168 1196 222 1222 Sed
247 1196 378 1230 quoniam
401 1194 488 1222 solent
503 1194 638 1222 interdum
659 1194 739 1228 hujus
762 1195 872 1222 haeresis

91 1247 240 1269 assertores
254 1249 304 1276 per
316 1241 469 1275 deceptiosa
487 1241 608 1275 quaedam
626 1241 794 1274 sophismata
807 1241 872 1268 sim-

38 1289 45 1298 '
92 1287 229 1321 pliciorum
248 1293 419 1320 quorumque
441 1285 523 1313 corda
545 1286 671 1321 decipere
686 1286 760 1322 (61),
777 1287 873 1314 absur-

92 1331 150 1359 dum
163 1341 215 1359 non
231 1337 299 1366 puto
312 1331 332 1359 si
348 1332 429 1358 etiam
446 1339 476 1359 ea
492 1340 551 1366 qua:
570 1332 596 1359 in
611 1332 805 1359 assertionibus
817 1333 873 1360 suis

92 1376 209 1411 proferre
233 1376 323 1404 solent
335 1397 341 1408 ,
358 1382 538 1410 propellentes
559 1378 760 1411 subreptionem
778 1385 871 1405 eorum

93 1429 122 1449 Ic
136 1423 278 1450 mendacia
301 1422 356 1457 (62)
379 1422 561 1449 eonfutemus.
574 1423 659 1450 Aiunt
677 1423 782 1458 igitur;
799 1423 873 1451 Scri-

92 1474 163 1503 ptum
185 1474 228 1496 cst
246 1478 253 1496 :
276 1478 286 1494 ι
307 1469 388 1496 Deum
414 1476 492 1495 nemo
515 1469 582 1496 vidit
603 1477 719 1503 unquam
731 1469 754 1485 ⁸⁵
772 1477 779 1502 ς
798 1478 808 1496 ι
829 1469 873 1498 ille

922 244 1058 278 ruptibilis
1073 248 1114 281 est
1128 263 1135 275 ,
1150 243 1202 270 erit
1215 249 1279 278 ergo
1293 243 1348 278 jam
1371 245 1519 272 secundum
1533 246 1594 273 illos
1609 254 1703 274 corru-

921 288 1023 323 ptibilis
1040 288 1120 315 Deus.
1137 287 1252 314 Rursum
1268 295 1375 322 quoque
1391 289 1620 324 interrogabimus
1635 299 1682 319 eos
1696 301 1701 318 :

922 333 1034 361 Materia
1051 334 1120 360 facta
1136 338 1177 360 est
1200 341 1232 360 an
1251 333 1368 368 ingenita
1381 354 1389 366 ,
1413 335 1438 361 id
1461 340 1503 362 est
1527 336 1651 364 infecta?
1671 339 1704 367 Et

920 377 1053 412 siquidem
1069 378 1186 404 dixerint
1200 377 1261 411 quia
1276 377 1331 411 (63)
1347 377 1446 405 infecta
1461 385 1510 411 est,
1529 380 1553 407 id
1568 385 1611 408 est
1626 381 1702 417 iuge-

921 423 996 456 nita,
1019 423 1188 457 requiremus
1210 422 1244 450 ab
1270 422 1309 450 eis
1329 422 1351 449 si
1372 424 1493 451 materi:e
1515 432 1576 459 pars
1594 427 1701 461 quidem

921 467 972 494 alia
998 468 1085 499 Deus,
1109 467 1161 494 alia
1182 472 1269 494 autem
1289 475 1352 502 pars
1371 468 1484 496 mundus
1508 475 1557 497 est.
1584 471 1612 499 Si
1639 480 1703 500 vero

922 512 1109 547 responderint
1125 513 1158 540 de
1180 513 1293 540 materia
1309 513 1372 546 quia
1391 513 1460 540 facta
1476 514 1530 547 estf.
1545 515 1604 543 sine
1620 517 1702 544 dubio

921 563 1118 592 consequetur,
1136 563 1164 585 ut
1187 565 1248 585 eum
1273 565 1352 592 quem
1377 558 1458 585 Deum
1474 559 1583 592 dicunt,
1602 560 1701 589 factum

921 611 982 631 esse
1000 603 1135 630 fateantur
1150 603 1205 639 (σι)
1219 611 1226 636 ;
1245 603 1317 638 quod
1335 603 1430 637 utique
1445 610 1492 630 nec
1507 605 1636 639 ipsorum,
1654 614 1703 634 nec

923 655 1015 677 nostra
1038 650 1107 676 ratio
1129 650 1255 676 admittit.
1280 648 1332 676 Sed
1360 649 1451 676 dicent
1473 649 1637 678 :lnvisibilis
1663 658 1704 680 est

922 698 1001 725 Deus.
1021 698 1052 725 Et
1068 699 1130 733 quid
1147 698 1256 733 agetis?

922 743 950 770 Si
969 744 1128 772 invisibiletn
1148 752 1208 771 eum
1234 751 1294 771 esse

921 789 1011 840 “mf
1026 795 1074 840 *3"
1089 793 1214 840 ¹¹³.“¹.¹ῗ¹“
1227 809 1233 821 ’
1248 797 1294 816 "°’
1329 789 1417 840 Βέῗὲἕ
1431 789 1456 839 ii
1465 789 1702 840 ἔιῖἳῖῗέἱξῑὲῗὲῖεἵὲἔ

922 840 975 867 que
991 833 1127 860 Salvatori
1143 833 1221 861 debet
1236 841 1294 862 esse

921 878 1049 905 visibilis.
1208 887 1210 889 '
1330 880 1464 907 Saluatori
1482 878 1596 908 visibilis
1607 878 1666 908 erit:

921 923 1047 956 Quinimo
1065 924 1189 951 et'videri
1210 925 1278 951 Deus
1295 924 1374 951 Pater
1389 925 1488 952 Christi
1505 925 1621 959 dicitur,
1637 934 1703 960 quo-

921 967 994 993 niam
1020 975 1029 992 I
1052 967 1097 1002 qui
1124 968 1214 1000 videt,
1241 969 1339 1003 inquit,
1364 969 1482 1001 Filium,
1509 970 1582 997 videt
1603 975 1630 997 et
1649 970 1703 997 Pa—

923 1017 990 1040 trem
999 1013 1032 1040 ⁸⁵.
1046 1013 1139 1046 »ρυοιι
1153 1014 1243 1048 utique
1254 1021 1302 1041 vos
1309 1015 1484 1042 vehementer
1497 1021 1621 1050 angustat
1632 1015 1700 1051 (66),

921 1065 935 1084 a
948 1058 1026 1086 nobis
1048 1065 1110 1086 vero
1127 1059 1225 1086 rectius
1250 1066 1302 1086 non
1318 1066 1367 1094 pro
1387 1060 1502 1087 videndo
1514 1081 1522 1094 ,
1541 1061 1585 1088 sed
1599 1069 1648 1094 pro
1662 1062 1702 1087 in-

923 1103 1065 1138 telligendo
1088 1104 1211 1131 sentitur.
1238 1103 1289 1136 Qui
1314 1103 1386 1131 enim
1412 1105 1574 1133 intellexerit
1594 1106 1702 1139 Filium,

922 1150 1061 1186 intelliget»
1072 1155 1100 1178 et
1118 1151 1237 1178 Patrem.
1253 1151 1308 1178 lloc
1331 1157 1395 1186 ergo
1412 1153 1489 1179 modo
1505 1153 1608 1189 Moyses
1622 1154 1703 1181 etiam

922 1196 1006 1223 Deum
1029 1197 1128 1224 vidisse
1153 1198 1288 1231 putandus
1312 1202 1362 1229 est,
1384 1206 1435 1226 non
1451 1199 1603 1227 carnalibus
1619 1200 1704 1227 Oculis

922 1249 983 1269 eum
999 1242 1116 1274 intuens,
1132 1243 1178 1270 sed
1194 1244 1249 1270 visu
1265 1245 1355 1272 cordis
1369 1251 1400 1271 ac
1414 1252 1492 1271 sensu
1507 1246 1606 1273 mentis
1624 1246 1703 1273 intel.

923 1285 1018 1322 ligens,
1029 1290 1055 1313 et
1069 1286 1120 1314 hoc
1135 1294 1167 1313 ex
1182 1292 1257 1322 parte
1271 1284 1376 1323 aliqua:
1388 1288 1559 1316 Manifestum
1574 1291 1645 1317 enim
1662 1297 1704 1318 est

922 1333 997 1367 quia,
1015 1331 1152 1365 «Faciem,
1169 1333 1255 1368 inquit
1270 1354 1277 1366 ,
1300 1342 1386 1361 meam
1402 1342 1454 1362 non
1471 1335 1575 1362 videbis
1592 1335 1705 1371 (scilicet

923 1379 968 1413 qui
1001 1378 1083 1414 Moysi
1117 1386 1244 1413 responsa
1276 1379 1444 1413 praebebat).
1475 1380 1520 1406 sed
1554 1381 1704 1415 posteriora

923 1432 982 1452 mea
997 1424 1031 1450 ⁸⁷.
1051 1433 1059 1449 ι
1076 1423 1140 1457 Qum
1155 1425 1245 1459 utique
1260 1432 1320 1452 cum
1336 1432 1368 1452 eo
1384 1429 1447 1452 sunt
1464 1425 1636 1460 intelligenda
1659 1433 1704 1452 sa-

923 1474 1080 1501 cramento.
1098 1476 1150 1503 quo
1167 1469 1279 1505 intelligi
1295 1470 1422 1497 convenit
1444 1471 1515 1498 dicta
1536 1470 1625 1498 divina
1637 1491 1645 1504 ,
1659 1471 1706 1498 ab,

1354 751 1498 770 HIERONTMI
1515 751 1678 770 INTBRPRET.

1330 777 1417 804 Rnlat
1431 783 1457 804 ul
1468 778 1661 811 invisibilidtiﬁ)
1670 780 1703 804 sit

96 1521 179 1542 autem
204 1515 276 1542 Deus
303 1523 383 1549 quem
405 1515 508 1550 Moyses
529 1515 679 1549 prmdicat,
705 1520 731 1542 et
753 1516 787 1543 ab
812 1516 870 1551 ipso
884 1513 1000 1558 cjeetis
1015 1514 1136 1549 profecto
1156 1514 1207 1542 illis
1226 1519 1254 1542 et
1277 1516 1377 1550 spretis
1401 1516 1518 1543 anilibus
1531 1516 1630 1544 fabulis
1645 1525 1705 1552 quat

95 1561 180 1597 Moyse
196 1563 273 1589 visus
284 1567 336 1593 est,
359 1566 387 1588 et
404 1567 481 1589 antea
499 1570 514 1589 a
529 1562 652 1596 patribus
667 1562 724 1596 ejus
744 1571 751 1595 ;
773 1563 796 1590 is
810 1571 874 1591 vero

96 1608 138 1643 qui
153 1616 166 1635 a
183 1608 326 1635 Salvatore
346 1607 538 1639 annuntiatur.
554 1615 569 1634 a
585 1608 659 1636 nullo
677 1609 784 1643 penitus
799 1609 874 1636 visus

96 1660 143 1681 est.
157 1655 361 1689 lnterrogemus
377 1662 441 1690 ergo
455 1662 502 1682 eos
515 1658 542 1681 et
554 1661 602 1681 nos
616 1653 639 1681 si
653 1655 724 1681 hunc
739 1662 820 1688 quem
833 1654 873 1680 l'a-

97 1705 182 1727 teutur
195 1700 282 1727 Deum
300 1705 328 1726 et
346 1699 428 1726 alium
447 1706 507 1727 esse
522 1706 583 1726 eum
599 1699 693 1726 dicunt
707 1707 785 1733 qualn
802 1707 875 1726 crea-

99 1750 177 1773 torem
201 1747 300 1777 Deum,
312 1745 445 1773 visibilem
465 1753 499 1773 an
518 1745 678 1772 invisibilem
693 1745 784 1771 dicant
803 1752 872 1771 esse.

99 1791 129 1818 tu
143 1792 277 1826 siquidem
291 1791 412 1818 dixerint
430 1791 492 1824 quia
507 1790 621 1818 visibilis
639 1795 689 1822 est,
708 1782 876 1825 sepia-or

99 1837 144 1864 hoc
163 1838 232 1872 quod
251 1841 347 1864 contra
373 1836 519 1872 Scriptura
541 1836 702 1863 sententiam
724 1836 814 1862 venire
829 1843 875 1861 ar-

99 1886 217 1916 guentur,
233 1890 296 1916 quae
309 1882 375 1909 dicit
389 1883 421 1909 de
441 1881 598 1912 Salvatore,
619 1881 680 1915 quia
700 1890 709 1906 ι
727 1881 815 1915 imago
834 1885 875 1907 est

101 1927 237 1955 invisibilis
260 1927 310 1954 Dei
336 1927 529 1962 primogenitus
549 1927 637 1953 omnis
656 1931 789 1953 creatura:
800 1925 843 1958 ⁸”;
864 1935 872 1951 ι

61 2004 64 2007 ,
101 1970 233 1999 incurrent
244 1973 329 1999 etiam
341 1973 367 1999 in
382 1972 446 1998 illud
462 1971 619 2003 absurdum,
635 1972 705 2005 quod
718 1970 801 1997 Deum
813 1978 874 1997 cor-

102 2023 203 2050 poreum
225 2025 289 2045 esse
310 2018 411 2045 dicant.
437 2017 494 2043 Non
519 2016 590 2044 enim
612 2016 692 2042 aliter
714 2015 798 2043 videri
812 2015 875 2049 quid

102 2069 183 2095 potest
196 2065 246 2091 nisi
260 2071 310 2099 per
325 2064 456 2096 habitum,
470 2068 498 2090 et
518 2062 741 2097 magnitudinem,
758 2066 785 2088 et
799 2062 876 2089 colo-

103 2115 165 2139 rem,
177 2117 233 2142 quae
244 2115 309 2135 sunt
322 2108 448 2143 specialia
458 2115 612 2142 corporum.
627 2107 658 2133 Et
672 2107 693 2133 si
706 2114 805 2141 corpus
816 2113 876 2134 esse

104 2155 285 2186 pronuntietur
303 2154 380 2185 Deus.
398 2155 525 2188 quoniam
550 2160 631 2180 omne
653 2159 750 2186 corpus
771 2160 804 2179 ex
820 2159 876 2178 ma-

925 1560 958 1586 de
971 1560 1155 1588 anterioribus
1175 1561 1222 1588 Dei
1244 1561 1277 1588 ab
1301 1561 1434 1596 imperitis
1458 1562 1706 1598 posteri‘oribusque

927 1604 1075 1640 ﬁnguntur.
1095 1605 1188 1640 Neque
1203 1603 1271 1634 sane
1284 1607 1342 1642 quis
1351 1615 1400 1636 nos
1413 1608 1523 1642 impium
1532 1607 1632 1643 aliquid
1648 1616 1711 1637 scn-

925 1651 992 1679 sisse
1008 1652 1170 1685 arbitretur,
1187 1652 1257 1686 quod
1272 1652 1391 1680 diximus
1413 1654 1475 1688 quia
1495 1661 1545 1681 nec
1572 1652 1706 1682 Salvatori

924 1699 1037 1726 visibilis
1046 1703 1089 1726 est
1101 1699 1198 1727 Pater:
1212 1700 1367 1728 consideret
1378 1701 1449 1734 quali
1462 1700 1635 1728 distinctione
1650 1701 1705 1736 (67)

925 1746 1054 1772 adversus
1070 1745 1213 1773 haereticos
1234 1750 1346 1781 agentes
1361 1746 1471 1772 utimur.
1490 1746 1611 1774 Diximus
1632 1746 1705 1773 enim

925 1791 996 1824 quod
1015 1792 1087 1818 aliud
1109 1792 1144 1818 sit
1168 1791 1259 1818 videre
1281 1795 1309 1818 et
1327 1791 1429 1825 videri,
1445 1798 1471 1819 et
1493 1791 1563 1819 aliud
1587 1799 1665 1819 nosse
1680 1797 1708 1818 et

926 1837 1012 1869 nosci,
1028 1837 1069 1864 vel
1085 1844 1250 1872 cognoscere
1264 1842 1344 1871 atque
1361 1838 1498 1872 cognosci.
1514 1837 1600 1872 Igitur
1614 1838 1707 1864 videre

926 1887 953 1909 et
971 1882 1054 1909 videri
1068 1890 1211 1916 corporum
1228 1890 1272 1909 res
1287 1887 1346 1915 cst;
1369 1883 1438 1917 quod
1456 1884 1550 1917 utique
1568 1889 1618 1909 nec
1632 1882 1706 1910 Patri

927 1934 975 1954 nec
999 1926 1088 1959 Filio,
1111 1934 1160 1954 nec
1182 1926 1294 1960 Spiritui
1321 1931 1415 1953 sancto
1441 1927 1511 1953 inter
1535 1933 1564 1953 se
1591 1926 1707 1953 invicem

927 1976 1108 2005 competenter
1125 1971 1271 2005 aptab’itur.
1288 1970 1391 1998 Natura
1408 1972 1480 1998 enim
1493 1970 1633 1998 Trinitatis
1650 1979 1708 1998 mo-

928 2017 990 2044 dum
1005 2016 1115 2043 visionis
1129 2017 1246 2048 excedit,
1271 2017 1313 2044 his
1327 2024 1386 2052 qua:
1409 2017 1434 2043 in
1450 2024 1564 2051 corpore
1581 2021 1662 2048 sunt,
1682 2017 1707 2043 id

927 2066 969 2089 est
984 2061 1110 2088 omnibus
1119 2061 1173 2096 (68)
1188 2062 1299 2096 reliquis
1316 2061 1449 2088 creaturis
1462 2060 1620 2094 qualitatem
1637 2061 1711 2088 inter

928 2114 957 2134 se
970 2107 1086 2133 invicem
1101 2106 1212 2132 visionis
1228 2106 1370 2141 indulgens
1383 2113 1390 2138 ;
1407 2106 1572 2139 incorporeze
1587 2112 1651 2132 vero
1665 2114 1711 2131 na-

929 2156 996 2177 turie
1011 2154 1037 2176 et
1057 2149 1242 2184 principaliter
1257 2148 1446 2182 itttellcctuali,
1467 2147 1535 2174 nihil
1553 2148 1625 2175 aliud
1642 2155 1710 2175 con-

105 2200 165 2226 teria
174 2204 224 2233 est,
237 2198 391 2227 invenietur
404 2187 430 2226 et
447 2200 516 2226 Dens
530 2206 591 2226 esse
605 2207 638 2225 ex
656 2198 787 2229 materia;
802 2197 874 2232 quod
892 2187 914 2214 Ῑ)
929 2195 1001 2222 venit
1024 2195 1074 2222 nisi
1097 2202 1175 2222 nosse
1191 2195 1232 2222 vel
1258 2195 1331 2222 nosci
1347 2215 1355 2227 ,
1372 2195 1442 2228 sicut
1458 2198 1485 2220 ct
1509 2194 1635 2221 Salvator
1651 2194 1709 2229 ipse

139 2255 158 2271 "
175 2257 251 2283 Rom.
265 2265 284 2283 ι.
304 2257 361 2283 1-4.
398 2255 439 2282 ⁸¹Ι
455 2255 516 2282 Cor.
536 2263 572 2288 ix,
585 2255 666 2288 9,10.

107 2297 156 2323 xtv,
169 2291 195 2318 9.
233 2291 255 2307 "
271 2291 358 2318 Exod.
374 2298 472 2322 xxxut,
488 2291 534 2317 23.

138 2336 189 2370 (59)
213 2337 292 2364 Suos.
323 2337 402 2364 Deest
425 2338 450 2364 in
476 2337 574 2368 editis,
601 2344 652 2363 non
675 2343 739 2363 vero
764 2335 789 2362 in
806 2343 874 2362 mss.

108 2369 184 2397 Paulo
195 2378 252 2405 post
268 2379 344 2401 mss..
361 2381 370 2397 ι
391 2373 450 2398 bovi
467 2372 615 2399 lrituranti.
637 2381 647 2397 ι
665 2371 734 2398 Editi
747 2391 754 2402 ,
772 2379 782 2395 ί
800 2371 876 2397 bovis

109 2405 260 2434 triturautis.
280 2416 290 2432 ι
316 2406 415 2433 ibidem
434 2414 498 2434 tnss.
514 2427 521 2438 ,
542 2416 551 2432 ι
577 2414 610 2434 an
633 2411 741 2440 propter
760 2413 808 2432 nos
823 2405 876 2431 uti-

108 2446 153 2472 que
175 2440 247 2468 dieit.
279 2451 289 2468 ›
312 2441 403 2474 Editi,
431 2451 440 2466 ι
467 2449 501 2468 au
526 2446 636 2476 propter
661 2448 710 2467 nos
728 2440 813 2467 voluit
838 2440 878 2466 di-

109 2480 171 2500 cere.
191 2484 199 2499 ι

140 2509 190 2543 (60)
210 2508 258 2536 Per
273 2518 331 2544 qua:
352 2511 406 2537 sine
420 2510 508 2537 dubio.
524 2509 561 2536 Ita
575 2517 641 2537 mss.
661 2518 668 2542 ;
687 2509 751 2535 editi
775 2513 875 2540 autem,

113 2550 121 2566 ι
141 2550 251 2580 persaepe
284 2546 342 2572 sine
379 2545 469 2572 dubio.
495 2554 513 2573 ι⁴
537 2544 636 2580 Ibidem
675 2544 745 2580 libb.
783 2544 873 2580 editi,

113 2583 208 2634 :atque
229 2579 286 2612 ejus
309 2580 386 2616 jussa
408 2580 593 2614 pronuntiat.)
613 2579 677 2607 Mss.
694 2582 722 2608 ut
740 2578 766 2605 iu
783 2578 876 2605 nostro

122 2617 187 2634 exiti.

122 2617 187 2638 ειιιι.

114 2646 193 2712 ιη(61)
218 2648 347 2683 Decipere.
372 2649 411 2676 lta
436 2656 502 2676 mss.
527 2655 535 2682 ;
561 2647 626 2676 editi
648 2655 734 2680 vero,
755 2655 766 2674 ι
792 2646 878 2674 surri-

155 2689 176 2706 ιε.
199 2691 207 2707 )

155 2689 207 2707 ὅ.)

145 2714 194 2749 (62)
206 2716 350 2744 Mendacia.
359 2717 403 2745 Sic
416 2725 492 2751 mss.;
504 2718 567 2746 editi
577 2725 648 2749 vero,
665 2716 870 2743 «dementiam»

115 2745 191 2785 ifaido'
208 2757 265 2784 post.
288 2753 351 2779 libb.
376 2753 459 2783 editi,
477 2745 491 2778 ι’
506 2753 527 2779 si
556 2754 626 2780 hunc
642 2745 731 2785 'qucm
756 2751 874 2778 fatentur

117 2781 197 2816 Deum,
208 2781 289 2812 alium
305 2795 363 2813 esse
381 2781 461 2813 Deum
475 2795 557 2821 quant
572 2781 721 2814 creator-eiii
736 2786 818 2814 Deum
834 2786 873 2813 di-

116 2821 179 2849 cunt,
195 2821 332 2848 visibilem.
353 2831 362 2846 ι
380 2821 442 2848 Mss.
460 2829 487 2848 ut
505 2823 529 2847 in
547 2828 638 2849 nostro
655 2825 738 2849 testu.

259 2865 392 2897 Ριτιιοι..
416 2865 475 2896 Gtt.
500 2866 554 2898 XI.

721 2254 744 2270 ⁸³
753 2253 852 2288 Ephes.
867 2261 902 2287 vi,
915 2254 942 2289 2,
954 2255 979 2283 5.

1030 2252 1053 2268 ⁸³
1067 2252 1146 2280 Joan.
1168 2260 1198 2286 ιι,
1215 2253 1257 2279 18.
1309 2252 1331 2268 ⁸⁵
1346 2252 1450 2279 Coloss.
1465 2251 1542 2283 1.15.
1592 2251 1615 2267 ⁸⁸
1627 2250 1707 2284 Joau,

967 2335 1028 2372 (657)»
1042 2334 1215 2372 Quia._Deest
1229 2335 1255 2372 in
1266 2340 1351 2372 Aautea
1366 2335 1463 2372 editis,
1480 2334 1662 2372 sed_habetur
1679 2334 1706 2360 in

928 2369 994 2398 mss.
1012 2370 1111 2397 Ibidem
1124 2370 1189 2396 libb.
1208 2369 1272 2396 editi
1286 2389 1293 2399 .
1312 2379 1321 2395 ι
1343 2378 1406 2404 pars
1424 2370 1512 2404 aliqua
1534 2369 1605 2395 Deus
1618 2388 1625 2400 ,
1644 2376 1708 2402 pars

929 2411 1016 2432 autem
1032 2406 1146 2434 mundus
1162 2409 1214 2433 est.
1236 2413 1245 2428 ι
1262 2403 1325 2431 Mss.
1346 2410 1374 2430 ut
1392 2405 1415 2430 in
1430 2403 1522 2432 nostro
1537 2409 1622 2430 textu.

965 2439 1115 2473 (oA)Mss.,
1143 2447 1153 2464 ι
1178 2439 1322 2467 fateantur.
1341 2449 1350 2465 1
1375 2438 1451 2466 Libb.
1478 2438 1562 2470 editi,
1591 2447 1601 2464 ι
1619 2437 1705 2464 conli-

927 2479 1044 2501 teuntur.
1064 2483 1073 2499 t

962 2507 1133 2549 (esuriatur
1158 2512 1186 2549 ut
1211 2508 1368 2549 invisibilis",
1396 2511 1448 2549 etc.
1478 2506 1703 2549 gellieronymi

928 2540 1010 2576 epist.
1023 2542 1055 2570 94
1070 2543 1104 2569 ad
1119 2542 1238 2569 Avitum.
1261 2542 1326 2569 Vide
1346 2543 1470 2569 lluetium
1486 2540 1706 2575 Oi'igeniaiioruiu

929 2577 974 2605 lib.
993 2585 1022 2608 tt.
1041 2581 1136 2610 qtuest.
1154 2577 1181 2608 2,
1196 2585 1269 2603 num.
1286 2577 1318 2603 i7
1332 2582 1359 2604 et
1374 2576 1416 2605 t8.

963 2611 1018 2647 (66)
1045 2608 1091 2637 Sic
1110 2620 1204 2638 omnes
1226 2612 1304 2647 codd.
1333 2618 1422 2643 mss.;
1440 2609 1505 2637 libb.
1524 2608 1589 2636 editi
1603 2627 1611 2640 ,
1627 2618 1637 2635 ι
1654 2616 1709 2644 quo

929 2648 1021 2679 utique
1037 2654 1084 2672 nos
1098 2647 1208 2680 quidam
1222 2646 1394 2673 vehementer
1407 2648 1562 2680 angustant.
1583 2652 1594 2670 ι

967 2682 1022 2716 (67)
1036 2681 1081 2707 Sic
1092 2689 1156 2707 mss.
1171 2688 1178 2712 ;
1195 2680 1259 2716 editi
1280 2686 1429 2716 perperam,
1447 2687 1457 2704 ‹
1478 2686 1565 2713 neque
1580 2685 1645 2716 sane
1658 2684 1709 2706 nos

930 2713 1042 2749 impium
1064 2715 1164 2747 aliquid
1180 2715 1297 2741 sensisse
1318 2715 1517 2741 arbitremur...
1533 2713 1708 2740 considerent

927 2750 1001 2788 quali
1014 2750 1228 2788 distinctione.)

960 2786 1014 2820 (US)
1034 2785 1077 2820 Sic
1093 2792 1155 2809 mss.
1170 2791 1184 2820 7;»
1197 2783 1259 2810 libb.
1278 2782 1361 2816 editi,
1380 2791 1389 2808 ι
1410 2782 1451 2813 itis
1474 2783 1520 2818 qni
1544 2783 1570 2808 in
1593 2788 1707 2816 e0‘pot'o

927 2818 1001 2850 sunt,
1018 2819 1086 2846 idem
1102 2818 1239 2845 omnibus.
1259 2826 1270 2843 ι
1592 2825 1599 2828 ί

1539 2862 1557 2891 ’Ζ
