1860 3073
111 167 156 194 205

747 165 849 194 LIBER
865 162 1052 194 SECUNDUS.

1659 166 1711 194 2'36

110 236 150 262 pro
163 227 260 255 meritis
274 227 420 262 unicuique
444 227 608 259 retribuens,
629 227 674 262 qui
691 227 767 261 punit
786 232 871 254 terre—
888 232 911 258 Α
924 227 1018 261 ciuttt;
1048 228 1101 254 into
1116 226 1179 261 quid
1199 227 1251 254 tale
1267 231 1309 254 est
1328 227 1398 262 quod
1420 227 1447 254 in
1463 227 1519 256 Deo
1534 227 1600 264 legis
1619 229 1713 256 crimi.

111 281 151 301 nos
163 273 339 305 etdiabolum,
351 279 412 299 cum
427 272 495 299 nihil
508 272 617 307 dignum
638 279 716 307 paena
731 273 874 300 commiSe-

109 317 162 344 rint.
174 316 226 344 Non
242 317 312 344 enim
327 321 454 350 poterant
472 316 507 350 (si
521 317 669 344 secundum
688 317 756 344 istos
771 321 875 344 natura:

109 362 174 388 malae
187 366 213 388 et
231 361 340 395 perditae
358 361 447 395 erant)
464 361 564 395 aliquid
584 362 645 389 boni
662 369 752 397 agere.
768 362 833 389 Nam
848 367 876 389 et

107 408 168 441 quod
179 407 292 440 iudicem
307 415 368 434 eum
384 406 485 440 dicunt,
495 415 549 433 nou
565 411 617 434 tam
629 413 775 441 gestorum,
792 415 874 442 qttam

107 453 339 487 naturarumjudex
351 453 467 486 videtur;
478 454 576 488 quippe
584 453 605 480 si
614 458 708 480 natura
721 453 789 480 mala
799 454 876 480 bene-

105 497 182 525 facere
197 506 246 525 non
259 504 359 532 potest,
377 507 425 527 nec
440 501 508 527 bona
525 500 603 526 male.
619 499 686 526 Tum
701 500 798 527 deinde
812 506 874 526 eum

105 551 174 578 quem
190 544 285 571 bonum
306 546 407 578 dicunt,
428 546 450 573 si
471 546 504 573 ad
520 553 615 573 omnes
632 546 720 573 bonus
735 549 788 578 est,
814 545 874 572 sine

103 588 174 616 dubio
192 594 216 616 et
228 590 260 616 ad
275 597 322 617 eos
337 591 380 625 qui
398 591 508 625 perituri
523 595 586 618 sunt
601 591 687 618 bonus
698 595 754 621 est:
770 595 797 618 et
809 599 876 625 quo-

103 637 173 663 modo
188 644 237 664 nott
250 644 295 664 eos
308 637 411 664 salvat?
431 636 458 664 Si
477 644 529 664 non
542 637 609 669 vult,
622 637 678 671 jam
695 645 748 664 non
762 638 814 664 erit
828 637 875 664 bo-

103 688 163 713 nus;
182 681 202 707 si
217 681 272 708 vult
288 686 314 708 et
340 689 393 708 non
418 685 521 716 potest,
545 682 716 715 omnipotens
742 689 795 708 non
810 681 873 708 erit.

102 726 162 759 Quin
185 727 269 760 potius
283 727 394 753 audiant
418 727 444 753 in
469 726 622 761 Evangeliis
638 726 745 753 Patrem
768 726 875 753 Domini

102 771 177 798 nostri
193 770 252 799 Jesu
264 771 376 805 ⁵(ὶὶιι-ἰειί
395 772 482 806 ignem
498 776 695 805 praeparantem
719 771 824 799 diabolo
848 775 876 798 et

102 816 194 852 angelis
207 817 263 851 ejus
280 817 314 844 ’⁵.
330 817 362 843 Et
377 818 509 851 quomodo
524 816 594 843 istud
614 824 683 850 opus
695 821 749 842 tant
767 815 874 851 pmnale

101 870 173 897 quam
190 863 262 890 triste
284 862 433 889 secundum
454 868 566 888 sensum
591 861 705 888 istorum
730 862 787 897 (79)
810 861 873 889 boni

102 910 142 937 Dei
158 910 304 937 videbitur?
319 909 372 936 Sed
388 913 414 936 et
431 909 487 943 ipse
507 908 634 936 Salvator
650 909 712 936 boni
729 908 773 935 Dei
788 908 872 936 Filius

102 957 125 983 in
142 956 287 990 Evangeliis
308 959 474 989 protestatur
491 959 519 981 et
542 954 618 987 dicit,
637 962 646 979 ι
670 954 732 988 quia
745 954 768 981 si
795 954 872 989 signa

101 1007 124 1028 et
138 1003 249 1037 prodigia
264 1003 336 1029 facta
361 1002 474 1030 fuissent
488 1002 514 1029 iu
531 1001 602 1038 Tyro
618 1006 646 1029 et
667 1001 778 1034 Sidone,
806 1001 872 1028 olim

102 1048 124 1074 iu
132 1055 204 1075 sacco
215 1053 244 1075 et
256 1048 349 1074 cinere
361 1048 484 1075 sedentes
497 1047 682 1081 ptenitentiam
691 1047 810 1081 egissent
820 1047 870 1075 ".v

101 1092 196 1119 Etcum
211 1094 352 1127 proximus
369 1093 459 1126 utique
480 1092 547 1125 ipsis
568 1091 683 1119 urbibus
700 1091 870 1125 accessisset,

101 1144 129 1164 ac
142 1137 204 1164 ﬁnes
220 1143 314 1165 earum
332 1136 427 1163 fuisset
442 1132 579 1170 ingressus
601 1137 673 1171 (80),
688 1143 753 1168 cur.
769 1143 871 1170 quaeso,

100 1181 205 1208 det-linat
221 1182 348 1208 civitates
364 1181 429 1207 istas
447 1179 564 1215 ingredi,
585 1185 613 1207 et
629 1184 759 1215 przestaro
779 1180 820 1207 eis
836 1180 874 1207 si-

100 1235 201 1262 gnorum
220 1233 247 1255 et
268 1226 454 1262 prodigiorum
471 1226 587 1259 copiam,
607 1226 631 1253 si
653 1233 700 1253 eas
716 1226 757 1253 bis
788 1226 873 1260 gestis

100 1275 123 1302 in
134 1282 207 1302 sacco
217 1278 244 1302 et
255 1274 349 1302 cinere
360 1277 462 1300 certum
472 1277 530 1299 erat
545 1276 654 1299 acturas
668 1279 727 1299 esse
739 1272 873 1306 pteuiten-

100 1321 176 1348 tiam?
189 1320 262 1353 Quod
279 1320 373 1353 utique
386 1326 446 1346 eum
468 1326 520 1345 non
538 1318 610 1350 facit,
628 1318 686 1345 sine
704 1317 785 1344 dubio
808 1325 872 1351 per-

99 1367 182 1393 ditioni
198 1373 244 1393 eas
264 1365 405 1399 relinquit,
421 1371 489 1398 quas
514 1364 591 1391 mala:
612 1367 639 1390 et
661 1363 770 1397 perditae
790 1367 872 1389 natu-

99 1420 131 1438 ra:
143 1411 194 1446 (8|)
210 1418 261 1438 non
282 1417 344 1437 esse
359 1409 416 1443 ipse
436 1408 573 1443 Evangelii
591 1414 681 1434 sermo
697 1407 800 1434 indicat
825 1407 872 1441 qui

97 1465 139 1484 eas
152 1457 267 1492 potuisse
282 1454 415 1490 pmnitere
434 1454 564 1488 designat.
586 1452 640 1480 Sed
659 1457 686 1479 ct
711 1452 737 1478 in
755 1452 871 1486 quatiam

98 1501 224 1537 Evangelii
241 1499 420 1528 nihilominus
439 1498 568 1533 parabola
591 1498 745 1533 ingrediens
763 1505 810 1524 rex
831 1497 874 1524 vi-

925 278 1024 300 nantur
1037 272 1103 308 (85),
1116 272 1196 308 quale
1209 277 1250 301 est
1265 277 1295 300 ut
1312 281 1371 301 eum
1386 273 1430 309 qui
1445 274 1479 302 ab
1492 274 1535 302 his
1546 275 1632 302 servis
1639 282 1710 310 quos

926 319 1037 345 miserat
1063 325 1162 345 vocare
1190 318 1276 345 bonos
1290 322 1318 345 et
1339 319 1436 352 malos,
1458 319 1546 348 fuerat
1559 316 1703 354 invitatus,

923 363 1030 397 iuberet
1043 371 1092 398 pro
1105 363 1299 391 sordidioribus
1312 363 1475 393 indumentis
1486 366 1605 394 vinctum
1621 359 1709 394 mani-

925 408 976 435 bus
989 408 1153 442 pedibusque
1168 409 1193 435 in
1214 408 1363 435 exteriores
1379 410 1505 436 tenebras
1526 411 1709 446 praecipitari?

959 454 1015 488 88
1031 455 1057 481 5.
1077 454 1109 480 Ει
1123 455 1181 482 haec
1203 455 1312 489 quidem
1335 456 1458 482 sutilcere
1477 457 1576 483 debent
1590 464 1650 491 quae
1674 464 1708 484 ex

928 501 1090 528 auctoritate
1100 503 1295 536 assumpsimus
1303 501 1506 536 Scripturarum
1515 503 1548 530 ad
1560 503 1707 530 refellenda

926 553 956 573 ea
970 553 1030 580 quae
1041 546 1159 573 haeretici
1175 547 1432 574 obtendere‘solent.
1450 546 1507 574 Non
1523 551 1612 575 tamen
1628 549 1707 575 inde-

926 599 988 619 cctts
1012 592 1156 624 videbitur,
1181 593 1204 620 si
1222 593 1304 620 etiam
1328 600 1362 620 ex
1382 592 1487 620 ratione
1508 593 1592 627 ipsius
1607 600 1706 621 conse-

925 637 1041 671 quentiae
1059 637 1150 672 paucis
1166 645 1276 672 agamus
1293 645 1353 665 cum
1368 637 1417 664 eis.
1430 637 1630 672 lnterrogamus
1643 645 1709 672 ergo

926 688 973 709 eos
991 683 1012 708 si
1029 687 1127 709 norunt
1150 690 1210 716 quin
1222 683 1292 710 ratio
1310 682 1380 715 apud
1404 682 1529 709 homines
1543 683 1652 709 virtutis
1674 690 1708 709 ac

926 726 1034 754 malitia:
1047 727 1187 760 habeatur,
1210 731 1237 754 et
1249 727 1272 754 si
1287 727 1393 754 videtur
1407 734 1577 762 consequens
1593 732 1663 760 esse,
1679 732 1710 754 ut

928 773 1042 801 virtutes
1054 774 1175 801 dicamus
1192 774 1217 800 iu
1229 775 1291 807 Deo,
1303 774 1355 807 vel,
1366 779 1394 801 ut
1405 774 1468 808 ipsis
1477 774 1595 807 videtur,
1607 775 1633 801 in
1645 774 1710 802 duo-

926 819 1045 846 busistis
1057 819 1118 846 diis.
1130 818 1318 854 Respondeant
1328 820 1379 846 hoc
1389 826 1511 854 quoque:
1524 819 1709 854 sividetureis

927 864 1032 891 bonitas
1048 865 1134 891 virtus
1148 864 1202 899 (84)
1216 872 1275 892 esse
1288 864 1389 899 aliqua,
1408 865 1478 899 quod
1494 869 1558 899 puto
1577 865 1636 892 sine
1659 865 1711 892 du-

890 897 911 924 B
926 910 970 937 bio
987 910 1152 944 fatebuntur,
1167 897 1231 944 quid
1251 897 1440 937 etiam‘dicent
1456 897 1709 944 deiustitialNun-

924 963 1005 991 quam
1029 955 1161 990 profecto,
1178 960 1206 982 ut
1228 955 1293 982 mihi
1309 955 1426 988 videtur,
1451 955 1488 982 ita
1506 955 1651 990 desipient,
1678 961 1709 982 ut

920 1000 1052 1035 justitiam
1067 1005 1164 1035 negent
1178 1007 1238 1027 esse
1254 1000 1392 1027 virtutem.
1415 1000 1486 1034 Ergo
1506 1001 1527 1027 si
1540 1000 1640 1027 bonmn
1654 1001 1709 1028 vir-

924 1051 980 1079 tus,
991 1050 1017 1073 et
1029 1045 1131 1080 justitia
1144 1045 1230 1072 virtus
1241 1050 1293 1078 est,
1314 1045 1373 1072 sine
1384 1045 1465 1072 dubio
1480 1045 1587 1080 justitia
1601 1045 1708 1073 bonitas

923 1096 966 1119 est
979 1090 1045 1127 (85).
1059 1090 1088 1117 Si
1099 1098 1162 1118 vero
1179 1091 1297 1118 dixerint
1313 1098 1366 1118 non
1379 1098 1438 1118 esse
1448 1091 1548 1118 bonum
1558 1091 1707 1126 justitiam,

923 1139 1048 1170 superest
1062 1139 1090 1161 ut
1109 1139 1156 1162 aut
1167 1135 1265 1161 malum
1282 1135 1327 1167 sit,
1348 1140 1395 1162 aut
1409 1135 1578 1162 indiﬂ'erens.
1594 1135 1626 1162 Et
1644 1136 1707 1170 qui-

923 1182 985 1208 dem
1012 1181 1162 1208 dicentibus
1183 1180 1282 1207 malum
1306 1187 1365 1208 esse
1388 1180 1520 1214 justitiam
1543 1182 1708 1215 respondere

923 1227 1042 1262 ineptum
1059 1231 1132 1261 puto.
1145 1226 1262 1253 Videbor
1276 1226 1347 1253 enim
1357 1226 1398 1253 vel
1413 1227 1516 1253 insanis
1524 1227 1708 1259 sermonibus,

922 1273 963 1300 vel
977 1277 1064 1300 mente
1076 1272 1155 1299 motis
1165 1272 1319 1299 hominibus
1334 1267 1507 1306 respondere.
1523 1271 1622 1299 Malum
1635 1273 1708 1300 enim

923 1318 1057 1351 quontodo
1074 1316 1208 1344 videbitur
1228 1317 1253 1343 id
1273 1317 1345 1351 quod
1366 1317 1444 1344 bonis
1464 1318 1536 1344 bona
1557 1318 1709 1345 retribuere

923 1368 1021 1398 potest,
1039 1363 1108 1390 sicut
1122 1362 1203 1390 etiam
1216 1363 1265 1397 ipsi
1278 1363 1415 1390 fatentur?
1431 1363 1459 1390 Si
1472 1371 1536 1390 vero
1550 1363 1709 1391 indilierens

922 1409 1053 1440 dixerint,
1070 1415 1241 1442 consequens
1255 1412 1296 1435 est
1312 1412 1340 1434 ut
1356 1415 1417 1435 cum
1428 1407 1533 1443 justitia
1550 1408 1709 1436 indifferens

923 1456 968 1486 sit,
983 1458 1009 1481 et
1020 1454 1153 1481 sobrietas
1167 1458 1194 1481 et
1206 1452 1350 1488 prudentia
1369 1457 1397 1480 et
1416 1460 1512 1480 omnes
1528 1453 1638 1487 reliqua:
1652 1455 1710 1480 vir-

924 1504 994 1527 tutes
1010 1499 1195 1526 indiﬂ'erentes
1210 1498 1374 1526 habeantur.
1399 1498 1431 1526 Et
1445 1499 1509 1533 quid
1531 1500 1710 1533 respondebi-

97 1548 156 1575 dere
169 1547 370 1574 discumbentes
380 1544 424 1578 qui
441 1543 548 1570 fuerant
563 1543 680 1574 invitati,
695 1543 763 1570 vidit
777 1550 872 1576 quem-
886 1560 907 1589 α
925 1553 984 1572 mus
995 1543 1078 1572 Paulo
1093 1544 1208 1572 dicenti:
1222 1553 1232 1569 ι
1249 1544 1277 1572 Si
1294 1551 1346 1578 qua
1360 1544 1456 1576 virttts,
1465 1544 1487 1572 si
1501 1552 1553 1578 qua
1570 1545 1638 1578 laus,
1650 1545 1710 1573 haec

98 1594 153 1620 dant
166 1600 216 1619 non
232 1592 358 1618 indutum
373 1589 536 1624 nuptialibus
551 1589 728 1620 iudutnentis,
744 1593 771 1615 et
783 1588 821 1615 ait
831 1589 872 1616 ei:

99 1646 108 1662 ι
123 1636 223 1669 Amice,
241 1633 379 1670 quomodo
401 1633 454 1660 huc
471 1633 578 1660 intrasti
602 1640 655 1660 non
673 1632 777 1660 habens
797 1633 875 1659 indu-

96 1687 207 1709 mentum
225 1679 367 1716 nuptiale?
386 1679 463 1706 Tunc
477 1678 515 1705 ait
535 1678 667 1705 ministris
682 1687 688 1704 :
705 1678 834 1713 Ligantes
849 1678 874 1706 ei

96 1734 185 1754 manus
196 1732 223 1754 et
236 1727 321 1762 pedes
340 1725 437 1752 mittite
450 1731 511 1751 eum
532 1723 604 1751 foras
623 1724 649 1751 in
663 1723 788 1751 tenebras
800 1729 875 1751 exte-

97 1775 186 1806 riores,
200 1774 234 1801 ibi
249 1774 304 1800 erit
318 1771 396 1799 fletus
410 1776 436 1798 et
450 1771 550 1798 stridor
564 1771 684 1798 dentittm
698 1770 732 1797 ³⁷.
752 1779 761 1796 ι
780 1770 876 1797 Dicant

95 1820 167 1846 nobis
189 1819 250 1852 quis
273 1820 316 1844 est
337 1817 388 1843 iste
408 1823 455 1843 rex
480 1816 526 1850 qui
547 1815 686 1849 ingressus
709 1820 751 1843 est
783 1815 876 1842 videre

95 1865 300 1896 discumbentes,
337 1867 365 1890 et
392 1862 532 1889 inveniens
564 1861 634 1888 inter
656 1869 704 1889 eos
730 1862 875 1896 quemdam

95 1910 204 1937 sordidis
217 1908 396 1940 indumentis,
410 1907 487 1941 jubet
502 1914 563 1933 eum
582 1907 702 1933 vinctum
717 1913 765 1941 per
794 1907 877 1933 mini-

95 1960 161 1982 stros
173 1963 237 1983 suos
254 1955 281 1982 in
295 1953 443 1981 exteriores
459 1952 587 1979 tenebras
602 1951 719 1978 detrudi.
732 1951 875 1987 Nunquid-

95 2008 153 2027 nam
169 2000 211 2028 ille
226 2004 268 2027 est
279 2006 362 2034 quem
371 1998 472 2032 justum
485 1997 594 2024 dicunt?
604 1997 636 2024 Et
646 1998 781 2032 quomodo
790 1997 876 2024 bonos

94 2054 123 2073 ac
136 2046 218 2074 malos
232 2046 358 2080 iusserat
378 2043 487 2071 invitari
504 2043 571 2078 (82),
587 2051 638 2070 nec
653 2042 749 2070 merita
764 2050 778 2069 a
793 2043 875 2069 mini-

93 2091 153 2119 stris
172 2090 309 2119 sciscitari
334 2088 520 2123 przeccperat?
538 2087 589 2114 Per
612 2087 683 2122 quod
706 2087 799 2121 utique
822 2094 874 2113 non

91 2137 151 2170 justi
164 2137 294 2171 alicujus,
312 2139 343 2161 ut
363 2134 407 2160 isti
426 2134 530 2166 dicunt,
554 2137 581 2160 et
601 2140 650 2167 pro
668 2132 773 2159 meritis
794 2132 875 2158 retri-

94 2183 206 2214 buentis,
225 2182 274 2209 sed
287 2189 351 2216 erga
365 2187 460 2207 omnes
472 2179 626 2206 indiscreta:
640 2178 815 2212 benignitatis
833 2179 877 2204 in-

925 1589 1041 1624 cogitate
1055 1597 1114 1623 qua:
1135 1588 1277 1621 didicistis,
1294 1594 1319 1616 et
1334 1589 1487 1623 accepistis,
1503 1593 1529 1616 et
1540 1589 1665 1622 audistis,
1682 1594 1711 1617 et

925 1636 1030 1663 vidistis
1057 1635 1083 1662 in
1113 1642 1156 1662 me
1172 1635 1211 1661 ’3?
1238 1643 1247 1660 ι
1278 1634 1388 1662 Discant
1413 1642 1478 1668 ergo
1504 1640 1709 1668 perscrutantes

926 1680 1080 1714 Scripturas
1096 1679 1212 1712 divinas,
1233 1687 1292 1714 qua:
1309 1683 1371 1706 sunt
1396 1679 1510 1713 singulae
1533 1679 1656 1713 virtutes,
1682 1683 1711 1707 et

926 1732 979 1752 non
990 1723 1141 1758 subripiam
1154 1724 1182 1751 in
1202 1724 1254 1751 hoc
1268 1724 1339 1758 quod
1351 1724 1457 1756 dicunt,
1469 1724 1531 1758 quia
1545 1724 1568 1751 is
1582 1725 1652 1752 Deus
1663 1725 1710 1760 qui

925 1770 1070 1804 unicuique
1083 1770 1229 1796 secundttm
1243 1769 1367 1796 meritum
1383 1769 1522 1803 retribuit,
1544 1771 1607 1798 odio
1622 1771 1710 1798 malo-

926 1821 985 1841 rum
998 1813 1185 1849 retribuit(86)
1201 1813 1280 1840 malis
1297 1813 1377 1846 mala,
1394 1819 1421 1840 et
1445 1822 1497 1841 non
1512 1822 1561 1848 pro
1582 1822 1615 1843 eo
1638 1815 1709 1849 quod

926 1858 1122 1886 austerioribus
1140 1857 1232 1885 curari
1247 1857 1370 1891 indigent
1393 1858 1599 1885 medicamentis
1617 1858 1645 1885 hi
1663 1859 1709 1893 qui

925 1905 1107 1939 deliquerunt,
1125 1906 1152 1930 et
1172 1906 1315 1937 propterea
1336 1901 1391 1937 (87)
1411 1902 1453 1929 bis
1470 1903 1581 1930 adhibet
1594 1911 1625 1930 ea
1649 1911 1710 1938 quae

925 1949 1120 1977 emendationis
1144 1951 1290 1982 prospectu
1313 1948 1346 1973 ad
1367 1954 1486 1981 praesens
1506 1947 1633 1975 videntur
1650 1956 1711 1975 sco-

925 2002 984 2022 sum
997 1993 1100 2022 doloris
1112 1993 1220 2019 inferre.
1236 1992 1293 2019 Non
1310 1992 1401 2026 legunt
1418 1992 1474 2028 (88)
1487 1993 1551 2027 quid
1578 1994 1709 2028 scriptum

925 2039 961 2066 sit
975 2039 1009 2066 de
1024 2045 1071 2073 spe
1088 2038 1193 2064 illorum
1211 2037 1256 2071 qui
1277 2037 1304 2064 in
1320 2037 1419 2064 diluvio
1433 2038 1563 2071 perempti
1578 2043 1650 2072 sunt,
1677 2039 1711 2065 de

925 2091 979 2118 qua
996 2090 1044 2117 spe
1064 2082 1160 2110 Petrus
1174 2082 1231 2117 ipse
1246 2083 1271 2108 in
1295 2083 1382 2116 prima
1393 2082 1512 2117 Epistola
1527 2091 1574 2110 sua
1595 2084 1631 2110 ita
1648 2084 1685 2110 ait
1698 2091 1708 2111 ε

928 2138 938 2155 ι
950 2130 1018 2162 Quia
1041 2129 1164 2157 Christus
1179 2132 1301 2155 mortuus
1316 2129 1425 2163 quidem
1443 2133 1485 2156 est
1504 2137 1597 2163 carne,
1621 2130 1710 2157 viviﬁ-

926 2180 1003 2202 catus
1013 2178 1101 2201 autem
1113 2166 1234 2208 spiritu':
1252 2173 1277 2200 in
1295 2181 1347 2208 qtto
1363 2181 1478 2209 pergens
1492 2175 1652 2209 praedicavit
1667 2176 1711 2202 his

93 2227 193 2256 dicatur
213 2227 345 2255 affectus.
363 2225 391 2252 Si
409 2232 474 2252 vero
495 2230 607 2251 necesse
629 2227 671 2250 est
690 2223 740 2250 hoc
755 2223 788 2249 de
804 2223 874 2250 bono
890 2223 912 2250 ι)
927 2220 1066 2255 spiritibus
1080 2220 1126 2254 qui
1145 2220 1173 2246 itt
1194 2227 1304 2248 carcere
1320 2220 1493 2253 tenebantur,
1509 2221 1554 2255 qui
1577 2221 1709 2248 increduli

94 2272 155 2305 Deo,
169 2273 195 2300 id
212 2276 256 2299 est
269 2271 312 2298 vel
327 2270 361 2297 de
372 2269 494 2300 Christo,
513 2267 556 2294 vel
575 2267 608 2294 de
623 2266 704 2293 Patre
717 2265 818 2293 Christi
836 2266 879 2292 in-

93 2319 180 2354 telligi,
206 2318 276 2353 quid
294 2317 369 2344 aliud
386 2320 428 2343 est
445 2315 517 2349 quod
529 2313 604 2348 justo
627 2313 674 2340 Dei
691 2311 796 2346 judicio
809 2311 880 2346 obji-

129 2406 152 2421 "
168 2404 268 2432 Matth.
285 2410 339 2430 xxv
350 2421 357 2435 ,
372 2401 416 2429 41.
454 2401 477 2417 ’⁸
491 2399 586 2427 Matth.
607 2406 646 2432 x1,
659 2398 705 2426 Si.

124 2485 178 2520 (79)
189 2485 238 2513 Sic
252 2492 321 2512 mss.
337 2483 422 2516 Alias,
436 2492 446 2509 ι
469 2487 523 2510 tam
539 2481 657 2517 pmnale,
673 2486 727 2508 tam
744 2480 819 2507 triste
835 2486 878 2507 se-

92 2523 204 2547 cundum
220 2527 333 2547 sensutn
348 2526 452 2545 eorum.
471 2528 481 2543 ι

123 2554 177 2590 (80)
192 2555 230 2581 Ac
246 2554 314 2588 ﬁnes
334 2560 426 2590 earum
440 2552 532 2590 fuisse!
548 2549 766 2590 ingressuslﬂaac
778 2550 875 2576 desunt

92 2586 132 2616 in'
143 2586 222 2617 antea
238 2586 335 2620 editis,
349 2588 395 2615 sed
420 2588 553 2614 habentur
567 2587 595 2613 in
615 2586 738 2613 omnibus
757 2592 824 2620 mss.

125 2623 180 2658 (8i)
210 2624 259 2651 Sic
289 2628 364 2651 recte
386 2630 476 2658 rmss.;
508 2621 574 2658 libb.
610 2620 693 2658 editi,
728 2619 840 2658 [διὶιίιιιζ
865 2627 875 2643 ι

93 2653 246 2693 Ριιιιιιίροει
259 2665 341 2690 mss.,
357 2667 368 2683 ι
386 2657 439 2684 huc
451 2653 568 2683 intrasti.
586 2665 596 2681 ι
611 2655 691 2682 Libb.
707 2653 786 2686 editi,
802 2663 811 2679 t
833 2653 876 2680 in-

96 2695 177 2720 troisti
193 2694 259 2720 huc.
282 2701 292 2718 ι

126 2728 180 2762 (82)
197 2728 238 2754 tta
251 2735 320 2754 mss.
337 2726 417 2754 Libb.
429 2724 506 2758 editi,
521 2734 530 2750 ι
546 2723 665 2759 nunquid
675 2731 728 2751 non
742 2722 787 2750 ille
800 2726 875 2749 est...

93 2763 371 2797 lnvitarejusserat.)

127 2797 180 2832 (85)
199 2791 248 2824 §ic
263 2805 330 2824 mss.
344 2796 422 2830 Libb.
437 2795 530 2832 editi;
543 2803 553 2820 ι
575 2793 643 2832 Quid
653 2793 724 2832 illud
744 2796 785 2819 est
805 2791 877 2832 quod

94 2826 227 2866 )ns‘to’Dei
242 2832 346 2865 iudicio
364 2826 509 2865 obiicitur?
523 2830 578 2857 lmo
589 2826 661 2864 quid
682 2830 735 2856 tale
752 2831 792 2855 est
806 2826 877 2861 quod

96 2865 122 2894 in
132 2867 185 2896 Deo
196 2867 267 2902 legis
279 2865 456 2894 criminatur?
472 2874 482 2891 ι

926 2266 1034 2292 fuerant
1048 2265 1192 2299 aliquando
1209 2272 1270 2292 eum
1286 2269 1475 2300 exspectarent
1487 2266 1532 2292 Dei
1549 2267 1710 2300 patientiam

927 2311 955 2338 in
968 2311 1062 2339 diebus
1078 2310 1133 2338 Noe
1144 2318 1205 2338 eum
1220 2311 1398 2338 fabricaretur
1417 2318 1491 2344 arca,
1506 2311 1532 2339 in
1545 2319 1598 2347 qua
1618 2313 1713 2347 pauci,

742 2397 767 2413 "
787 2397 881 2425 Matth.
902 2404 971 2429 χχιι,
983 2396 1027 2428 12,
1044 2396 1088 2423 l5.
1124 2395 1147 2412 ’⁸
1162 2394 1230 2422 Phil.
1244 2403 1280 2428 tv,
1292 2393 1319 2425 8,
1331 2394 1359 2421 9.

962 2477 1018 2513 (84)
1033 2477 1141 2513 Bonitas
1155 2474 1454 2513 vii-tus._Desiderantur
1472 2474 1499 2500 in
1520 2478 1598 2500 antea
1618 2473 1709 2506 editis,

926 2510 972 2540 sed
986 2510 1118 2539 habentur
1129 2512 1154 2537 in
1174 2510 1299 2536 oumibus
1314 2517 1378 2536 mss.

961 2547 1016 2583 (85)
1031 2546 1092 2574 Sine
1106 2545 1185 2572 dubio
1205 2545 1311 2584 justitia
1337 2543 1439 2583 bonitas
1463 2547 1516 2584 est.
1540 2542 1710 2584 litec_etiam

926 2580 1060 2622 de_éun'tin
1079 2585 1158 2607 antea
1179 2580 1267 2611 editis,
1284 2580 1408 2612 quamvis
1430 2580 1598 2612 reperiantur
1611 2580 1638 2603 in
1655 2585 1699 2604 om

927 2617 1005 2644 nibus
1023 2624 1085 2643 mss.

963 2650 1017 2687 (86)
1048 2650 1116 2687 Odia
1147 2648 1275 2675 malorum
1290 2647 1422 2687 retribuit.
1443 2646 1510 2687 Illaec
1536 2653 1643 2686 quoqtte
1664 2647 1712 2673 dc-

926 2682 1079 2714 siderantur
1107 2685 1134 2711 in
1163 2689 1242 2711 antea
1256 2683 1357 2714 editis,
1375 2683 1422 2709 sed
1443 2682 1576 2708 habentur
1597 2682 1622 2707 in
1645 2689 1711 2708 mss.

962 2721 1018 2755 (87)
1034 2721 1072 2747 Ita
1090 2727 1153 2746 mss.
1169 2718 1248 2745 Libb.
1265 2717 1340 2755 editi,
1364 2726 1374 2741 ι
1402 2720 1505 2755 postea.
1524 2725 1532 2740 ι
1545 2715 1641 2755 Paulo
1653 2720 1711 2750 pos;

927 2750 1015 2787 mss,
1032 2765 1042 2781 ι
1070 2756 1105 2782 de
1130 2761 1183 2788 qua
1208 2759 1256 2786 spe
1282 2751 1389 2778 Petrus.
1421 2761 1430 2777 ι
1461 2750 1489 2776 ιιι
1520 2750 1600 2777 editis
1627 2751 1711 2784 deest,

929 2801 938 2817 ‘
1028 2800 1096 2853 ’Vidc
1108 2823 1126 2851 Ι.
1140 2831 1159 2850 ιι
1175 2821 1375 2858 Origenian.,q.
1394 2820 1466 2856 H,n.
1479 2819 1506 2847 7.
