  <div class='ocr_page' id='page_1' title='image "/cluster/home/n/w/nwhite01/storage/ocr_20150623/11/njp.32101077772414/113.png"; bbox 0 0 1860 3073; ppageno 0'>
   <div class='ocr_carea' id='block_1_1' title="bbox 147 124 199 154">
    <p class='ocr_par' dir='ltr' id='par_1_1' title="bbox 147 124 199 154">
     <span class='ocr_line' id='line_1_1' title="bbox 147 124 199 154; baseline -0.038 -1"><span class='ocrx_word' id='word_1_1' title='bbox 147 124 199 154; x_wconf 72' lang='lat'><strong>207</strong></span> 
     </span>
    </p>
   </div>
   <div class='ocr_carea' id='block_1_2' title="bbox 764 123 1154 152">
    <p class='ocr_par' dir='ltr' id='par_1_2' title="bbox 764 123 1154 152">
     <span class='ocr_line' id='line_1_2' title="bbox 764 123 1154 152; baseline -0.008 0"><span class='ocrx_word' id='word_1_2' title='bbox 764 123 844 152; x_wconf 75' lang='lat' dir='ltr'><strong>ORIG</strong></span> <span class='ocrx_word' id='word_1_3' title='bbox 849 123 925 150; x_wconf 82' lang='lat' dir='ltr'><strong>ENIS</strong></span> <span class='ocrx_word' id='word_1_4' title='bbox 940 124 1020 150; x_wconf 83' lang='grc' dir='ltr'><strong>ΠΕΡΙ</strong></span> <span class='ocrx_word' id='word_1_5' title='bbox 1038 123 1154 150; x_wconf 76' lang='grc' dir='ltr'><strong>ΛΡΧΩΝ</strong></span> 
     </span>
    </p>
   </div>
   <div class='ocr_carea' id='block_1_3' title="bbox 1721 121 1773 149">
    <p class='ocr_par' dir='ltr' id='par_1_3' title="bbox 1721 121 1773 149">
     <span class='ocr_line' id='line_1_3' title="bbox 1721 121 1773 149; baseline 0.019 -1"><span class='ocrx_word' id='word_1_6' title='bbox 1721 121 1773 149; x_wconf 61' lang='grc' dir='ltr'><strong>ρει</strong></span> 
     </span>
    </p>
   </div>
   <div class='ocr_carea' id='block_1_4' title="bbox 149 179 1775 218">
    <p class='ocr_par' dir='ltr' id='par_1_4' title="bbox 149 179 1775 218">
     <span class='ocr_line' id='line_1_4' title="bbox 149 179 1775 218; baseline -0.002 -5"><span class='ocrx_word' id='word_1_7' title='bbox 149 185 175 212; x_wconf 87' lang='lat' dir='ltr'><strong>id</strong></span> <span class='ocrx_word' id='word_1_8' title='bbox 193 189 234 213; x_wconf 81' lang='lat' dir='ltr'><strong>est</strong></span> <span class='ocrx_word' id='word_1_9' title='bbox 261 191 322 213; x_wconf 87' lang='lat' dir='ltr'><strong>octo</strong></span> <span class='ocrx_word' id='word_1_10' title='bbox 350 184 446 211; x_wconf 71' lang='lat' dir='ltr'><strong>animm</strong></span> <span class='ocrx_word' id='word_1_11' title='bbox 472 184 553 211; x_wconf 66' lang='lat' dir='ltr'><strong>salvat</strong></span> <span class='ocrx_word' id='word_1_12' title='bbox 580 185 656 211; x_wconf 75' lang='lat' dir='ltr'><strong>factze</strong></span> <span class='ocrx_word' id='word_1_13' title='bbox 667 188 732 211; x_wconf 89' lang='lat' dir='ltr'><strong>sunt</strong></span> <span class='ocrx_word' id='word_1_14' title='bbox 755 191 803 218; x_wconf 86' lang='lat' dir='ltr'><strong>per</strong></span> <span class='ocrx_word' id='word_1_15' title='bbox 828 191 936 218; x_wconf 86' lang='lat' dir='ltr'><strong>aquam,</strong></span> <span class='ocrx_word' id='word_1_16' title='bbox 952 188 975 217; x_wconf 71' lang='grc' dir='ltr'>Α</span> <span class='ocrx_word' id='word_1_17' title='bbox 991 183 1128 218; x_wconf 78' lang='lat' dir='ltr'><strong>legislalor</strong></span> <span class='ocrx_word' id='word_1_18' title='bbox 1150 181 1289 217; x_wconf 86' lang='lat' dir='ltr'><strong>pntabitur</strong></span> <span class='ocrx_word' id='word_1_19' title='bbox 1315 181 1395 208; x_wconf 84' lang='lat' dir='ltr'><strong>Deus.</strong></span> <span class='ocrx_word' id='word_1_20' title='bbox 1421 181 1520 209; x_wconf 81' lang='lat' dir='ltr'><strong>Paulus</strong></span> <span class='ocrx_word' id='word_1_21' title='bbox 1546 181 1683 215; x_wconf 73' lang='lat' dir='ltr'><strong>apostolus</strong></span> <span class='ocrx_word' id='word_1_22' title='bbox 1704 179 1775 209; x_wconf 76' lang='lat' dir='ltr'><strong>nulla</strong></span> 
     </span>
    </p>
   </div>
   <div class='ocr_carea' id='block_1_5' title="bbox 148 229 936 266">
    <p class='ocr_par' dir='ltr' id='par_1_5' title="bbox 148 229 936 266">
     <span class='ocr_line' id='line_1_5' title="bbox 148 229 936 266; baseline 0 -10"><span class='ocrx_word' id='word_1_23' title='bbox 148 231 219 266; x_wconf 81' lang='lat' dir='ltr'><strong>quod</strong></span> <span class='ocrx_word' id='word_1_24' title='bbox 238 235 264 258; x_wconf 88' lang='lat' dir='ltr'><strong>et</strong></span> <span class='ocrx_word' id='word_1_25' title='bbox 277 238 323 257; x_wconf 91' lang='lat' dir='ltr'><strong>vos</strong></span> <span class='ocrx_word' id='word_1_26' title='bbox 335 231 416 258; x_wconf 87' lang='lat' dir='ltr'><strong>simili</strong></span> <span class='ocrx_word' id='word_1_27' title='bbox 435 230 520 257; x_wconf 87' lang='lat' dir='ltr'><strong>forma</strong></span> <span class='ocrx_word' id='word_1_28' title='bbox 540 237 610 258; x_wconf 85' lang='lat' dir='ltr'><strong>nunc</strong></span> <span class='ocrx_word' id='word_1_29' title='bbox 628 230 761 263; x_wconf 88' lang='lat' dir='ltr'><strong>baptisma</strong></span> <span class='ocrx_word' id='word_1_30' title='bbox 786 229 877 256; x_wconf 85' lang='lat' dir='ltr'><strong>salvos</strong></span> <span class='ocrx_word' id='word_1_31' title='bbox 897 229 936 256; x_wconf 86' lang='lat' dir='ltr'><strong>fa-</strong></span> 
     </span>
    </p>
   </div>
   <div class='ocr_carea' id='block_1_6' title="bbox 149 274 936 305">
    <p class='ocr_par' dir='ltr' id='par_1_6' title="bbox 149 274 936 305">
     <span class='ocr_line' id='line_1_6' title="bbox 149 274 936 305; baseline -0.004 -2"><span class='ocrx_word' id='word_1_32' title='bbox 149 277 184 303; x_wconf 92' lang='lat' dir='ltr'><strong>cil</strong></span> <span class='ocrx_word' id='word_1_33' title='bbox 199 277 231 302; x_wconf 77' lang='lat'><strong>&quot;.</strong></span> <span class='ocrx_word' id='word_1_34' title='bbox 256 285 265 302; x_wconf 75' lang='grc' dir='ltr'><strong>ι</strong></span> <span class='ocrx_word' id='word_1_35' title='bbox 285 275 320 302; x_wconf 91' lang='lat' dir='ltr'><strong>De</strong></span> <span class='ocrx_word' id='word_1_36' title='bbox 335 275 451 303; x_wconf 88' lang='lat' dir='ltr'><strong>Sodoma</strong></span> <span class='ocrx_word' id='word_1_37' title='bbox 465 280 553 302; x_wconf 79' lang='lat' dir='ltr'><strong>antem</strong></span> <span class='ocrx_word' id='word_1_38' title='bbox 566 279 592 301; x_wconf 91' lang='lat' dir='ltr'><strong>et</strong></span> <span class='ocrx_word' id='word_1_39' title='bbox 604 274 756 301; x_wconf 89' lang='lat' dir='ltr'><strong>Gomorrha</strong></span> <span class='ocrx_word' id='word_1_40' title='bbox 777 274 870 305; x_wconf 77' lang='lat' dir='ltr'><strong>dicant</strong></span> <span class='ocrx_word' id='word_1_41' title='bbox 886 281 936 300; x_wconf 87' lang='lat' dir='ltr'><strong>no-</strong></span> 
     </span>
    </p>
   </div>
   <div class='ocr_carea' id='block_1_7' title="bbox 149 320 933 353">
    <p class='ocr_par' dir='ltr' id='par_1_7' title="bbox 149 320 933 353">
     <span class='ocr_line' id='line_1_7' title="bbox 149 320 933 353; baseline -0.001 -6"><span class='ocrx_word' id='word_1_42' title='bbox 149 320 201 353; x_wconf 87' lang='lat' dir='ltr'><strong>bis,</strong></span> <span class='ocrx_word' id='word_1_43' title='bbox 217 321 239 348; x_wconf 90' lang='lat' dir='ltr'><strong>si</strong></span> <span class='ocrx_word' id='word_1_44' title='bbox 258 321 515 348; x_wconf 87' lang='lat' dir='ltr'><strong>creduntcrcatoris</strong></span> <span class='ocrx_word' id='word_1_45' title='bbox 528 320 572 346; x_wconf 89' lang='lat' dir='ltr'><strong>Dei</strong></span> <span class='ocrx_word' id='word_1_46' title='bbox 582 326 642 346; x_wconf 87' lang='lat' dir='ltr'><strong>esse</strong></span> <span class='ocrx_word' id='word_1_47' title='bbox 655 320 827 353; x_wconf 88' lang='lat' dir='ltr'><strong>propheticas</strong></span> <span class='ocrx_word' id='word_1_48' title='bbox 842 327 933 353; x_wconf 85' lang='lat' dir='ltr'><strong>voces,</strong></span> 
     </span>
    </p>
   </div>
   <div class='ocr_carea' id='block_1_8' title="bbox 149 363 937 398">
    <p class='ocr_par' dir='ltr' id='par_1_8' title="bbox 149 363 937 398">
     <span class='ocr_line' id='line_1_8' title="bbox 149 363 937 398; baseline -0.003 -6"><span class='ocrx_word' id='word_1_49' title='bbox 149 365 206 398; x_wconf 81' lang='lat' dir='ltr'><strong>ejus</strong></span> <span class='ocrx_word' id='word_1_50' title='bbox 218 365 322 392; x_wconf 91' lang='lat' dir='ltr'><strong>scilicet</strong></span> <span class='ocrx_word' id='word_1_51' title='bbox 335 365 379 398; x_wconf 94' lang='lat' dir='ltr'><strong>qui</strong></span> <span class='ocrx_word' id='word_1_52' title='bbox 396 363 513 390; x_wconf 82' lang='lat' dir='ltr'><strong>refertur</strong></span> <span class='ocrx_word' id='word_1_53' title='bbox 533 371 614 397; x_wconf 86' lang='lat' dir='ltr'><strong>super</strong></span> <span class='ocrx_word' id='word_1_54' title='bbox 633 370 680 390; x_wconf 87' lang='lat' dir='ltr'><strong>eos</strong></span> <span class='ocrx_word' id='word_1_55' title='bbox 694 364 762 398; x_wconf 76' lang='lat' dir='ltr'><strong>ignis</strong></span> <span class='ocrx_word' id='word_1_56' title='bbox 776 368 804 391; x_wconf 90' lang='lat' dir='ltr'><strong>et</strong></span> <span class='ocrx_word' id='word_1_57' title='bbox 826 363 937 398; x_wconf 85' lang='lat' dir='ltr'><strong>sulphu-</strong></span> 
     </span>
    </p>
   </div>
   <div class='ocr_carea' id='block_1_9' title="bbox 150 409 937 444">
    <p class='ocr_par' dir='ltr' id='par_1_9' title="bbox 150 409 937 444">
     <span class='ocr_line' id='line_1_9' title="bbox 150 409 937 444; baseline -0.001 -7"><span class='ocrx_word' id='word_1_58' title='bbox 150 411 186 437; x_wconf 85' lang='lat' dir='ltr'><strong>ris</strong></span> <span class='ocrx_word' id='word_1_59' title='bbox 212 410 325 437; x_wconf 86' lang='lat' dir='ltr'><strong>imbrem</strong></span> <span class='ocrx_word' id='word_1_60' title='bbox 353 409 467 444; x_wconf 86' lang='lat' dir='ltr'><strong>pluisse:</strong></span> <span class='ocrx_word' id='word_1_61' title='bbox 495 409 559 443; x_wconf 90' lang='lat' dir='ltr'><strong>quid</strong></span> <span class='ocrx_word' id='word_1_62' title='bbox 585 409 651 436; x_wconf 92' lang='lat' dir='ltr'><strong>dicit</strong></span> <span class='ocrx_word' id='word_1_63' title='bbox 674 410 707 436; x_wconf 87' lang='lat' dir='ltr'><strong>de</strong></span> <span class='ocrx_word' id='word_1_64' title='bbox 732 409 797 443; x_wconf 87' lang='lat' dir='ltr'><strong>ipsis</strong></span> <span class='ocrx_word' id='word_1_65' title='bbox 813 409 937 436; x_wconf 81' lang='lat' dir='ltr'><strong>Ezechiel</strong></span> 
     </span>
    </p>
   </div>
   <div class='ocr_carea' id='block_1_10' title="bbox 149 454 940 491">
    <p class='ocr_par' dir='ltr' id='par_1_10' title="bbox 149 454 940 491">
     <span class='ocr_line' id='line_1_10' title="bbox 149 454 940 491; baseline -0.004 -8"><span class='ocrx_word' id='word_1_66' title='bbox 149 456 297 491; x_wconf 76' lang='lat' dir='ltr'><strong>propheta?</strong></span> <span class='ocrx_word' id='word_1_67' title='bbox 314 466 322 481; x_wconf 81' lang='grc' dir='ltr'><strong>ι</strong></span> <span class='ocrx_word' id='word_1_68' title='bbox 349 455 526 486; x_wconf 81' lang='lat' dir='ltr'><strong>Restituetur.</strong></span> <span class='ocrx_word' id='word_1_69' title='bbox 556 454 654 489; x_wconf 81' lang='lat' dir='ltr'><strong>inquit,</strong></span> <span class='ocrx_word' id='word_1_70' title='bbox 682 454 800 482; x_wconf 78' lang='lat' dir='ltr'><strong>Sodoma</strong></span> <span class='ocrx_word' id='word_1_71' title='bbox 826 455 853 481; x_wconf 92' lang='lat' dir='ltr'><strong>in</strong></span> <span class='ocrx_word' id='word_1_72' title='bbox 872 454 940 481; x_wconf 89' lang='lat' dir='ltr'><strong>anti-</strong></span> 
     </span>
    </p>
   </div>
   <div class='ocr_carea' id='block_1_11' title="bbox 148 499 938 539">
    <p class='ocr_par' dir='ltr' id='par_1_11' title="bbox 148 499 938 539">
     <span class='ocr_line' id='line_1_11' title="bbox 148 499 938 539; baseline -0.003 -11"><span class='ocrx_word' id='word_1_73' title='bbox 148 510 230 539; x_wconf 86' lang='lat' dir='ltr'><strong>quum</strong></span> <span class='ocrx_word' id='word_1_74' title='bbox 246 503 266 529; x_wconf 75' lang='grc' dir='ltr'><strong>ί.</strong></span> <span class='ocrx_word' id='word_1_75' title='bbox 283 511 292 527; x_wconf 69' lang='grc' dir='ltr'><strong>ι</strong></span> <span class='ocrx_word' id='word_1_76' title='bbox 311 501 378 534; x_wconf 91' lang='lat' dir='ltr'><strong>Quid</strong></span> <span class='ocrx_word' id='word_1_77' title='bbox 390 505 479 528; x_wconf 91' lang='lat' dir='ltr'><strong>autem</strong></span> <span class='ocrx_word' id='word_1_78' title='bbox 495 499 616 534; x_wconf 78' lang='lat' dir='ltr'><strong>afﬂigens</strong></span> <span class='ocrx_word' id='word_1_79' title='bbox 632 507 680 527; x_wconf 88' lang='lat' dir='ltr'><strong>eos</strong></span> <span class='ocrx_word' id='word_1_80' title='bbox 698 500 743 534; x_wconf 91' lang='lat' dir='ltr'><strong>qui</strong></span> <span class='ocrx_word' id='word_1_81' title='bbox 767 507 846 535; x_wconf 73' lang='lat' dir='ltr'><strong>ptena</strong></span> <span class='ocrx_word' id='word_1_82' title='bbox 863 500 938 534; x_wconf 82' lang='lat' dir='ltr'><strong>(ligni</strong></span> 
     </span>
    </p>
   </div>
   <div class='ocr_carea' id='block_1_12' title="bbox 148 544 938 580">
    <p class='ocr_par' dir='ltr' id='par_1_12' title="bbox 148 544 938 580">
     <span class='ocr_line' id='line_1_12' title="bbox 148 544 938 580; baseline -0.004 -6"><span class='ocrx_word' id='word_1_83' title='bbox 148 553 222 580; x_wconf 86' lang='lat' dir='ltr'><strong>sunt,</strong></span> <span class='ocrx_word' id='word_1_84' title='bbox 238 555 290 573; x_wconf 90' lang='lat' dir='ltr'><strong>non</strong></span> <span class='ocrx_word' id='word_1_85' title='bbox 307 554 355 580; x_wconf 88' lang='lat' dir='ltr'><strong>pro</strong></span> <span class='ocrx_word' id='word_1_86' title='bbox 367 546 438 572; x_wconf 89' lang='lat' dir='ltr'><strong>bono</strong></span> <span class='ocrx_word' id='word_1_87' title='bbox 449 544 560 580; x_wconf 71' lang='lat' dir='ltr'><strong>afﬂigit?</strong></span> <span class='ocrx_word' id='word_1_88' title='bbox 576 545 628 578; x_wconf 88' lang='lat' dir='ltr'><strong>Qui</strong></span> <span class='ocrx_word' id='word_1_89' title='bbox 643 546 724 572; x_wconf 89' lang='lat' dir='ltr'><strong>etiam</strong></span> <span class='ocrx_word' id='word_1_90' title='bbox 737 546 770 571; x_wconf 89' lang='lat' dir='ltr'><strong>ad</strong></span> <span class='ocrx_word' id='word_1_91' title='bbox 783 545 938 572; x_wconf 67' lang='lat' dir='ltr'><strong>Chaldaeum</strong></span> 
     </span>
    </p>
   </div>
   <div class='ocr_carea' id='block_1_13' title="bbox 149 591 937 626">
    <p class='ocr_par' dir='ltr' id='par_1_13' title="bbox 149 591 937 626">
     <span class='ocr_line' id='line_1_13' title="bbox 149 591 937 626; baseline -0.001 -6"><span class='ocrx_word' id='word_1_92' title='bbox 149 594 233 620; x_wconf 90' lang='lat' dir='ltr'><strong>dicit:</strong></span> <span class='ocrx_word' id='word_1_93' title='bbox 253 602 261 617; x_wconf 83' lang='grc' dir='ltr'><strong>ι</strong></span> <span class='ocrx_word' id='word_1_94' title='bbox 279 592 367 619; x_wconf 80' lang='lat' dir='ltr'><strong>llabes</strong></span> <span class='ocrx_word' id='word_1_95' title='bbox 384 592 518 619; x_wconf 78' lang='lat' dir='ltr'><strong>carbones</strong></span> <span class='ocrx_word' id='word_1_96' title='bbox 533 592 614 625; x_wconf 79' lang='lat' dir='ltr'><strong>ignis,</strong></span> <span class='ocrx_word' id='word_1_97' title='bbox 634 591 699 618; x_wconf 86' lang='lat' dir='ltr'><strong>sede</strong></span> <span class='ocrx_word' id='word_1_98' title='bbox 719 598 799 626; x_wconf 92' lang='lat' dir='ltr'><strong>super</strong></span> <span class='ocrx_word' id='word_1_99' title='bbox 814 598 871 624; x_wconf 81' lang='lat' dir='ltr'><strong>eos,</strong></span> <span class='ocrx_word' id='word_1_100' title='bbox 889 591 937 625; x_wconf 84' lang='lat' dir='ltr'><strong>ipsi</strong></span> 
     </span>
    </p>
   </div>
   <div class='ocr_carea' id='block_1_14' title="bbox 147 637 939 672">
    <p class='ocr_par' dir='ltr' id='par_1_14' title="bbox 147 637 939 672">
     <span class='ocr_line' id='line_1_14' title="bbox 147 637 939 672; baseline -0.004 -6"><span class='ocrx_word' id='word_1_101' title='bbox 147 643 229 666; x_wconf 88' lang='lat' dir='ltr'><strong>erunt</strong></span> <span class='ocrx_word' id='word_1_102' title='bbox 246 639 292 665; x_wconf 93' lang='lat' dir='ltr'><strong>tibi</strong></span> <span class='ocrx_word' id='word_1_103' title='bbox 305 637 471 672; x_wconf 80' lang='lat' dir='ltr'><strong>adjutorio&#39;.</strong></span> <span class='ocrx_word' id='word_1_104' title='bbox 487 647 496 663; x_wconf 77' lang='grc' dir='ltr'><strong>ι</strong></span> <span class='ocrx_word' id='word_1_105' title='bbox 515 637 568 665; x_wconf 89' lang='lat' dir='ltr'><strong>Sed</strong></span> <span class='ocrx_word' id='word_1_106' title='bbox 583 642 610 664; x_wconf 86' lang='lat' dir='ltr'><strong>et</strong></span> <span class='ocrx_word' id='word_1_107' title='bbox 625 637 657 664; x_wconf 89' lang='lat' dir='ltr'><strong>de</strong></span> <span class='ocrx_word' id='word_1_108' title='bbox 673 637 715 664; x_wconf 88' lang='lat' dir='ltr'><strong>his</strong></span> <span class='ocrx_word' id='word_1_109' title='bbox 728 637 773 671; x_wconf 86' lang='lat' dir='ltr'><strong>qui</strong></span> <span class='ocrx_word' id='word_1_110' title='bbox 790 638 815 663; x_wconf 90' lang='lat' dir='ltr'><strong>in</strong></span> <span class='ocrx_word' id='word_1_111' title='bbox 833 637 939 663; x_wconf 88' lang='lat' dir='ltr'><strong>deserto</strong></span> 
     </span>
    </p>
   </div>
   <div class='ocr_carea' id='block_1_15' title="bbox 147 683 939 718">
    <p class='ocr_par' dir='ltr' id='par_1_15' title="bbox 147 683 939 718">
     <span class='ocr_line' id='line_1_15' title="bbox 147 683 939 718; baseline -0.003 -7"><span class='ocrx_word' id='word_1_112' title='bbox 147 685 314 715; x_wconf 85' lang='lat' dir='ltr'><strong>ceciderunt,</strong></span> <span class='ocrx_word' id='word_1_113' title='bbox 338 684 450 710; x_wconf 88' lang='lat' dir='ltr'><strong>audiant</strong></span> <span class='ocrx_word' id='word_1_114' title='bbox 476 683 540 718; x_wconf 91' lang='lat' dir='ltr'><strong>quid</strong></span> <span class='ocrx_word' id='word_1_115' title='bbox 568 684 594 710; x_wconf 94' lang='lat' dir='ltr'><strong>in</strong></span> <span class='ocrx_word' id='word_1_116' title='bbox 627 691 718 711; x_wconf 75' lang='lat' dir='ltr'><strong>uxvn</strong></span> <span class='ocrx_word' id='word_1_117' title='bbox 745 683 859 718; x_wconf 80' lang='lat' dir='ltr'><strong>psalmo,</strong></span> <span class='ocrx_word' id='word_1_118' title='bbox 893 683 939 718; x_wconf 87' lang='lat' dir='ltr'><strong>qui</strong></span> 
     </span>
    </p>
   </div>
   <div class='ocr_carea' id='block_1_16' title="bbox 148 728 940 764">
    <p class='ocr_par' dir='ltr' id='par_1_16' title="bbox 148 728 940 764">
     <span class='ocr_line' id='line_1_16' title="bbox 148 728 940 764; baseline -0.001 -8"><span class='ocrx_word' id='word_1_119' title='bbox 148 730 237 764; x_wconf 79' lang='lat' dir='ltr'><strong>Asaph</strong></span> <span class='ocrx_word' id='word_1_120' title='bbox 254 729 476 763; x_wconf 74' lang='lat' dir='ltr'><strong>superscribitur,</strong></span> <span class='ocrx_word' id='word_1_121' title='bbox 493 729 645 761; x_wconf 82' lang='lat' dir='ltr'><strong>referatur;</strong></span> <span class='ocrx_word' id='word_1_122' title='bbox 662 728 699 755; x_wconf 92' lang='lat' dir='ltr'><strong>ait</strong></span> <span class='ocrx_word' id='word_1_123' title='bbox 725 728 816 755; x_wconf 88' lang='lat' dir='ltr'><strong>enim:</strong></span> <span class='ocrx_word' id='word_1_124' title='bbox 842 737 851 753; x_wconf 85' lang='grc'><strong>‹</strong></span> <span class='ocrx_word' id='word_1_125' title='bbox 871 728 940 755; x_wconf 83' lang='lat' dir='ltr'><strong>Cum</strong></span> 
     </span>
    </p>
   </div>
   <div class='ocr_carea' id='block_1_17' title="bbox 147 773 940 808">
    <p class='ocr_par' dir='ltr' id='par_1_17' title="bbox 147 773 940 808">
     <span class='ocr_line' id='line_1_17' title="bbox 147 773 940 808; baseline -0.004 -5"><span class='ocrx_word' id='word_1_126' title='bbox 147 775 284 803; x_wconf 83' lang='lat' dir='ltr'><strong>occideret</strong></span> <span class='ocrx_word' id='word_1_127' title='bbox 298 782 356 808; x_wconf 76' lang='lat' dir='ltr'><strong>eos,</strong></span> <span class='ocrx_word' id='word_1_128' title='bbox 371 781 434 802; x_wconf 87' lang='lat' dir='ltr'><strong>tunc</strong></span> <span class='ocrx_word' id='word_1_129' title='bbox 445 776 624 808; x_wconf 86' lang='lat' dir='ltr'><strong>exquirebant</strong></span> <span class='ocrx_word' id='word_1_130' title='bbox 640 783 701 801; x_wconf 90' lang='lat' dir='ltr'><strong>eum</strong></span> <span class='ocrx_word' id='word_1_131' title='bbox 715 775 736 803; x_wconf 83' lang='grc'><strong>³.</strong></span> <span class='ocrx_word' id='word_1_132' title='bbox 756 784 765 800; x_wconf 82' lang='grc' dir='ltr'><strong>ι</strong></span> <span class='ocrx_word' id='word_1_133' title='bbox 785 773 843 800; x_wconf 85' lang='grc' dir='ltr'>Νοιι</span> <span class='ocrx_word' id='word_1_134' title='bbox 864 774 940 805; x_wconf 83' lang='lat' dir='ltr'><strong>dicit.</strong></span> 
     </span>
    </p>
   </div>
   <div class='ocr_carea' id='block_1_18' title="bbox 147 819 941 856">
    <p class='ocr_par' dir='ltr' id='par_1_18' title="bbox 147 819 941 856">
     <span class='ocr_line' id='line_1_18' title="bbox 147 819 941 856; baseline -0.003 -8"><span class='ocrx_word' id='word_1_135' title='bbox 147 823 208 856; x_wconf 84' lang='lat' dir='ltr'><strong>quia</strong></span> <span class='ocrx_word' id='word_1_136' title='bbox 231 821 291 848; x_wconf 89' lang='lat' dir='ltr'><strong>aliis</strong></span> <span class='ocrx_word' id='word_1_137' title='bbox 314 821 463 848; x_wconf 87' lang='lat' dir='ltr'><strong>interfectis</strong></span> <span class='ocrx_word' id='word_1_138' title='bbox 486 821 529 848; x_wconf 90' lang='lat' dir='ltr'><strong>alii</strong></span> <span class='ocrx_word' id='word_1_139' title='bbox 552 820 727 855; x_wconf 79' lang='lat' dir='ltr'><strong>requirebant</strong></span> <span class='ocrx_word' id='word_1_140' title='bbox 747 828 818 852; x_wconf 89' lang='lat' dir='ltr'><strong>eum,</strong></span> <span class='ocrx_word' id='word_1_141' title='bbox 840 819 887 847; x_wconf 79' lang='lat' dir='ltr'><strong>sed</strong></span> <span class='ocrx_word' id='word_1_142' title='bbox 904 820 941 846; x_wconf 86' lang='lat' dir='ltr'><strong>ait</strong></span> 
     </span>
    </p>
   </div>
   <div class='ocr_carea' id='block_1_19' title="bbox 989 227 1775 262">
    <p class='ocr_par' dir='ltr' id='par_1_19' title="bbox 989 227 1775 262">
     <span class='ocr_line' id='line_1_19' title="bbox 989 227 1775 262; baseline -0.004 -7"><span class='ocrx_word' id='word_1_143' title='bbox 989 228 1146 255; x_wconf 84' lang='lat' dir='ltr'><strong>circuitione</strong></span> <span class='ocrx_word' id='word_1_144' title='bbox 1159 235 1224 254; x_wconf 81' lang='lat' dir='ltr'><strong>usus</strong></span> <span class='ocrx_word' id='word_1_145' title='bbox 1239 227 1293 253; x_wconf 87' lang='lat' dir='ltr'><strong>ait:</strong></span> <span class='ocrx_word' id='word_1_146' title='bbox 1312 237 1321 252; x_wconf 74' lang='grc' dir='ltr'><strong>ι</strong></span> <span class='ocrx_word' id='word_1_147' title='bbox 1350 227 1404 254; x_wconf 74' lang='lat' dir='ltr'><strong>Lex</strong></span> <span class='ocrx_word' id='word_1_148' title='bbox 1427 235 1492 262; x_wconf 76' lang='lat' dir='ltr'><strong>ergo</strong></span> <span class='ocrx_word' id='word_1_149' title='bbox 1506 227 1575 254; x_wconf 86' lang='lat' dir='ltr'><strong>bona</strong></span> <span class='ocrx_word' id='word_1_150' title='bbox 1590 231 1644 257; x_wconf 82' lang='lat' dir='ltr'><strong>est,</strong></span> <span class='ocrx_word' id='word_1_151' title='bbox 1659 231 1686 252; x_wconf 92' lang='lat' dir='ltr'><strong>et</strong></span> <span class='ocrx_word' id='word_1_152' title='bbox 1700 234 1775 254; x_wconf 63' lang='lat' dir='ltr'><strong>mam</strong></span> 
     </span>
    </p>
   </div>
   <div class='ocr_carea' id='block_1_20' title="bbox 990 272 1779 307">
    <p class='ocr_par' dir='ltr' id='par_1_20' title="bbox 990 272 1779 307">
     <span class='ocr_line' id='line_1_20' title="bbox 990 272 1779 307; baseline -0.001 -6"><span class='ocrx_word' id='word_1_153' title='bbox 990 275 1080 301; x_wconf 89' lang='lat' dir='ltr'><strong>datum</strong></span> <span class='ocrx_word' id='word_1_154' title='bbox 1103 279 1225 300; x_wconf 89' lang='lat' dir='ltr'><strong>sanetum</strong></span> <span class='ocrx_word' id='word_1_155' title='bbox 1246 277 1273 300; x_wconf 91' lang='lat' dir='ltr'><strong>et</strong></span> <span class='ocrx_word' id='word_1_156' title='bbox 1290 273 1392 306; x_wconf 83' lang='lat' dir='ltr'><strong>justum</strong></span> <span class='ocrx_word' id='word_1_157' title='bbox 1414 277 1442 300; x_wconf 91' lang='lat' dir='ltr'><strong>et</strong></span> <span class='ocrx_word' id='word_1_158' title='bbox 1453 272 1552 300; x_wconf 89' lang='lat' dir='ltr'><strong>bonum</strong></span> <span class='ocrx_word' id='word_1_159' title='bbox 1562 274 1583 300; x_wconf 85' lang='grc'><strong>³.</strong></span> <span class='ocrx_word' id='word_1_160' title='bbox 1599 282 1608 299; x_wconf 84' lang='grc' dir='ltr'><strong>ι</strong></span> <span class='ocrx_word' id='word_1_161' title='bbox 1626 272 1664 299; x_wconf 74' lang='lat' dir='ltr'><strong>Ex</strong></span> <span class='ocrx_word' id='word_1_162' title='bbox 1680 272 1779 307; x_wconf 72' lang='lat' dir='ltr'><strong>quibus</strong></span> 
     </span>
    </p>
   </div>
   <div class='ocr_carea' id='block_1_21' title="bbox 990 318 1779 353">
    <p class='ocr_par' dir='ltr' id='par_1_21' title="bbox 990 318 1779 353">
     <span class='ocr_line' id='line_1_21' title="bbox 990 318 1779 353; baseline -0.003 -7"><span class='ocrx_word' id='word_1_163' title='bbox 990 324 1032 346; x_wconf 86' lang='lat' dir='ltr'><strong>est</strong></span> <span class='ocrx_word' id='word_1_164' title='bbox 1050 319 1236 351; x_wconf 85' lang='lat' dir='ltr'><strong>manifestum,</strong></span> <span class='ocrx_word' id='word_1_165' title='bbox 1259 319 1321 353; x_wconf 90' lang='lat' dir='ltr'><strong>quia</strong></span> <span class='ocrx_word' id='word_1_166' title='bbox 1341 319 1440 346; x_wconf 85' lang='lat' dir='ltr'><strong>Paulus</strong></span> <span class='ocrx_word' id='word_1_167' title='bbox 1459 327 1510 346; x_wconf 90' lang='lat' dir='ltr'><strong>non</strong></span> <span class='ocrx_word' id='word_1_168' title='bbox 1538 319 1650 346; x_wconf 85' lang='lat' dir='ltr'><strong>istorum</strong></span> <span class='ocrx_word' id='word_1_169' title='bbox 1674 318 1779 345; x_wconf 84' lang='lat' dir='ltr'><strong>litteras</strong></span> 
     </span>
    </p>
   </div>
   <div class='ocr_carea' id='block_1_22' title="bbox 990 363 1779 400">
    <p class='ocr_par' dir='ltr' id='par_1_22' title="bbox 990 363 1779 400">
     <span class='ocr_line' id='line_1_22' title="bbox 990 363 1779 400; baseline -0.003 -8"><span class='ocrx_word' id='word_1_170' title='bbox 990 366 1120 392; x_wconf 86' lang='lat' dir='ltr'><strong>didicerat</strong></span> <span class='ocrx_word' id='word_1_171' title='bbox 1131 365 1176 400; x_wconf 87' lang='lat' dir='ltr'><strong>qui</strong></span> <span class='ocrx_word' id='word_1_172' title='bbox 1190 365 1292 399; x_wconf 86' lang='lat' dir='ltr'><strong>justum</strong></span> <span class='ocrx_word' id='word_1_173' title='bbox 1309 373 1323 391; x_wconf 89' lang='lat' dir='ltr'><strong>a</strong></span> <span class='ocrx_word' id='word_1_174' title='bbox 1340 364 1409 392; x_wconf 89' lang='lat' dir='ltr'><strong>bono</strong></span> <span class='ocrx_word' id='word_1_175' title='bbox 1417 363 1619 399; x_wconf 83' lang='lat' dir='ltr'><strong>separant(9l),</strong></span> <span class='ocrx_word' id='word_1_176' title='bbox 1635 364 1682 391; x_wconf 84' lang='lat' dir='ltr'><strong>sed</strong></span> <span class='ocrx_word' id='word_1_177' title='bbox 1698 364 1733 390; x_wconf 81' lang='lat' dir='ltr'><strong>ab</strong></span> <span class='ocrx_word' id='word_1_178' title='bbox 1747 371 1779 394; x_wconf 87' lang='lat' dir='ltr'><strong>eo</strong></span> 
     </span>
    </p>
   </div>
   <div class='ocr_carea' id='block_1_23' title="bbox 991 409 1779 445">
    <p class='ocr_par' dir='ltr' id='par_1_23' title="bbox 991 409 1779 445">
     <span class='ocr_line' id='line_1_23' title="bbox 991 409 1779 445; baseline -0.003 -8"><span class='ocrx_word' id='word_1_179' title='bbox 991 411 1045 439; x_wconf 83' lang='lat' dir='ltr'><strong>Deo</strong></span> <span class='ocrx_word' id='word_1_180' title='bbox 1077 411 1165 438; x_wconf 89' lang='lat' dir='ltr'><strong>fuerat</strong></span> <span class='ocrx_word' id='word_1_181' title='bbox 1182 412 1342 444; x_wconf 88' lang='lat' dir='ltr'><strong>instructus,</strong></span> <span class='ocrx_word' id='word_1_182' title='bbox 1371 416 1398 439; x_wconf 90' lang='lat' dir='ltr'><strong>et</strong></span> <span class='ocrx_word' id='word_1_183' title='bbox 1423 411 1480 445; x_wconf 88' lang='lat' dir='ltr'><strong>ejus</strong></span> <span class='ocrx_word' id='word_1_184' title='bbox 1500 411 1546 437; x_wconf 85' lang='lat' dir='ltr'><strong>Dei</strong></span> <span class='ocrx_word' id='word_1_185' title='bbox 1564 410 1666 444; x_wconf 86' lang='lat' dir='ltr'><strong>Spiritu</strong></span> <span class='ocrx_word' id='word_1_186' title='bbox 1692 409 1779 437; x_wconf 82' lang='lat' dir='ltr'><strong>fuerat</strong></span> 
     </span>
    </p>
   </div>
   <div class='ocr_carea' id='block_1_24' title="bbox 991 455 1780 490">
    <p class='ocr_par' dir='ltr' id='par_1_24' title="bbox 991 455 1780 490">
     <span class='ocr_line' id='line_1_24' title="bbox 991 455 1780 490; baseline -0.001 -8"><span class='ocrx_word' id='word_1_187' title='bbox 991 457 1167 488; x_wconf 87' lang='lat' dir='ltr'><strong>illuminatus,</strong></span> <span class='ocrx_word' id='word_1_188' title='bbox 1183 457 1229 490; x_wconf 84' lang='lat' dir='ltr'><strong>qui</strong></span> <span class='ocrx_word' id='word_1_189' title='bbox 1246 457 1325 484; x_wconf 91' lang='lat' dir='ltr'><strong>simul</strong></span> <span class='ocrx_word' id='word_1_190' title='bbox 1343 461 1369 484; x_wconf 87' lang='lat' dir='ltr'><strong>el</strong></span> <span class='ocrx_word' id='word_1_191' title='bbox 1383 462 1494 484; x_wconf 85' lang='lat' dir='ltr'><strong>sanctus</strong></span> <span class='ocrx_word' id='word_1_192' title='bbox 1510 461 1536 483; x_wconf 90' lang='lat' dir='ltr'><strong>et</strong></span> <span class='ocrx_word' id='word_1_193' title='bbox 1550 456 1636 482; x_wconf 90' lang='lat' dir='ltr'><strong>bonus</strong></span> <span class='ocrx_word' id='word_1_194' title='bbox 1652 459 1679 481; x_wconf 85' lang='lat' dir='ltr'><strong>et</strong></span> <span class='ocrx_word' id='word_1_195' title='bbox 1693 455 1780 488; x_wconf 79' lang='lat' dir='ltr'><strong>iustus</strong></span> 
     </span>
    </p>
   </div>
   <div class='ocr_carea' id='block_1_25' title="bbox 989 501 1779 542">
    <p class='ocr_par' dir='ltr' id='par_1_25' title="bbox 989 501 1779 542">
     <span class='ocr_line' id='line_1_25' title="bbox 989 501 1779 542; baseline -0.001 -13"><span class='ocrx_word' id='word_1_196' title='bbox 989 507 1047 534; x_wconf 84' lang='lat' dir='ltr'><strong>est;</strong></span> <span class='ocrx_word' id='word_1_197' title='bbox 1071 509 1119 542; x_wconf 79' lang='lat' dir='ltr'><strong>per</strong></span> <span class='ocrx_word' id='word_1_198' title='bbox 1141 502 1217 535; x_wconf 90' lang='lat' dir='ltr'><strong>cujus</strong></span> <span class='ocrx_word' id='word_1_199' title='bbox 1237 503 1280 530; x_wconf 88' lang='lat' dir='ltr'><strong>ille</strong></span> <span class='ocrx_word' id='word_1_200' title='bbox 1299 503 1429 538; x_wconf 87' lang='lat' dir='ltr'><strong>Spiritum</strong></span> <span class='ocrx_word' id='word_1_201' title='bbox 1446 502 1570 537; x_wconf 90' lang='lat' dir='ltr'><strong>loquens,</strong></span> <span class='ocrx_word' id='word_1_202' title='bbox 1582 501 1691 528; x_wconf 86' lang='lat' dir='ltr'><strong>dicebat</strong></span> <span class='ocrx_word' id='word_1_203' title='bbox 1704 508 1779 528; x_wconf 85' lang='lat' dir='ltr'><strong>man-</strong></span> 
     </span>
    </p>
   </div>
   <div class='ocr_carea' id='block_1_26' title="bbox 990 547 1779 583">
    <p class='ocr_par' dir='ltr' id='par_1_26' title="bbox 990 547 1779 583">
     <span class='ocr_line' id='line_1_26' title="bbox 990 547 1779 583; baseline -0.003 -8"><span class='ocrx_word' id='word_1_204' title='bbox 990 549 1080 576; x_wconf 90' lang='lat' dir='ltr'><strong>datqu</strong></span> <span class='ocrx_word' id='word_1_205' title='bbox 1111 549 1178 583; x_wconf 79' lang='lat' dir='ltr'><strong>legis</strong></span> <span class='ocrx_word' id='word_1_206' title='bbox 1207 557 1267 576; x_wconf 89' lang='lat' dir='ltr'><strong>esse</strong></span> <span class='ocrx_word' id='word_1_207' title='bbox 1293 553 1427 581; x_wconf 74' lang='lat' dir='ltr'><strong>Sanctum,</strong></span> <span class='ocrx_word' id='word_1_208' title='bbox 1443 553 1469 575; x_wconf 88' lang='lat' dir='ltr'><strong>et</strong></span> <span class='ocrx_word' id='word_1_209' title='bbox 1485 547 1599 582; x_wconf 86' lang='lat' dir='ltr'><strong>justum,</strong></span> <span class='ocrx_word' id='word_1_210' title='bbox 1617 552 1644 574; x_wconf 82' lang='lat' dir='ltr'><strong>et</strong></span> <span class='ocrx_word' id='word_1_211' title='bbox 1666 548 1779 576; x_wconf 87' lang='lat' dir='ltr'><strong>bonum.</strong></span> 
     </span>
    </p>
   </div>
   <div class='ocr_carea' id='block_1_27' title="bbox 990 593 1779 629">
    <p class='ocr_par' dir='ltr' id='par_1_27' title="bbox 990 593 1779 629">
     <span class='ocr_line' id='line_1_27' title="bbox 990 593 1779 629; baseline -0.001 -8"><span class='ocrx_word' id='word_1_212' title='bbox 990 593 1024 621; x_wconf 85' lang='lat' dir='ltr'><strong>Et</strong></span> <span class='ocrx_word' id='word_1_213' title='bbox 1053 601 1081 621; x_wconf 92' lang='lat' dir='ltr'><strong>ut</strong></span> <span class='ocrx_word' id='word_1_214' title='bbox 1106 595 1258 622; x_wconf 78' lang='lat' dir='ltr'><strong>evidentius</strong></span> <span class='ocrx_word' id='word_1_215' title='bbox 1286 602 1367 629; x_wconf 84' lang='lat' dir='ltr'><strong>supra</strong></span> <span class='ocrx_word' id='word_1_216' title='bbox 1391 594 1523 629; x_wconf 81' lang='lat' dir='ltr'><strong>justitiam</strong></span> <span class='ocrx_word' id='word_1_217' title='bbox 1553 598 1581 621; x_wconf 85' lang='lat' dir='ltr'><strong>et</strong></span> <span class='ocrx_word' id='word_1_218' title='bbox 1608 593 1779 620; x_wconf 72' lang='lat' dir='ltr'><strong>sanctitatem</strong></span> 
     </span>
    </p>
   </div>
   <div class='ocr_carea' id='block_1_28' title="bbox 991 639 1780 675">
    <p class='ocr_par' dir='ltr' id='par_1_28' title="bbox 991 639 1780 675">
     <span class='ocr_line' id='line_1_28' title="bbox 991 639 1780 675; baseline -0.001 -9"><span class='ocrx_word' id='word_1_219' title='bbox 991 640 1255 675; x_wconf 68' lang='lat' dir='ltr'><strong>bonitatem&#39;tuagis</strong></span> <span class='ocrx_word' id='word_1_220' title='bbox 1276 640 1365 674; x_wconf 77' lang='lat' dir='ltr'><strong>inesse</strong></span> <span class='ocrx_word' id='word_1_221' title='bbox 1396 641 1551 667; x_wconf 80' lang='lat' dir='ltr'><strong>ostenderet</strong></span> <span class='ocrx_word' id='word_1_222' title='bbox 1581 639 1608 666; x_wconf 90' lang='lat' dir='ltr'><strong>iu</strong></span> <span class='ocrx_word' id='word_1_223' title='bbox 1634 639 1780 669; x_wconf 82' lang='lat' dir='ltr'><strong>mandato.</strong></span> 
     </span>
    </p>
   </div>
   <div class='ocr_carea' id='block_1_29' title="bbox 990 684 1782 719">
    <p class='ocr_par' dir='ltr' id='par_1_29' title="bbox 990 684 1782 719">
     <span class='ocr_line' id='line_1_29' title="bbox 990 684 1782 719; baseline -0.003 -7"><span class='ocrx_word' id='word_1_224' title='bbox 990 686 1105 719; x_wconf 83' lang='lat' dir='ltr'><strong>repetito</strong></span> <span class='ocrx_word' id='word_1_225' title='bbox 1139 693 1273 717; x_wconf 86' lang='lat' dir='ltr'><strong>sermone.</strong></span> <span class='ocrx_word' id='word_1_226' title='bbox 1299 693 1347 719; x_wconf 91' lang='lat' dir='ltr'><strong>pro</strong></span> <span class='ocrx_word' id='word_1_227' title='bbox 1374 686 1415 712; x_wconf 90' lang='lat' dir='ltr'><strong>bis</strong></span> <span class='ocrx_word' id='word_1_228' title='bbox 1442 686 1528 712; x_wconf 88' lang='lat' dir='ltr'><strong>tribus</strong></span> <span class='ocrx_word' id='word_1_229' title='bbox 1552 685 1637 712; x_wconf 89' lang='lat' dir='ltr'><strong>solam</strong></span> <span class='ocrx_word' id='word_1_230' title='bbox 1667 684 1782 719; x_wconf 78' lang='lat' dir='ltr'><strong>protulit</strong></span> 
     </span>
    </p>
   </div>
   <div class='ocr_carea' id='block_1_30' title="bbox 992 731 1780 766">
    <p class='ocr_par' dir='ltr' id='par_1_30' title="bbox 992 731 1780 766">
     <span class='ocr_line' id='line_1_30' title="bbox 992 731 1780 766; baseline 0 -8"><span class='ocrx_word' id='word_1_231' title='bbox 992 732 1139 759; x_wconf 86' lang='lat' dir='ltr'><strong>bonitatem</strong></span> <span class='ocrx_word' id='word_1_232' title='bbox 1174 731 1298 758; x_wconf 88' lang='lat' dir='ltr'><strong>dicens:</strong></span> <span class='ocrx_word' id='word_1_233' title='bbox 1333 741 1342 757; x_wconf 76' lang='grc' dir='ltr'><strong>ι</strong></span> <span class='ocrx_word' id='word_1_234' title='bbox 1366 731 1440 764; x_wconf 83' lang='lat' dir='ltr'><strong>Quod</strong></span> <span class='ocrx_word' id='word_1_235' title='bbox 1475 738 1541 766; x_wconf 31' lang='lat' dir='ltr'><strong>ergo.</strong></span> <span class='ocrx_word' id='word_1_236' title='bbox 1578 732 1679 759; x_wconf 90' lang='lat' dir='ltr'><strong>bonum</strong></span> <span class='ocrx_word' id='word_1_237' title='bbox 1717 735 1780 763; x_wconf 83' lang='lat' dir='ltr'><strong>est.</strong></span> 
     </span>
    </p>
   </div>
   <div class='ocr_carea' id='block_1_31' title="bbox 992 775 1778 811">
    <p class='ocr_par' dir='ltr' id='par_1_31' title="bbox 992 775 1778 811">
     <span class='ocr_line' id='line_1_31' title="bbox 992 775 1778 811; baseline -0.001 -8"><span class='ocrx_word' id='word_1_238' title='bbox 992 776 1048 811; x_wconf 76' lang='lat'><strong>89</strong></span> <span class='ocrx_word' id='word_1_239' title='bbox 1063 776 1128 804; x_wconf 89' lang='lat' dir='ltr'><strong>mihi</strong></span> <span class='ocrx_word' id='word_1_240' title='bbox 1145 784 1217 803; x_wconf 90' lang='lat' dir='ltr'><strong>mors</strong></span> <span class='ocrx_word' id='word_1_241' title='bbox 1228 776 1288 803; x_wconf 85' lang='lat' dir='ltr'><strong>est?</strong></span> <span class='ocrx_word' id='word_1_242' title='bbox 1307 776 1378 803; x_wconf 91' lang='lat' dir='ltr'><strong>absit</strong></span> <span class='ocrx_word' id='word_1_243' title='bbox 1401 777 1421 803; x_wconf 84' lang='lat'><strong>‘.</strong></span> <span class='ocrx_word' id='word_1_244' title='bbox 1440 785 1449 802; x_wconf 80' lang='grc' dir='ltr'><strong>ι</strong></span> <span class='ocrx_word' id='word_1_245' title='bbox 1467 776 1564 803; x_wconf 85' lang='lat' dir='ltr'><strong>Sciens</strong></span> <span class='ocrx_word' id='word_1_246' title='bbox 1585 776 1686 810; x_wconf 86' lang='lat' dir='ltr'><strong>quippe</strong></span> <span class='ocrx_word' id='word_1_247' title='bbox 1699 775 1778 802; x_wconf 84' lang='lat' dir='ltr'><strong>boui-</strong></span> 
     </span>
    </p>
   </div>
   <div class='ocr_carea' id='block_1_32' title="bbox 996 821 1780 857">
    <p class='ocr_par' dir='ltr' id='par_1_32' title="bbox 996 821 1780 857">
     <span class='ocr_line' id='line_1_32' title="bbox 996 821 1780 857; baseline 0 -9"><span class='ocrx_word' id='word_1_248' title='bbox 996 827 1077 848; x_wconf 87' lang='lat' dir='ltr'><strong>tatem</strong></span> <span class='ocrx_word' id='word_1_249' title='bbox 1094 830 1180 857; x_wconf 77' lang='lat' dir='ltr'><strong>genus</strong></span> <span class='ocrx_word' id='word_1_250' title='bbox 1194 829 1254 849; x_wconf 85' lang='lat' dir='ltr'><strong>esse</strong></span> <span class='ocrx_word' id='word_1_251' title='bbox 1271 823 1413 854; x_wconf 82' lang='lat' dir='ltr'><strong>virtutum,</strong></span> <span class='ocrx_word' id='word_1_252' title='bbox 1426 821 1560 855; x_wconf 84' lang='lat' dir='ltr'><strong>justitiam</strong></span> <span class='ocrx_word' id='word_1_253' title='bbox 1580 829 1645 848; x_wconf 87' lang='lat' dir='ltr'><strong>vero</strong></span> <span class='ocrx_word' id='word_1_254' title='bbox 1658 821 1700 848; x_wconf 86' lang='lat' dir='ltr'><strong>vel</strong></span> <span class='ocrx_word' id='word_1_255' title='bbox 1716 829 1780 849; x_wconf 74' lang='lat' dir='ltr'><strong>san~</strong></span> 
     </span>
    </p>
   </div>
   <div class='ocr_carea' id='block_1_33' title="bbox 147 861 1782 903">
    <p class='ocr_par' dir='ltr' id='par_1_33' title="bbox 147 861 1782 903">
     <span class='ocr_line' id='line_1_33' title="bbox 147 861 1782 903; baseline -0.001 -9"><span class='ocrx_word' id='word_1_256' title='bbox 147 868 210 903; x_wconf 84' lang='lat' dir='ltr'><strong>quia</strong></span> <span class='ocrx_word' id='word_1_257' title='bbox 227 875 321 895; x_wconf 88' lang='lat' dir='ltr'><strong>eorum</strong></span> <span class='ocrx_word' id='word_1_258' title='bbox 339 868 384 902; x_wconf 88' lang='lat' dir='ltr'><strong>qui</strong></span> <span class='ocrx_word' id='word_1_259' title='bbox 399 867 595 895; x_wconf 84' lang='lat' dir='ltr'><strong>occidebantur</strong></span> <span class='ocrx_word' id='word_1_260' title='bbox 613 867 674 893; x_wconf 88' lang='lat' dir='ltr'><strong>talis</strong></span> <span class='ocrx_word' id='word_1_261' title='bbox 694 872 753 893; x_wconf 89' lang='lat' dir='ltr'><strong>erat</strong></span> <span class='ocrx_word' id='word_1_262' title='bbox 764 866 897 897; x_wconf 87' lang='lat' dir='ltr'><strong>interitus,</strong></span> <span class='ocrx_word' id='word_1_263' title='bbox 913 871 942 892; x_wconf 90' lang='lat' dir='ltr'><strong>ut</strong></span> <span class='ocrx_word' id='word_1_264' title='bbox 960 861 978 889; x_wconf 79' lang='grc' dir='ltr'><strong>Β</strong></span> <span class='ocrx_word' id='word_1_265' title='bbox 995 866 1117 892; x_wconf 88' lang='lat' dir='ltr'><strong>ctitatem</strong></span> <span class='ocrx_word' id='word_1_266' title='bbox 1134 866 1238 901; x_wconf 77' lang='lat' dir='ltr'><strong>species</strong></span> <span class='ocrx_word' id='word_1_267' title='bbox 1254 867 1374 901; x_wconf 74' lang='lat' dir='ltr'><strong>generis,</strong></span> <span class='ocrx_word' id='word_1_268' title='bbox 1393 867 1452 893; x_wconf 87' lang='lat' dir='ltr'><strong>ideo</strong></span> <span class='ocrx_word' id='word_1_269' title='bbox 1465 874 1526 893; x_wconf 89' lang='lat' dir='ltr'><strong>cum</strong></span> <span class='ocrx_word' id='word_1_270' title='bbox 1543 866 1569 893; x_wconf 94' lang='lat' dir='ltr'><strong>in</strong></span> <span class='ocrx_word' id='word_1_271' title='bbox 1593 866 1782 900; x_wconf 81' lang='lat' dir='ltr'><strong>superioribus</strong></span> 
     </span>
    </p>
   </div>
   <div class='ocr_carea' id='block_1_34' title="bbox 147 911 940 951">
    <p class='ocr_par' dir='ltr' id='par_1_34' title="bbox 147 911 940 951">
     <span class='ocr_line' id='line_1_34' title="bbox 147 911 940 951; baseline 0.001 -12"><span class='ocrx_word' id='word_1_272' title='bbox 147 913 302 940; x_wconf 85' lang='lat' dir='ltr'><strong>tuortilicati</strong></span> <span class='ocrx_word' id='word_1_273' title='bbox 325 912 496 947; x_wconf 86' lang='lat' dir='ltr'><strong>requirerent</strong></span> <span class='ocrx_word' id='word_1_274' title='bbox 512 913 607 940; x_wconf 91' lang='lat' dir='ltr'><strong>Deum.</strong></span> <span class='ocrx_word' id='word_1_275' title='bbox 636 912 673 939; x_wconf 77' lang='lat' dir='ltr'><strong>Ex</strong></span> <span class='ocrx_word' id='word_1_276' title='bbox 692 913 791 951; x_wconf 82' lang='lat' dir='ltr'><strong>quibus</strong></span> <span class='ocrx_word' id='word_1_277' title='bbox 815 911 940 940; x_wconf 90' lang='lat' dir='ltr'><strong>omnibus</strong></span> 
     </span>
    </p>
   </div>
   <div class='ocr_carea' id='block_1_35' title="bbox 147 957 941 993">
    <p class='ocr_par' dir='ltr' id='par_1_35' title="bbox 147 957 941 993">
     <span class='ocr_line' id='line_1_35' title="bbox 147 957 941 993; baseline -0.003 -8"><span class='ocrx_word' id='word_1_278' title='bbox 147 964 254 986; x_wconf 82' lang='lat' dir='ltr'><strong>constat</strong></span> <span class='ocrx_word' id='word_1_279' title='bbox 270 966 351 986; x_wconf 89' lang='lat' dir='ltr'><strong>unum</strong></span> <span class='ocrx_word' id='word_1_280' title='bbox 363 959 541 993; x_wconf 86' lang='lat' dir='ltr'><strong>enmdemque</strong></span> <span class='ocrx_word' id='word_1_281' title='bbox 552 965 611 986; x_wconf 89' lang='lat' dir='ltr'><strong>esse</strong></span> <span class='ocrx_word' id='word_1_282' title='bbox 622 958 724 992; x_wconf 88' lang='lat' dir='ltr'><strong>justutn</strong></span> <span class='ocrx_word' id='word_1_283' title='bbox 746 963 772 985; x_wconf 91' lang='lat' dir='ltr'><strong>et</strong></span> <span class='ocrx_word' id='word_1_284' title='bbox 788 958 886 985; x_wconf 87' lang='lat' dir='ltr'><strong>bonum</strong></span> <span class='ocrx_word' id='word_1_285' title='bbox 903 957 941 984; x_wconf 86' lang='lat' dir='ltr'><strong>le-</strong></span> 
     </span>
    </p>
   </div>
   <div class='ocr_carea' id='block_1_36' title="bbox 146 1002 940 1038">
    <p class='ocr_par' dir='ltr' id='par_1_36' title="bbox 146 1002 940 1038">
     <span class='ocr_line' id='line_1_36' title="bbox 146 1002 940 1038; baseline -0.003 -7"><span class='ocrx_word' id='word_1_286' title='bbox 146 1004 187 1038; x_wconf 78' lang='lat' dir='ltr'><strong>gis</strong></span> <span class='ocrx_word' id='word_1_287' title='bbox 202 1009 230 1031; x_wconf 87' lang='lat' dir='ltr'><strong>et</strong></span> <span class='ocrx_word' id='word_1_288' title='bbox 250 1004 454 1038; x_wconf 76' lang='lat' dir='ltr'><strong>Evangeliorum</strong></span> <span class='ocrx_word' id='word_1_289' title='bbox 478 1004 572 1036; x_wconf 77' lang='lat' dir='ltr'><strong>Deum,</strong></span> <span class='ocrx_word' id='word_1_290' title='bbox 590 1008 616 1031; x_wconf 90' lang='lat' dir='ltr'><strong>et</strong></span> <span class='ocrx_word' id='word_1_291' title='bbox 637 1002 799 1031; x_wconf 80' lang='lat' dir='ltr'><strong>benefacere</strong></span> <span class='ocrx_word' id='word_1_292' title='bbox 814 1011 876 1030; x_wconf 88' lang='lat' dir='ltr'><strong>cum</strong></span> <span class='ocrx_word' id='word_1_293' title='bbox 894 1003 940 1037; x_wconf 81' lang='lat' dir='ltr'><strong>ju-</strong></span> 
     </span>
    </p>
   </div>
   <div class='ocr_carea' id='block_1_37' title="bbox 146 1049 940 1084">
    <p class='ocr_par' dir='ltr' id='par_1_37' title="bbox 146 1049 940 1084">
     <span class='ocr_line' id='line_1_37' title="bbox 146 1049 940 1084; baseline -0.001 -7"><span class='ocrx_word' id='word_1_294' title='bbox 146 1051 219 1078; x_wconf 78' lang='lat' dir='ltr'><strong>stitia</strong></span> <span class='ocrx_word' id='word_1_295' title='bbox 237 1054 264 1078; x_wconf 89' lang='lat' dir='ltr'><strong>et</strong></span> <span class='ocrx_word' id='word_1_296' title='bbox 283 1057 343 1077; x_wconf 92' lang='lat' dir='ltr'><strong>cum</strong></span> <span class='ocrx_word' id='word_1_297' title='bbox 359 1050 480 1077; x_wconf 83' lang='lat' dir='ltr'><strong>bonitate</strong></span> <span class='ocrx_word' id='word_1_298' title='bbox 496 1050 609 1084; x_wconf 82' lang='lat' dir='ltr'><strong>punire;</strong></span> <span class='ocrx_word' id='word_1_299' title='bbox 624 1049 688 1083; x_wconf 87' lang='lat' dir='ltr'><strong>quia</strong></span> <span class='ocrx_word' id='word_1_300' title='bbox 703 1056 754 1076; x_wconf 88' lang='lat' dir='ltr'><strong>nec</strong></span> <span class='ocrx_word' id='word_1_301' title='bbox 767 1049 868 1084; x_wconf 85' lang='lat' dir='ltr'><strong>bonum</strong></span> <span class='ocrx_word' id='word_1_302' title='bbox 882 1049 940 1076; x_wconf 88' lang='lat' dir='ltr'><strong>sine</strong></span> 
     </span>
    </p>
   </div>
   <div class='ocr_carea' id='block_1_38' title="bbox 144 1095 938 1135">
    <p class='ocr_par' dir='ltr' id='par_1_38' title="bbox 144 1095 938 1135">
     <span class='ocr_line' id='line_1_38' title="bbox 144 1095 938 1135; baseline 0 -13"><span class='ocrx_word' id='word_1_303' title='bbox 144 1096 228 1130; x_wconf 81' lang='lat' dir='ltr'><strong>justo,</strong></span> <span class='ocrx_word' id='word_1_304' title='bbox 241 1104 291 1123; x_wconf 77' lang='lat' dir='ltr'><strong>nec</strong></span> <span class='ocrx_word' id='word_1_305' title='bbox 302 1096 404 1129; x_wconf 91' lang='lat' dir='ltr'><strong>justum</strong></span> <span class='ocrx_word' id='word_1_306' title='bbox 418 1096 478 1123; x_wconf 84' lang='lat' dir='ltr'><strong>sine</strong></span> <span class='ocrx_word' id='word_1_307' title='bbox 488 1096 558 1122; x_wconf 90' lang='lat' dir='ltr'><strong>bono</strong></span> <span class='ocrx_word' id='word_1_308' title='bbox 572 1095 729 1135; x_wconf 79' lang='lat' dir='ltr'><strong>dignitatem</strong></span> <span class='ocrx_word' id='word_1_309' title='bbox 739 1095 837 1122; x_wconf 68' lang='lat' dir='ltr'><strong>divinae</strong></span> <span class='ocrx_word' id='word_1_310' title='bbox 849 1099 938 1129; x_wconf 84' lang='lat' dir='ltr'><strong>potest</strong></span> 
     </span>
    </p>
   </div>
   <div class='ocr_carea' id='block_1_39' title="bbox 147 1140 940 1174">
    <p class='ocr_par' dir='ltr' id='par_1_39' title="bbox 147 1140 940 1174">
     <span class='ocr_line' id='line_1_39' title="bbox 147 1140 940 1174; baseline -0.001 -5"><span class='ocrx_word' id='word_1_311' title='bbox 147 1143 266 1169; x_wconf 83' lang='lat' dir='ltr'><strong>indicare</strong></span> <span class='ocrx_word' id='word_1_312' title='bbox 277 1141 530 1169; x_wconf 77' lang='lat' dir='ltr'><strong>natnrze.Addemus</strong></span> <span class='ocrx_word' id='word_1_313' title='bbox 540 1141 627 1168; x_wconf 83' lang='lat' dir='ltr'><strong>adhuc</strong></span> <span class='ocrx_word' id='word_1_314' title='bbox 640 1140 722 1168; x_wconf 89' lang='lat' dir='ltr'><strong>etiam</strong></span> <span class='ocrx_word' id='word_1_315' title='bbox 737 1141 798 1174; x_wconf 83' lang='lat' dir='ltr'><strong>hoc,</strong></span> <span class='ocrx_word' id='word_1_316' title='bbox 813 1141 940 1168; x_wconf 86' lang='lat' dir='ltr'><strong>versutiis</strong></span> 
     </span>
    </p>
   </div>
   <div class='ocr_carea' id='block_1_40' title="bbox 147 1186 939 1222">
    <p class='ocr_par' dir='ltr' id='par_1_40' title="bbox 147 1186 939 1222">
     <span class='ocr_line' id='line_1_40' title="bbox 147 1186 939 1222; baseline 0 -8"><span class='ocrx_word' id='word_1_317' title='bbox 147 1195 239 1214; x_wconf 87' lang='lat' dir='ltr'><strong>eorum</strong></span> <span class='ocrx_word' id='word_1_318' title='bbox 257 1186 480 1220; x_wconf 87' lang='lat' dir='ltr'><strong>compellentihus</strong></span> <span class='ocrx_word' id='word_1_319' title='bbox 494 1194 558 1213; x_wconf 87' lang='lat' dir='ltr'><strong>nos:</strong></span> <span class='ocrx_word' id='word_1_320' title='bbox 569 1186 596 1214; x_wconf 89' lang='lat' dir='ltr'><strong>Si</strong></span> <span class='ocrx_word' id='word_1_321' title='bbox 607 1186 678 1214; x_wconf 81' lang='lat' dir='ltr'><strong>aliud</strong></span> <span class='ocrx_word' id='word_1_322' title='bbox 692 1186 845 1220; x_wconf 84' lang='lat' dir='ltr'><strong>estjustum</strong></span> <span class='ocrx_word' id='word_1_323' title='bbox 858 1195 939 1222; x_wconf 86' lang='lat' dir='ltr'><strong>quam</strong></span> 
     </span>
    </p>
   </div>
   <div class='ocr_carea' id='block_1_41' title="bbox 146 1231 939 1270">
    <p class='ocr_par' dir='ltr' id='par_1_41' title="bbox 146 1231 939 1270">
     <span class='ocr_line' id='line_1_41' title="bbox 146 1231 939 1270; baseline 0.003 -12"><span class='ocrx_word' id='word_1_324' title='bbox 146 1231 258 1263; x_wconf 79' lang='lat' dir='ltr'><strong>hortum,</strong></span> <span class='ocrx_word' id='word_1_325' title='bbox 276 1231 403 1270; x_wconf 78' lang='lat' dir='ltr'><strong>quoniam</strong></span> <span class='ocrx_word' id='word_1_326' title='bbox 426 1231 498 1258; x_wconf 90' lang='lat' dir='ltr'><strong>bono</strong></span> <span class='ocrx_word' id='word_1_327' title='bbox 524 1231 623 1259; x_wconf 86' lang='lat' dir='ltr'><strong>malum</strong></span> <span class='ocrx_word' id='word_1_328' title='bbox 644 1232 810 1260; x_wconf 88' lang='lat' dir='ltr'><strong>contrarium</strong></span> <span class='ocrx_word' id='word_1_329' title='bbox 833 1238 883 1266; x_wconf 85' lang='lat' dir='ltr'><strong>est,</strong></span> <span class='ocrx_word' id='word_1_330' title='bbox 912 1238 939 1260; x_wconf 88' lang='lat' dir='ltr'><strong>et</strong></span> 
     </span>
    </p>
   </div>
   <div class='ocr_carea' id='block_1_42' title="bbox 144 1276 939 1312">
    <p class='ocr_par' dir='ltr' id='par_1_42' title="bbox 144 1276 939 1312">
     <span class='ocr_line' id='line_1_42' title="bbox 144 1276 939 1312; baseline 0.003 -8"><span class='ocrx_word' id='word_1_331' title='bbox 144 1276 217 1310; x_wconf 84' lang='lat' dir='ltr'><strong>justo</strong></span> <span class='ocrx_word' id='word_1_332' title='bbox 233 1276 372 1311; x_wconf 74' lang='lat' dir='ltr'><strong>injustam,</strong></span> <span class='ocrx_word' id='word_1_333' title='bbox 400 1276 460 1303; x_wconf 87' lang='lat' dir='ltr'><strong>sine</strong></span> <span class='ocrx_word' id='word_1_334' title='bbox 486 1277 567 1304; x_wconf 90' lang='lat' dir='ltr'><strong>dubio</strong></span> <span class='ocrx_word' id='word_1_335' title='bbox 590 1283 617 1304; x_wconf 85' lang='lat' dir='ltr'><strong>et</strong></span> <span class='ocrx_word' id='word_1_336' title='bbox 636 1278 762 1312; x_wconf 88' lang='lat' dir='ltr'><strong>injustum</strong></span> <span class='ocrx_word' id='word_1_337' title='bbox 787 1278 859 1305; x_wconf 89' lang='lat' dir='ltr'><strong>aliud</strong></span> <span class='ocrx_word' id='word_1_338' title='bbox 886 1279 939 1307; x_wconf 90' lang='lat' dir='ltr'><strong>erit</strong></span> 
     </span>
    </p>
   </div>
   <div class='ocr_carea' id='block_1_43' title="bbox 147 1323 939 1361">
    <p class='ocr_par' dir='ltr' id='par_1_43' title="bbox 147 1323 939 1361">
     <span class='ocr_line' id='line_1_43' title="bbox 147 1323 939 1361; baseline 0.005 -12"><span class='ocrx_word' id='word_1_339' title='bbox 147 1331 227 1358; x_wconf 86' lang='lat' dir='ltr'><strong>quam</strong></span> <span class='ocrx_word' id='word_1_340' title='bbox 244 1323 359 1355; x_wconf 80' lang='lat' dir='ltr'><strong>malum;</strong></span> <span class='ocrx_word' id='word_1_341' title='bbox 374 1326 399 1350; x_wconf 89' lang='lat' dir='ltr'><strong>et</strong></span> <span class='ocrx_word' id='word_1_342' title='bbox 413 1323 583 1357; x_wconf 85' lang='lat' dir='ltr'><strong>sicutjustus</strong></span> <span class='ocrx_word' id='word_1_343' title='bbox 602 1326 673 1358; x_wconf 89' lang='lat' dir='ltr'><strong>apud</strong></span> <span class='ocrx_word' id='word_1_344' title='bbox 690 1333 737 1352; x_wconf 90' lang='lat' dir='ltr'><strong>vos</strong></span> <span class='ocrx_word' id='word_1_345' title='bbox 759 1324 815 1361; x_wconf 87' lang='lat'><strong>(89)</strong></span> <span class='ocrx_word' id='word_1_346' title='bbox 832 1333 883 1353; x_wconf 93' lang='lat' dir='ltr'><strong>non</strong></span> <span class='ocrx_word' id='word_1_347' title='bbox 898 1331 939 1353; x_wconf 87' lang='lat' dir='ltr'><strong>est</strong></span> 
     </span>
    </p>
   </div>
   <div class='ocr_carea' id='block_1_44' title="bbox 146 1369 938 1404">
    <p class='ocr_par' dir='ltr' id='par_1_44' title="bbox 146 1369 938 1404">
     <span class='ocr_line' id='line_1_44' title="bbox 146 1369 938 1404; baseline 0.005 -9"><span class='ocrx_word' id='word_1_348' title='bbox 146 1370 245 1401; x_wconf 90' lang='lat' dir='ltr'><strong>bonus,</strong></span> <span class='ocrx_word' id='word_1_349' title='bbox 264 1369 298 1395; x_wconf 93' lang='lat' dir='ltr'><strong>ita</strong></span> <span class='ocrx_word' id='word_1_350' title='bbox 319 1376 406 1403; x_wconf 85' lang='lat' dir='ltr'><strong>neque</strong></span> <span class='ocrx_word' id='word_1_351' title='bbox 430 1369 544 1402; x_wconf 89' lang='lat' dir='ltr'><strong>injustus</strong></span> <span class='ocrx_word' id='word_1_352' title='bbox 566 1370 619 1397; x_wconf 89' lang='lat' dir='ltr'><strong>erit</strong></span> <span class='ocrx_word' id='word_1_353' title='bbox 642 1370 745 1401; x_wconf 80' lang='lat' dir='ltr'><strong>malus;</strong></span> <span class='ocrx_word' id='word_1_354' title='bbox 769 1376 795 1398; x_wconf 89' lang='lat' dir='ltr'><strong>et</strong></span> <span class='ocrx_word' id='word_1_355' title='bbox 819 1379 938 1404; x_wconf 83' lang='lat' dir='ltr'><strong>rursum,</strong></span> 
     </span>
    </p>
   </div>
   <div class='ocr_carea' id='block_1_45' title="bbox 147 1413 937 1447">
    <p class='ocr_par' dir='ltr' id='par_1_45' title="bbox 147 1413 937 1447">
     <span class='ocr_line' id='line_1_45' title="bbox 147 1413 937 1447; baseline 0.003 -7"><span class='ocrx_word' id='word_1_356' title='bbox 147 1415 217 1446; x_wconf 80' lang='lat' dir='ltr'><strong>sicut</strong></span> <span class='ocrx_word' id='word_1_357' title='bbox 231 1413 316 1441; x_wconf 87' lang='lat' dir='ltr'><strong>bonus</strong></span> <span class='ocrx_word' id='word_1_358' title='bbox 336 1422 388 1442; x_wconf 89' lang='lat' dir='ltr'><strong>non</strong></span> <span class='ocrx_word' id='word_1_359' title='bbox 401 1413 547 1447; x_wconf 88' lang='lat' dir='ltr'><strong>estjustus,</strong></span> <span class='ocrx_word' id='word_1_360' title='bbox 564 1414 599 1441; x_wconf 90' lang='lat' dir='ltr'><strong>ita</strong></span> <span class='ocrx_word' id='word_1_361' title='bbox 615 1419 642 1442; x_wconf 89' lang='lat' dir='ltr'><strong>et</strong></span> <span class='ocrx_word' id='word_1_362' title='bbox 665 1415 750 1442; x_wconf 88' lang='lat' dir='ltr'><strong>malus</strong></span> <span class='ocrx_word' id='word_1_363' title='bbox 760 1423 811 1442; x_wconf 90' lang='lat' dir='ltr'><strong>non</strong></span> <span class='ocrx_word' id='word_1_364' title='bbox 829 1417 880 1443; x_wconf 87' lang='lat' dir='ltr'><strong>erit</strong></span> <span class='ocrx_word' id='word_1_365' title='bbox 897 1416 937 1442; x_wconf 86' lang='lat' dir='ltr'><strong>in-</strong></span> 
     </span>
    </p>
   </div>
   <div class='ocr_carea' id='block_1_46' title="bbox 144 1459 939 1495">
    <p class='ocr_par' dir='ltr' id='par_1_46' title="bbox 144 1459 939 1495">
     <span class='ocr_line' id='line_1_46' title="bbox 144 1459 939 1495; baseline 0.005 -11"><span class='ocrx_word' id='word_1_366' title='bbox 144 1459 241 1492; x_wconf 86' lang='lat' dir='ltr'><strong>justus.</strong></span> <span class='ocrx_word' id='word_1_367' title='bbox 268 1459 317 1486; x_wconf 90' lang='lat' dir='ltr'><strong>Cui</strong></span> <span class='ocrx_word' id='word_1_368' title='bbox 343 1464 432 1486; x_wconf 90' lang='lat' dir='ltr'><strong>autem</strong></span> <span class='ocrx_word' id='word_1_369' title='bbox 455 1466 508 1495; x_wconf 84' lang='lat' dir='ltr'><strong>non</strong></span> <span class='ocrx_word' id='word_1_370' title='bbox 531 1460 636 1487; x_wconf 89' lang='lat' dir='ltr'><strong>videtur</strong></span> <span class='ocrx_word' id='word_1_371' title='bbox 652 1461 809 1493; x_wconf 86' lang='lat' dir='ltr'><strong>absurdum,</strong></span> <span class='ocrx_word' id='word_1_372' title='bbox 834 1465 862 1487; x_wconf 88' lang='lat' dir='ltr'><strong>ut</strong></span> <span class='ocrx_word' id='word_1_373' title='bbox 886 1461 939 1488; x_wconf 89' lang='lat' dir='ltr'><strong>Deo</strong></span> 
     </span>
    </p>
   </div>
   <div class='ocr_carea' id='block_1_47' title="bbox 145 1506 938 1541">
    <p class='ocr_par' dir='ltr' id='par_1_47' title="bbox 145 1506 938 1541">
     <span class='ocr_line' id='line_1_47' title="bbox 145 1506 938 1541; baseline 0.003 -9"><span class='ocrx_word' id='word_1_374' title='bbox 145 1506 252 1541; x_wconf 79' lang='lat' dir='ltr'><strong>quidem</strong></span> <span class='ocrx_word' id='word_1_375' title='bbox 266 1507 336 1532; x_wconf 88' lang='lat' dir='ltr'><strong>bono</strong></span> <span class='ocrx_word' id='word_1_376' title='bbox 355 1506 507 1533; x_wconf 86' lang='lat' dir='ltr'><strong>contrarius</strong></span> <span class='ocrx_word' id='word_1_377' title='bbox 516 1506 550 1532; x_wconf 89' lang='lat' dir='ltr'><strong>sit</strong></span> <span class='ocrx_word' id='word_1_378' title='bbox 568 1506 665 1539; x_wconf 89' lang='lat' dir='ltr'><strong>malus,</strong></span> <span class='ocrx_word' id='word_1_379' title='bbox 682 1506 736 1534; x_wconf 91' lang='lat' dir='ltr'><strong>Deo</strong></span> <span class='ocrx_word' id='word_1_380' title='bbox 757 1511 847 1534; x_wconf 89' lang='lat' dir='ltr'><strong>autem</strong></span> <span class='ocrx_word' id='word_1_381' title='bbox 863 1507 938 1541; x_wconf 86' lang='lat' dir='ltr'><strong>justo</strong></span> 
     </span>
    </p>
   </div>
   <div class='ocr_carea' id='block_1_48' title="bbox 146 1551 939 1585">
    <p class='ocr_par' dir='ltr' id='par_1_48' title="bbox 146 1551 939 1585">
     <span class='ocr_line' id='line_1_48' title="bbox 146 1551 939 1585; baseline 0.004 -8"><span class='ocrx_word' id='word_1_382' title='bbox 146 1559 225 1585; x_wconf 85' lang='lat' dir='ltr'><strong>quem</strong></span> <span class='ocrx_word' id='word_1_383' title='bbox 240 1551 396 1578; x_wconf 85' lang='lat' dir='ltr'><strong>inferiorem</strong></span> <span class='ocrx_word' id='word_1_384' title='bbox 417 1552 487 1580; x_wconf 88' lang='lat' dir='ltr'><strong>bono</strong></span> <span class='ocrx_word' id='word_1_385' title='bbox 502 1552 604 1585; x_wconf 89' lang='lat' dir='ltr'><strong>dicunt,</strong></span> <span class='ocrx_word' id='word_1_386' title='bbox 618 1553 773 1580; x_wconf 87' lang='lat' dir='ltr'><strong>contrarius</strong></span> <span class='ocrx_word' id='word_1_387' title='bbox 787 1560 866 1580; x_wconf 92' lang='lat' dir='ltr'><strong>nemo</strong></span> <span class='ocrx_word' id='word_1_388' title='bbox 881 1554 916 1580; x_wconf 88' lang='lat' dir='ltr'><strong>sit</strong></span> <span class='ocrx_word' id='word_1_389' title='bbox 926 1554 939 1581; x_wconf 11' lang='lat' dir='ltr'><strong>is</strong></span> 
     </span>
    </p>
   </div>
   <div class='ocr_carea' id='block_1_49' title="bbox 147 1597 935 1632">
    <p class='ocr_par' dir='ltr' id='par_1_49' title="bbox 147 1597 935 1632">
     <span class='ocr_line' id='line_1_49' title="bbox 147 1597 935 1632; baseline 0.004 -8"><span class='ocrx_word' id='word_1_390' title='bbox 147 1597 204 1624; x_wconf 78' lang='lat' dir='ltr'><strong>Non</strong></span> <span class='ocrx_word' id='word_1_391' title='bbox 227 1598 299 1624; x_wconf 89' lang='lat' dir='ltr'><strong>enim</strong></span> <span class='ocrx_word' id='word_1_392' title='bbox 316 1598 384 1624; x_wconf 80' lang='lat' dir='ltr'><strong>sicut</strong></span> <span class='ocrx_word' id='word_1_393' title='bbox 405 1598 520 1625; x_wconf 74' lang='lat' dir='ltr'><strong>Satanas</strong></span> <span class='ocrx_word' id='word_1_394' title='bbox 534 1602 574 1624; x_wconf 88' lang='lat' dir='ltr'><strong>est</strong></span> <span class='ocrx_word' id='word_1_395' title='bbox 596 1597 640 1632; x_wconf 91' lang='lat' dir='ltr'><strong>qui</strong></span> <span class='ocrx_word' id='word_1_396' title='bbox 661 1598 747 1625; x_wconf 88' lang='lat' dir='ltr'><strong>malus</strong></span> <span class='ocrx_word' id='word_1_397' title='bbox 768 1599 876 1631; x_wconf 90' lang='lat' dir='ltr'><strong>dicitur,</strong></span> <span class='ocrx_word' id='word_1_398' title='bbox 899 1599 935 1627; x_wconf 87' lang='lat' dir='ltr'><strong>ita</strong></span> 
     </span>
    </p>
   </div>
   <div class='ocr_carea' id='block_1_50' title="bbox 145 1643 937 1680">
    <p class='ocr_par' dir='ltr' id='par_1_50' title="bbox 145 1643 937 1680">
     <span class='ocr_line' id='line_1_50' title="bbox 145 1643 937 1680; baseline 0.004 -10"><span class='ocrx_word' id='word_1_399' title='bbox 145 1650 184 1670; x_wconf 83' lang='lat' dir='ltr'><strong>cst</strong></span> <span class='ocrx_word' id='word_1_400' title='bbox 205 1644 274 1671; x_wconf 85' lang='lat' dir='ltr'><strong>alius</strong></span> <span class='ocrx_word' id='word_1_401' title='bbox 297 1643 393 1678; x_wconf 88' lang='lat' dir='ltr'><strong>aliquis</strong></span> <span class='ocrx_word' id='word_1_402' title='bbox 420 1643 465 1677; x_wconf 87' lang='lat' dir='ltr'><strong>qui</strong></span> <span class='ocrx_word' id='word_1_403' title='bbox 493 1643 601 1670; x_wconf 81' lang='lat' dir='ltr'><strong>dicatur</strong></span> <span class='ocrx_word' id='word_1_404' title='bbox 625 1643 750 1677; x_wconf 83' lang='lat' dir='ltr'><strong>injustas.</strong></span> <span class='ocrx_word' id='word_1_405' title='bbox 776 1644 846 1677; x_wconf 89' lang='lat' dir='ltr'><strong>Quid</strong></span> <span class='ocrx_word' id='word_1_406' title='bbox 872 1652 937 1680; x_wconf 78' lang='lat' dir='ltr'><strong>ergo</strong></span> 
     </span>
    </p>
   </div>
   <div class='ocr_carea' id='block_1_51' title="bbox 145 1689 936 1723">
    <p class='ocr_par' dir='ltr' id='par_1_51' title="bbox 145 1689 936 1723">
     <span class='ocr_line' id='line_1_51' title="bbox 145 1689 936 1723; baseline 0.003 -7"><span class='ocrx_word' id='word_1_407' title='bbox 145 1690 204 1716; x_wconf 81' lang='lat' dir='ltr'><strong>est?</strong></span> <span class='ocrx_word' id='word_1_408' title='bbox 228 1689 424 1716; x_wconf 80' lang='lat' dir='ltr'><strong>Rcscindamus</strong></span> <span class='ocrx_word' id='word_1_409' title='bbox 448 1697 478 1717; x_wconf 82' lang='lat' dir='ltr'><strong>ea</strong></span> <span class='ocrx_word' id='word_1_410' title='bbox 502 1696 563 1723; x_wconf 65' lang='lat' dir='ltr'><strong>qua:</strong></span> <span class='ocrx_word' id='word_1_411' title='bbox 583 1689 763 1717; x_wconf 86' lang='lat' dir='ltr'><strong>defendimus.</strong></span> <span class='ocrx_word' id='word_1_412' title='bbox 785 1690 844 1718; x_wconf 87' lang='lat' dir='ltr'><strong>Non</strong></span> <span class='ocrx_word' id='word_1_413' title='bbox 863 1691 936 1718; x_wconf 87' lang='lat' dir='ltr'><strong>enim</strong></span> 
     </span>
    </p>
   </div>
   <div class='ocr_carea' id='block_1_52' title="bbox 145 1735 934 1770">
    <p class='ocr_par' dir='ltr' id='par_1_52' title="bbox 145 1735 934 1770">
     <span class='ocr_line' id='line_1_52' title="bbox 145 1735 934 1770; baseline 0.003 -9"><span class='ocrx_word' id='word_1_414' title='bbox 145 1740 274 1770; x_wconf 83' lang='lat' dir='ltr'><strong>poterunt</strong></span> <span class='ocrx_word' id='word_1_415' title='bbox 287 1735 386 1766; x_wconf 89' lang='lat' dir='ltr'><strong>dicere,</strong></span> <span class='ocrx_word' id='word_1_416' title='bbox 402 1735 463 1770; x_wconf 79' lang='lat' dir='ltr'><strong>quia</strong></span> <span class='ocrx_word' id='word_1_417' title='bbox 482 1735 569 1763; x_wconf 88' lang='lat' dir='ltr'><strong>malus</strong></span> <span class='ocrx_word' id='word_1_418' title='bbox 584 1743 637 1763; x_wconf 91' lang='lat' dir='ltr'><strong>non</strong></span> <span class='ocrx_word' id='word_1_419' title='bbox 653 1737 734 1763; x_wconf 87' lang='lat' dir='ltr'><strong>etiam</strong></span> <span class='ocrx_word' id='word_1_420' title='bbox 748 1736 865 1770; x_wconf 72' lang='lat' dir='ltr'><strong>injustus</strong></span> <span class='ocrx_word' id='word_1_421' title='bbox 881 1737 934 1768; x_wconf 84' lang='lat' dir='ltr'><strong>sit.</strong></span> 
     </span>
    </p>
   </div>
   <div class='ocr_carea' id='block_1_53' title="bbox 145 1781 938 1815">
    <p class='ocr_par' dir='ltr' id='par_1_53' title="bbox 145 1781 938 1815">
     <span class='ocr_line' id='line_1_53' title="bbox 145 1781 938 1815; baseline 0.003 -8"><span class='ocrx_word' id='word_1_422' title='bbox 145 1786 172 1807; x_wconf 76' lang='lat' dir='ltr'><strong>et</strong></span> <span class='ocrx_word' id='word_1_423' title='bbox 192 1781 307 1815; x_wconf 83' lang='lat' dir='ltr'><strong>injustus</strong></span> <span class='ocrx_word' id='word_1_424' title='bbox 320 1781 416 1808; x_wconf 89' lang='lat' dir='ltr'><strong>malus.</strong></span> <span class='ocrx_word' id='word_1_425' title='bbox 434 1781 510 1814; x_wconf 86' lang='lat' dir='ltr'><strong>Quod</strong></span> <span class='ocrx_word' id='word_1_426' title='bbox 525 1781 548 1808; x_wconf 89' lang='lat' dir='ltr'><strong>si</strong></span> <span class='ocrx_word' id='word_1_427' title='bbox 567 1782 593 1808; x_wconf 92' lang='lat' dir='ltr'><strong>in</strong></span> <span class='ocrx_word' id='word_1_428' title='bbox 605 1782 664 1809; x_wconf 86' lang='lat' dir='ltr'><strong>istis</strong></span> <span class='ocrx_word' id='word_1_429' title='bbox 684 1782 829 1809; x_wconf 88' lang='lat' dir='ltr'><strong>contrariis</strong></span> <span class='ocrx_word' id='word_1_430' title='bbox 851 1782 938 1809; x_wconf 90' lang='lat' dir='ltr'><strong>indis-</strong></span> 
     </span>
    </p>
   </div>
   <div class='ocr_carea' id='block_1_54' title="bbox 146 1825 938 1861">
    <p class='ocr_par' dir='ltr' id='par_1_54' title="bbox 146 1825 938 1861">
     <span class='ocr_line' id='line_1_54' title="bbox 146 1825 938 1861; baseline 0.004 -10"><span class='ocrx_word' id='word_1_431' title='bbox 146 1826 310 1853; x_wconf 80' lang='lat' dir='ltr'><strong>snciabiliter</strong></span> <span class='ocrx_word' id='word_1_432' title='bbox 322 1826 434 1853; x_wconf 69' lang='lat' dir='ltr'><strong>inhmret</strong></span> <span class='ocrx_word' id='word_1_433' title='bbox 448 1825 489 1853; x_wconf 88' lang='lat' dir='ltr'><strong>vel</strong></span> <span class='ocrx_word' id='word_1_434' title='bbox 506 1826 577 1853; x_wconf 86' lang='lat' dir='ltr'><strong>malo</strong></span> <span class='ocrx_word' id='word_1_435' title='bbox 591 1826 734 1860; x_wconf 70' lang='lat' dir='ltr'><strong>iujustitia,</strong></span> <span class='ocrx_word' id='word_1_436' title='bbox 745 1826 785 1854; x_wconf 88' lang='lat' dir='ltr'><strong>vel</strong></span> <span class='ocrx_word' id='word_1_437' title='bbox 800 1827 938 1861; x_wconf 70' lang='lat' dir='ltr'><strong>injustitite</strong></span> 
     </span>
    </p>
   </div>
   <div class='ocr_carea' id='block_1_55' title="bbox 145 1872 935 1908">
    <p class='ocr_par' dir='ltr' id='par_1_55' title="bbox 145 1872 935 1908">
     <span class='ocr_line' id='line_1_55' title="bbox 145 1872 935 1908; baseline 0.003 -9"><span class='ocrx_word' id='word_1_438' title='bbox 145 1873 258 1904; x_wconf 85' lang='lat' dir='ltr'><strong>malum,</strong></span> <span class='ocrx_word' id='word_1_439' title='bbox 271 1873 330 1899; x_wconf 86' lang='lat' dir='ltr'><strong>sine</strong></span> <span class='ocrx_word' id='word_1_440' title='bbox 345 1872 426 1900; x_wconf 89' lang='lat' dir='ltr'><strong>dubio</strong></span> <span class='ocrx_word' id='word_1_441' title='bbox 436 1877 463 1899; x_wconf 87' lang='lat' dir='ltr'><strong>et</strong></span> <span class='ocrx_word' id='word_1_442' title='bbox 476 1873 560 1900; x_wconf 91' lang='lat' dir='ltr'><strong>bonus</strong></span> <span class='ocrx_word' id='word_1_443' title='bbox 572 1873 779 1901; x_wconf 75' lang='lat' dir='ltr'><strong>iudissociahilis</strong></span> <span class='ocrx_word' id='word_1_444' title='bbox 788 1873 839 1900; x_wconf 89' lang='lat' dir='ltr'><strong>erit</strong></span> <span class='ocrx_word' id='word_1_445' title='bbox 851 1873 935 1908; x_wconf 85' lang='lat' dir='ltr'><strong>justo,</strong></span> 
     </span>
    </p>
   </div>
   <div class='ocr_carea' id='block_1_56' title="bbox 145 1917 935 1953">
    <p class='ocr_par' dir='ltr' id='par_1_56' title="bbox 145 1917 935 1953">
     <span class='ocr_line' id='line_1_56' title="bbox 145 1917 935 1953; baseline 0.001 -9"><span class='ocrx_word' id='word_1_446' title='bbox 145 1923 173 1944; x_wconf 87' lang='lat' dir='ltr'><strong>et</strong></span> <span class='ocrx_word' id='word_1_447' title='bbox 186 1917 274 1952; x_wconf 91' lang='lat' dir='ltr'><strong>justus</strong></span> <span class='ocrx_word' id='word_1_448' title='bbox 289 1918 375 1950; x_wconf 89' lang='lat' dir='ltr'><strong>bono;</strong></span> <span class='ocrx_word' id='word_1_449' title='bbox 391 1922 421 1945; x_wconf 91' lang='lat' dir='ltr'><strong>ut</strong></span> <span class='ocrx_word' id='word_1_450' title='bbox 443 1917 514 1944; x_wconf 87' lang='lat' dir='ltr'><strong>sicut</strong></span> <span class='ocrx_word' id='word_1_451' title='bbox 530 1925 610 1944; x_wconf 88' lang='lat' dir='ltr'><strong>unam</strong></span> <span class='ocrx_word' id='word_1_452' title='bbox 634 1919 812 1952; x_wconf 82' lang='lat' dir='ltr'><strong>eamdemque</strong></span> <span class='ocrx_word' id='word_1_453' title='bbox 838 1919 935 1953; x_wconf 88' lang='lat' dir='ltr'><strong>nequi-</strong></span> 
     </span>
    </p>
   </div>
   <div class='ocr_carea' id='block_1_57' title="bbox 147 1963 936 1998">
    <p class='ocr_par' dir='ltr' id='par_1_57' title="bbox 147 1963 936 1998">
     <span class='ocr_line' id='line_1_57' title="bbox 147 1963 936 1998; baseline 0 -8"><span class='ocrx_word' id='word_1_454' title='bbox 147 1965 212 1991; x_wconf 83' lang='lat' dir='ltr'><strong>tiam</strong></span> <span class='ocrx_word' id='word_1_455' title='bbox 242 1964 352 1991; x_wconf 64' lang='lat' dir='ltr'><strong>malitiae</strong></span> <span class='ocrx_word' id='word_1_456' title='bbox 381 1967 408 1991; x_wconf 87' lang='lat' dir='ltr'><strong>et</strong></span> <span class='ocrx_word' id='word_1_457' title='bbox 435 1963 573 1998; x_wconf 60' lang='lat' dir='ltr'><strong>injustitia‘.</strong></span> <span class='ocrx_word' id='word_1_458' title='bbox 604 1963 729 1996; x_wconf 81' lang='lat' dir='ltr'><strong>dicimus,</strong></span> <span class='ocrx_word' id='word_1_459' title='bbox 759 1964 794 1990; x_wconf 78' lang='lat' dir='ltr'><strong>ita</strong></span> <span class='ocrx_word' id='word_1_460' title='bbox 827 1964 936 1991; x_wconf 88' lang='lat' dir='ltr'><strong>bonita-</strong></span> 
     </span>
    </p>
   </div>
   <div class='ocr_carea' id='block_1_58' title="bbox 147 2009 936 2045">
    <p class='ocr_par' dir='ltr' id='par_1_58' title="bbox 147 2009 936 2045">
     <span class='ocr_line' id='line_1_58' title="bbox 147 2009 936 2045; baseline 0.001 -9"><span class='ocrx_word' id='word_1_461' title='bbox 147 2010 180 2036; x_wconf 90' lang='lat' dir='ltr'><strong>tis</strong></span> <span class='ocrx_word' id='word_1_462' title='bbox 212 2017 244 2036; x_wconf 91' lang='lat' dir='ltr'><strong>ac</strong></span> <span class='ocrx_word' id='word_1_463' title='bbox 269 2009 381 2044; x_wconf 81' lang='lat' dir='ltr'><strong>justitia:</strong></span> <span class='ocrx_word' id='word_1_464' title='bbox 411 2009 539 2036; x_wconf 77' lang='lat' dir='ltr'><strong>virtutem</strong></span> <span class='ocrx_word' id='word_1_465' title='bbox 571 2016 653 2036; x_wconf 87' lang='lat' dir='ltr'><strong>unam</strong></span> <span class='ocrx_word' id='word_1_466' title='bbox 688 2010 865 2045; x_wconf 86' lang='lat' dir='ltr'><strong>eamdemque</strong></span> <span class='ocrx_word' id='word_1_467' title='bbox 897 2015 936 2037; x_wconf 84' lang='lat' dir='ltr'><strong>te-</strong></span> 
     </span>
    </p>
   </div>
   <div class='ocr_carea' id='block_1_59' title="bbox 146 2062 270 2082">
    <p class='ocr_par' dir='ltr' id='par_1_59' title="bbox 146 2062 270 2082">
     <span class='ocr_line' id='line_1_59' title="bbox 146 2062 270 2082; baseline 0.016 -2"><span class='ocrx_word' id='word_1_468' title='bbox 146 2062 270 2082; x_wconf 68' lang='lat' dir='ltr'><strong>&quot;cautus.</strong></span> 
     </span>
    </p>
   </div>
   <div class='ocr_carea' id='block_1_60' title="bbox 180 2099 938 2133">
    <p class='ocr_par' dir='ltr' id='par_1_60' title="bbox 180 2099 938 2133">
     <span class='ocr_line' id='line_1_60' title="bbox 180 2099 938 2133; baseline 0.003 -8"><span class='ocrx_word' id='word_1_469' title='bbox 180 2099 207 2125; x_wconf 75' lang='grc'><strong>4.</strong></span> <span class='ocrx_word' id='word_1_470' title='bbox 223 2099 274 2125; x_wconf 76' lang='lat' dir='ltr'><strong>Sed</strong></span> <span class='ocrx_word' id='word_1_471' title='bbox 292 2099 389 2126; x_wconf 90' lang='lat' dir='ltr'><strong>iterum</strong></span> <span class='ocrx_word' id='word_1_472' title='bbox 415 2100 448 2125; x_wconf 82' lang='lat' dir='ltr'><strong>ad</strong></span> <span class='ocrx_word' id='word_1_473' title='bbox 465 2099 612 2133; x_wconf 75' lang='lat' dir='ltr'><strong>Scriptura:</strong></span> <span class='ocrx_word' id='word_1_474' title='bbox 636 2107 685 2126; x_wconf 86' lang='lat' dir='ltr'><strong>nos</strong></span> <span class='ocrx_word' id='word_1_475' title='bbox 702 2104 830 2127; x_wconf 86' lang='lat' dir='ltr'><strong>revocant</strong></span> <span class='ocrx_word' id='word_1_476' title='bbox 853 2100 938 2127; x_wconf 79' lang='lat' dir='ltr'><strong>verba</strong></span> 
     </span>
    </p>
   </div>
   <div class='ocr_carea' id='block_1_61' title="bbox 146 2143 935 2179">
    <p class='ocr_par' dir='ltr' id='par_1_61' title="bbox 146 2143 935 2179">
     <span class='ocr_line' id='line_1_61' title="bbox 146 2143 935 2179; baseline 0 -10"><span class='ocrx_word' id='word_1_477' title='bbox 146 2143 314 2177; x_wconf 76' lang='lat' dir='ltr'><strong>prol&#39;ereutes</strong></span> <span class='ocrx_word' id='word_1_478' title='bbox 328 2144 398 2170; x_wconf 87' lang='lat' dir='ltr'><strong>illam</strong></span> <span class='ocrx_word' id='word_1_479' title='bbox 418 2151 494 2170; x_wconf 88' lang='lat' dir='ltr'><strong>suam</strong></span> <span class='ocrx_word' id='word_1_480' title='bbox 509 2143 565 2179; x_wconf 84' lang='lat'><strong>(90)</strong></span> <span class='ocrx_word' id='word_1_481' title='bbox 582 2144 791 2171; x_wconf 83' lang='lat' dir='ltr'><strong>famosissimam</strong></span> <span class='ocrx_word' id='word_1_482' title='bbox 806 2145 935 2178; x_wconf 63' lang='lat' dir='ltr'><strong>qurstio—</strong></span> 
     </span>
    </p>
   </div>
   <div class='ocr_carea' id='block_1_62' title="bbox 992 911 1781 948">
    <p class='ocr_par' dir='ltr' id='par_1_62' title="bbox 992 911 1781 948">
     <span class='ocr_line' id='line_1_62' title="bbox 992 911 1781 948; baseline 0 -10"><span class='ocrx_word' id='word_1_483' title='bbox 992 919 1078 948; x_wconf 74' lang='lat' dir='ltr'><strong>genus</strong></span> <span class='ocrx_word' id='word_1_484' title='bbox 1090 911 1170 938; x_wconf 87' lang='lat' dir='ltr'><strong>simul</strong></span> <span class='ocrx_word' id='word_1_485' title='bbox 1184 919 1215 938; x_wconf 88' lang='lat' dir='ltr'><strong>ac</strong></span> <span class='ocrx_word' id='word_1_486' title='bbox 1231 912 1335 946; x_wconf 87' lang='lat' dir='ltr'><strong>species</strong></span> <span class='ocrx_word' id='word_1_487' title='bbox 1352 912 1663 946; x_wconf 85' lang='lat' dir='ltr'><strong>nontinasset,repetens</strong></span> <span class='ocrx_word' id='word_1_488' title='bbox 1675 919 1781 939; x_wconf 87' lang='lat' dir='ltr'><strong>sermo-</strong></span> 
     </span>
    </p>
   </div>
   <div class='ocr_carea' id='block_1_63' title="bbox 993 957 1780 992">
    <p class='ocr_par' dir='ltr' id='par_1_63' title="bbox 993 957 1780 992">
     <span class='ocr_line' id='line_1_63' title="bbox 993 957 1780 992; baseline -0.001 -8"><span class='ocrx_word' id='word_1_489' title='bbox 993 965 1054 985; x_wconf 86' lang='lat' dir='ltr'><strong>nem</strong></span> <span class='ocrx_word' id='word_1_490' title='bbox 1071 957 1103 984; x_wconf 90' lang='lat' dir='ltr'><strong>ad</strong></span> <span class='ocrx_word' id='word_1_491' title='bbox 1120 957 1207 984; x_wconf 86' lang='lat' dir='ltr'><strong>solum</strong></span> <span class='ocrx_word' id='word_1_492' title='bbox 1227 965 1311 992; x_wconf 76' lang='lat' dir='ltr'><strong>genus</strong></span> <span class='ocrx_word' id='word_1_493' title='bbox 1325 958 1444 985; x_wconf 89' lang='lat' dir='ltr'><strong>retorsit.</strong></span> <span class='ocrx_word' id='word_1_494' title='bbox 1465 957 1517 984; x_wconf 89' lang='lat' dir='ltr'><strong>Sed</strong></span> <span class='ocrx_word' id='word_1_495' title='bbox 1529 962 1557 984; x_wconf 90' lang='lat' dir='ltr'><strong>et</strong></span> <span class='ocrx_word' id='word_1_496' title='bbox 1572 958 1597 984; x_wconf 89' lang='lat' dir='ltr'><strong>in</strong></span> <span class='ocrx_word' id='word_1_497' title='bbox 1610 964 1780 991; x_wconf 85' lang='lat' dir='ltr'><strong>consequen-</strong></span> 
     </span>
    </p>
   </div>
   <div class='ocr_carea' id='block_1_64' title="bbox 994 1001 1780 1037">
    <p class='ocr_par' dir='ltr' id='par_1_64' title="bbox 994 1001 1780 1037">
     <span class='ocr_line' id='line_1_64' title="bbox 994 1001 1780 1037; baseline -0.003 -8"><span class='ocrx_word' id='word_1_498' title='bbox 994 1002 1064 1032; x_wconf 88' lang='lat' dir='ltr'><strong>tibus</strong></span> <span class='ocrx_word' id='word_1_499' title='bbox 1079 1010 1085 1028; x_wconf 91' lang='lat'><em>:</em></span> <span class='ocrx_word' id='word_1_500' title='bbox 1104 1012 1113 1028; x_wconf 78' lang='grc' dir='ltr'><strong>ι</strong></span> <span class='ocrx_word' id='word_1_501' title='bbox 1130 1001 1287 1034; x_wconf 83' lang='lat' dir='ltr'><strong>Peccatum,</strong></span> <span class='ocrx_word' id='word_1_502' title='bbox 1309 1002 1407 1036; x_wconf 87' lang='lat' dir='ltr'><strong>inquit,</strong></span> <span class='ocrx_word' id='word_1_503' title='bbox 1423 1010 1470 1037; x_wconf 87' lang='lat' dir='ltr'><strong>per</strong></span> <span class='ocrx_word' id='word_1_504' title='bbox 1483 1003 1582 1029; x_wconf 91' lang='lat' dir='ltr'><strong>bonum</strong></span> <span class='ocrx_word' id='word_1_505' title='bbox 1598 1002 1663 1031; x_wconf 89' lang='lat' dir='ltr'><strong>mihi</strong></span> <span class='ocrx_word' id='word_1_506' title='bbox 1680 1009 1780 1036; x_wconf 42' lang='lat' dir='ltr'><strong>operat.</strong></span> 
     </span>
    </p>
   </div>
   <div class='ocr_carea' id='block_1_65' title="bbox 993 1049 1780 1083">
    <p class='ocr_par' dir='ltr' id='par_1_65' title="bbox 993 1049 1780 1083">
     <span class='ocr_line' id='line_1_65' title="bbox 993 1049 1780 1083; baseline -0.001 -8"><span class='ocrx_word' id='word_1_507' title='bbox 993 1053 1048 1075; x_wconf 91' lang='lat' dir='ltr'><strong>tum</strong></span> <span class='ocrx_word' id='word_1_508' title='bbox 1061 1053 1102 1075; x_wconf 81' lang='lat' dir='ltr'><strong>est</strong></span> <span class='ocrx_word' id='word_1_509' title='bbox 1118 1049 1264 1076; x_wconf 61' lang='lat' dir='ltr'><strong>mortem”.</strong></span> <span class='ocrx_word' id='word_1_510' title='bbox 1289 1058 1297 1074; x_wconf 91' lang='grc' dir='ltr'><strong>ι</strong></span> <span class='ocrx_word' id='word_1_511' title='bbox 1320 1049 1347 1075; x_wconf 93' lang='lat' dir='ltr'><strong>ln</strong></span> <span class='ocrx_word' id='word_1_512' title='bbox 1376 1055 1429 1082; x_wconf 90' lang='lat' dir='ltr'><strong>quo</strong></span> <span class='ocrx_word' id='word_1_513' title='bbox 1454 1049 1479 1075; x_wconf 91' lang='lat' dir='ltr'><strong>id</strong></span> <span class='ocrx_word' id='word_1_514' title='bbox 1503 1056 1549 1083; x_wconf 90' lang='lat' dir='ltr'><strong>per</strong></span> <span class='ocrx_word' id='word_1_515' title='bbox 1563 1056 1648 1082; x_wconf 77' lang='lat' dir='ltr'><strong>genus</strong></span> <span class='ocrx_word' id='word_1_516' title='bbox 1666 1049 1780 1076; x_wconf 85' lang='lat' dir='ltr'><strong>conclu-</strong></span> 
     </span>
    </p>
   </div>
   <div class='ocr_carea' id='block_1_66' title="bbox 992 1094 1781 1129">
    <p class='ocr_par' dir='ltr' id='par_1_66' title="bbox 992 1094 1781 1129">
     <span class='ocr_line' id='line_1_66' title="bbox 992 1094 1781 1129; baseline 0.001 -10"><span class='ocrx_word' id='word_1_517' title='bbox 992 1094 1039 1127; x_wconf 85' lang='lat' dir='ltr'><strong>dit,</strong></span> <span class='ocrx_word' id='word_1_518' title='bbox 1064 1095 1136 1128; x_wconf 84' lang='lat' dir='ltr'><strong>quod</strong></span> <span class='ocrx_word' id='word_1_519' title='bbox 1160 1094 1283 1129; x_wconf 84' lang='lat' dir='ltr'><strong>superius</strong></span> <span class='ocrx_word' id='word_1_520' title='bbox 1312 1101 1360 1128; x_wconf 87' lang='lat' dir='ltr'><strong>per</strong></span> <span class='ocrx_word' id='word_1_521' title='bbox 1379 1094 1484 1127; x_wconf 79' lang='lat' dir='ltr'><strong>species</strong></span> <span class='ocrx_word' id='word_1_522' title='bbox 1516 1099 1690 1128; x_wconf 87' lang='lat' dir='ltr'><strong>exposuerat.</strong></span> <span class='ocrx_word' id='word_1_523' title='bbox 1725 1094 1781 1121; x_wconf 87' lang='lat' dir='ltr'><strong>Hoc</strong></span> 
     </span>
    </p>
   </div>
   <div class='ocr_carea' id='block_1_67' title="bbox 991 1139 1781 1174">
    <p class='ocr_par' dir='ltr' id='par_1_67' title="bbox 991 1139 1781 1174">
     <span class='ocr_line' id='line_1_67' title="bbox 991 1139 1781 1174; baseline 0.005 -10"><span class='ocrx_word' id='word_1_524' title='bbox 991 1139 1072 1168; x_wconf 81' lang='lat' dir='ltr'><strong>modo</strong></span> <span class='ocrx_word' id='word_1_525' title='bbox 1097 1146 1216 1173; x_wconf 87' lang='lat' dir='ltr'><strong>namque</strong></span> <span class='ocrx_word' id='word_1_526' title='bbox 1239 1139 1443 1174; x_wconf 80' lang='lat' dir='ltr'><strong>intelligendum</strong></span> <span class='ocrx_word' id='word_1_527' title='bbox 1459 1144 1500 1167; x_wconf 87' lang='lat' dir='ltr'><strong>est</strong></span> <span class='ocrx_word' id='word_1_528' title='bbox 1527 1140 1609 1167; x_wconf 85' lang='lat' dir='ltr'><strong>etiam</strong></span> <span class='ocrx_word' id='word_1_529' title='bbox 1626 1140 1691 1166; x_wconf 87' lang='lat' dir='ltr'><strong>illud</strong></span> <span class='ocrx_word' id='word_1_530' title='bbox 1708 1141 1781 1174; x_wconf 83' lang='lat' dir='ltr'><strong>quod</strong></span> 
     </span>
    </p>
   </div>
   <div class='ocr_carea' id='block_1_68' title="bbox 991 1185 1782 1217">
    <p class='ocr_par' dir='ltr' id='par_1_68' title="bbox 991 1185 1782 1217">
     <span class='ocr_line' id='line_1_68' title="bbox 991 1185 1782 1217; baseline 0 -5"><span class='ocrx_word' id='word_1_531' title='bbox 991 1185 1092 1213; x_wconf 85' lang='lat' dir='ltr'><strong>dictum</strong></span> <span class='ocrx_word' id='word_1_532' title='bbox 1110 1190 1152 1212; x_wconf 86' lang='lat' dir='ltr'><strong>est</strong></span> <span class='ocrx_word' id='word_1_533' title='bbox 1168 1193 1175 1212; x_wconf 88' lang='lat'><strong>:</strong></span> <span class='ocrx_word' id='word_1_534' title='bbox 1193 1194 1201 1211; x_wconf 75' lang='grc' dir='ltr'><strong>ι</strong></span> <span class='ocrx_word' id='word_1_535' title='bbox 1220 1185 1308 1217; x_wconf 81' lang='lat' dir='ltr'><strong>Bonus</strong></span> <span class='ocrx_word' id='word_1_536' title='bbox 1323 1186 1402 1212; x_wconf 91' lang='lat' dir='ltr'><strong>homo</strong></span> <span class='ocrx_word' id='word_1_537' title='bbox 1415 1185 1449 1213; x_wconf 87' lang='lat' dir='ltr'><strong>de</strong></span> <span class='ocrx_word' id='word_1_538' title='bbox 1464 1185 1533 1212; x_wconf 85' lang='lat' dir='ltr'><strong>bono</strong></span> <span class='ocrx_word' id='word_1_539' title='bbox 1547 1186 1674 1213; x_wconf 86' lang='lat' dir='ltr'><strong>thesauro</strong></span> <span class='ocrx_word' id='word_1_540' title='bbox 1688 1185 1782 1217; x_wconf 72' lang='lat' dir='ltr'><strong>cordis</strong></span> 
     </span>
    </p>
   </div>
   <div class='ocr_carea' id='block_1_69' title="bbox 991 1231 1783 1266">
    <p class='ocr_par' dir='ltr' id='par_1_69' title="bbox 991 1231 1783 1266">
     <span class='ocr_line' id='line_1_69' title="bbox 991 1231 1783 1266; baseline 0 -7"><span class='ocrx_word' id='word_1_541' title='bbox 991 1231 1032 1259; x_wconf 85' lang='lat' dir='ltr'><strong>sui</strong></span> <span class='ocrx_word' id='word_1_542' title='bbox 1054 1231 1158 1265; x_wconf 76' lang='lat' dir='ltr'><strong>profert</strong></span> <span class='ocrx_word' id='word_1_543' title='bbox 1172 1231 1284 1264; x_wconf 80' lang='lat' dir='ltr'><strong>bonum,</strong></span> <span class='ocrx_word' id='word_1_544' title='bbox 1309 1236 1337 1258; x_wconf 85' lang='lat' dir='ltr'><strong>et</strong></span> <span class='ocrx_word' id='word_1_545' title='bbox 1361 1233 1448 1260; x_wconf 84' lang='lat' dir='ltr'><strong>malus</strong></span> <span class='ocrx_word' id='word_1_546' title='bbox 1464 1233 1497 1260; x_wconf 84' lang='lat' dir='ltr'><strong>de</strong></span> <span class='ocrx_word' id='word_1_547' title='bbox 1520 1232 1589 1259; x_wconf 87' lang='lat' dir='ltr'><strong>malo</strong></span> <span class='ocrx_word' id='word_1_548' title='bbox 1603 1232 1708 1266; x_wconf 80' lang='lat' dir='ltr'><strong>profert</strong></span> <span class='ocrx_word' id='word_1_549' title='bbox 1723 1239 1783 1259; x_wconf 64' lang='lat' dir='ltr'><strong>mav</strong></span> 
     </span>
    </p>
   </div>
   <div class='ocr_carea' id='block_1_70' title="bbox 991 1277 1780 1314">
    <p class='ocr_par' dir='ltr' id='par_1_70' title="bbox 991 1277 1780 1314">
     <span class='ocr_line' id='line_1_70' title="bbox 991 1277 1780 1314; baseline 0.001 -10"><span class='ocrx_word' id='word_1_550' title='bbox 991 1278 1046 1305; x_wconf 88' lang='lat' dir='ltr'><strong>ltnn</strong></span> <span class='ocrx_word' id='word_1_551' title='bbox 1061 1277 1083 1304; x_wconf 81' lang='grc'><strong>⁸.</strong></span> <span class='ocrx_word' id='word_1_552' title='bbox 1103 1287 1112 1304; x_wconf 82' lang='grc' dir='ltr'><strong>ι</strong></span> <span class='ocrx_word' id='word_1_553' title='bbox 1131 1277 1224 1306; x_wconf 89' lang='lat' dir='ltr'><strong>Genus</strong></span> <span class='ocrx_word' id='word_1_554' title='bbox 1252 1286 1369 1314; x_wconf 84' lang='lat' dir='ltr'><strong>namque</strong></span> <span class='ocrx_word' id='word_1_555' title='bbox 1397 1278 1543 1312; x_wconf 84' lang='lat' dir='ltr'><strong>assumpsit</strong></span> <span class='ocrx_word' id='word_1_556' title='bbox 1572 1278 1654 1305; x_wconf 86' lang='lat' dir='ltr'><strong>etiam</strong></span> <span class='ocrx_word' id='word_1_557' title='bbox 1683 1278 1729 1305; x_wconf 86' lang='lat' dir='ltr'><strong>hic</strong></span> <span class='ocrx_word' id='word_1_558' title='bbox 1751 1279 1780 1310; x_wconf 79' lang='lat' dir='ltr'><strong>in</strong></span> 
     </span>
    </p>
   </div>
   <div class='ocr_carea' id='block_1_71' title="bbox 990 1323 1782 1359">
    <p class='ocr_par' dir='ltr' id='par_1_71' title="bbox 990 1323 1782 1359">
     <span class='ocr_line' id='line_1_71' title="bbox 990 1323 1782 1359; baseline -0.003 -8"><span class='ocrx_word' id='word_1_559' title='bbox 990 1324 1061 1351; x_wconf 87' lang='lat' dir='ltr'><strong>bono</strong></span> <span class='ocrx_word' id='word_1_560' title='bbox 1076 1323 1131 1359; x_wconf 76' lang='lat'><strong>(9&#39;2)</strong></span> <span class='ocrx_word' id='word_1_561' title='bbox 1152 1324 1193 1351; x_wconf 87' lang='lat' dir='ltr'><strong>vel</strong></span> <span class='ocrx_word' id='word_1_562' title='bbox 1214 1324 1296 1357; x_wconf 87' lang='lat' dir='ltr'><strong>malo,</strong></span> <span class='ocrx_word' id='word_1_563' title='bbox 1311 1325 1456 1352; x_wconf 85' lang='lat' dir='ltr'><strong>ostendens</strong></span> <span class='ocrx_word' id='word_1_564' title='bbox 1470 1323 1530 1350; x_wconf 87' lang='lat' dir='ltr'><strong>sine</strong></span> <span class='ocrx_word' id='word_1_565' title='bbox 1545 1323 1628 1350; x_wconf 87' lang='lat' dir='ltr'><strong>dubio</strong></span> <span class='ocrx_word' id='word_1_566' title='bbox 1653 1323 1680 1349; x_wconf 91' lang='lat' dir='ltr'><strong>in</strong></span> <span class='ocrx_word' id='word_1_567' title='bbox 1705 1323 1782 1354; x_wconf 73' lang='lat' dir='ltr'><strong>bona</strong></span> 
     </span>
    </p>
   </div>
   <div class='ocr_carea' id='block_1_72' title="bbox 991 1368 1782 1403">
    <p class='ocr_par' dir='ltr' id='par_1_72' title="bbox 991 1368 1782 1403">
     <span class='ocr_line' id='line_1_72' title="bbox 991 1368 1782 1403; baseline -0.003 -7"><span class='ocrx_word' id='word_1_568' title='bbox 991 1369 1101 1396; x_wconf 88' lang='lat' dir='ltr'><strong>homine</strong></span> <span class='ocrx_word' id='word_1_569' title='bbox 1121 1376 1181 1396; x_wconf 85' lang='lat' dir='ltr'><strong>esse</strong></span> <span class='ocrx_word' id='word_1_570' title='bbox 1198 1374 1222 1397; x_wconf 90' lang='lat' dir='ltr'><strong>et</strong></span> <span class='ocrx_word' id='word_1_571' title='bbox 1237 1369 1370 1403; x_wconf 87' lang='lat' dir='ltr'><strong>justitiam</strong></span> <span class='ocrx_word' id='word_1_572' title='bbox 1387 1374 1413 1396; x_wconf 90' lang='lat' dir='ltr'><strong>et</strong></span> <span class='ocrx_word' id='word_1_573' title='bbox 1427 1368 1600 1395; x_wconf 87' lang='lat' dir='ltr'><strong>sobrietatem</strong></span> <span class='ocrx_word' id='word_1_574' title='bbox 1616 1373 1643 1395; x_wconf 89' lang='lat' dir='ltr'><strong>et</strong></span> <span class='ocrx_word' id='word_1_575' title='bbox 1660 1369 1782 1403; x_wconf 68' lang='lat' dir='ltr'><strong>prudem</strong></span> 
     </span>
    </p>
   </div>
   <div class='ocr_carea' id='block_1_73' title="bbox 993 1413 1780 1449">
    <p class='ocr_par' dir='ltr' id='par_1_73' title="bbox 993 1413 1780 1449">
     <span class='ocr_line' id='line_1_73' title="bbox 993 1413 1780 1449; baseline 0 -10"><span class='ocrx_word' id='word_1_576' title='bbox 993 1413 1057 1440; x_wconf 90' lang='lat' dir='ltr'><strong>tiam</strong></span> <span class='ocrx_word' id='word_1_577' title='bbox 1074 1419 1101 1440; x_wconf 91' lang='lat' dir='ltr'><strong>ct</strong></span> <span class='ocrx_word' id='word_1_578' title='bbox 1115 1414 1244 1448; x_wconf 85' lang='lat' dir='ltr'><strong>pietatem</strong></span> <span class='ocrx_word' id='word_1_579' title='bbox 1260 1419 1286 1441; x_wconf 90' lang='lat' dir='ltr'><strong>et</strong></span> <span class='ocrx_word' id='word_1_580' title='bbox 1301 1422 1382 1442; x_wconf 89' lang='lat' dir='ltr'><strong>onme</strong></span> <span class='ocrx_word' id='word_1_581' title='bbox 1396 1415 1467 1449; x_wconf 87' lang='lat' dir='ltr'><strong>quod</strong></span> <span class='ocrx_word' id='word_1_582' title='bbox 1483 1413 1525 1440; x_wconf 90' lang='lat' dir='ltr'><strong>vel</strong></span> <span class='ocrx_word' id='word_1_583' title='bbox 1549 1413 1601 1439; x_wconf 90' lang='lat' dir='ltr'><strong>dici</strong></span> <span class='ocrx_word' id='word_1_584' title='bbox 1617 1415 1720 1440; x_wconf 91' lang='lat' dir='ltr'><strong>bonum</strong></span> <span class='ocrx_word' id='word_1_585' title='bbox 1737 1413 1780 1444; x_wconf 84' lang='lat' dir='ltr'><strong>vel</strong></span> 
     </span>
    </p>
   </div>
   <div class='ocr_carea' id='block_1_74' title="bbox 990 1459 1780 1494">
    <p class='ocr_par' dir='ltr' id='par_1_74' title="bbox 990 1459 1780 1494">
     <span class='ocr_line' id='line_1_74' title="bbox 990 1459 1780 1494; baseline 0 -8"><span class='ocrx_word' id='word_1_586' title='bbox 990 1459 1103 1494; x_wconf 75' lang='lat' dir='ltr'><strong>intelligi</strong></span> <span class='ocrx_word' id='word_1_587' title='bbox 1123 1464 1222 1494; x_wconf 89' lang='lat' dir='ltr'><strong>potest.</strong></span> <span class='ocrx_word' id='word_1_588' title='bbox 1241 1459 1374 1488; x_wconf 87' lang='lat' dir='ltr'><strong>Similiter</strong></span> <span class='ocrx_word' id='word_1_589' title='bbox 1387 1461 1469 1488; x_wconf 87' lang='lat' dir='ltr'><strong>etiam</strong></span> <span class='ocrx_word' id='word_1_590' title='bbox 1486 1466 1513 1488; x_wconf 88' lang='lat' dir='ltr'><strong>et</strong></span> <span class='ocrx_word' id='word_1_591' title='bbox 1526 1460 1624 1488; x_wconf 92' lang='lat' dir='ltr'><strong>malum</strong></span> <span class='ocrx_word' id='word_1_592' title='bbox 1639 1460 1780 1493; x_wconf 74' lang='lat' dir='ltr'><strong>hominem</strong></span> 
     </span>
    </p>
   </div>
   <div class='ocr_carea' id='block_1_75' title="bbox 990 1504 1781 1541">
    <p class='ocr_par' dir='ltr' id='par_1_75' title="bbox 990 1504 1781 1541">
     <span class='ocr_line' id='line_1_75' title="bbox 990 1504 1781 1541; baseline 0.006 -11"><span class='ocrx_word' id='word_1_593' title='bbox 990 1504 1069 1537; x_wconf 76' lang='lat' dir='ltr'><strong>dixit,</strong></span> <span class='ocrx_word' id='word_1_594' title='bbox 1083 1505 1130 1539; x_wconf 94' lang='lat' dir='ltr'><strong>qui</strong></span> <span class='ocrx_word' id='word_1_595' title='bbox 1152 1506 1210 1535; x_wconf 87' lang='lat' dir='ltr'><strong>sine</strong></span> <span class='ocrx_word' id='word_1_596' title='bbox 1224 1506 1306 1533; x_wconf 89' lang='lat' dir='ltr'><strong>dubio</strong></span> <span class='ocrx_word' id='word_1_597' title='bbox 1325 1511 1397 1534; x_wconf 87' lang='lat' dir='ltr'><strong>esset</strong></span> <span class='ocrx_word' id='word_1_598' title='bbox 1415 1506 1542 1541; x_wconf 86' lang='lat' dir='ltr'><strong>injustus,</strong></span> <span class='ocrx_word' id='word_1_599' title='bbox 1558 1512 1585 1534; x_wconf 90' lang='lat' dir='ltr'><strong>et</strong></span> <span class='ocrx_word' id='word_1_600' title='bbox 1602 1507 1736 1540; x_wconf 85' lang='lat' dir='ltr'><strong>impurus,</strong></span> <span class='ocrx_word' id='word_1_601' title='bbox 1750 1510 1781 1535; x_wconf 78' lang='lat' dir='ltr'><strong>et</strong></span> 
     </span>
    </p>
   </div>
   <div class='ocr_carea' id='block_1_76' title="bbox 993 1551 1780 1586">
    <p class='ocr_par' dir='ltr' id='par_1_76' title="bbox 993 1551 1780 1586">
     <span class='ocr_line' id='line_1_76' title="bbox 993 1551 1780 1586; baseline 0 -9"><span class='ocrx_word' id='word_1_602' title='bbox 993 1551 1102 1585; x_wconf 89' lang='lat' dir='ltr'><strong>impius,</strong></span> <span class='ocrx_word' id='word_1_603' title='bbox 1122 1556 1150 1578; x_wconf 89' lang='lat' dir='ltr'><strong>et</strong></span> <span class='ocrx_word' id='word_1_604' title='bbox 1165 1552 1254 1580; x_wconf 86' lang='lat' dir='ltr'><strong>omnia</strong></span> <span class='ocrx_word' id='word_1_605' title='bbox 1267 1559 1326 1586; x_wconf 66' lang='lat' dir='ltr'><strong>qua:</strong></span> <span class='ocrx_word' id='word_1_606' title='bbox 1343 1559 1392 1586; x_wconf 84' lang='lat' dir='ltr'><strong>per</strong></span> <span class='ocrx_word' id='word_1_607' title='bbox 1407 1558 1498 1586; x_wconf 83' lang='lat' dir='ltr'><strong>partes</strong></span> <span class='ocrx_word' id='word_1_608' title='bbox 1521 1552 1658 1580; x_wconf 90' lang='lat' dir='ltr'><strong>hominem</strong></span> <span class='ocrx_word' id='word_1_609' title='bbox 1676 1551 1780 1581; x_wconf 80' lang='lat' dir='ltr'><strong>malum</strong></span> 
     </span>
    </p>
   </div>
   <div class='ocr_carea' id='block_1_77' title="bbox 990 1595 1780 1632">
    <p class='ocr_par' dir='ltr' id='par_1_77' title="bbox 990 1595 1780 1632">
     <span class='ocr_line' id='line_1_77' title="bbox 990 1595 1780 1632; baseline -0.001 -8"><span class='ocrx_word' id='word_1_610' title='bbox 990 1597 1153 1626; x_wconf 86' lang='lat' dir='ltr'><strong>deformant.</strong></span> <span class='ocrx_word' id='word_1_611' title='bbox 1171 1597 1250 1625; x_wconf 86' lang='lat' dir='ltr'><strong>Sicut</strong></span> <span class='ocrx_word' id='word_1_612' title='bbox 1264 1598 1335 1625; x_wconf 91' lang='lat' dir='ltr'><strong>enim</strong></span> <span class='ocrx_word' id='word_1_613' title='bbox 1351 1598 1411 1625; x_wconf 75' lang='lat' dir='ltr'><strong>s&#39;ne</strong></span> <span class='ocrx_word' id='word_1_614' title='bbox 1424 1598 1466 1626; x_wconf 77' lang='lat' dir='ltr'><strong>his</strong></span> <span class='ocrx_word' id='word_1_615' title='bbox 1480 1598 1608 1632; x_wconf 91' lang='lat' dir='ltr'><strong>nequitiis</strong></span> <span class='ocrx_word' id='word_1_616' title='bbox 1628 1604 1714 1624; x_wconf 87' lang='lat' dir='ltr'><strong>nemo</strong></span> <span class='ocrx_word' id='word_1_617' title='bbox 1727 1595 1780 1624; x_wconf 57' lang='lat' dir='ltr'><strong>alia</strong></span> 
     </span>
    </p>
   </div>
   <div class='ocr_carea' id='block_1_78' title="bbox 990 1641 1782 1679">
    <p class='ocr_par' dir='ltr' id='par_1_78' title="bbox 990 1641 1782 1679">
     <span class='ocr_line' id='line_1_78' title="bbox 990 1641 1782 1679; baseline -0.003 -9"><span class='ocrx_word' id='word_1_618' title='bbox 990 1649 1068 1677; x_wconf 89' lang='lat' dir='ltr'><strong>quem</strong></span> <span class='ocrx_word' id='word_1_619' title='bbox 1083 1643 1138 1679; x_wconf 85' lang='lat'><strong>(95)</strong></span> <span class='ocrx_word' id='word_1_620' title='bbox 1153 1644 1253 1670; x_wconf 88' lang='lat' dir='ltr'><strong>malum</strong></span> <span class='ocrx_word' id='word_1_621' title='bbox 1278 1644 1414 1670; x_wconf 89' lang='lat' dir='ltr'><strong>hominem</strong></span> <span class='ocrx_word' id='word_1_622' title='bbox 1439 1648 1526 1677; x_wconf 86' lang='lat' dir='ltr'><strong>putat,</strong></span> <span class='ocrx_word' id='word_1_623' title='bbox 1543 1651 1592 1670; x_wconf 87' lang='lat' dir='ltr'><strong>nec</strong></span> <span class='ocrx_word' id='word_1_624' title='bbox 1614 1649 1674 1670; x_wconf 83' lang='lat' dir='ltr'><strong>esse</strong></span> <span class='ocrx_word' id='word_1_625' title='bbox 1691 1641 1782 1675; x_wconf 70' lang='lat' dir='ltr'><strong>malus</strong></span> 
     </span>
    </p>
   </div>
   <div class='ocr_carea' id='block_1_79' title="bbox 989 1687 1780 1723">
    <p class='ocr_par' dir='ltr' id='par_1_79' title="bbox 989 1687 1780 1723">
     <span class='ocr_line' id='line_1_79' title="bbox 989 1687 1780 1723; baseline -0.003 -7"><span class='ocrx_word' id='word_1_626' title='bbox 989 1694 1089 1723; x_wconf 83' lang='lat' dir='ltr'><strong>potest,</strong></span> <span class='ocrx_word' id='word_1_627' title='bbox 1106 1689 1141 1715; x_wconf 92' lang='lat' dir='ltr'><strong>ita</strong></span> <span class='ocrx_word' id='word_1_628' title='bbox 1167 1694 1194 1716; x_wconf 90' lang='lat' dir='ltr'><strong>et</strong></span> <span class='ocrx_word' id='word_1_629' title='bbox 1219 1689 1279 1716; x_wconf 87' lang='lat' dir='ltr'><strong>sine</strong></span> <span class='ocrx_word' id='word_1_630' title='bbox 1295 1689 1347 1716; x_wconf 89' lang='lat' dir='ltr'><strong>illis</strong></span> <span class='ocrx_word' id='word_1_631' title='bbox 1363 1688 1509 1716; x_wconf 86' lang='lat' dir='ltr'><strong>virtutibus</strong></span> <span class='ocrx_word' id='word_1_632' title='bbox 1526 1693 1629 1715; x_wconf 88' lang='lat' dir='ltr'><strong>certum</strong></span> <span class='ocrx_word' id='word_1_633' title='bbox 1646 1691 1690 1715; x_wconf 89' lang='lat' dir='ltr'><strong>est</strong></span> <span class='ocrx_word' id='word_1_634' title='bbox 1705 1687 1780 1721; x_wconf 87' lang='lat' dir='ltr'><strong>quod</strong></span> 
     </span>
    </p>
   </div>
   <div class='ocr_carea' id='block_1_80' title="bbox 991 1733 1781 1768">
    <p class='ocr_par' dir='ltr' id='par_1_80' title="bbox 991 1733 1781 1768">
     <span class='ocr_line' id='line_1_80' title="bbox 991 1733 1781 1768; baseline -0.003 -6"><span class='ocrx_word' id='word_1_635' title='bbox 991 1741 1071 1762; x_wconf 88' lang='lat' dir='ltr'><strong>nemo</strong></span> <span class='ocrx_word' id='word_1_636' title='bbox 1096 1734 1242 1768; x_wconf 84' lang='lat' dir='ltr'><strong>potabitur</strong></span> <span class='ocrx_word' id='word_1_637' title='bbox 1265 1741 1325 1761; x_wconf 90' lang='lat' dir='ltr'><strong>esse</strong></span> <span class='ocrx_word' id='word_1_638' title='bbox 1351 1734 1447 1760; x_wconf 88' lang='lat' dir='ltr'><strong>bonus.</strong></span> <span class='ocrx_word' id='word_1_639' title='bbox 1478 1734 1607 1767; x_wconf 84' lang='lat' dir='ltr'><strong>Superest</strong></span> <span class='ocrx_word' id='word_1_640' title='bbox 1629 1734 1669 1760; x_wconf 86' lang='lat' dir='ltr'><strong>eis</strong></span> <span class='ocrx_word' id='word_1_641' title='bbox 1690 1733 1781 1766; x_wconf 67' lang='lat' dir='ltr'><strong>adhuc</strong></span> 
     </span>
    </p>
   </div>
   <div class='ocr_carea' id='block_1_81' title="bbox 989 1778 1780 1814">
    <p class='ocr_par' dir='ltr' id='par_1_81' title="bbox 989 1778 1780 1814">
     <span class='ocr_line' id='line_1_81' title="bbox 989 1778 1780 1814; baseline -0.003 -7"><span class='ocrx_word' id='word_1_642' title='bbox 989 1780 1084 1812; x_wconf 77' lang='lat' dir='ltr'><strong>etiam,</strong></span> <span class='ocrx_word' id='word_1_643' title='bbox 1104 1779 1180 1812; x_wconf 84' lang='lat' dir='ltr'><strong>illud,</strong></span> <span class='ocrx_word' id='word_1_644' title='bbox 1192 1779 1264 1814; x_wconf 85' lang='lat' dir='ltr'><strong>quod</strong></span> <span class='ocrx_word' id='word_1_645' title='bbox 1273 1778 1347 1807; x_wconf 89' lang='lat' dir='ltr'><strong>velut</strong></span> <span class='ocrx_word' id='word_1_646' title='bbox 1363 1779 1471 1813; x_wconf 79' lang='lat' dir='ltr'><strong>proprie</strong></span> <span class='ocrx_word' id='word_1_647' title='bbox 1488 1779 1539 1806; x_wconf 90' lang='lat' dir='ltr'><strong>sibi</strong></span> <span class='ocrx_word' id='word_1_648' title='bbox 1557 1779 1651 1806; x_wconf 80' lang='lat' dir='ltr'><strong>datum</strong></span> <span class='ocrx_word' id='word_1_649' title='bbox 1668 1782 1780 1805; x_wconf 89' lang='lat' dir='ltr'><strong>scutum</strong></span> 
     </span>
    </p>
   </div>
   <div class='ocr_carea' id='block_1_82' title="bbox 989 1824 1779 1863">
    <p class='ocr_par' dir='ltr' id='par_1_82' title="bbox 989 1824 1779 1863">
     <span class='ocr_line' id='line_1_82' title="bbox 989 1824 1779 1863; baseline -0.005 -8"><span class='ocrx_word' id='word_1_650' title='bbox 989 1833 1097 1862; x_wconf 88' lang='lat' dir='ltr'><strong>putant,</strong></span> <span class='ocrx_word' id='word_1_651' title='bbox 1113 1828 1186 1863; x_wconf 92' lang='lat' dir='ltr'><strong>quod</strong></span> <span class='ocrx_word' id='word_1_652' title='bbox 1205 1827 1273 1854; x_wconf 75' lang='lat' dir='ltr'><strong>dixit</strong></span> <span class='ocrx_word' id='word_1_653' title='bbox 1286 1827 1414 1854; x_wconf 86' lang='lat' dir='ltr'><strong>Dominus</strong></span> <span class='ocrx_word' id='word_1_654' title='bbox 1430 1827 1457 1853; x_wconf 89' lang='lat' dir='ltr'><strong>in</strong></span> <span class='ocrx_word' id='word_1_655' title='bbox 1473 1825 1621 1860; x_wconf 74' lang='lat' dir='ltr'><strong>Evangelio</strong></span> <span class='ocrx_word' id='word_1_656' title='bbox 1637 1834 1644 1851; x_wconf 90' lang='lat'><strong>:</strong></span> <span class='ocrx_word' id='word_1_657' title='bbox 1663 1835 1673 1850; x_wconf 74' lang='grc' dir='ltr'><strong>ι</strong></span> <span class='ocrx_word' id='word_1_658' title='bbox 1691 1824 1779 1855; x_wconf 84' lang='lat' dir='ltr'><strong>Nemo</strong></span> 
     </span>
    </p>
   </div>
   <div class='ocr_carea' id='block_1_83' title="bbox 989 1870 1779 1903">
    <p class='ocr_par' dir='ltr' id='par_1_83' title="bbox 989 1870 1779 1903">
     <span class='ocr_line' id='line_1_83' title="bbox 989 1870 1779 1903; baseline -0.005 -3"><span class='ocrx_word' id='word_1_659' title='bbox 989 1873 1077 1901; x_wconf 85' lang='lat' dir='ltr'><strong>bonus</strong></span> <span class='ocrx_word' id='word_1_660' title='bbox 1097 1872 1150 1900; x_wconf 90' lang='lat' dir='ltr'><strong>nisi</strong></span> <span class='ocrx_word' id='word_1_661' title='bbox 1167 1879 1236 1899; x_wconf 80' lang='lat' dir='ltr'><strong>tinus</strong></span> <span class='ocrx_word' id='word_1_662' title='bbox 1252 1872 1324 1898; x_wconf 89' lang='lat' dir='ltr'><strong>Deus</strong></span> <span class='ocrx_word' id='word_1_663' title='bbox 1338 1871 1419 1898; x_wconf 82' lang='lat' dir='ltr'><strong>Pater</strong></span> <span class='ocrx_word' id='word_1_664' title='bbox 1434 1871 1444 1887; x_wconf 74' lang='grc' dir='ltr'><strong><em>ο</em></strong></span> <span class='ocrx_word' id='word_1_665' title='bbox 1458 1890 1465 1903; x_wconf 85' lang='lat'><strong>,</strong></span> <span class='ocrx_word' id='word_1_666' title='bbox 1489 1880 1498 1896; x_wconf 79' lang='grc' dir='ltr'><strong>ι</strong></span> <span class='ocrx_word' id='word_1_667' title='bbox 1514 1871 1636 1897; x_wconf 85' lang='lat' dir='ltr'><strong>dicentes</strong></span> <span class='ocrx_word' id='word_1_668' title='bbox 1650 1870 1703 1897; x_wconf 89' lang='lat' dir='ltr'><strong>hoc</strong></span> <span class='ocrx_word' id='word_1_669' title='bbox 1714 1877 1779 1897; x_wconf 83' lang='lat' dir='ltr'><strong>esse</strong></span> 
     </span>
    </p>
   </div>
   <div class='ocr_carea' id='block_1_84' title="bbox 988 1915 1778 1953">
    <p class='ocr_par' dir='ltr' id='par_1_84' title="bbox 988 1915 1778 1953">
     <span class='ocr_line' id='line_1_84' title="bbox 988 1915 1778 1953; baseline -0.005 -7"><span class='ocrx_word' id='word_1_670' title='bbox 988 1919 1127 1953; x_wconf 79' lang='lat' dir='ltr'><strong>proprium</strong></span> <span class='ocrx_word' id='word_1_671' title='bbox 1158 1917 1319 1945; x_wconf 86' lang='lat' dir='ltr'><strong>vocabulum</strong></span> <span class='ocrx_word' id='word_1_672' title='bbox 1349 1916 1439 1943; x_wconf 82' lang='lat' dir='ltr'><strong>Patris</strong></span> <span class='ocrx_word' id='word_1_673' title='bbox 1469 1916 1580 1949; x_wconf 87' lang='lat' dir='ltr'><strong>Christi,</strong></span> <span class='ocrx_word' id='word_1_674' title='bbox 1607 1915 1653 1949; x_wconf 91' lang='lat' dir='ltr'><strong>qui</strong></span> <span class='ocrx_word' id='word_1_675' title='bbox 1685 1920 1778 1949; x_wconf 78' lang='lat' dir='ltr'><strong>tamen</strong></span> 
     </span>
    </p>
   </div>
   <div class='ocr_carea' id='block_1_85' title="bbox 988 1961 1778 1993">
    <p class='ocr_par' dir='ltr' id='par_1_85' title="bbox 988 1961 1778 1993">
     <span class='ocr_line' id='line_1_85' title="bbox 988 1961 1778 1993; baseline -0.008 -1"><span class='ocrx_word' id='word_1_676' title='bbox 988 1965 1057 1992; x_wconf 82' lang='lat' dir='ltr'><strong>alius</strong></span> <span class='ocrx_word' id='word_1_677' title='bbox 1068 1965 1103 1991; x_wconf 87' lang='lat' dir='ltr'><strong>sit</strong></span> <span class='ocrx_word' id='word_1_678' title='bbox 1119 1972 1134 1990; x_wconf 86' lang='lat' dir='ltr'><strong>a</strong></span> <span class='ocrx_word' id='word_1_679' title='bbox 1150 1969 1274 1990; x_wconf 84' lang='lat' dir='ltr'><strong>creatore</strong></span> <span class='ocrx_word' id='word_1_680' title='bbox 1286 1962 1406 1990; x_wconf 91' lang='lat' dir='ltr'><strong>ornuium</strong></span> <span class='ocrx_word' id='word_1_681' title='bbox 1427 1961 1491 1993; x_wconf 86' lang='lat' dir='ltr'><strong>Deo,</strong></span> <span class='ocrx_word' id='word_1_682' title='bbox 1506 1962 1549 1988; x_wconf 91' lang='lat' dir='ltr'><strong>cui</strong></span> <span class='ocrx_word' id='word_1_683' title='bbox 1562 1961 1681 1988; x_wconf 87' lang='lat' dir='ltr'><strong>creatori</strong></span> <span class='ocrx_word' id='word_1_684' title='bbox 1697 1961 1778 1989; x_wconf 51' lang='lat' dir='ltr'><strong>boni.</strong></span> 
     </span>
    </p>
   </div>
   <div class='ocr_carea' id='block_1_86' title="bbox 992 2007 1779 2044">
    <p class='ocr_par' dir='ltr' id='par_1_86' title="bbox 992 2007 1779 2044">
     <span class='ocr_line' id='line_1_86' title="bbox 992 2007 1779 2044; baseline -0.005 -7"><span class='ocrx_word' id='word_1_685' title='bbox 992 2011 1054 2037; x_wconf 87' lang='lat' dir='ltr'><strong>tatis</strong></span> <span class='ocrx_word' id='word_1_686' title='bbox 1073 2009 1129 2044; x_wconf 68' lang='grc'><strong>(94)</strong></span> <span class='ocrx_word' id='word_1_687' title='bbox 1145 2009 1246 2036; x_wconf 82' lang='lat' dir='ltr'><strong>nullam</strong></span> <span class='ocrx_word' id='word_1_688' title='bbox 1264 2008 1369 2035; x_wconf 88' lang='lat' dir='ltr'><strong>dederit</strong></span> <span class='ocrx_word' id='word_1_689' title='bbox 1394 2007 1613 2042; x_wconf 82' lang='lat' dir='ltr'><strong>appellationem.</strong></span> <span class='ocrx_word' id='word_1_690' title='bbox 1626 2007 1779 2039; x_wconf 76' lang='lat' dir='ltr'><strong>Videamus</strong></span> 
     </span>
    </p>
   </div>
   <div class='ocr_carea' id='block_1_87' title="bbox 988 2053 1779 2090">
    <p class='ocr_par' dir='ltr' id='par_1_87' title="bbox 988 2053 1779 2090">
     <span class='ocr_line' id='line_1_87' title="bbox 988 2053 1779 2090; baseline -0.004 -7"><span class='ocrx_word' id='word_1_691' title='bbox 988 2063 1053 2090; x_wconf 72' lang='lat' dir='ltr'><strong>ergo</strong></span> <span class='ocrx_word' id='word_1_692' title='bbox 1069 2055 1091 2082; x_wconf 90' lang='lat' dir='ltr'><strong>si</strong></span> <span class='ocrx_word' id='word_1_693' title='bbox 1112 2055 1139 2081; x_wconf 91' lang='lat' dir='ltr'><strong>in</strong></span> <span class='ocrx_word' id='word_1_694' title='bbox 1159 2053 1249 2080; x_wconf 83' lang='lat' dir='ltr'><strong>Veteri</strong></span> <span class='ocrx_word' id='word_1_695' title='bbox 1263 2053 1438 2080; x_wconf 77' lang='lat' dir='ltr'><strong>Testamento</strong></span> <span class='ocrx_word' id='word_1_696' title='bbox 1455 2054 1523 2081; x_wconf 87' lang='lat' dir='ltr'><strong>Deus</strong></span> <span class='ocrx_word' id='word_1_697' title='bbox 1539 2053 1738 2087; x_wconf 83' lang='lat' dir='ltr'><strong>prophetarum</strong></span> <span class='ocrx_word' id='word_1_698' title='bbox 1751 2057 1779 2080; x_wconf 84' lang='lat' dir='ltr'><strong>et</strong></span> 
     </span>
    </p>
   </div>
   <div class='ocr_carea' id='block_1_88' title="bbox 988 2097 1779 2132">
    <p class='ocr_par' dir='ltr' id='par_1_88' title="bbox 988 2097 1779 2132">
     <span class='ocr_line' id='line_1_88' title="bbox 988 2097 1779 2132; baseline -0.005 -5"><span class='ocrx_word' id='word_1_699' title='bbox 988 2101 1081 2128; x_wconf 86' lang='lat' dir='ltr'><strong>mundi</strong></span> <span class='ocrx_word' id='word_1_700' title='bbox 1099 2105 1209 2127; x_wconf 83' lang='lat' dir='ltr'><strong>creator</strong></span> <span class='ocrx_word' id='word_1_701' title='bbox 1225 2106 1255 2125; x_wconf 90' lang='lat' dir='ltr'><strong>ac</strong></span> <span class='ocrx_word' id='word_1_702' title='bbox 1268 2098 1411 2132; x_wconf 72' lang='lat' dir='ltr'><strong>legislalor</strong></span> <span class='ocrx_word' id='word_1_703' title='bbox 1437 2106 1488 2125; x_wconf 91' lang='lat' dir='ltr'><strong>non</strong></span> <span class='ocrx_word' id='word_1_704' title='bbox 1513 2098 1612 2129; x_wconf 83' lang='lat' dir='ltr'><strong>dicitur</strong></span> <span class='ocrx_word' id='word_1_705' title='bbox 1629 2099 1727 2124; x_wconf 87' lang='lat' dir='ltr'><strong>bonus.</strong></span> <span class='ocrx_word' id='word_1_706' title='bbox 1745 2097 1779 2124; x_wconf 82' lang='lat' dir='ltr'><strong>Et</strong></span> 
     </span>
    </p>
   </div>
   <div class='ocr_carea' id='block_1_89' title="bbox 988 2144 1778 2181">
    <p class='ocr_par' dir='ltr' id='par_1_89' title="bbox 988 2144 1778 2181">
     <span class='ocr_line' id='line_1_89' title="bbox 988 2144 1778 2181; baseline -0.003 -9"><span class='ocrx_word' id='word_1_707' title='bbox 988 2146 1051 2181; x_wconf 86' lang='lat' dir='ltr'><strong>quid</strong></span> <span class='ocrx_word' id='word_1_708' title='bbox 1079 2151 1121 2173; x_wconf 89' lang='lat' dir='ltr'><strong>est</strong></span> <span class='ocrx_word' id='word_1_709' title='bbox 1147 2145 1218 2179; x_wconf 91' lang='lat' dir='ltr'><strong>quod</strong></span> <span class='ocrx_word' id='word_1_710' title='bbox 1241 2145 1267 2172; x_wconf 90' lang='lat' dir='ltr'><strong>iu</strong></span> <span class='ocrx_word' id='word_1_711' title='bbox 1293 2144 1409 2172; x_wconf 83' lang='lat' dir='ltr'><strong>Psalmis</strong></span> <span class='ocrx_word' id='word_1_712' title='bbox 1429 2144 1496 2171; x_wconf 84' lang='lat' dir='ltr'><strong>dicit</strong></span> <span class='ocrx_word' id='word_1_713' title='bbox 1516 2154 1522 2172; x_wconf 88' lang='lat'>:</span> <span class='ocrx_word' id='word_1_714' title='bbox 1541 2153 1550 2169; x_wconf 86' lang='grc'><strong><em>‹</em></strong></span> <span class='ocrx_word' id='word_1_715' title='bbox 1573 2144 1659 2176; x_wconf 88' lang='lat' dir='ltr'><strong>Quam</strong></span> <span class='ocrx_word' id='word_1_716' title='bbox 1685 2144 1778 2170; x_wconf 85' lang='lat' dir='ltr'><strong>bonus</strong></span> 
     </span>
    </p>
   </div>
   <div class='ocr_carea' id='block_1_90' title="bbox 147 2188 1778 2223">
    <p class='ocr_par' dir='ltr' id='par_1_90' title="bbox 147 2188 1778 2223">
     <span class='ocr_line' id='line_1_90' title="bbox 147 2188 1778 2223; baseline 0.001 -9"><span class='ocrx_word' id='word_1_717' title='bbox 147 2196 218 2215; x_wconf 85' lang='lat' dir='ltr'><strong>nem.</strong></span> <span class='ocrx_word' id='word_1_718' title='bbox 233 2189 457 2222; x_wconf 83' lang='lat' dir='ltr'><strong>Aiuntnamquc:</strong></span> <span class='ocrx_word' id='word_1_719' title='bbox 473 2188 609 2223; x_wconf 89' lang='lat' dir='ltr'><strong>Scriptunt</strong></span> <span class='ocrx_word' id='word_1_720' title='bbox 621 2194 674 2222; x_wconf 89' lang='lat' dir='ltr'><strong>est,</strong></span> <span class='ocrx_word' id='word_1_721' title='bbox 686 2190 748 2223; x_wconf 85' lang='lat' dir='ltr'><strong>quia</strong></span> <span class='ocrx_word' id='word_1_722' title='bbox 764 2199 773 2215; x_wconf 76' lang='grc' dir='ltr'><strong>ι</strong></span> <span class='ocrx_word' id='word_1_723' title='bbox 785 2197 836 2216; x_wconf 87' lang='lat' dir='ltr'><strong>non</strong></span> <span class='ocrx_word' id='word_1_724' title='bbox 849 2195 937 2223; x_wconf 83' lang='lat' dir='ltr'><strong>potest</strong></span> <span class='ocrx_word' id='word_1_725' title='bbox 954 2193 974 2220; x_wconf 78' lang='grc' dir='ltr'>υ</span> <span class='ocrx_word' id='word_1_726' title='bbox 991 2191 1070 2218; x_wconf 83' lang='lat' dir='ltr'><strong>Israel</strong></span> <span class='ocrx_word' id='word_1_727' title='bbox 1097 2191 1167 2218; x_wconf 89' lang='lat' dir='ltr'><strong>Deus</strong></span> <span class='ocrx_word' id='word_1_728' title='bbox 1190 2191 1271 2217; x_wconf 87' lang='lat' dir='ltr'><strong>rectis</strong></span> <span class='ocrx_word' id='word_1_729' title='bbox 1295 2191 1377 2217; x_wconf 83' lang='lat' dir='ltr'><strong>corde</strong></span> <span class='ocrx_word' id='word_1_730' title='bbox 1406 2190 1445 2222; x_wconf 76' lang='grc' dir='ltr'><strong>ι¹’;</strong></span> <span class='ocrx_word' id='word_1_731' title='bbox 1476 2199 1485 2217; x_wconf 84' lang='grc' dir='ltr'><strong>ι</strong></span> <span class='ocrx_word' id='word_1_732' title='bbox 1502 2195 1530 2217; x_wconf 90' lang='lat' dir='ltr'><strong>et</strong></span> <span class='ocrx_word' id='word_1_733' title='bbox 1546 2199 1552 2216; x_wconf 87' lang='lat'>:</span> <span class='ocrx_word' id='word_1_734' title='bbox 1571 2198 1579 2216; x_wconf 75' lang='grc' dir='ltr'><strong>ι</strong></span> <span class='ocrx_word' id='word_1_735' title='bbox 1606 2189 1681 2219; x_wconf 85' lang='lat' dir='ltr'><strong>Dicat</strong></span> <span class='ocrx_word' id='word_1_736' title='bbox 1701 2196 1778 2219; x_wconf 80' lang='lat' dir='ltr'><strong>nunc</strong></span> 
     </span>
    </p>
   </div>
   <div class='ocr_carea' id='block_1_91' title="bbox 146 2234 935 2267">
    <p class='ocr_par' dir='ltr' id='par_1_91' title="bbox 146 2234 935 2267">
     <span class='ocr_line' id='line_1_91' title="bbox 146 2234 935 2267; baseline 0 -5"><span class='ocrx_word' id='word_1_737' title='bbox 146 2235 226 2262; x_wconf 83' lang='lat' dir='ltr'><strong>arbor</strong></span> <span class='ocrx_word' id='word_1_738' title='bbox 244 2235 313 2261; x_wconf 85' lang='lat' dir='ltr'><strong>mala</strong></span> <span class='ocrx_word' id='word_1_739' title='bbox 339 2234 446 2261; x_wconf 87' lang='lat' dir='ltr'><strong>fructus</strong></span> <span class='ocrx_word' id='word_1_740' title='bbox 463 2235 547 2262; x_wconf 89' lang='lat' dir='ltr'><strong>honos</strong></span> <span class='ocrx_word' id='word_1_741' title='bbox 571 2235 675 2267; x_wconf 87' lang='lat' dir='ltr'><strong>facere;</strong></span> <span class='ocrx_word' id='word_1_742' title='bbox 699 2243 731 2261; x_wconf 86' lang='lat' dir='ltr'><strong>ex</strong></span> <span class='ocrx_word' id='word_1_743' title='bbox 758 2234 845 2262; x_wconf 88' lang='lat' dir='ltr'><strong>frttctu</strong></span> <span class='ocrx_word' id='word_1_744' title='bbox 863 2236 935 2262; x_wconf 83' lang='lat' dir='ltr'><strong>enim</strong></span> 
     </span>
    </p>
   </div>
   <div class='ocr_carea' id='block_1_92' title="bbox 147 2280 935 2315">
    <p class='ocr_par' dir='ltr' id='par_1_92' title="bbox 147 2280 935 2315">
     <span class='ocr_line' id='line_1_92' title="bbox 147 2280 935 2315; baseline 0.003 -10"><span class='ocrx_word' id='word_1_745' title='bbox 147 2281 227 2314; x_wconf 69' lang='lat' dir='ltr'><strong>arbor</strong></span> <span class='ocrx_word' id='word_1_746' title='bbox 238 2281 410 2315; x_wconf 80' lang='lat' dir='ltr'><strong>cognoscitur</strong></span> <span class='ocrx_word' id='word_1_747' title='bbox 422 2280 443 2307; x_wconf 77' lang='grc'><strong>⁸.</strong></span> <span class='ocrx_word' id='word_1_748' title='bbox 465 2290 474 2306; x_wconf 79' lang='grc' dir='ltr'><strong>ι</strong></span> <span class='ocrx_word' id='word_1_749' title='bbox 492 2280 560 2313; x_wconf 85' lang='lat' dir='ltr'><strong>Quid</strong></span> <span class='ocrx_word' id='word_1_750' title='bbox 575 2288 641 2314; x_wconf 76' lang='lat' dir='ltr'><strong>ergo</strong></span> <span class='ocrx_word' id='word_1_751' title='bbox 661 2280 755 2307; x_wconf 86' lang='lat' dir='ltr'><strong>aiunt?</strong></span> <span class='ocrx_word' id='word_1_752' title='bbox 777 2280 870 2313; x_wconf 77' lang='lat' dir='ltr'><strong>Qualis</strong></span> <span class='ocrx_word' id='word_1_753' title='bbox 889 2288 935 2307; x_wconf 90' lang='lat' dir='ltr'><strong>ar-</strong></span> 
     </span>
    </p>
   </div>
   <div class='ocr_carea' id='block_1_93' title="bbox 146 2326 934 2360">
    <p class='ocr_par' dir='ltr' id='par_1_93' title="bbox 146 2326 934 2360">
     <span class='ocr_line' id='line_1_93' title="bbox 146 2326 934 2360; baseline 0 -6"><span class='ocrx_word' id='word_1_754' title='bbox 146 2327 196 2354; x_wconf 87' lang='lat' dir='ltr'><strong>bor</strong></span> <span class='ocrx_word' id='word_1_755' title='bbox 209 2328 244 2354; x_wconf 90' lang='lat' dir='ltr'><strong>sit</strong></span> <span class='ocrx_word' id='word_1_756' title='bbox 255 2327 307 2358; x_wconf 83' lang='lat' dir='ltr'><strong>lex,</strong></span> <span class='ocrx_word' id='word_1_757' title='bbox 323 2334 355 2354; x_wconf 76' lang='lat' dir='ltr'><strong>ex</strong></span> <span class='ocrx_word' id='word_1_758' title='bbox 371 2326 502 2353; x_wconf 85' lang='lat' dir='ltr'><strong>fructibus</strong></span> <span class='ocrx_word' id='word_1_759' title='bbox 516 2326 582 2357; x_wconf 88' lang='lat' dir='ltr'><strong>suis,</strong></span> <span class='ocrx_word' id='word_1_760' title='bbox 595 2326 620 2352; x_wconf 90' lang='lat' dir='ltr'><strong>id</strong></span> <span class='ocrx_word' id='word_1_761' title='bbox 636 2331 719 2352; x_wconf 89' lang='lat' dir='ltr'><strong>estex</strong></span> <span class='ocrx_word' id='word_1_762' title='bbox 737 2332 934 2360; x_wconf 78' lang='lat' dir='ltr'><strong>praecepturum</strong></span> 
     </span>
    </p>
   </div>
   <div class='ocr_carea' id='block_1_94' title="bbox 147 2371 934 2406">
    <p class='ocr_par' dir='ltr' id='par_1_94' title="bbox 147 2371 934 2406">
     <span class='ocr_line' id='line_1_94' title="bbox 147 2371 934 2406; baseline 0 -7"><span class='ocrx_word' id='word_1_763' title='bbox 147 2373 315 2399; x_wconf 83' lang='lat' dir='ltr'><strong>sermonibus</strong></span> <span class='ocrx_word' id='word_1_764' title='bbox 332 2371 496 2398; x_wconf 79' lang='lat' dir='ltr'><strong>declaratur.</strong></span> <span class='ocrx_word' id='word_1_765' title='bbox 511 2371 538 2398; x_wconf 85' lang='lat' dir='ltr'><strong>Si</strong></span> <span class='ocrx_word' id='word_1_766' title='bbox 551 2379 621 2397; x_wconf 81' lang='lat' dir='ltr'><strong>enim</strong></span> <span class='ocrx_word' id='word_1_767' title='bbox 630 2371 697 2398; x_wconf 89' lang='lat' dir='ltr'><strong>bona</strong></span> <span class='ocrx_word' id='word_1_768' title='bbox 711 2371 864 2398; x_wconf 85' lang='lat' dir='ltr'><strong>inveniatur</strong></span> <span class='ocrx_word' id='word_1_769' title='bbox 881 2372 934 2406; x_wconf 64' lang='lat' dir='ltr'><strong>let,</strong></span> 
     </span>
    </p>
   </div>
   <div class='ocr_carea' id='block_1_95' title="bbox 146 2416 936 2451">
    <p class='ocr_par' dir='ltr' id='par_1_95' title="bbox 146 2416 936 2451">
     <span class='ocr_line' id='line_1_95' title="bbox 146 2416 936 2451; baseline 0 -7"><span class='ocrx_word' id='word_1_770' title='bbox 146 2419 205 2450; x_wconf 83' lang='lat' dir='ltr'><strong>sine</strong></span> <span class='ocrx_word' id='word_1_771' title='bbox 221 2418 301 2445; x_wconf 88' lang='lat' dir='ltr'><strong>dubio</strong></span> <span class='ocrx_word' id='word_1_772' title='bbox 316 2421 340 2444; x_wconf 88' lang='lat' dir='ltr'><strong>et</strong></span> <span class='ocrx_word' id='word_1_773' title='bbox 352 2417 397 2451; x_wconf 92' lang='lat' dir='ltr'><strong>qni</strong></span> <span class='ocrx_word' id='word_1_774' title='bbox 414 2417 485 2443; x_wconf 87' lang='lat' dir='ltr'><strong>dedit</strong></span> <span class='ocrx_word' id='word_1_775' title='bbox 502 2424 561 2443; x_wconf 84' lang='lat' dir='ltr'><strong>cant</strong></span> <span class='ocrx_word' id='word_1_776' title='bbox 587 2416 673 2443; x_wconf 86' lang='lat' dir='ltr'><strong>bonus</strong></span> <span class='ocrx_word' id='word_1_777' title='bbox 688 2416 757 2443; x_wconf 85' lang='lat' dir='ltr'><strong>Deus</strong></span> <span class='ocrx_word' id='word_1_778' title='bbox 773 2424 832 2443; x_wconf 85' lang='lat' dir='ltr'><strong>esse</strong></span> <span class='ocrx_word' id='word_1_779' title='bbox 848 2417 936 2444; x_wconf 87' lang='lat' dir='ltr'><strong>credi-</strong></span> 
     </span>
    </p>
   </div>
   <div class='ocr_carea' id='block_1_96' title="bbox 148 2462 932 2497">
    <p class='ocr_par' dir='ltr' id='par_1_96' title="bbox 148 2462 932 2497">
     <span class='ocr_line' id='line_1_96' title="bbox 148 2462 932 2497; baseline -0.003 -6"><span class='ocrx_word' id='word_1_780' title='bbox 148 2469 199 2492; x_wconf 92' lang='lat' dir='ltr'><strong>tnr.</strong></span> <span class='ocrx_word' id='word_1_781' title='bbox 216 2464 242 2491; x_wconf 89' lang='lat' dir='ltr'><strong>Si</strong></span> <span class='ocrx_word' id='word_1_782' title='bbox 260 2471 324 2491; x_wconf 78' lang='lat' dir='ltr'><strong>vero</strong></span> <span class='ocrx_word' id='word_1_783' title='bbox 346 2463 417 2497; x_wconf 86' lang='lat' dir='ltr'><strong>justa</strong></span> <span class='ocrx_word' id='word_1_784' title='bbox 438 2462 523 2497; x_wconf 76' lang='lat' dir='ltr'><strong>magis</strong></span> <span class='ocrx_word' id='word_1_785' title='bbox 541 2469 622 2497; x_wconf 87' lang='lat' dir='ltr'><strong>quam</strong></span> <span class='ocrx_word' id='word_1_786' title='bbox 644 2462 725 2494; x_wconf 87' lang='lat' dir='ltr'><strong>bona,</strong></span> <span class='ocrx_word' id='word_1_787' title='bbox 739 2462 828 2496; x_wconf 85' lang='lat' dir='ltr'><strong>justus</strong></span> <span class='ocrx_word' id='word_1_788' title='bbox 852 2463 932 2490; x_wconf 88' lang='lat' dir='ltr'><strong>etiam</strong></span> 
     </span>
    </p>
   </div>
   <div class='ocr_carea' id='block_1_97' title="bbox 179 2529 913 2593">
    <p class='ocr_par' dir='ltr' id='par_1_97' title="bbox 179 2529 913 2593">
     <span class='ocr_line' id='line_1_97' title="bbox 179 2529 913 2564; baseline 0 -6"><span class='ocrx_word' id='word_1_789' title='bbox 179 2532 202 2551; x_wconf 70' lang='grc' dir='ltr'><strong>θ’</strong></span> <span class='ocrx_word' id='word_1_790' title='bbox 219 2532 226 2558; x_wconf 97' lang='grc' dir='ltr'><strong>Ι</strong></span> <span class='ocrx_word' id='word_1_791' title='bbox 242 2532 297 2558; x_wconf 85' lang='lat' dir='ltr'><strong>Pet.</strong></span> <span class='ocrx_word' id='word_1_792' title='bbox 315 2539 354 2563; x_wconf 87' lang='grc' dir='ltr'>ιιι,</span> <span class='ocrx_word' id='word_1_793' title='bbox 372 2531 415 2564; x_wconf 80' lang='grc'><strong>18,</strong></span> <span class='ocrx_word' id='word_1_794' title='bbox 430 2530 472 2561; x_wconf 81' lang='lat' dir='ltr'><strong>l9.</strong></span> <span class='ocrx_word' id='word_1_795' title='bbox 485 2529 529 2562; x_wconf 74' lang='lat'><strong>20,</strong></span> <span class='ocrx_word' id='word_1_796' title='bbox 547 2529 591 2556; x_wconf 77' lang='lat'><strong>2|.</strong></span> <span class='ocrx_word' id='word_1_797' title='bbox 612 2529 846 2562; x_wconf 77' lang='lat' dir='ltr'><strong>’Ezecb.xvt,53,</strong></span> <span class='ocrx_word' id='word_1_798' title='bbox 885 2531 913 2558; x_wconf 65' lang='lat'><strong>‘1</strong></span> 
     </span>
     <span class='ocr_line' id='line_1_98' title="bbox 179 2565 898 2593; baseline -0.001 0"><span class='ocrx_word' id='word_1_799' title='bbox 179 2572 191 2593; x_wconf 63' lang='grc' dir='ltr'>ι.</span> <span class='ocrx_word' id='word_1_800' title='bbox 217 2572 243 2593; x_wconf 90' lang='lat' dir='ltr'><strong>et</strong></span> <span class='ocrx_word' id='word_1_801' title='bbox 267 2574 319 2593; x_wconf 81' lang='lat' dir='ltr'><strong>xtl.</strong></span> <span class='ocrx_word' id='word_1_802' title='bbox 343 2566 388 2593; x_wconf 81' lang='lat'><strong>53.</strong></span> <span class='ocrx_word' id='word_1_803' title='bbox 427 2567 437 2582; x_wconf 90' lang='grc'>¹¹</span> <span class='ocrx_word' id='word_1_804' title='bbox 455 2566 533 2592; x_wconf 71' lang='lat' dir='ltr'><strong>“imi.</strong></span> <span class='ocrx_word' id='word_1_805' title='bbox 572 2572 619 2593; x_wconf 83' lang='lat' dir='ltr'><strong>vn.</strong></span> <span class='ocrx_word' id='word_1_806' title='bbox 657 2565 700 2592; x_wconf 73' lang='grc'><strong>12.</strong></span> <span class='ocrx_word' id='word_1_807' title='bbox 740 2566 831 2592; x_wconf 78' lang='lat' dir='ltr'><strong>‘lbid.</strong></span> <span class='ocrx_word' id='word_1_808' title='bbox 856 2566 898 2593; x_wconf 78' lang='lat' dir='ltr'><strong>i3.</strong></span> 
     </span>
    </p>
   </div>
   <div class='ocr_carea' id='block_1_98' title="bbox 451 2529 1185 2593">
    <p class='ocr_par' dir='ltr' id='par_1_98' title="bbox 451 2529 1185 2593">
     <span class='ocr_line' id='line_1_99' title="bbox 451 2529 1185 2563; baseline -0.001 -7"><span class='ocrx_word' id='word_1_809' title='bbox 451 2530 472 2561; x_wconf 67' lang='lat'><strong>3,</strong></span> <span class='ocrx_word' id='word_1_810' title='bbox 485 2529 529 2562; x_wconf 73' lang='lat'><strong>20,</strong></span> <span class='ocrx_word' id='word_1_811' title='bbox 547 2529 591 2556; x_wconf 74' lang='lat'><strong>2|.</strong></span> <span class='ocrx_word' id='word_1_812' title='bbox 612 2529 846 2562; x_wconf 77' lang='lat' dir='ltr'><strong>’Ezech.xvl,53,</strong></span> <span class='ocrx_word' id='word_1_813' title='bbox 885 2531 896 2546; x_wconf 83' lang='lat'><strong><em>‘</em></strong></span> <span class='ocrx_word' id='word_1_814' title='bbox 911 2531 962 2559; x_wconf 88' lang='lat' dir='ltr'><strong>lsa.</strong></span> <span class='ocrx_word' id='word_1_815' title='bbox 986 2530 1125 2563; x_wconf 56' lang='lat'><strong>“‘11,”,</strong></span> <span class='ocrx_word' id='word_1_816' title='bbox 1143 2529 1185 2556; x_wconf 75' lang='grc'><strong>15.</strong></span> 
     </span>
     <span class='ocr_line' id='line_1_100' title="bbox 455 2565 1185 2593; baseline -0.001 -2"><span class='ocrx_word' id='word_1_817' title='bbox 455 2566 533 2592; x_wconf 68' lang='grc' dir='ltr'>Ιιιιιιι.</span> <span class='ocrx_word' id='word_1_818' title='bbox 572 2572 619 2593; x_wconf 79' lang='lat' dir='ltr'><strong>vn.</strong></span> <span class='ocrx_word' id='word_1_819' title='bbox 657 2565 700 2592; x_wconf 74' lang='grc'><strong>12.</strong></span> <span class='ocrx_word' id='word_1_820' title='bbox 740 2566 750 2581; x_wconf 86' lang='grc'><strong><em>⁶</em></strong></span> <span class='ocrx_word' id='word_1_821' title='bbox 765 2566 831 2592; x_wconf 86' lang='lat' dir='ltr'><strong>Ibid.</strong></span> <span class='ocrx_word' id='word_1_822' title='bbox 856 2566 898 2593; x_wconf 77' lang='lat' dir='ltr'><strong>i3.</strong></span> <span class='ocrx_word' id='word_1_823' title='bbox 937 2567 946 2581; x_wconf 93' lang='lat'><strong><em>&quot;</em></strong></span> <span class='ocrx_word' id='word_1_824' title='bbox 961 2566 1029 2593; x_wconf 85' lang='lat' dir='ltr'><strong>Ibid.</strong></span> <span class='ocrx_word' id='word_1_825' title='bbox 1069 2566 1080 2581; x_wconf 79' lang='grc'><strong><em>⁸</em></strong></span> <span class='ocrx_word' id='word_1_826' title='bbox 1095 2565 1185 2591; x_wconf 46' lang='lat' dir='ltr'><strong>Matth.</strong></span> 
     </span>
    </p>
   </div>
   <div class='ocr_carea' id='block_1_99' title="bbox 993 2575 1029 2592">
    <p class='ocr_par' dir='ltr' id='par_1_99' title="bbox 993 2575 1029 2592">
     <span class='ocr_line' id='line_1_101' title="bbox 993 2575 1029 2592; baseline 0 0"><span class='ocrx_word' id='word_1_827' title='bbox 993 2575 1029 2592; x_wconf 83' lang='lat' dir='ltr'><strong>id.</strong></span> 
     </span>
    </p>
   </div>
   <div class='ocr_carea' id='block_1_100' title="bbox 572 2565 898 2594">
    <p class='ocr_par' dir='ltr' id='par_1_100' title="bbox 572 2565 898 2594">
     <span class='ocr_line' id='line_1_102' title="bbox 572 2565 898 2594; baseline 0.003 -3"><span class='ocrx_word' id='word_1_828' title='bbox 572 2572 619 2594; x_wconf 79' lang='lat' dir='ltr'><strong>vn.</strong></span> <span class='ocrx_word' id='word_1_829' title='bbox 657 2565 700 2592; x_wconf 73' lang='grc'><strong>12,</strong></span> <span class='ocrx_word' id='word_1_830' title='bbox 740 2566 831 2592; x_wconf 78' lang='grc' dir='ltr'>⁶Ιιιῐι1.</span> <span class='ocrx_word' id='word_1_831' title='bbox 856 2566 898 2593; x_wconf 76' lang='grc'><strong>15.</strong></span> 
     </span>
    </p>
   </div>
   <div class='ocr_carea' id='block_1_101' title="bbox 592 2600 838 2634">
    <p class='ocr_par' dir='ltr' id='par_1_101' title="bbox 592 2600 838 2634">
     <span class='ocr_line' id='line_1_103' title="bbox 592 2600 838 2634; baseline 0.008 -8"><span class='ocrx_word' id='word_1_832' title='bbox 592 2601 612 2615; x_wconf 91' lang='grc'>¹¹</span> <span class='ocrx_word' id='word_1_833' title='bbox 627 2600 727 2627; x_wconf 88' lang='lat' dir='ltr'><strong>Thren.</strong></span> <span class='ocrx_word' id='word_1_834' title='bbox 740 2607 782 2634; x_wconf 88' lang='grc' dir='ltr'>ιιι,</span> <span class='ocrx_word' id='word_1_835' title='bbox 794 2601 838 2628; x_wconf 75' lang='lat'><strong>‘25.</strong></span> 
     </span>
    </p>
   </div>
   <div class='ocr_carea' id='block_1_102' title="bbox 150 2566 533 2598">
    <p class='ocr_par' dir='ltr' id='par_1_102' title="bbox 150 2566 533 2598">
     <span class='ocr_line' id='line_1_104' title="bbox 150 2566 533 2598; baseline -0.008 -3"><span class='ocrx_word' id='word_1_836' title='bbox 150 2569 191 2596; x_wconf 78' lang='lat' dir='ltr'><strong>i8.</strong></span> <span class='ocrx_word' id='word_1_837' title='bbox 217 2572 243 2594; x_wconf 86' lang='lat' dir='ltr'><strong>et</strong></span> <span class='ocrx_word' id='word_1_838' title='bbox 267 2574 319 2598; x_wconf 76' lang='lat' dir='ltr'><strong>XII,</strong></span> <span class='ocrx_word' id='word_1_839' title='bbox 343 2566 388 2593; x_wconf 80' lang='grc'><strong>55.</strong></span> <span class='ocrx_word' id='word_1_840' title='bbox 427 2567 437 2582; x_wconf 91' lang='grc'>¹¹</span> <span class='ocrx_word' id='word_1_841' title='bbox 455 2566 533 2592; x_wconf 71' lang='lat' dir='ltr'><strong>“om.</strong></span> 
     </span>
    </p>
   </div>
   <div class='ocr_carea' id='block_1_103' title="bbox 145 2600 552 2634">
    <p class='ocr_par' dir='ltr' id='par_1_103' title="bbox 145 2600 552 2634">
     <span class='ocr_line' id='line_1_105' title="bbox 145 2600 552 2634; baseline -0.007 -5"><span class='ocrx_word' id='word_1_842' title='bbox 145 2610 231 2634; x_wconf 75' lang='lat' dir='ltr'><strong>thn,</strong></span> <span class='ocrx_word' id='word_1_843' title='bbox 244 2602 270 2628; x_wconf 80' lang='grc' dir='ltr'><strong>Ι.</strong></span> <span class='ocrx_word' id='word_1_844' title='bbox 310 2603 329 2617; x_wconf 75' lang='grc'><strong><em>³³</em></strong></span> <span class='ocrx_word' id='word_1_845' title='bbox 345 2601 416 2628; x_wconf 79' lang='lat' dir='ltr'><strong>l’sal.</strong></span> <span class='ocrx_word' id='word_1_846' title='bbox 430 2600 552 2633; x_wconf 55' lang='lat' dir='ltr'><strong>cxvuﬁ.</strong></span> 
     </span>
    </p>
   </div>
   <div class='ocr_carea' id='block_1_104' title="bbox 182 2661 932 2700">
    <p class='ocr_par' dir='ltr' id='par_1_104' title="bbox 182 2661 932 2700">
     <span class='ocr_line' id='line_1_106' title="bbox 182 2661 932 2700; baseline -0.001 -10"><span class='ocrx_word' id='word_1_847' title='bbox 182 2663 237 2700; x_wconf 77' lang='lat'><strong>(89)</strong></span> <span class='ocrx_word' id='word_1_848' title='bbox 250 2663 294 2690; x_wconf 84' lang='lat' dir='ltr'><strong>Sic</strong></span> <span class='ocrx_word' id='word_1_849' title='bbox 310 2670 380 2700; x_wconf 53' lang='lat' dir='ltr'><strong>mss.</strong></span> <span class='ocrx_word' id='word_1_850' title='bbox 397 2662 475 2689; x_wconf 82' lang='lat' dir='ltr'><strong>Libh.</strong></span> <span class='ocrx_word' id='word_1_851' title='bbox 506 2661 582 2693; x_wconf 86' lang='lat' dir='ltr'><strong>editi,</strong></span> <span class='ocrx_word' id='word_1_852' title='bbox 604 2671 627 2700; x_wconf 80' lang='lat' dir='ltr'><strong>_t_</strong></span> <span class='ocrx_word' id='word_1_853' title='bbox 643 2662 713 2700; x_wconf 78' lang='lat' dir='ltr'><strong>apud</strong></span> <span class='ocrx_word' id='word_1_854' title='bbox 734 2669 792 2700; x_wconf 79' lang='lat' dir='ltr'><strong>nos.</strong></span> <span class='ocrx_word' id='word_1_855' title='bbox 815 2671 833 2700; x_wconf 27' lang='grc' dir='ltr'>ι.</span> <span class='ocrx_word' id='word_1_856' title='bbox 848 2661 932 2689; x_wconf 87' lang='lat' dir='ltr'><strong>Paulo</strong></span> 
     </span>
    </p>
   </div>
   <div class='ocr_carea' id='block_1_105' title="bbox 165 2697 929 2728">
    <p class='ocr_par' dir='ltr' id='par_1_105' title="bbox 165 2697 929 2728">
     <span class='ocr_line' id='line_1_107' title="bbox 165 2697 929 2728; baseline -0.003 -4"><span class='ocrx_word' id='word_1_857' title='bbox 165 2697 207 2725; x_wconf 78' lang='lat' dir='ltr'><strong>ost</strong></span> <span class='ocrx_word' id='word_1_858' title='bbox 220 2697 294 2728; x_wconf 78' lang='lat' dir='ltr'><strong>n:ss.,</strong></span> <span class='ocrx_word' id='word_1_859' title='bbox 313 2707 320 2722; x_wconf 85' lang='lat' dir='ltr'>I</span> <span class='ocrx_word' id='word_1_860' title='bbox 339 2697 380 2723; x_wconf 78' lang='lat' dir='ltr'><strong>cui</strong></span> <span class='ocrx_word' id='word_1_861' title='bbox 407 2702 496 2724; x_wconf 87' lang='lat' dir='ltr'><strong>autem</strong></span> <span class='ocrx_word' id='word_1_862' title='bbox 518 2705 569 2724; x_wconf 90' lang='lat' dir='ltr'><strong>non</strong></span> <span class='ocrx_word' id='word_1_863' title='bbox 585 2697 720 2724; x_wconf 88' lang='lat' dir='ltr'><strong>videbitur</strong></span> <span class='ocrx_word' id='word_1_864' title='bbox 735 2697 891 2724; x_wconf 83' lang='lat' dir='ltr'><strong>absurdum.</strong></span> <span class='ocrx_word' id='word_1_865' title='bbox 920 2706 929 2722; x_wconf 84' lang='grc'><strong>›</strong></span> 
     </span>
    </p>
   </div>
   <div class='ocr_carea' id='block_1_106' title="bbox 146 2706 929 2767">
    <p class='ocr_par' dir='ltr' id='par_1_106' title="bbox 146 2706 929 2767">
     <span class='ocr_line' id='line_1_108' title="bbox 165 2706 929 2728; baseline -0.003 -4"><span class='ocrx_word' id='word_1_866' title='bbox 165 2706 207 2725; x_wconf 83' lang='lat' dir='ltr'><strong>ost</strong></span> <span class='ocrx_word' id='word_1_867' title='bbox 220 2706 294 2728; x_wconf 78' lang='lat' dir='ltr'><strong>Il:SS.,</strong></span> <span class='ocrx_word' id='word_1_868' title='bbox 313 2707 320 2722; x_wconf 85' lang='lat' dir='ltr'>I</span> <span class='ocrx_word' id='word_1_869' title='bbox 339 2706 380 2723; x_wconf 85' lang='lat' dir='ltr'><strong>Ct&#39;l</strong></span> <span class='ocrx_word' id='word_1_870' title='bbox 407 2706 496 2724; x_wconf 88' lang='lat' dir='ltr'><strong>autem</strong></span> <span class='ocrx_word' id='word_1_871' title='bbox 518 2706 569 2724; x_wconf 90' lang='lat' dir='ltr'><strong>non</strong></span> <span class='ocrx_word' id='word_1_872' title='bbox 585 2706 720 2724; x_wconf 75' lang='lat' dir='ltr'><strong>VItleUllul&#39;</strong></span> <span class='ocrx_word' id='word_1_873' title='bbox 735 2706 891 2724; x_wconf 71' lang='lat' dir='ltr'><strong>ﬂDSlll&#39;Oillll.</strong></span> <span class='ocrx_word' id='word_1_874' title='bbox 920 2706 929 2722; x_wconf 82' lang='grc'><strong>)</strong></span> 
     </span>
     <span class='ocr_line' id='line_1_109' title="bbox 146 2706 929 2767; baseline -0.003 -7"><span class='ocrx_word' id='word_1_875' title='bbox 146 2706 225 2760; x_wconf 60' lang='grc' dir='ltr'><strong>ἳιῙΙΙΙ).</strong></span> <span class='ocrx_word' id='word_1_876' title='bbox 241 2734 316 2764; x_wconf 88' lang='lat' dir='ltr'><strong>editi,</strong></span> <span class='ocrx_word' id='word_1_877' title='bbox 329 2741 338 2757; x_wconf 86' lang='grc'><em>‹</em></span> <span class='ocrx_word' id='word_1_878' title='bbox 350 2733 486 2767; x_wconf 80' lang='lat' dir='ltr'><strong>quomodo</strong></span> <span class='ocrx_word' id='word_1_879' title='bbox 499 2736 587 2758; x_wconf 73' lang='lat' dir='ltr'><strong>autem</strong></span> <span class='ocrx_word' id='word_1_880' title='bbox 602 2739 654 2758; x_wconf 89' lang='lat' dir='ltr'><strong>non</strong></span> <span class='ocrx_word' id='word_1_881' title='bbox 671 2732 723 2759; x_wconf 87' lang='lat' dir='ltr'><strong>erit</strong></span> <span class='ocrx_word' id='word_1_882' title='bbox 737 2731 895 2758; x_wconf 89' lang='lat' dir='ltr'><strong>absurdum.</strong></span> <span class='ocrx_word' id='word_1_883' title='bbox 920 2741 929 2758; x_wconf 74' lang='grc' dir='ltr'><strong>ι</strong></span> 
     </span>
    </p>
   </div>
   <div class='ocr_carea' id='block_1_107' title="bbox 147 2767 930 2802">
    <p class='ocr_par' dir='ltr' id='par_1_107' title="bbox 147 2767 930 2802">
     <span class='ocr_line' id='line_1_110' title="bbox 147 2767 930 2802; baseline -0.003 -8"><span class='ocrx_word' id='word_1_884' title='bbox 147 2769 247 2794; x_wconf 76' lang='lat' dir='ltr'><strong>Ibidem</strong></span> <span class='ocrx_word' id='word_1_885' title='bbox 271 2775 347 2798; x_wconf 63' lang='lat' dir='ltr'><strong>mss,</strong></span> <span class='ocrx_word' id='word_1_886' title='bbox 368 2776 377 2792; x_wconf 78' lang='grc' dir='ltr'><strong>ι</strong></span> <span class='ocrx_word' id='word_1_887' title='bbox 409 2775 487 2802; x_wconf 88' lang='lat' dir='ltr'><strong>quem</strong></span> <span class='ocrx_word' id='word_1_888' title='bbox 514 2767 668 2793; x_wconf 85' lang='lat' dir='ltr'><strong>inferiorem</strong></span> <span class='ocrx_word' id='word_1_889' title='bbox 699 2767 768 2793; x_wconf 89' lang='lat' dir='ltr'><strong>bono</strong></span> <span class='ocrx_word' id='word_1_890' title='bbox 794 2767 898 2794; x_wconf 86' lang='lat' dir='ltr'><strong>dicunt.</strong></span> <span class='ocrx_word' id='word_1_891' title='bbox 921 2777 930 2792; x_wconf 74' lang='grc' dir='ltr'><strong>ι</strong></span> 
     </span>
    </p>
   </div>
   <div class='ocr_carea' id='block_1_108' title="bbox 145 2801 878 2837">
    <p class='ocr_par' dir='ltr' id='par_1_108' title="bbox 145 2801 878 2837">
     <span class='ocr_line' id='line_1_111' title="bbox 145 2801 878 2837; baseline -0.004 -9"><span class='ocrx_word' id='word_1_892' title='bbox 145 2802 223 2831; x_wconf 85' lang='lat' dir='ltr'><strong>Lihh.</strong></span> <span class='ocrx_word' id='word_1_893' title='bbox 245 2802 321 2833; x_wconf 81' lang='lat' dir='ltr'><strong>editi,</strong></span> <span class='ocrx_word' id='word_1_894' title='bbox 347 2811 356 2827; x_wconf 73' lang='grc' dir='ltr'><strong>ι</strong></span> <span class='ocrx_word' id='word_1_895' title='bbox 373 2801 452 2837; x_wconf 83' lang='lat' dir='ltr'><strong>quem</strong></span> <span class='ocrx_word' id='word_1_896' title='bbox 464 2802 620 2829; x_wconf 85' lang='lat' dir='ltr'><strong>inferiorem</strong></span> <span class='ocrx_word' id='word_1_897' title='bbox 633 2802 703 2828; x_wconf 89' lang='lat' dir='ltr'><strong>bono</strong></span> <span class='ocrx_word' id='word_1_898' title='bbox 721 2801 878 2837; x_wconf 48' lang='lat' dir='ltr'><strong>dicimus.)</strong></span> 
     </span>
    </p>
   </div>
   <div class='ocr_carea' id='block_1_109' title="bbox 182 2836 933 2874">
    <p class='ocr_par' dir='ltr' id='par_1_109' title="bbox 182 2836 933 2874">
     <span class='ocr_line' id='line_1_112' title="bbox 182 2836 933 2874; baseline -0.005 -8"><span class='ocrx_word' id='word_1_899' title='bbox 182 2838 236 2874; x_wconf 80' lang='lat'><strong>(90)</strong></span> <span class='ocrx_word' id='word_1_900' title='bbox 257 2837 352 2865; x_wconf 79' lang='lat' dir='ltr'><strong>Situm.</strong></span> <span class='ocrx_word' id='word_1_901' title='bbox 380 2836 458 2866; x_wconf 83' lang='lat' dir='ltr'><strong>Deest</strong></span> <span class='ocrx_word' id='word_1_902' title='bbox 474 2837 500 2865; x_wconf 91' lang='lat' dir='ltr'><strong>iu</strong></span> <span class='ocrx_word' id='word_1_903' title='bbox 528 2842 606 2865; x_wconf 83' lang='lat' dir='ltr'><strong>antea</strong></span> <span class='ocrx_word' id='word_1_904' title='bbox 631 2837 721 2870; x_wconf 82' lang='lat' dir='ltr'><strong>editis,</strong></span> <span class='ocrx_word' id='word_1_905' title='bbox 748 2836 793 2864; x_wconf 85' lang='lat' dir='ltr'><strong>sed</strong></span> <span class='ocrx_word' id='word_1_906' title='bbox 810 2836 933 2872; x_wconf 21' lang='lat' dir='ltr'><strong>‘hahetur</strong></span> 
     </span>
    </p>
   </div>
   <div class='ocr_carea' id='block_1_110' title="bbox 989 2234 1778 2271">
    <p class='ocr_par' dir='ltr' id='par_1_110' title="bbox 989 2234 1778 2271">
     <span class='ocr_line' id='line_1_113' title="bbox 989 2234 1778 2271; baseline -0.004 -8"><span class='ocrx_word' id='word_1_907' title='bbox 989 2237 1072 2264; x_wconf 86' lang='lat' dir='ltr'><strong>lsrael</strong></span> <span class='ocrx_word' id='word_1_908' title='bbox 1086 2236 1214 2271; x_wconf 82' lang='lat' dir='ltr'><strong>quoniam</strong></span> <span class='ocrx_word' id='word_1_909' title='bbox 1239 2235 1335 2269; x_wconf 87' lang='lat' dir='ltr'><strong>bonus,</strong></span> <span class='ocrx_word' id='word_1_910' title='bbox 1352 2236 1482 2271; x_wconf 88' lang='lat' dir='ltr'><strong>quoniam</strong></span> <span class='ocrx_word' id='word_1_911' title='bbox 1498 2235 1524 2262; x_wconf 90' lang='lat' dir='ltr'><strong>in</strong></span> <span class='ocrx_word' id='word_1_912' title='bbox 1539 2234 1665 2262; x_wconf 72' lang='lat' dir='ltr'><strong>sacculum</strong></span> <span class='ocrx_word' id='word_1_913' title='bbox 1693 2234 1778 2261; x_wconf 52' lang='lat' dir='ltr'><strong>mises</strong></span> 
     </span>
    </p>
   </div>
   <div class='ocr_carea' id='block_1_111' title="bbox 990 2279 1778 2316">
    <p class='ocr_par' dir='ltr' id='par_1_111' title="bbox 990 2279 1778 2316">
     <span class='ocr_line' id='line_1_114' title="bbox 990 2279 1778 2316; baseline -0.003 -8"><span class='ocrx_word' id='word_1_914' title='bbox 990 2282 1109 2309; x_wconf 83' lang='lat' dir='ltr'><strong>iicordia</strong></span> <span class='ocrx_word' id='word_1_915' title='bbox 1124 2282 1185 2316; x_wconf 87' lang='lat' dir='ltr'><strong>ejus</strong></span> <span class='ocrx_word' id='word_1_916' title='bbox 1203 2282 1235 2307; x_wconf 82' lang='lat'><strong>“.</strong></span> <span class='ocrx_word' id='word_1_917' title='bbox 1256 2290 1265 2307; x_wconf 74' lang='grc' dir='ltr'><strong>ι</strong></span> <span class='ocrx_word' id='word_1_918' title='bbox 1283 2281 1316 2308; x_wconf 86' lang='grc' dir='ltr'>Ει</span> <span class='ocrx_word' id='word_1_919' title='bbox 1337 2281 1363 2307; x_wconf 94' lang='lat' dir='ltr'><strong>in</strong></span> <span class='ocrx_word' id='word_1_920' title='bbox 1381 2280 1633 2308; x_wconf 85' lang='lat' dir='ltr'><strong>Lamcntationibus</strong></span> <span class='ocrx_word' id='word_1_921' title='bbox 1649 2279 1778 2312; x_wconf 67' lang='lat' dir='ltr'><strong>Jeremia:</strong></span> 
     </span>
    </p>
   </div>
   <div class='ocr_carea' id='block_1_112' title="bbox 990 2325 1776 2361">
    <p class='ocr_par' dir='ltr' id='par_1_112' title="bbox 990 2325 1776 2361">
     <span class='ocr_line' id='line_1_115' title="bbox 990 2325 1776 2361; baseline -0.004 -7"><span class='ocrx_word' id='word_1_922' title='bbox 990 2328 1121 2361; x_wconf 87' lang='lat' dir='ltr'><strong>scriptum</strong></span> <span class='ocrx_word' id='word_1_923' title='bbox 1139 2332 1181 2354; x_wconf 88' lang='lat' dir='ltr'><strong>est</strong></span> <span class='ocrx_word' id='word_1_924' title='bbox 1197 2335 1203 2353; x_wconf 93' lang='lat'><strong>:</strong></span> <span class='ocrx_word' id='word_1_925' title='bbox 1221 2336 1229 2352; x_wconf 84' lang='grc' dir='ltr'><strong>ι</strong></span> <span class='ocrx_word' id='word_1_926' title='bbox 1251 2326 1343 2353; x_wconf 86' lang='lat' dir='ltr'><strong>Bonus</strong></span> <span class='ocrx_word' id='word_1_927' title='bbox 1359 2325 1488 2352; x_wconf 87' lang='lat' dir='ltr'><strong>Dominus</strong></span> <span class='ocrx_word' id='word_1_928' title='bbox 1503 2326 1545 2352; x_wconf 91' lang='lat' dir='ltr'><strong>his</strong></span> <span class='ocrx_word' id='word_1_929' title='bbox 1566 2325 1610 2360; x_wconf 91' lang='lat' dir='ltr'><strong>qui</strong></span> <span class='ocrx_word' id='word_1_930' title='bbox 1636 2325 1776 2352; x_wconf 87' lang='lat' dir='ltr'><strong>sustinent</strong></span> 
     </span>
    </p>
   </div>
   <div class='ocr_carea' id='block_1_113' title="bbox 988 2369 1771 2406">
    <p class='ocr_par' dir='ltr' id='par_1_113' title="bbox 988 2369 1771 2406">
     <span class='ocr_line' id='line_1_116' title="bbox 988 2369 1771 2406; baseline -0.004 -7"><span class='ocrx_word' id='word_1_931' title='bbox 988 2380 1059 2405; x_wconf 82' lang='lat' dir='ltr'><strong>cum,</strong></span> <span class='ocrx_word' id='word_1_932' title='bbox 1076 2373 1173 2399; x_wconf 71' lang='lat' dir='ltr'><strong>animm</strong></span> <span class='ocrx_word' id='word_1_933' title='bbox 1190 2372 1320 2406; x_wconf 60' lang='lat' dir='ltr'><strong>quaerenti</strong></span> <span class='ocrx_word' id='word_1_934' title='bbox 1336 2378 1398 2398; x_wconf 90' lang='lat' dir='ltr'><strong>eum</strong></span> <span class='ocrx_word' id='word_1_935' title='bbox 1415 2371 1446 2397; x_wconf 84' lang='grc'><strong>¹².</strong></span> <span class='ocrx_word' id='word_1_936' title='bbox 1464 2380 1473 2396; x_wconf 80' lang='grc' dir='ltr'><strong>ι</strong></span> <span class='ocrx_word' id='word_1_937' title='bbox 1493 2370 1572 2398; x_wconf 88' lang='lat' dir='ltr'><strong>Sicut</strong></span> <span class='ocrx_word' id='word_1_938' title='bbox 1592 2377 1660 2404; x_wconf 79' lang='lat' dir='ltr'><strong>ergo</strong></span> <span class='ocrx_word' id='word_1_939' title='bbox 1682 2369 1771 2397; x_wconf 84' lang='lat' dir='ltr'><strong>bonus</strong></span> 
     </span>
    </p>
   </div>
   <div class='ocr_carea' id='block_1_114' title="bbox 989 2415 1775 2450">
    <p class='ocr_par' dir='ltr' id='par_1_114' title="bbox 989 2415 1775 2450">
     <span class='ocr_line' id='line_1_117' title="bbox 989 2415 1775 2450; baseline -0.009 -3"><span class='ocrx_word' id='word_1_940' title='bbox 989 2421 1016 2446; x_wconf 93' lang='lat' dir='ltr'><strong>in</strong></span> <span class='ocrx_word' id='word_1_941' title='bbox 1032 2419 1124 2447; x_wconf 77' lang='lat' dir='ltr'><strong>Veteri</strong></span> <span class='ocrx_word' id='word_1_942' title='bbox 1139 2419 1317 2445; x_wconf 88' lang='lat' dir='ltr'><strong>Testamento</strong></span> <span class='ocrx_word' id='word_1_943' title='bbox 1332 2417 1492 2450; x_wconf 86' lang='lat' dir='ltr'><strong>frequenter</strong></span> <span class='ocrx_word' id='word_1_944' title='bbox 1507 2416 1607 2442; x_wconf 91' lang='lat' dir='ltr'><strong>dicitur</strong></span> <span class='ocrx_word' id='word_1_945' title='bbox 1631 2415 1714 2447; x_wconf 87' lang='lat' dir='ltr'><strong>Deus,</strong></span> <span class='ocrx_word' id='word_1_946' title='bbox 1738 2415 1775 2441; x_wconf 87' lang='lat' dir='ltr'><strong>ita</strong></span> 
     </span>
    </p>
   </div>
   <div class='ocr_carea' id='block_1_115' title="bbox 987 2459 1774 2498">
    <p class='ocr_par' dir='ltr' id='par_1_115' title="bbox 987 2459 1774 2498">
     <span class='ocr_line' id='line_1_118' title="bbox 987 2459 1774 2498; baseline -0.006 -7"><span class='ocrx_word' id='word_1_947' title='bbox 987 2465 1070 2491; x_wconf 88' lang='lat' dir='ltr'><strong>etiam</strong></span> <span class='ocrx_word' id='word_1_948' title='bbox 1104 2464 1195 2498; x_wconf 87' lang='lat' dir='ltr'><strong>justus</strong></span> <span class='ocrx_word' id='word_1_949' title='bbox 1226 2462 1254 2489; x_wconf 92' lang='lat' dir='ltr'><strong>in</strong></span> <span class='ocrx_word' id='word_1_950' title='bbox 1285 2460 1440 2495; x_wconf 80' lang='lat' dir='ltr'><strong>Evangeliis</strong></span> <span class='ocrx_word' id='word_1_951' title='bbox 1478 2460 1632 2496; x_wconf 87' lang='lat' dir='ltr'><strong>appellatur</strong></span> <span class='ocrx_word' id='word_1_952' title='bbox 1666 2459 1774 2486; x_wconf 82' lang='lat' dir='ltr'><strong>Domini</strong></span> 
     </span>
    </p>
   </div>
   <div class='ocr_carea' id='block_1_116' title="bbox 1588 2525 1775 2557">
    <p class='ocr_par' dir='ltr' id='par_1_116' title="bbox 1588 2525 1775 2557">
     <span class='ocr_line' id='line_1_119' title="bbox 1588 2525 1775 2557; baseline 0.011 -6"><span class='ocrx_word' id='word_1_953' title='bbox 1588 2526 1598 2542; x_wconf 70' lang='grc'><strong>⁸</strong></span> <span class='ocrx_word' id='word_1_954' title='bbox 1615 2525 1710 2553; x_wconf 77' lang='lat' dir='ltr'><strong>Matth.</strong></span> <span class='ocrx_word' id='word_1_955' title='bbox 1724 2534 1775 2557; x_wconf 86' lang='lat' dir='ltr'><strong>vn.</strong></span> 
     </span>
    </p>
   </div>
   <div class='ocr_carea' id='block_1_117' title="bbox 1225 2526 1778 2589">
    <p class='ocr_par' dir='ltr' id='par_1_117' title="bbox 1225 2526 1778 2589">
     <span class='ocr_line' id='line_1_120' title="bbox 1225 2526 1778 2561; baseline -0.004 -6"><span class='ocrx_word' id='word_1_956' title='bbox 1225 2527 1347 2555; x_wconf 72' lang='lat' dir='ltr'><strong>‘Psahn.</strong></span> <span class='ocrx_word' id='word_1_957' title='bbox 1371 2534 1474 2559; x_wconf 77' lang='lat' dir='ltr'><strong>tum,</strong></span> <span class='ocrx_word' id='word_1_958' title='bbox 1504 2526 1548 2553; x_wconf 71' lang='grc'><strong>54.</strong></span> <span class='ocrx_word' id='word_1_959' title='bbox 1588 2526 1598 2542; x_wconf 71' lang='grc'><strong>⁸</strong></span> <span class='ocrx_word' id='word_1_960' title='bbox 1615 2526 1778 2561; x_wconf 46' lang='grc' dir='ltr'>ΜειιιΙι.νιι,,</span> 
     </span>
     <span class='ocr_line' id='line_1_121' title="bbox 1225 2560 1774 2589; baseline -0.004 0"><span class='ocrx_word' id='word_1_961' title='bbox 1225 2571 1271 2589; x_wconf 80' lang='grc' dir='ltr'>ιιι.</span> <span class='ocrx_word' id='word_1_962' title='bbox 1290 2563 1335 2589; x_wconf 78' lang='grc'><strong>55.</strong></span> <span class='ocrx_word' id='word_1_963' title='bbox 1372 2562 1460 2589; x_wconf 65' lang='lat' dir='ltr'><strong>“Luc.</strong></span> <span class='ocrx_word' id='word_1_964' title='bbox 1486 2569 1563 2589; x_wconf 79' lang='lat' dir='ltr'><strong>xvut.</strong></span> <span class='ocrx_word' id='word_1_965' title='bbox 1579 2560 1622 2588; x_wconf 78' lang='lat' dir='ltr'><strong>i9.</strong></span> <span class='ocrx_word' id='word_1_966' title='bbox 1663 2561 1685 2577; x_wconf 85' lang='lat'>&quot;</span> <span class='ocrx_word' id='word_1_967' title='bbox 1699 2561 1774 2589; x_wconf 77' lang='lat' dir='ltr'><strong>Pent.</strong></span> 
     </span>
    </p>
   </div>
   <div class='ocr_carea' id='block_1_118' title="bbox 1069 2560 1622 2596">
    <p class='ocr_par' dir='ltr' id='par_1_118' title="bbox 1069 2560 1622 2596">
     <span class='ocr_line' id='line_1_122' title="bbox 1069 2560 1622 2596; baseline -0.007 -5"><span class='ocrx_word' id='word_1_968' title='bbox 1069 2566 1080 2581; x_wconf 78' lang='grc'><strong><em>⁸</em></strong></span> <span class='ocrx_word' id='word_1_969' title='bbox 1095 2565 1189 2591; x_wconf 84' lang='lat' dir='ltr'><strong>Matth.</strong></span> <span class='ocrx_word' id='word_1_970' title='bbox 1222 2571 1271 2596; x_wconf 80' lang='lat' dir='ltr'><strong>xu,</strong></span> <span class='ocrx_word' id='word_1_971' title='bbox 1290 2563 1335 2590; x_wconf 77' lang='grc'><strong>55.</strong></span> <span class='ocrx_word' id='word_1_972' title='bbox 1372 2562 1460 2589; x_wconf 66' lang='lat' dir='ltr'><strong>“Luc.</strong></span> <span class='ocrx_word' id='word_1_973' title='bbox 1486 2569 1563 2593; x_wconf 79' lang='lat' dir='ltr'><strong>xvut,</strong></span> <span class='ocrx_word' id='word_1_974' title='bbox 1579 2560 1622 2588; x_wconf 75' lang='lat' dir='ltr'><strong>i9.</strong></span> 
     </span>
    </p>
   </div>
   <div class='ocr_carea' id='block_1_119' title="bbox 982 2663 1090 2690">
    <p class='ocr_par' dir='ltr' id='par_1_119' title="bbox 982 2663 1090 2690">
     <span class='ocr_line' id='line_1_123' title="bbox 982 2663 1090 2690; baseline -0.019 0"><span class='ocrx_word' id='word_1_975' title='bbox 982 2663 1009 2690; x_wconf 89' lang='lat' dir='ltr'><strong>in</strong></span> <span class='ocrx_word' id='word_1_976' title='bbox 1026 2669 1090 2688; x_wconf 88' lang='lat' dir='ltr'><strong>mss.</strong></span> 
     </span>
    </p>
   </div>
   <div class='ocr_carea' id='block_1_120' title="bbox 1019 2694 1650 2733">
    <p class='ocr_par' dir='ltr' id='par_1_120' title="bbox 1019 2694 1650 2733">
     <span class='ocr_line' id='line_1_124' title="bbox 1019 2694 1650 2733; baseline -0.013 -9"><span class='ocrx_word' id='word_1_977' title='bbox 1019 2698 1073 2733; x_wconf 79' lang='lat' dir='ltr'><strong>(9t)</strong></span> <span class='ocrx_word' id='word_1_978' title='bbox 1089 2696 1133 2733; x_wconf 87' lang='lat' dir='ltr'><strong>Sic</strong></span> <span class='ocrx_word' id='word_1_979' title='bbox 1152 2703 1216 2723; x_wconf 76' lang='lat' dir='ltr'><strong>loss.</strong></span> <span class='ocrx_word' id='word_1_980' title='bbox 1231 2696 1310 2733; x_wconf 57' lang='lat' dir='ltr'><strong>bibi).</strong></span> <span class='ocrx_word' id='word_1_981' title='bbox 1327 2694 1403 2733; x_wconf 73' lang='lat' dir='ltr'><strong>editi,</strong></span> <span class='ocrx_word' id='word_1_982' title='bbox 1423 2701 1434 2718; x_wconf 74' lang='grc' dir='ltr'>ί</span> <span class='ocrx_word' id='word_1_983' title='bbox 1451 2696 1618 2733; x_wconf 68' lang='lat' dir='ltr'><strong>separarent.</strong></span> <span class='ocrx_word' id='word_1_984' title='bbox 1639 2698 1650 2716; x_wconf 84' lang='grc' dir='ltr'><strong>ι</strong></span> 
     </span>
    </p>
   </div>
   <div class='ocr_carea' id='block_1_121' title="bbox 1019 2727 1648 2767">
    <p class='ocr_par' dir='ltr' id='par_1_121' title="bbox 1019 2727 1648 2767">
     <span class='ocr_line' id='line_1_125' title="bbox 1019 2727 1648 2767; baseline -0.01 -9"><span class='ocrx_word' id='word_1_985' title='bbox 1019 2727 1075 2767; x_wconf 66' lang='grc'><strong>(92)</strong></span> <span class='ocrx_word' id='word_1_986' title='bbox 1093 2732 1138 2758; x_wconf 85' lang='lat' dir='ltr'><strong>Sic</strong></span> <span class='ocrx_word' id='word_1_987' title='bbox 1154 2740 1218 2758; x_wconf 81' lang='lat' dir='ltr'><strong>mss.</strong></span> <span class='ocrx_word' id='word_1_988' title='bbox 1237 2730 1316 2767; x_wconf 86' lang='lat' dir='ltr'><strong>Libb.</strong></span> <span class='ocrx_word' id='word_1_989' title='bbox 1334 2729 1409 2767; x_wconf 71' lang='lat' dir='ltr'><strong>editi.</strong></span> <span class='ocrx_word' id='word_1_990' title='bbox 1431 2736 1440 2752; x_wconf 77' lang='grc' dir='ltr'>ί</span> <span class='ocrx_word' id='word_1_991' title='bbox 1458 2727 1616 2767; x_wconf 42' lang='lat' dir='ltr'><strong>huiclbono.</strong></span> <span class='ocrx_word' id='word_1_992' title='bbox 1635 2733 1648 2752; x_wconf 68' lang='grc' dir='ltr'>δ</span> 
     </span>
    </p>
   </div>
   <div class='ocr_carea' id='block_1_122' title="bbox 1019 2762 1591 2802">
    <p class='ocr_par' dir='ltr' id='par_1_122' title="bbox 1019 2762 1591 2802">
     <span class='ocr_line' id='line_1_126' title="bbox 1019 2762 1591 2802; baseline -0.01 -9"><span class='ocrx_word' id='word_1_993' title='bbox 1019 2762 1074 2802; x_wconf 79' lang='grc'><strong>(95)</strong></span> <span class='ocrx_word' id='word_1_994' title='bbox 1089 2767 1223 2802; x_wconf 59' lang='lat' dir='ltr'><strong>S:cinss.</strong></span> <span class='ocrx_word' id='word_1_995' title='bbox 1237 2765 1315 2802; x_wconf 62' lang='lat' dir='ltr'><strong>Libb.</strong></span> <span class='ocrx_word' id='word_1_996' title='bbox 1326 2763 1402 2802; x_wconf 77' lang='lat' dir='ltr'><strong>editi,</strong></span> <span class='ocrx_word' id='word_1_997' title='bbox 1422 2771 1431 2787; x_wconf 79' lang='grc' dir='ltr'><strong>ι</strong></span> <span class='ocrx_word' id='word_1_998' title='bbox 1451 2762 1559 2797; x_wconf 74' lang='lat' dir='ltr'><strong>aliquis.</strong></span> <span class='ocrx_word' id='word_1_999' title='bbox 1579 2769 1591 2787; x_wconf 70' lang='grc' dir='ltr'>ιν</span> 
     </span>
    </p>
   </div>
   <div class='ocr_carea' id='block_1_123' title="bbox 1019 2798 1423 2838">
    <p class='ocr_par' dir='ltr' id='par_1_123' title="bbox 1019 2798 1423 2838">
     <span class='ocr_line' id='line_1_127' title="bbox 1019 2798 1423 2838; baseline -0.012 -9"><span class='ocrx_word' id='word_1_1000' title='bbox 1019 2798 1074 2838; x_wconf 74' lang='lat' dir='ltr'><strong>(9t)</strong></span> <span class='ocrx_word' id='word_1_1001' title='bbox 1091 2801 1168 2829; x_wconf 88' lang='lat' dir='ltr'><strong>Libb.</strong></span> <span class='ocrx_word' id='word_1_1002' title='bbox 1182 2800 1266 2833; x_wconf 68' lang='lat' dir='ltr'><strong>editi,</strong></span> <span class='ocrx_word' id='word_1_1003' title='bbox 1279 2808 1288 2825; x_wconf 81' lang='grc' dir='ltr'><strong>ι</strong></span> <span class='ocrx_word' id='word_1_1004' title='bbox 1306 2798 1423 2826; x_wconf 88' lang='lat' dir='ltr'><strong>bonitas.</strong></span> 
     </span>
    </p>
   </div>
  </div>
