1860 3073
115 100 164 131 299

772 111 872 141 LIBER
893 114 1084 144 SECUNDUS.

1694 129 1746 157 210

115 164 201 192 nostri
208 164 265 202 (95)
285 166 350 194 Jesu
364 167 464 197 Christi
477 169 567 198 Pater.
581 170 704 207 Denique
720 172 746 200 in
761 173 908 210 Evangelio
923 180 945 207 Λ
961 184 1068 204 versam
1083 177 1159 222 verbi
1172 179 1213 206 sui
1230 185 1367 213 naturam.
1383 186 1465 217 atque
1480 184 1567 218 ipsius
1581 186 1627 214 Dei
1642 195 1701 222 qua;
1713 198 1744 217 ex

115 212 265 240 secundum
285 212 418 242 Joannem
434 223 517 245 orans
535 217 591 252 ipse
607 218 739 247 Dominus
762 226 856 248 noster
873 222 906 248 ad

114 256 225 285 I'atrem
242 259 312 287 dicit
327 268 335 286 :
355 270 364 286 ε
384 261 463 289 Pater
475 263 560 298 juste,
574 269 601 291 et
615 266 732 293 mundus
753 271 778 294 te
792 275 845 294 non
862 276 906 295 co-

113 304 208 336 gnovit
235 305 267 331 ¹³.
290 315 299 331 ι
328 306 368 334 Ne
390 307 462 336 forte
490 309 592 343 dicant,
618 311 681 344 quia
708 313 789 339 etiam
813 314 905 341 mundi

113 355 266 377 creatorem
282 359 331 386 pro
348 355 536 388 assumptione
548 356 638 383 carnis
654 357 761 385 Patrem
782 360 904 391 vocabat,

111 399 138 422 et
149 395 237 430 ipsum
252 396 356 431 justum
373 400 544 433 nominabat,
557 402 739 430 excluduntur
755 405 788 430 ab
800 413 832 431 eo
848 412 906 432 scr-

110 447 191 467 mone
205 441 252 475 qui
267 443 362 469 statim
380 445 525 478 sequitur;
545 446 583 472 ait
597 447 671 474 enim
692 455 699 474 :
718 457 727 473 ‹
745 447 777 475 Ει
790 451 905 478 mundus

112 490 139 512 te
168 494 223 513 non
254 489 394 523 cognovit.
413 499 422 515 ι
439 490 594 519 Secundum
621 493 695 527 ipsos
720 495 792 522 enim
818 497 903 524 solum

112 530 199 558 Deum
225 533 327 561 bonum
356 537 473 564 mundus
501 538 620 572 ignorat.
643 539 710 566 Nam
737 542 903 569 conditorem

109 585 191 604 suum
207 580 353 608 verissime
365 585 546 618 recognoscit,
560 585 677 613 Domino
702 587 760 621 ipso
783 589 902 623 dicente,

82 657 86 659 _
109 625 177 658 quia
203 626 321 653 mundus
343 629 415 662 quod
442 638 520 658 suum
538 636 579 659 est
597 634 697 669 diligit.
723 637 825 670 Aperte
839 645 904 673 ergo

111 670 158 698 ille
176 679 258 705 quem
268 679 362 708 putant
378 676 476 703 bonum
493 678 587 712 Deum,
603 681 695 714 justus
709 690 768 710 esse
782 684 808 710 in
822 684 905 711 Evan-

110 717 193 751 geliis
210 719 322 746 dicitur.
340 721 379 748 Ex
394 723 448 750 otio
461 732 527 752 sane
540 725 631 754 licebit
648 728 702 764 (96)
717 729 795 762 plura
825 732 903 757 testi-

111 764 204 790 monia
222 772 401 800 congregare,
417 769 506 796 sicnhi
521 772 547 797 in
562 771 638 800 Novo
656 772 831 802 Testamento
851 775 902 802 Pa-

110 813 153 836 ter
170 810 278 838 Domini
296 814 462 846 ll0$lli_J£‘Sll
474 816 680 853 Christijustns
696 821 859 855 appellatur,
875 828 902 850 et

106 854 192 882 etiam
213 857 240 882 in
258 857 347 886 Veteri
364 859 537 889 Testamento
551 863 618 890 cceli'
638 870 665 892 et
684 854 766 893 terra:
790 872 901 895 creator

105 899 198 928 bonus
215 902 327 935 dicitur,
347 909 376 932 ut
391 905 513 940 pluribus
525 909 690 938 testimoniis
708 913 826 940 convicti
849 913 904 941 hm-

109 945 189 973 retici
211 947 363 983 aliquando
378 951 450 979 forte
461 953 635 981 erubescant.

413 1007 527 1037 CAPUT
555 1009 598 1037 Vl.

164 1085 169 1088 _
325 1052 363 1079 De
377 1054 562 1084 incarnatione
580 1056 687 1085 Christi.

143 1095 307 1132 l.’l'empus
322 1103 365 1125 est
388 1099 430 1127 his
450 1101 575 1129 decursis
589 1107 712 1137 repetere
735 1112 784 1132 nos
804 1107 836 1133 de
862 1106 902 1134 in-

107 1142 268 1170 carnatione
293 1143 400 1171 Domini
424 1150 451 1172 et
480 1146 629 1175 Salvatoris
646 1150 742 1182 nostri,
763 1152 901 1184 quomodo

108 1189 151 1215 vel
176 1197 263 1224 quare
286 1191 368 1218 homo
390 1191 471 1219 fuerit
496 1193 596 1222 factus.
625 1195 678 1222 Pro
702 1197 806 1224 viribus
822 1199 902 1233 igitur

107 1235 213 1262 nostris
237 1237 396 1271 perexiguis
418 1239 592 1268 considerata
608 1249 641 1269 ex
658 1251 771 1277 operum
787 1253 900 1272 suorntn

106 1281 196 1312 magis
212 1288 295 1315 quant
305 1290 339 1309 ex
356 1283 441 1310 nostri
455 1292 552 1312 sensus
561 1289 799 1323 contemplatione,
809 1292 899 1319 divina

108 1332 218 1358 natura,
227 1327 390 1362 intuitisque
404 1330 581 1359 nihilominus
590 1336 723 1362 creaturis
734 1336 793 1370 ejus
807 1337 901 1364 visibi-

105 1372 189 1406 libus,
206 1373 261 1400 ﬁde
280 1381 389 1409 quoque
414 1376 596 1406 invisibilibus
620 1382 818 1416 contemplatis,
838 1385 900 1419 quia

107 1426 160 1446 non
173 1420 268 1446 omnia
283 1421 327 1448 vel
352 1423 440 1450 oculis
453 1424 546 1452 videre
563 1431 653 1460 potest
674 1428 793 1456 humana
815 1429 900 1466 fragi-

106 1463 179 1496 litas,
196 1465 240 1491 vel
257 1466 366 1494 ratione
380 1468 533 1502 complecti,
560 1478 609 1504 pro
635 1479 668 1499 eo
690 1473 762 1507 quod
778 1463 899 1502 omnium

106 1510 314 1538 rationabilium
332 1512 468 1542 inﬁrmius
484 1519 512 1542 et
525 1515 646 1550 l'ragilius
660 1518 761 1546 animal
783 1527 833 1547 nos
849 1521 895 1548 ho-
912 1521 932 1548 C

104 1557 194 1583 mines
207 1564 324 1590 sumus;
340 1561 530 1592 praestantiora
546 1564 618 1589 enim
637 1569 701 1591 sunt
720 1565 764 1591 illa
782 1574 841 1600 quae
857 1568 897 1594 vel

104 1602 132 1629 in
148 1603 231 1634 emlo,
245 1604 288 1630 vel
305 1612 389 1639 super
406 1607 492 1634 caelos
507 1607 660 1643 habentur;
677 1617 838 1646 superestnt
851 1614 898 1640 ha-

108 1655 169 1674 rum
186 1648 312 1675 omnium
326 1655 525 1684 creaturarum,
544 1658 571 1680 et
584 1653 643 1688 Dei,
661 1657 791 1690 medium,
816 1659 842 1685 id
857 1664 898 1685 est

103 1694 287 1721 mediatorem
302 1702 465 1731 quaeramus,-
485 1705 566 1732 quem
580 1699 682 1728 Paulus
696 1703 834 1736 apostolus
842 1706 897 1739 pri-

104 1740 278 1779 mogenitum
303 1743 393 1769 omnis
414 1749 549 1772 creaturae
570 1747 739 1780 pronuntiat.
768 1750 898 1779 Videnles

104 1794 216 1822 quoque
233 1795 284 1815 nos
298 1795 328 1815 ea
350 1797 410 1824 quae
427 1791 459 1818 de
473 1791 533 1825 ejus
546 1793 690 1828 majestate
707 1795 733 1822 in
749 1795 897 1831 Scripturis

103 1833 209 1860 sanctis
223 1834 390 1862 referuntur.
409 1841 434 1862 ct
449 1837 588 1866 intuentes
606 1840 676 1874 quod
696 1850 705 1866 ‹
724 1841 813 1876 imago
828 1844 898 1871 invi—

105 1878 195 1906 sibilis
214 1879 273 1911 Dei,
290 1885 318 1907 et
340 1882 540 1916 primogenitus
565 1886 654 1913 omnis
670 1893 804 1916 creatura:
821 1890 896 1917 dica-

105 1931 160 1959 tur,
174 1931 201 1953 et
213 1927 287 1961 quod
304 1928 330 1954 in
356 1929 414 1963 ipso
426 1936 520 1958 creata
542 1937 604 1959 sunt
621 1935 712 1962 omnia
728 1937 844 1965 visibilia
870 1944 897 1966 et

105 1971 268 2005 invisibilia,
297 1974 358 2001 sive
389 1976 492 2008 throni,
520 1978 578 2006 sive
603 1979 812 2015 dominationes,
840 1984 897 2012 sive

103 2018 289 2052 principatus,
309 2019 367 2047 sive
393 2026 552 2055 potestates,
571 2025 663 2052 omnia
687 2034 735 2060 per
755 2027 843 2061 ipsum
870 2033 897 2056 et

103 2062 131 2090 in
149 2064 209 2097 ipso
225 2069 317 2092 creata
332 2071 411 2098 sunt;
428 2073 455 2094 et
469 2068 527 2103 ipse
540 2068 595 2106 (97-)
608 2075 649 2098 est
667 2077 730 2099 ante
744 2081 848 2107 omnes,
870 2081 897 2103 et

103 2110 196 2135 omnia
213 2110 251 2136 illi
267 2115 393 2138 constant
409 2112 441 2146 ",
466 2123 475 2140 ι
494 2115 540 2148 qui
555 2120 597 2143 est
611 2122 693 2151 caput
705 2119 836 2152 omnium,
850 2129 896 2149 so-

103 2152 145 2180 lus
154 2153 261 2181 habens
274 2161 356 2190 caput
372 2156 454 2184 Deum
467 2158 573 2186 Patrem
586 2168 597 2193 ξ
610 2162 742 2196 scriptutn
752 2169 795 2191 est
803 2166 893 2194 enim:

106 2207 116 2224 α
134 2198 224 2234 Caput
240 2205 329 2227 autem
348 2201 446 2230 Christi
460 2204 530 2232 Deus
546 2205 585 2239 ¹¹;
604 2215 612 2232 ι
631 2209 801 2241 pervidentes
814 2211 894 2238 etiam

103 2245 177 2279 quod
195 2246 329 2279 scriptmn
345 2253 396 2280 est,
413 2250 542 2283 quoniam
559 2251 615 2287 (98)
633 2262 641 2278 l
660 2261 739 2281 nemo
754 2255 828 2283 novit
844 2256 895 2283 Pa-

104 2295 172 2317 trem
188 2290 240 2317 nisi
255 2291 352 2324 Filius,
371 2301 458 2328 neque
473 2296 535 2329 quis
549 2299 625 2325 novit
642 2298 740 2327 Filium
766 2302 816 2329 nisi
844 2302 896 2329 Pa-

104 2340 145 2363 ter
157 2337 200 2369 ";
219 2346 227 2363 l
246 2337 320 2372 (quis
335 2339 408 2366 enim
421 2346 510 2374 potest
525 2351 605 2371 nosse
621 2352 682 2379 qua!
695 2347 730 2374 sit
747 2349 894 2382 sapientia,

103 2383 156 2409 nisi
175 2384 223 2416 qui
239 2384 333 2418 genuit
349 2393 408 2429 eam
421 2387 432 2413 ἲ
444 2386 497 2414 Ant
509 2389 571 2423 quis
586 2392 619 2417 ad
637 2391 771 2426 liquidum
785 2401 846 2429 quae
859 2395 895 2423 sit

103 2428 208 2456 veritas
222 2430 298 2457 novit
317 2425 368 2458 nisi
390 2433 515 2461 veritatis
529 2437 623 2470 pater?
648 2425 715 2471 Quis
737 2425 810 2468 certe
835 2441 894 2468 uni-

180 2488 263 2531 .iplan.
281 2490 401 2531 xvn,_2§.
435 2493 457 2507 η
473 2492 578 2522 Coloss.
592 2504 611 2528 ι,
632 2498 674 2529 t5,
693 2498 737 2531 l6,
765 2500 808 2527 l7.
849 2501 869 2516 ”
888 2501 895 2527 Ι

104 2523 128 2539 ⁸⁸
139 2523 238 2553 Matth.
261 2532 335 2556 xxvr,
352 2525 397 2556 58,

140 2583 197 2618 (95)
213 2582 318 2610 Nostri.
333 2584 411 2622 Deest
425 2586 450 2612 in
466 2591 543 2613 antea
562 2586 651 2619 editis,
669 2589 716 2615 sed
730 2588 845 2617 habetur
865 2579 890 2616 in

105 2626 170 2644 mss.

106 2689 113 2713 I
140 2652 197 2687 (96)
222 2653 261 2679 lta
281 2661 375 2681 omnes
403 2655 482 2683 codd.
509 2664 586 2690 mss.,
613 2658 678 2685 editi
702 2666 778 2694 vero,
798 2668 807 2684 ε
832 2659 897 2687 lice-

116 2693 160 2713 ull.
184 2697 194 2713 ι

139 2717 199 2757 (97)
227 2720 275 2750 Sic
293 2719 455 2763 m_ss._Libb.
471 2726 561 2763 _cditi,
588 2736 597 2752 ι
625 2729 715 2755 omnia
733 2736 781 2762 per
808 2729 894 2763 ipsum

107 2758 175 2797 facta
193 2763 259 2785 sunt
272 2763 299 2785 et
318 2759 418 2797 in_ipso_
430 2766 457 2786 et
471 2761 541 2794 ipso,
555 2758 569 2787 ⁷»
585 2767 638 2789 etc.
665 2758 748 2790 Paulo
767 2758 827 2797 post
847 2765 892 2791 lib.
923 2762 925 2766 ’

106 2793 181 2831 editi,
195 2803 206 2818 ε
237 2800 306 2831 cum
317 2794 390 2831 solus
412 2793 521 2831 habent
534 2802 615 2831 caput
639 2797 720 2824 Deum
737 2793 855 2826 Patrem.
882 2810 891 2825 ι

105 2827 166 2855 llis-
182 2837 192 2853 α
208 2827 283 2856 solus
300 2829 402 2856 habens
414 2834 494 2864 caput
511 2827 593 2858 Deuin
608 2831 724 2860 Patrem.
743 2843 752 2859 ι

959 221 1014 248 Deo
1039 226 1094 254 est,
1113 221 1278 258 investigare
1292 226 1389 260 potuit,
1412 228 1463 255 nisi
1489 229 1563 258 solus
1587 221 1658 260 Deus
1674 236 1744 268 apud

957 273 1036 300 quem
1061 272 1120 293 erat
1137 267 1295 305 Verbum?)
1320 278 1369 305 pro
1393 279 1468 302 certo
1491 275 1592 304 habere
1616 267 1744 307 debemus

957 312 1028 345 quod
1043 312 1093 340 hoc
1111 313 1242 347 Verbum,
1255 316 1314 343 sive
1331 317 1400 345 ratio
1414 319 1529 348 dicenda
1545 327 1596 355 est,
1611 323 1681 352 hanc
1698 333 1744 352 sa-

957 357 1101 392 pientiam,
1127 360 1198 387 hanc
1216 362 1370 395 veritatem.
1386 365 1477 393 nullus
1501 367 1571 398 alius
1595 369 1648 396 nisi
1671 371 1744 398 solus

957 403 1011 439 (99)
1027 404 1108 432 Pater
1126 407 1210 439 novit,
1227 408 1260 434 de
1275 415 1329 442 quo
1344 411 1476 444 scriptum
1490 419 1532 441 est
1551 423 1558 440 :
1576 424 1585 440 ι
1603 414 1641 443 Ne
1654 417 1742 451 ipsum

956 451 1066 485 quidem
1080 453 1210 480 mundum
1231 461 1329 488 capere
1344 457 1465 485 arbitror
1479 458 1563 487 libros
1577 462 1622 495 qui
1637 463 1742 490 scribe-

958 501 1053 524 rentur
1076 498 1118 531 ”;
1143 503 1153 525 ι
1175 499 1209 526 de
1230 500 1315 534 gloria
1334 502 1441 530 scilicet
1463 510 1492 531 et
1517 506 1658 540 majestate
1679 509 1741 535 Filii

958 542 1015 568 Dei.
1032 543 1202 576 lmpossibile
1218 553 1334 580 namque
1349 551 1391 574 est
1406 547 1504 575 litteris
1524 552 1695 581 committere
1711 561 1742 580 ea

955 595 1014 621 qua:
1028 589 1065 616 ad
1079 589 1230 618 Salvatoris
1241 592 1354 626 gloriam
1367 594 1512 627 pertinent.
1528 595 1575 623 liis
1588 597 1669 631 igitur
1686 604 1744 626 tan-

956 634 990 661 tis
1004 643 1037 662 ac
1053 636 1152 664 talibus
1166 637 1204 673 (l)
1220 638 1254 665 de
1275 643 1370 666 natura
1386 639 1446 668 Filii
1471 641 1518 669 Dei
1544 643 1737 676 consideratis,

955 688 1016 709 cum
1039 690 1143 710 summa
1156 684 1337 713 admiratione
1350 687 1565 721 obstupescimus
1580 690 1651 724 quod
1674 692 1742 718 emi-

954 735 1020 754 nens
1034 729 1156 756 omniutn
1177 731 1231 757 ista
1259 736 1356 758 natura
1383 733 1547 762 exinaniens
1564 742 1594 762 se
1614 737 1647 763 de
1667 742 1743 764 statu

940 774 1105 808 anajestatis
1119 783 1176 802 sua:
1191 776 1272 804 homo
1294 777 1382 805 factus
1400 781 1446 812 sit,
1474 784 1502 806 et
1529 780 1600 808 inter
1619 782 1744 809 homines

953 826 1143 854 conversatus,
1161 823 1234 850 sicut
1247 825 1335 858 gratia
1353 825 1431 853 labiis
1445 826 1502 860 ejus
1518 828 1604 855 infusa
1615 832 1742 861 testatur,

955 871 983 895 et
997 868 1068 894 sicut
1088 869 1273 896 testimonium
1289 871 1312 897 ei
1331 872 1417 898 reddit
1435 872 1515 900 Pater
1530 874 1660 906 emit-slis,
1673 879 1701 902 et
1714 880 1745 902 ut.

955 913 1042 948 signis
1055 921 1163 948 quoque
1187 920 1216 942 et
1241 917 1372 950 prodigiis
1387 919 1471 946 variis
1494 919 1694 955 virtutibusque
1709 922 1743 948 ab

955 967 986 985 eo
1002 961 1087 994 gestis
1110 962 1300 989 conﬁrtnatur.
1316 963 1366 995 Qui
1390 963 1472 991 etiam
1490 971 1554 992 ante
1570 968 1742 1000 praesentiam

954 1013 1031 1032 suam
1050 1005 1121 1034 hanc
1136 1014 1218 1041 quam
1232 1009 1351 1035 ostendit
1371 1010 1398 1036 in
1415 1017 1540 1044 corpore,-
1560 1019 1742 1046 praecursores

954 1059 1019 1079 suos
1034 1057 1062 1079 et
1080 1054 1191 1081 nuntios
1201 1055 1334 1081 adventus
1350 1057 1391 1082 sui
1405 1057 1480 1084 misit
1494 1058 1660 1092 prophetas;
1681 1065 1742 1094 post

953 1099 1140 1125 ascensionem
1155 1106 1219 1126 vero
1235 1108 1313 1127 suam
1332 1102 1357 1127 in
1376 1102 1470 1134 cados,
1489 1108 1600 1130 sanctos
1613 1098 1743 1139 θαρρο-

953 1143 1040 1170 siolos
1056 1143 1210 1172 divinitatis
1224 1153 1278 1173 suae
1298 1147 1398 1174 virtute
1412 1148 1528 1182 repletos
1549 1149 1673 1176 homines
1701 1150 1742 1177 Vel

953 1196 985 1216 ex
1004 1190 1158 1224 publicanis
1176 1192 1216 1219 vel
1235 1200 1268 1219 ex
1285 1193 1470 1227 piscatoribus
1496 1195 1638 1230 imperitos
1657 1201 1684 1223 et
1701 1197 1741 1224 in-

953 1237 1048 1262 doctos
1064 1236 1183 1264 circuire
1196 1236 1262 1264 iecit
1278 1239 1371 1266 orbem
1389 1243 1536 1272 terrarum,
1557 1245 1586 1267 ut
1609 1248 1640 1267 ex
1668 1243 1740 1269 omni

953 1289 1053 1317 genere
1066 1286 1148 1317 atque
1160 1290 1192 1310 cx
1210 1284 1337 1311 onmibus
1353 1285 1459 1320 populis
1473 1285 1581 1320 piorum
1593 1287 1700 1321 plebem
1713 1288 1740 1315 in

952 1338 981 1358 se
999 1331 1167 1358 credentium
1181 1338 1392 1366 congregarcnt.

987 1377 1013 1403 2.
1030 1377 1131 1404 Verum
1145 1385 1177 1404 ex
1192 1378 1318 1405 omnibus
1334 1378 1368 1405 de
1388 1385 1420 1406 eo
1438 1379 1580 1406 miraculis
1594 1383 1620 1406 ct
1637 1381 1741 1414 magni-

952 1423 1069 1450 ﬁcentiis
1083 1423 1148 1450 illud
1162 1423 1270 1458 penitus
1287 1423 1497 1451 aditiirationcni
1516 1425 1643 1453 humana:
1661 1434 1738 1453 men-

953 1470 986 1497 tis
1001 1470 1118 1500 excedit,
1135 1477 1186 1496 ttec
1199 1469 1304 1496 invenit
1321 1470 1446 1496 tnortalis
1460 1466 1643 1506 intelligentiae
1660 1472 1740 1507 fragi-

953 1515 1016 1542 litas
1038 1515 1173 1549 quomodo
1199 1515 1301 1541 sentire
1317 1514 1358 1541 vel
1376 1514 1530 1549 intelligere
1554 1516 1650 1550 possit,
1667 1519 1738 1551 quod

952 1566 1027 1588 tanta
1041 1562 1084 1588 illa
1111 1561 1231 1595 potentia
1250 1561 1349 1587 divinat
1371 1561 1530 1596 majestatis,
1560 1563 1647 1597 ipsum
1673 1563 1738 1589 illud

951 1607 1068 1635 Verbum
1085 1607 1188 1640 Patris,
1213 1613 1294 1642 atque
1313 1608 1370 1642 ipsa
1397 1608 1527 1642 sapientia
1555 1608 1612 1639 Dei,
1636 1608 1662 1635 in
1685 1616 1737 1643 qua

950 1659 1041 1682 creata
1057 1659 1120 1681 sunt
1135 1654 1228 1681 omnia
1244 1655 1360 1682 visibilia
1375 1660 1400 1682 ct
1418 1654 1577 1687 invisibilia,
1597 1655 1668 1681 intra
1684 1655 1739 1681 cir-

949 1700 1190 1734 cumscriptionem
1206 1699 1263 1734 ejus
1275 1700 1392 1727 hominis
1403 1699 1447 1733 qui
1461 1699 1585 1734 apparuit
1596 1700 1621 1726 in
1634 1698 1737 1732 Judma,

950 1745 1037 1773 fuisse
1062 1746 1198 1773 credenda
1215 1746 1269 1778 sit;
1294 1745 1342 1773 sed
1364 1750 1391 1772 et
1404 1746 1535 1780 [ingressa
1552 1753 1611 1773 esse
1632 1745 1679 1773 Dei
1694 1752 1738 1773 sa—

949 1791 1052 1826 pientia
1071 1791 1178 1818 vulvam
1195 1791 1311 1822 feniinm,
1330 1793 1357 1818 (et
1374 1790 1448 1818 nasci
1465 1790 1607 1825 parvulus,
1624 1796 1651 1817 et
1663 1791 1738 1826 vagi-

951 1843 1006 1865 tum
1024 1838 1149 1865 emittere
1163 1837 1196 1864 ad
1210 1837 1415 1864 similitudinem
1432 1834 1595 1871 plorantium
1612 1837 1740 1871 parvulo-

950 1891 1008 1910 rutn
1022 1892 1029 1917 ;
1044 1888 1100 1910 tum
1111 1882 1209 1910 deinde
1227 1883 1298 1917 quod
1315 1884 1340 1910 in
1354 1889 1442 1912 morte
1455 1884 1634 1910 conturbatus
1651 1883 1738 1909 refcr-

950 1934 1003 1962 tur,
1022 1934 1052 1956 ut
1078 1929 1134 1963 ipse
1151 1928 1235 1956 etiam
1260 1928 1402 1964 proﬁtetur
1416 1929 1509 1957 dicens
1528 1936 1534 1955 :
1554 1938 1563 1955 ι
1581 1927 1680 1955 Tr‘is’tis
1697 1931 1738 1956 est

948 1976 1037 2003 anima
1055 1982 1114 2002 mea
1131 1982 1217 2010 usque
1234 1974 1267 2002 ad
1282 1979 1397 2001 mortem
1417 1974 1455 2007 ‘3;
1479 1985 1487 2000 ι
1509 1979 1536 2001 et
1561 1975 1593 2001 ad
1613 1969 1736 2001 ultimu'm

948 2022 1020 2057 quod
1036 2029 1123 2056 usque
1147 2021 1180 2048 ad
1203 2028 1262 2048 eam
1281 2020 1430 2056 quaeinter
1460 2017 1584 2047 homines
1609 2020 1738 2056 indignis-

948 2069 1016 2095 sima
1037 2067 1166 2100 habetur,
1183 2067 1316 2094 adductus
1326 2071 1366 2094 est
1383 2069 1509 2098 mortem,
1528 2066 1667 2100 licet‘post
1680 2060 1734 2092 te'r-

948 2109 1013 2142 tiam
1029 2113 1181 2141 surrexerit
1197 2112 1269 2140 diem
1290 2112 1340 2148 (2).
1356 2111 1423 2139 Cum
1435 2119 1499 2146 ergo
1514 2112 1541 2138 in
1559 2118 1592 2138 eo
1610 2106 1736 2145 qua-'da'm

948 2160 985 2187 ita
999 2159 1138 2186 videamus
1153 2158 1271 2185 humana
1295 2163 1323 2184 ut
1349 2156 1417 2184 nihil
1437 2165 1451 2184 a
1472 2157 1609 2184 communi
1634 2158 1737 2183 morta-

948 2206 1014 2234 lium
1032 2206 1182 2241 fragilitate
1199 2205 1304 2233 distare
1321 2205 1476 2236 villeantur,
1501 2204 1624 2247 quaedam
1642 2204 1678 2231 ita
1697 2204 1738 2230 di-

950 2255 1025 2286 vina,
1040 2258 1069 2280 ut
1086 2252 1149 2280 ttulli
1164 2252 1209 2279 alii
1228 2251 1279 2279 nisi
1296 2251 1332 2278 illi
1347 2252 1441 2286 prima:
1457 2255 1484 2277 et
1509 2249 1640 2278 ineffabili
1658 2249 1738 2277 natu-

951 2309 987 2328 ra:
1013 2300 1177 2328 conveniant
1203 2297 1324 2330 deitatis,
1349 2297 1434 2325 haaret
1452 2296 1562 2324 humani
1582 2295 1738 2323 intellectus

950 2346 1087 2382 angustia,
1109 2350 1136 2373 et
1159 2349 1239 2372 tantae
1257 2342 1446 2371 admirationis
1471 2349 1581 2377 stupore
1608 2349 1737 2378 percussa

949 2401 1002 2428 quo
1025 2393 1153 2425 declinet,
1178 2390 1242 2426 quid
1258 2394 1359 2422 teneat,
1376 2397 1430 2425 quo
1444 2398 1473 2417 se
1487 2394 1644 2421 convertat,
1660 2389 1737 2423 igno-

950 2445 992 2467 rat
1009 2439 1059 2475 (5).
1076 2439 1104 2467 Si
1120 2439 1204 2467 Deum
1218 2438 1330 2470 sentiat,
1348 2438 1489 2464 mortalem
1505 2437 1595 2468 videt;
1615 2435 1637 2463 si
1655 2435 1738 2462 hosiii-

1152 2499 1174 2514 ”
1205 2490 1299 2525 Matth.
1324 2504 1363 2528 ιι,
1379 2496 1425 2523 27.
1465 2495 1485 2511 "
1507 2492 1586 2522 Joan.
1610 2501 1667 2526 xxt,
1690 2493 1735 2520 25.

932 2500 996 2528 Cor.
1018 2508 1056 2534 xi,
1086 2499 1113 2527 ’5.

1055 2591 1104 2630 §ic_
1118 2599 1185 2630 mss.
1204 2592 1281 2630 l_.i_bb.
1298 2591 1375 2630 editi,
1393 2599 1402 2615 α
1419 2589 1562 2630 quomodo.
1582 2596 1592 2614 ι

982 2623 1038 2667 (Q9)
1057 2626 1148 2654 Solus.
1160 2627 1334 2654 Desideratnr
1351 2626 1377 2652 in
1392 2629 1470 2652 antea
1484 2624 1575 2657 editis,
1590 2624 1636 2651 sed
1650 2623 1734 2650 habe-

947 2666 1027 2698 *“Ul‘
1037 2669 1116 2698 3159-,
1140 2696 1145 2698 .
1269 2697 1274 2698 ,
1362 2695 1367 2698 .
1490 2693 1516 2698 ...
1656 2692 1684 2698 ..

981 2696 1019 2735 (l_)
1036 2694 1091 2735 His
1109 2696 1190 2735 igitur
1207 2697 1287 2723 tantis
1302 2703 1332 2721 ac
1346 2693 1534 2735 _t'alibus.mSic
1563 2699 1630 2720 mss.
1656 2692 1733 2728 Libb.

945 2729 1046 2761 castra
1066 2732 1109 2759 his
1121 2729 1368 2770 iniu-manes“?
1385 2737 1417 2770 es
1433 2729 1541 2770 Wi'me
1560 2739 1605 2770 ’,λ
1645 2764 1660 2770 ν.
1702 2764 1718 2770 ..

982 2765 1024 2800 (2)
1040 2766 1078 2793 Ita
1106 2764 1170 2806 mss.
1193 2766 1276 2799 Alias,
1293 2767 1302 2790 ἀ
1319 2765 1510 2792 habebatur...
1525 2764 1587 2791 licet
1600 2764 1678 2791 tertia
1693 2764 1736 2791 die

945 2805 1135 2840 resurreaerit.
1156 2811 1164 2827 ι
1437 2836 1442 2840 ,
1560 2835 1565 2840 ,
1608 2836 1622 2840 -
1706 2834 1712 2840 .

981 2836 1019 2870 (3)
1034 2836 1080 2863 Sic
1092 2841 1166 2864 recte
1183 2836 1350 2868 tnss.‘Atias,
1375 2844 1384 2861 ‹
1403 2836 1490 2870 primo
1511 2839 1537 2862 et
1560 2834 1689 2868 int‘ﬂabiil
1706 2834 1732 2861 in
