1860 3073
149 111 199 139 211

153 177 214 198 nem
230 173 316 204 putet,
333 167 440 196 devicto
456 164 551 193 mortis
565 163 682 199 imperio
693 170 756 190 cum
775 161 869 197 spoliis
891 169 934 188 re-

152 217 279 243 deuntem
292 222 307 241 a
319 212 434 241 mortuis
454 211 554 240 cernit.
570 211 683 243 Propter
699 208 770 243 quod
783 215 845 234 cum
859 206 933 234 omni

152 266 227 288 metu
241 265 269 288 et
283 259 437 287 reverentia
454 255 691 291 contemplandum
710 258 763 286 est,
780 258 811 280 ut
825 253 851 280 in
880 259 934 278 uno

151 306 300 340 eodemque
317 304 353 332 ita
370 304 512 337 utriusque
524 306 628 328 natura:
641 300 741 327 veritas
762 298 935 326 demonstre-

153 355 207 382 tur,
224 354 254 376 ut
269 356 357 383 neque
371 348 471 382 aliquid
491 345 630 381 indignum
647 350 674 372 et
692 345 820 371 indecens
847 343 873 370 in
894 342 936 369 di-

152 395 215 423 vina
230 394 275 422 illa
302 399 330 421 et
355 392 485 421 inellabili
512 390 664 418 substantia
691 389 833 420 sentiatur,
849 395 935 419 neque

152 448 264 469 rursum
288 447 348 474 qua:
366 443 441 472 gesta
458 442 534 471 sunt,
558 436 634 464 falsis
660 435 740 462 illusa
767 434 935 468 imaginibus

151 486 353 513 existimentur.
370 484 435 517 Quae
448 482 556 518 quidem
579 482 605 509 in
621 489 701 508 aures
723 481 857 508 humanas
873 487 936 514 pro-

153 531 237 563 ferre,
249 535 277 558 et
293 529 465 558 sermonibus
476 527 625 562 explicare,
638 526 717 560 longe
730 525 801 553 vires
813 524 855 552 vel
879 532 936 551 me-

153 577 198 603 riti
211 575 308 606 nostri,
320 574 360 602 vel
370 573 471 608 ingenii
483 572 655 600 acsermonis
671 571 788 598 excedit.
809 570 936 598 Arbitror

153 625 243 648 autem
257 621 322 654 quia
344 619 426 647 etiam
442 622 599 646 sanctorum
625 616 813 652 apostolorum
838 622 935 650 super-

153 665 294 700 grediatur
315 671 490 695 mensuram;
508 663 631 698 quinimo
655 663 736 690 ctiatn
752 663 876 690 fortassis
894 667 935 689 to-

153 712 210 738 tius
235 715 370 738 creaturae
390 710 543 738 caelestium
561 709 692 736 virtutum
716 708 878 735 eminentior
894 712 937 734 est

153 756 317 783 sacramenti
334 755 412 782 istius
426 753 635 789 explanatio.De
649 761 704 788 quo
719 761 767 780 nos
783 761 836 780 non
853 757 936 780 teme-

153 802 234 828 ritate
261 800 362 834 aliqua,
385 800 431 827 sed
447 800 575 835 quoniam
601 799 639 833 (4)
656 798 724 825 ordo
738 798 790 825 loci
804 798 935 832 deposcit.

151 853 187 875 ea
206 846 291 881 magis
304 853 363 880 qum
383 846 450 873 tides
468 849 560 872 nostra
574 844 705 877 continet,
722 850 870 878 quamqua:
886 843 936 870 huc

153 898 240 918 manas
255 891 368 918 rationis
383 891 498 918 assertio
509 890 646 917 vindicare
674 889 753 920 solet,
771 895 851 922 quam
869 895 936 922 pau-

154 935 275 963 cissimis
304 935 490 970 proferemus,
517 934 684 968 suspiciones
708 933 799 968 potius
828 937 935 960 nostras

151 987 234 1015 quam
265 979 421 1007 manifestas
443 980 548 1014 aliquas
563 978 754 1006 aﬂirmationes
772 977 800 1005 in
816 977 935 1005 medium

152 1024 336 1060 proferentes.

189 1070 216 1097 3.
233 1070 316 1105 lgilur
333 1070 492 1105 Unigenitus
505 1070 553 1097 Dei
579 1077 629 1104 per
643 1077 723 1104 quem
743 1068 834 1096 omnia
861 1067 934 1095 facta

151 1120 213 1142 esse
225 1115 342 1142 visibilia
358 1119 385 1142 et
400 1114 544 1142 invisibilia
560 1114 585 1141 in
597 1113 782 1148 superioribus
793 1113 832 1146 (5)
844 1118 936 1139 sermo

152 1159 346 1194 disputationis
356 1160 476 1191 edocuit,
492 1158 640 1186 secundum
663 1157 814 1191 Scriptura:
826 1160 936 1183 senten-

154 1206 220 1232 tiam
236 1211 263 1232 et
277 1205 341 1232 fecit
353 1205 454 1236 omnia,
466 1209 493 1231 et
507 1211 567 1238 quae
580 1203 656 1235 fecit,
675 1202 774 1236 diligit.
788 1201 856 1229 Nam
874 1208 935 1228 cum

154 1250 300 1277 invisibilis
315 1250 361 1277 Dei
375 1250 433 1284 ipse
445 1249 481 1276 sit
505 1249 594 1283 imago
618 1248 770 1279 invisibilis,
788 1247 934 1282 participa-

156 1296 256 1323 tionem
272 1295 312 1322 sui
326 1294 458 1321 universis
471 1293 650 1320 rationalibus
669 1293 803 1320 creaturis
817 1292 938 1320 invisibi-

155 1342 219 1369 liter
232 1342 356 1376 prazbuit,
369 1341 406 1368 ita
427 1345 455 1367 ut
472 1344 574 1367 tantum
589 1346 621 1367 ex
637 1346 669 1367 eo
681 1339 867 1374 unusquisque
877 1347 937 1373 par-

157 1387 241 1422 ticipii
255 1391 385 1427 sumeret,
403 1390 505 1419 quanto
527 1393 593 1420 erga
605 1393 666 1413 eum
680 1385 833 1412 dilectionis
851 1385 936 1412 inhae-

154 1434 236 1461 sisset
251 1433 360 1461 atlectu.
375 1433 477 1461 Verum
490 1440 552 1460 cum
567 1439 617 1467 pro
632 1431 710 1460 liberi
725 1432 832 1459 arbitrii
850 1431 936 1458 facul-

767 98 927 129 OlilGENIS
944 97 1023 124 ΠΕΡΙ
1040 94 1154 123 ΛΡΧΩΝ

948 162 972 189 Α
986 161 1069 184 serat.
1086 154 1163 185 Unde
1174 157 1200 180 et
1217 150 1314 178 merito
1328 156 1377 184 pro
1392 154 1424 174 eo
1440 145 1482 173 vel
1500 144 1571 179 quod
1589 147 1644 170 tota
1655 147 1728 170 esset
1743 142 1769 168 io

1718 82 1771 109 212

985 203 1054 230 Filio
1072 201 1129 233 Dei,
1143 198 1185 226 vel
1200 201 1284 224 totum
1300 196 1326 222 iu
1336 202 1366 221 se
1381 196 1490 228 caperet
1503 191 1599 218 Filium
1613 189 1672 220 Dei,
1688 187 1770 214 etiam

985 250 1042 282 ipsa
1056 253 1117 273 cum
1129 251 1161 272 ea
1178 249 1258 278 quam
1275 242 1460 274 assumpserat
1474 243 1566 269 carne,
1583 235 1630 262 Dei
1646 233 1731 261 Filius
1744 239 1772 260 et

986 279 1033 320 Dei
1051 292 1148 322 virtus,
1162 288 1286 316 Christus
1303 290 1330 313 et
1345 285 1392 312 Dei
1406 282 1539 318 sapientia
1556 279 1728 315 appellatur;
1744 281 1771 304 et

985 345 1094 366 rursum
1108 335 1156 362 Dei
1171 333 1256 361 Filius
1273 339 1321 366 per
1337 337 1417 365 quem
1430 328 1520 356 omnia
1533 329 1625 354 creata
1637 329 1709 356 sunt,
1723 323 1771 350 Je-

987 392 1035 412 sus
1048 383 1178 411 Christus
1191 385 1218 406 et
1240 378 1325 406 Filius
1339 375 1456 403 hominis
1471 373 1636 401 nominatur.
1662 369 1728 396 Nam
1745 373 1772 396 et

986 430 1070 457 Filius
1083 427 1129 455 Dei
1144 429 1268 453 mortuus
1281 429 1340 450 esse
1354 420 1465 452 dicitur,
1488 425 1536 453 pro
1555 425 1586 444 ea
1609 416 1713 443 scilicet
1724 423 1772 442 na-

987 482 1048 504 tura
1065 482 1126 510 quae
1139 477 1254 500 mortem
1273 470 1369 503 utique
1387 468 1507 499 recipere
1524 468 1650 499 poterat;
1679 466 1706 489 et
1723 461 1772 488 Fi-

987 522 1040 548 lius
1057 507 1173 547 hominis
1196 516 1358 552 appellatur,
1373 513 1417 548 qui
1434 516 1566 539 venturus
1579 510 1606 536 in
1622 509 1669 536 Dei
1683 507 1773 535 Patris

987 566 1070 602 gloria
1093 571 1154 591 cum
1177 550 1280 590 sanctis
1304 558 1406 594 angelis
1433 555 1608 591 praedicatur.
1620 553 1654 580 Et
1671 553 1722 579 hac
1738 550 1774 577 de

986 599 1067 640 causa
1092 617 1139 644 per
1152 615 1258 635 omnem
1278 605 1447 638 Scripturam
1480 606 1534 628 tam
1561 599 1651 627 divina
1676 602 1774 625 natura

987 655 1115 684 humanis
1129 652 1267 681 vocabulis
1280 650 1440 685 appellatur.
1454 654 1534 682 quam
1545 646 1662 672 humana
1673 647 1773 670 natura

988 697 1310 734 divintenuncupationis
1328 693 1480 729 insignibus
1502 692 1659 719 decoratur.
1685 689 1774 723 Magis

987 747 1058 775 enim
1082 745 1114 772 de
1136 745 1186 771 hoc
1200 750 1282 777 quam
1304 742 1337 768 de
1361 739 1416 766 ullo
1443 738 1496 765 alio
1511 736 1566 763 diei
1586 739 1684 769 potest,
1700 733 1774 768 quod

988 791 1119 825 scriptum
1143 793 1196 820 est,
1211 786 1273 822 quia
1292 795 1301 810 ‹
1318 789 1397 812 erunt
1414 783 1492 809 ambo
1519 781 1544 807 in
1560 786 1641 805 carne
1659 785 1724 809 una,
1747 780 1776 804 et

986 821 1106 870 jam-non
1122 837 1185 861 sunt
1198 821 1316 859 duo.sed
1328 836 1391 856 caro
1404 835 1457 854 una
1468 824 1606 859 ".iMagis
1617 823 1689 850 enim
1704 821 1772 849 Ver-

988 882 1051 908 bum
1077 879 1121 906 Dei
1136 886 1198 906 cum
1215 876 1306 904 anima
1328 875 1353 901 in
1371 880 1452 901 carne
1468 878 1520 898 una
1542 877 1613 902 esse,
1633 875 1712 904 quam
1731 867 1775 894 vir

989 933 1051 953 cum
1070 931 1165 956 uxore,
1184 921 1330 957 putandum
1351 923 1401 946 est.
1431 917 1484 944 Sed
1508 921 1536 943 et
1565 921 1636 941 unus
1661 912 1776 947 spiritus

988 979 1050 999 esse
1062 978 1122 998 cum
1141 969 1206 1002 Deo,
1221 968 1264 995 cui
1280 965 1365 1000 magis
1380 963 1519 994 convenit,
1532 967 1614 995 quam
1633 959 1696 985 huic
1713 958 1775 984 ani-

989 1025 1040 1045 mae
1058 1024 1117 1051 qua:
1132 1023 1161 1042 se
1175 1015 1211 1041 ita
1231 1013 1285 1040 Deo
1301 1019 1350 1046 per
1365 1009 1536 1037 dilectionem
1551 1006 1651 1041 junxit,
1669 1009 1698 1031 ut
1712 1011 1775 1031 cum

989 1071 1021 1091 eo
1034 1070 1106 1090 unus
1117 1061 1230 1095 spiritus
1243 1058 1340 1085 merito
1355 1056 1461 1083 dicatur
1471 1054 1484 1080 2
1699 1073 1706 1078 ,

989 1108 1049 1145 [Διὰ
1061 1107 1139 1134 τοῦτο
1153 1105 1200 1132 καὶ
1223 1104 1364 1140 ἄνθρωπος
1398 1102 1426 1128 4.
1442 1098 1517 1133 Quod
1536 1101 1624 1124 autem
1645 1095 1774 1123 dilectio—

989 1154 1084 1188 γέγονε
1091 1153 1112 1178 Χ
1118 1151 1217 1187 ριστὸς,
1226 1149 1255 1181 ἐξ
1269 1149 1365 1184 ἀνδρα-

989 1199 1145 1234 γαθήματος
1158 1197 1252 1223 τούτου
1265 1194 1362 1230 τυχὼν,

989 1245 1026 1276 ὡς
1040 1244 1172 1280 μαρτυρεῖ
1187 1243 1200 1267 ὁ
1218 1241 1363 1277 Προφήτης

989 1291 1076 1325 λέγων
1092 1298 1099 1305 ο
1126 1298 1134 1314 t
1147 1288 1306 1322 Ἠγάπησας
1323 1285 1363 1312 δι-

990 1335 1149 1370 καιοσύνην,
1167 1334 1214 1360 καὶ
1229 1332 1362 1368 ἐμίσησας

989 1382 1113 1417 ἀνομίαν
1127 1380 1170 1407 διὰ
1181 1379 1259 1406 τοῦτο
1271 1376 1362 1412 ἐχρισὲ

990 1438 1019 1456 σε
1028 1431 1041 1456 ὁ
1049 1428 1140 1459 Θεὸς,ὁ
1149 1427 1214 1458 Θεός
1222 1434 1267 1452 σου
1275 1424 1362 1450 ἔλαιον

159 1484 216 1506 tate
240 1479 279 1513 (Ε)
304 1479 422 1506 varietas
442 1486 664 1513 unumquemque
680 1485 711 1505 ac
727 1477 873 1504 diversitas
888 1477 932 1504 ha~

1009 1475 1173 1509 γαλλιάσεως
1205 1471 1280 1506 παρὰ
1301 1470 1363 1501 τοὺς

154 1524 262 1552 buisset
277 1525 441 1557 animorum,
469 1529 499 1552 ut
526 1525 597 1551 alius
623 1524 790 1555 ardentiore,
811 1523 879 1550 alius
898 1528 936 1550 te-

155 1571 252 1598 nuiore
280 1574 308 1598 et
333 1570 447 1598 exiliore
475 1578 540 1606 erga
569 1574 709 1597 auctorem
737 1577 817 1596 suum
845 1576 937 1596 amore

156 1620 308 1648 teneretur,
331 1615 376 1642 illa
393 1616 484 1643 anima
498 1616 532 1642 de
544 1623 597 1650 qua
607 1615 676 1642 dixit
687 1614 776 1647 Jesus,
786 1614 848 1648 quia
868 1613 936 1640 «Ne-

158 1668 204 1687 mo
230 1660 335 1688 auferet
358 1669 372 1688 a
387 1668 429 1688 me
441 1661 558 1688 animam
571 1668 658 1687 meant
673 1659 767 1693 “pab
779 1659 938 1686 initiocrea-

156 1710 225 1733 turae
237 1712 265 1733 et
281 1707 408 1741 deinceps
435 1706 654 1741 inseparabiliter
672 1706 696 1733 ei
717 1710 798 1739 atque
825 1704 937 1731 indisso-

154 1750 289 1778 ciabiliter
305 1751 440 1778 inhaerens
456 1751 507 1786 (7),
525 1755 619 1784 utpote
644 1750 785 1784 sapientiae
802 1754 831 1776 et
846 1748 936 1776 Verbo

153 1797 202 1824 Dei
219 1802 246 1825 et
258 1798 366 1825 veritati
381 1804 413 1825 ac
428 1797 479 1825 luci
490 1804 572 1829 verae,
587 1801 614 1824 et
624 1801 678 1824 tota
693 1801 777 1824 totum
794 1795 936 1830 recipiens,

156 1843 279 1878 atquein
301 1844 360 1879 ejus
387 1844 476 1872 lucem
495 1842 723 1877 splendoremque
747 1842 805 1876 ipsa
826 1842 936 1874 cedens,

152 1885 224 1914 facta
243 1892 285 1914 est
295 1895 355 1914 cum
368 1887 427 1922 ipso
442 1887 630 1921 principaliter
646 1894 715 1914 unus
730 1887 852 1921 spiritus,
868 1887 938 1913 sicut

152 1936 181 1959 et
197 1933 341 1967 Apostolus
355 1933 396 1960 his
413 1933 458 1967 qui
473 1940 532 1959 eam
550 1932 650 1959 imitari
663 1932 804 1964 deberent,
820 1933 935 1967 promit-

154 1978 197 2011 tit,
212 1978 274 2012 quia
297 1987 307 2004 ι
337 1979 383 2013 qui
410 1986 440 2006 se
457 1978 548 2013 jungit
573 1977 699 2010 Domino,
725 1985 795 2004 unus
826 1977 937 2012 spiritus

153 2028 196 2051 est
212 2025 245 2051 ‘°.
261 2034 271 2050 ι
287 2024 343 2052 Hac
366 2032 430 2059 ergo
454 2024 608 2051 substantia
631 2023 729 2050 anima:
752 2023 824 2050 inter
852 2022 936 2049 Deum

152 2076 319 2104 carnemque
335 2070 471 2096 mediante
486 2070 559 2104 (non
584 2069 656 2096 enim
675 2067 802 2102 possibile
817 2072 875 2094 erat
890 2067 936 2094 Dei

154 2117 279 2140 naturam
293 2115 399 2148 corpori
417 2114 476 2141 sine
490 2114 637 2141 mediatore
654 2113 760 2140 misceri
774 2113 784 2148 )
800 2112 936 2145 nascitur,

154 2164 184 2187 ut
196 2159 327 2193 diximus,
353 2160 426 2187 Deus
451 2160 533 2187 homo
563 2159 614 2194 illa.
628 2159 782 2186 substantia
798 2159 886 2186 media
899 2159 936 2194 (8)

154 2205 317 2238 exsistente,
341 2206 383 2232 cui
409 2205 503 2239 utique
525 2209 619 2232 contra
647 2209 772 2231 naturam
801 2211 854 2231 non
878 2209 938 2232 erat

152 2259 253 2286 corpus
267 2258 416 2279 assumere.
434 2251 488 2278 Sed
504 2259 592 2286 neque
609 2258 704 2278 rursus
719 2250 808 2278 anima
821 2251 876 2284 illa,
893 2256 937 2278 ut-

151 2302 216 2334 pote
229 2297 380 2325 substantia
396 2297 574 2329 rationabilis,
589 2301 682 2324 contra
699 2301 822 2323 naturam
842 2296 947 2324 habuit‘

152 2349 252 2377 capere
264 2342 361 2375 Deum,
377 2343 404 2369 in
418 2350 510 2378 quem,
535 2347 563 2369 ut
585 2341 709 2376 superius
721 2342 848 2375 diximus,
864 2342 937 2370 velut

152 2388 181 2415 in
198 2388 316 2416 Verbum
327 2393 356 2415 et
370 2388 529 2423 sapientiam
541 2392 568 2415 et
583 2387 726 2415 veritatem
741 2392 794 2414 tota
809 2388 864 2421 jam
879 2395 937 2415 ces-

190 2445 211 2461 "
227 2445 306 2473 Joan.
319 2453 346 2479 x,
362 2444 406 2472 18.

152 2523 183 2544 se
197 2515 342 2543 conveniat
356 2514 451 2542 deitati
466 2514 577 2546 habere,
588 2515 699 2542 humani
716 2514 871 2542 intellectus
885 2522 934 2541 an-

151 2551 242 2585 gustia
269 2555 352 2578 tanta:
379 2550 567 2577 admirationis
591 2553 702 2584 stupore
730 2557 859 2584 percussa
878 2557 931 2585 quo

152 2585 279 2618 declinet,
292 2590 319 2612 et
334 2592 388 2619 quo
399 2591 428 2612 se
446 2588 586 2611 convertat
602 2585 718 2618 ignorat.
739 2594 748 2610 ι

189 2619 229 2654 (ι)
248 2620 313 2647 Mss.
331 2629 340 2645 ι
359 2619 501 2654 quoniam.
520 2627 530 2644 ›
545 2619 630 2651 Alias,
649 2629 658 2644 ί
676 2619 819 2653 quomodo.
835 2629 845 2646 ι

187 2653 226 2690 (5)
243 2655 280 2682 Ita
300 2653 468 2690 missiAlias,
489 2661 498 2679 t
513 2658 578 2680 sunt
593 2654 721 2688 visibilia,
734 2658 760 2682 et
779 2654 932 2687 invisibilia,

153 2694 183 2717 ut
201 2689 226 2716 in
241 2689 435 2724 superioribus.
459 2697 469 2724 ξ

190 2724 229 2760 (6)
244 2723 386 2751 Protiberi
409 2723 513 2751 arbitrii
533 2724 670 2759 facultate.
698 2723 744 2752 Sic
769 2732 836 2753 mss.
860 2724 934 2753 Alias

153 2758 241 2785 deest.
258 2769 267 2784 ε
283 2765 332 2785 pro
349 2769 372 2785 )-

172 2765 241 2789 eest,
258 2769 267 2784 ε
283 2765 332 2789 DI'O
349 2769 372 2786 »ι

190 2767 241 2789 est,
258 2769 267 2784 ε
283 2767 332 2793 pro
349 2769 372 2786 ι.

190 2793 229 2830 (7)
245 2793 312 2822 Vide
329 2793 348 2822 l.
369 2801 387 2821 ιι
400 2794 566 2830 0rigenian.,
583 2803 610 2830 q.
627 2794 654 2826 5,
670 2803 696 2822 n.
710 2795 737 2823 6.

992 1521 1118 1556 μετόχους
1132 1527 1188 1545 σου.
1206 1527 1224 1547 »ἱ
1242 1517 1364 1551 Ἔπρεπε

990 1566 1017 1593 δὲ
1036 1566 1080 1592 τὸν
1094 1565 1227 1601 μηδέποτε
1247 1571 1362 1597 κεχωρι-

991 1612 1086 1647 σμένον
1120 1611 1167 1637 τοῦ
1207 1608 1368 1644 μονογενοῦς

991 1666 1094 1693 συγχρη
1099 1656 1208 1692 ματίσαι
1227 1654 1267 1689 τῷ
1287 1649 1364 1688 pavo;

990 1704 1065 1737 γενεῖ
1083 1702 1131 1728 καὶ
1153 1698 1379 1734 συνδοξασθῆναιιη

1358 1740 1369 1754 ⁵
1384 1740 1476 1769 ἠιιλὶι
1493 1745 1518 1767 te
1536 1740 1617 1768 Deus,
1630 1738 1700 1764 DeUs
1713 1741 1775 1763 tuus

990 1748 1063 1783 αὐτῷ
1071 1746 1131 1783 (9)-Ξ
1146 1746 1173 1773 Id
1186 1752 1228 1775 est
1239 1756 1246 1774 :

991 1781 1102 1821 Idcirco.
1120 1781 1144 1821 et
1170 1793 1246 1819 homo
1263 1781 1367 1826 factus

990 1845 1029 1868 est
1052 1840 1172 1867 Christus
1199 1846 1246 1866 suo
1271 1838 1362 1864 merito

990 1888 1038 1914 hoc
1049 1887 1168 1919 sortitus,
1186 1889 1215 1911 ut
1233 1884 1363 1918 Prop/leta

990 1938 1100 1960 testatur
1112 1933 1220 1959 dicens:
1235 1940 1244 1955 ‹
1262 1929 1364 1956 1)ίίρωὶ-

991 1980 1024 2006 sti
1037 1979 1180 2013 justitiam,
1190 1983 1213 2004 et
1223 1977 1301 2003 odisti
1315 1977 1364 2002 im“-

990 2025 1125 2060 quitatem,
1141 2027 1274 2057 propterea
1289 2022 1363 2048 unxit

992 2075 1016 2097 te
1032 2070 1112 2101 Deus,
1129 2069 1197 2095 Deus
1225 2073 1285 2094 tuus
1308 2067 1364 2093 oleo

1400 1147 1442 1174 nis
1468 1144 1609 1180 perfectio.
1626 1147 1658 1178 (et
1683 1141 1775 1168 meriti

1400 1192 1511 1220 affectus
1520 1181 1662 1218 sinceritas
1669 1189 1694 1214 ei
1704 1189 1777 1214 hanc

1401 1235 1609 1272 inseparabilem
1634 1241 1696 1261 cum
1719 1231 1776 1259 Deo

1399 1283 1494 1310 fecerit
1508 1281 1651 1312 unitatem,
1677 1278 1714 1305 ita
1744 1281 1776 1314 ut

1399 1335 1454 1355 non
1482 1326 1592 1353 fortuita
1611 1324 1702 1356 fuerit,
1727 1326 1775 1349 aut

1397 1373 1449 1408 91
1464 1379 1524 1399 cum
1549 1375 1670 1405 personae
1695 1375 1776 1396 acce-

1399 1420 1491 1453 ptione
1518 1417 1614 1443 anima:
1642 1414 1702 1447 ejus
1731 1421 1776 1440 as-

1400 1463 1534 1497 sumptio,
1565 1461 1612 1488 sed
1640 1460 1775 1486 virtutum

1400 1517 1508 1537 suarum
1521 1508 1546 1535 ei
1561 1507 1658 1534 merito
1671 1506 1773 1537 delata,

1399 1556 1462 1583 audi
1488 1555 1520 1581 ad
1545 1561 1606 1581 eam
1623 1552 1679 1587 (l0)
1707 1551 1775 1578 Pro-

1398 1603 1507 1637 phetam
1524 1600 1678 1626 dicentem:
1700 1607 1709 1623 ι
1730 1597 1773 1624 Di-

1399 1649 1487 1676 lettisti
1499 1647 1678 1683 justitiam,et
1691 1644 1775 1672 odisti

1399 1691 1569 1730 iniquitatem
1582 1702 1589 1727 ;
1627 1698 1772 1727 propterea

1398 1789 1458 1816 oleo
1470 1787 1570 1815 laetitiae
1590 1793 1645 1820 prae
1659 1785 1775 1819 partici-

1399 1834 1476 1870 pibus
1496 1834 1548 1860 tuis
1562 1833 1595 1859 ".
1614 1841 1623 1857 ι
1644 1831 1776 1858 Dilectio-

1400 1883 1440 1909 nis
1456 1888 1520 1916 ergo
1543 1880 1640 1907 merito
1662 1878 1775 1912 ungitur

1399 1928 1459 1955 oleo
1478 1921 1588 1958 laetitiae,
1605 1926 1631 1951 id
1654 1929 1697 1951 est
1712 1924 1774 1950 ani—

1399 1981 1443 1999 ma
1468 1971 1569 2000 Christi
1599 1977 1661 1998 cum
1682 1968 1775 1995 Verbo

1400 2021 1446 2048 Dei
1472 2019 1596 2046 Christus
1618 2018 1673 2053 (ll)
1692 2016 1775 2044 eﬁici-

1400 2072 1481 2093 Clllll‘.

992 2114 1091 2142 lwtitiw
1116 2121 1170 2148 pra:
1189 2112 1358 2147 participibus
1375 2111 1435 2138 tuis.
1456 2120 1465 2136 ι
1482 2109 1669 2137 Dccebatenim
1694 2108 1771 2134 illum

956 2168 977 2194 ι)
992 2160 1036 2194 qui
1052 2166 1184 2193 nunquam
1198 2158 1229 2184 ab
1245 2157 1381 2192 Unigenito
1397 2161 1535 2190 separatus
1561 2160 1609 2186 est,
1634 2162 1687 2180 una
1712 2162 1773 2180 cum

993 2204 1132 2239 Unigenito
1140 2203 1244 2240 (Deum)
1261 2202 1400 2237 appellari,
1416 2207 1438 2228 et
1454 2199 1670 2235 congloriﬁcari.]

1026 2250 1095 2285 Ungi
1111 2257 1228 2283 namque
1245 2249 1302 2276 oleo
1315 2249 1424 2279 laetitiae,
1447 2255 1500 2274 non
1515 2247 1588 2273 aliud
1610 2245 1774 2280 intelligitur

990 2303 1071 2330 quam
1091 2295 1195 2329 Spiritu
1216 2299 1309 2321 sancto
1328 2293 1437 2327 repleri.
1462 2292 1539 2324 Quod
1558 2296 1650 2318 autem
1680 2299 1690 2315 ‹
1718 2297 1774 2324 pra:

989 2341 1168 2375 participibus
1187 2349 1197 2365 ›
1211 2339 1288 2370 dixit,
1308 2337 1478 2372 indieatquia
1490 2344 1542 2363 non
1555 2336 1642 2369 gratia
1654 2334 1773 2369 Spiritus

990 2387 1061 2414 sicut
1076 2386 1216 2421 prophetis
1229 2385 1255 2411 ei
1270 2385 1330 2411 data
1346 2388 1398 2416 est,
1416 2383 1461 2410 sed
1479 2383 1563 2418 ipsius
1579 2381 1659 2408 Verbi
1678 2381 1725 2408 Dei
1744 2380 1771 2407 in

445 2444 489 2471 "l
513 2443 578 2472 Cor.
591 2451 628 2477 vt,
642 2443 684 2471 l7.
722 2444 743 2460 ¹¹
762 2443 872 2477 Gen.u,
885 2443 933 2477 24;

1009 2451 1037 2472 'c.
1058 2451 1085 2477 κ,
1108 2443 1135 2470 8.
1173 2443 1196 2458 ²¹
1218 2441 1290 2469 Psai.
1316 2448 1388 2474 xuv,
1409 2440 1436 2468 8.

1022 2515 1059 2551 (8)
1078 2515 1135 2551 Vos
1156 2524 1165 2539 ι
1182 2514 1269 2551 media
1286 2523 1295 2539 )
1317 2513 1392 2551 deest
1407 2512 1434 2538 in
1459 2515 1538 2538 antea
1553 2510 1646 2542 editis,
1672 2514 1772 2546 quam:-

987 2543 1030 2578 vis
1043 2543 1192 2584 reperiatur
1209 2549 1235 2575 in
1250 2548 1375 2584 omnibus
1387 2554 1454 2575 mss.
1555 2579 1571 2584 ⁸
1661 2579 1668 2584 _
1753 2543 1757 2546 ”

1024 2584 1061 2619 (9)
1074 2579 1124 2610 Άιὰ
1138 2583 1224 2619 tofm)
1236 2583 1285 2609 καὶ
1301 2582 1465 2619 ἅνθρωπος,
1479 2585 1533 2608 etc.
1551 2579 1646 2607 Graeca
1661 2579 1718 2619 haec
1730 2587 1773 2619 re-

988 2613 1138 2656 prazsentat
1150 2618 1319 2656 .lttstiniauus
1331 2613 1479 2656 imperator
1495 2620 1523 2642 ut
1541 2621 1654 2656 erronca
1668 2614 1701 2654 ad_
1715 2613 1771 2641 eal-

989 2649 1047 2683 cem
1060 2654 1180 2688 epistola:
1192 2653 1226 2679 ad
1240 2652 1357 2678 Menam.
1371 2651 1407 2688 De
1419 2651 1470 2677 hoc
1482 2655 1572 2688 autem
1590 2649 1717 2688 Origenis
1728 2656 1773 2677 er-

988 2697 1051 2718 rore
1063 2684 1124 2715 vide
1139 2688 1361 2722 Origenianorum
1380 2686 1426 2712 lib.
1443 2693 1474 2717 tt,
1488 2693 1534 2722 qu.
1548 2684 1576 2717 '5,
1591 2691 1619 2711 n.
1634 2684 1661 2710 6.

1027 2723 1082 2759 (10)
1097 2723 1134 2759 Ita
1152 2719 1217 2759 tns's.
1231 2721 1318 2759 Alias,
1336 2729 1345 2746 t
1362 2728 1434 2759 eum,
1452 2729 1461 2745 ι
1480 2719 1559 2746 male.

1025 2754 1082 2794 (Η)
1099 2757 1230 2785 Christus.
1247 2756 1292 2784 Sic
1307 2763 1372 2783 mss.
1391 2754 1476 2787 Alias,
1495 2763 1505 2779 ί
1524 2760 1617 2781 unum.
1638 2761 1650 2780 ι
