1860 3073
116 121 170 150 213

776 125 873 154 LIBER
895 124 1090 160 SECUNDUSJ

1687 126 1741 154 2Ιᾶ

119 188 150 207 ea
165 181 357 209 substantialis
375 183 462 210 iuerat
476 183 626 218 plenitudo,
640 185 707 212 sicut
723 189 749 212 et
762 185 906 220 Apostolus
921 185 943 213 Α
957 183 983 210 in
1001 185 1061 219 igne
1090 184 1205 218 positam
1231 188 1258 211 et
1285 183 1471 211 indesinenter
1493 182 1632 210 ardentem
1661 190 1740 217 posse

119 226 187 252 dixit
203 234 210 252 :
229 235 237 251 1
254 227 282 253 111
297 234 353 261 quo
367 228 499 255 inhabitat
514 229 569 264 (12)
582 230 669 257 omnis
684 230 821 265 plenitudo
837 231 904 257 divi-

120 271 213 298 nitatis
227 272 410 305 corporaliter
426 273 458 301 ³³.
479 283 488 299 1
512 274 631 309 Denique
659 281 767 310 propter
783 277 833 303 hoc
851 285 903 303 non

120 316 207 342 solum
230 316 318 344 dixit:
342 327 351 343 1
381 318 505 346 Dilexisti
530 319 686 354 justitiam,
705 331 714 346 1
736 323 781 349 sed
810 322 901 349 addit:

122 369 131 385 1
148 361 180 387 Et
197 362 276 388 odisti
293 363 466 397 iniquitatem
486 365 520 392 ’⁵.
538 374 547 390 1
565 365 661 393 Odisse
688 367 760 394 enim
776 368 905 402 iniquita-

119 410 173 433 tem
192 411 232 433 est
249 407 314 435 illud
329 409 400 442 quod
424 408 563 445 Scriptura
583 410 647 438 dicit
664 413 696 438 de
712 420 744 440 eo
759 413 827 446 (15),
840 413 904 447 quia

85 471 89 473 .
121 461 131 477 1
146 457 291 485 peccatum
307 461 361 480 non
378 455 450 487 fecit,
467 463 516 482 nec
534 456 659 484 inventus
672 462 714 484 est
729 458 805 484 dolus
819 458 844 484 in
857 467 904 486 ore

116 498 177 531 ejus
190 498 230 530 ²¹⁹;
251 508 260 524 1
281 503 309 526 et
332 500 403 534 quod
428 501 481 527 ait:
504 509 514 526 1
539 501 670 529 Tentatus
687 511 735 537 per
749 504 839 531 omnia
855 512 904 538 pro

116 541 299 569 similitudine
317 544 420 578 absque
443 550 557 578 peccato
571 546 604 573 ’⁸.
625 556 634 572 1
661 546 714 574 Sed
735 553 762 575 et
777 549 835 583 ipse
851 549 904 576 Do~

116 586 210 613 minus
231 587 317 614 dicit:
341 597 350 613 1
365 588 432 621 Quis
458 595 578 618 vestrum
607 598 703 626 arguet
722 601 764 620 me
785 594 818 621 de
843 602 905 629 pec-

116 635 180 657 cato
199 632 243 658 '7?
259 642 269 658 )
289 633 321 659 Et
337 633 434 660 iterum
450 635 506 668 ipse
522 635 587 663 dicit
605 637 637 664 de
651 645 681 664 se
695 645 702 664 :
722 647 730 663 1
747 638 815 666 Ecce
832 640 904 667 venit

114 676 247 710 princeps
261 678 352 705 mundi
374 679 469 713 hujus,
485 684 511 707 et
532 681 559 708 in
575 689 619 708 me
638 690 691 709 non
707 683 809 710 invenit
826 685 906 719 quid--

114 728 199 755 quam
214 722 247 748 ’⁸.
269 731 278 748 1
303 722 367 755 Qum
385 726 476 752 omnia
490 727 591 753 nullum
610 728 636 754 in
660 735 693 754 eo
709 730 814 763 peccati
840 738 904 757 sen-

115 775 177 795 sum
195 769 316 796 intlicatit
340 771 489 798 exstitisse.
509 772 585 805 Quod
606 778 634 800 ut
648 774 777 808 propheta
794 775 903 802 eviden-

115 813 172 841 tius
188 815 362 849 designaret,
379 816 441 850 quia
457 825 598 852 nunquam
624 818 650 845 in
675 826 735 846 eum
754 821 904 855 iniquitatis

959 230 1042 263 frigus
1060 229 1204 263 aliquando
1221 230 1360 264 recipere?
1375 229 1501 263 Quinimo
1513 247 1523 260 ,
1549 228 1621 262 quod
1648 227 1739 255 verius

957 280 1009 308 est,
1026 276 1111 310 magis
1126 282 1187 302 eam
1203 275 1274 303 sicut
1292 276 1317 302 in
1331 275 1487 303 fornacibus
1497 281 1567 309 saepe
1581 274 1639 302 ﬁeri
1654 274 1739 302 oculis

958 321 1210 356 deprehendimus,
1239 325 1321 347 lotam
1352 321 1440 355 ignem
1469 319 1591 347 eﬂ'ectam
1607 320 1738 351 dicimus,

958 367 1086 401 quoniam
1113 374 1162 394 nec
1178 366 1251 393 aliud
1267 367 1294 393 in
1311 373 1344 393 ea
1364 366 1415 393 nisi
1438 366 1510 400 ignis
1537 366 1673 398 cernitur;
1692 367 1739 393 sed

958 417 984 440 et
996 412 1018 439 si
1033 412 1094 447 quis
1107 413 1265 446 contingere
1278 417 1357 446 atque
1369 416 1513 438 attrectare
1520 411 1737 447 (20)tentaverit,

957 465 1009 484 non
1027 457 1112 490 ferri,
1130 458 1177 484 sed
1196 457 1266 491 ignis
1280 457 1334 483 vim
1360 457 1472 484 sentiet.
1497 456 1553 484 lloc
1576 465 1641 491 ergo
1660 458 1740 485 modo

958 503 1039 529 etiam
1061 503 1106 529 illa
1130 503 1221 529 anima
1234 509 1305 536 quae,
1323 502 1401 536 quasi
1430 502 1531 529 ferrum
1552 501 1579 529 in
1604 503 1683 537 igne,
1700 503 1741 530 sic

958 556 1065 582 semper
1081 549 1107 575 in
1121 548 1228 580 Verbo,
1248 555 1356 582 semper
1378 548 1404 573 in
1425 547 1570 581 sapientia,
1588 554 1694 583 semper
1710 549 1736 575 in

959 593 1013 621 Deo
1030 593 1118 628 posita
1134 598 1185 626 est,
1204 600 1284 621 omne
1300 592 1371 627 quod
1383 593 1448 628 agit,
1465 593 1536 627 quod
1551 593 1650 625 sentit,
1666 594 1738 627 quod

958 639 1081 673 intelligit
1095 659 1102 671 ,
1129 640 1199 666 Deus
1217 643 1277 671 est;
1304 643 1332 665 et
1347 639 1407 665 ideo
1426 646 1476 666 nec
1495 638 1681 669 convertibilis
1694 644 1740 665 aut

958 686 1097 713 mutabilis
1113 686 1164 712 dici
1190 689 1281 720 potest
1292 705 1300 717 ,
1326 693 1386 719 qum
1403 685 1690 713 inconvertibilitatem
1706 692 1739 712 ex

963 731 1044 759 Verbi
1064 731 1113 758 Dei
1126 731 1230 758 unitate
1246 731 1432 758 indesinenter
1452 731 1537 765 ignita
1552 731 1681 764 possedit.
1700 731 1741 757 Ad

957 783 1052 803 omnes
1067 775 1184 809 denique
1203 780 1314 802 sanctos
1326 777 1402 802 calor
1415 775 1515 810 aliquis
1532 774 1613 802 Verbi
1630 775 1677 802 Dei
1690 783 1739 809 pu-

958 821 1054 848 tandus
1076 826 1117 848 est
1134 822 1307 855 pervenisse;
1333 821 1358 847 in
1379 821 1430 848 hac
1456 825 1545 848 autem
1562 821 1654 848 anima
1682 822 1741 856 ipse

110 866 214 900 sensus
229 859 372 893 intrasset,
390 862 427 888 ait
442 871 448 888 :
468 871 477 886 1
497 862 657 897 Priusquam
674 865 756 892 sciret
772 875 838 901 puer
853 875 902 901 pa-
920 859 941 886 Β
957 867 1027 901 ignis
1053 867 1163 894 divinus
1190 867 1408 894 substantialiter
1435 867 1601 901 requievisse
1625 867 1740 894 creden-

116 909 187 930 trem
214 910 261 931 aut
287 911 401 934 matrem
427 915 546 942 vocare,
572 910 671 937 avertit
697 918 725 938 se
747 912 781 939 ab
803 912 904 947 iniqui-

116 955 173 989 tate
183 951 218 976 “.
234 960 244 976 1

151 995 178 1023 5.
195 996 272 1029 Quod
287 997 309 1024 si
329 997 411 1025 alicui
425 998 534 1027 ditlicile
556 1000 703 1034 videbitur,
720 1010 770 1036 pro
783 1011 816 1030 eo
833 1005 904 1038 quod

116 1042 307 1070 rationabilem
326 1045 443 1072 animam
460 1054 521 1074 esse
541 1047 567 1074 in
583 1047 691 1075 Christo
711 1056 792 1083 supra
814 1055 905 1077 osten-

114 1086 207 1114 dimus
221 1108 228 1120 ,
247 1096 310 1115 cum
337 1089 394 1124 (14)
411 1091 504 1124 utique
515 1093 667 1120 animarum
691 1100 816 1122 naturam
842 1097 904 1123 boni

117 1133 238 1167 malique
256 1141 384 1168 capacem
409 1143 457 1170 per
470 1144 566 1165 omnes
582 1138 776 1172 disputationes
799 1146 905 1169 nostras

116 1176 278 1211 frequenter
290 1181 471 1212 ostendimus.
487 1183 537 1209 hoc
560 1185 638 1210 modo
654 1185 691 1211 rei
714 1185 792 1219 hujus
808 1187 903 1220 expla—

114 1223 227 1249 nabitur
240 1224 394 1252 dilIicullas.
424 1226 554 1253 Naturam
579 1228 687 1262 quidem
712 1229 808 1256 animae
833 1230 904 1257 illius

118 1268 189 1295 hanc
202 1268 286 1296 fuisse
300 1277 361 1304 quae
372 1276 412 1298 est
423 1272 544 1298 omnium
562 1273 726 1306 animarum,
742 1282 795 1301 non
813 1280 904 1310 potest

115 1314 235 1341 dubitari
249 1324 256 1348 ;
269 1315 388 1350 alioquin
405 1325 455 1344 nec
467 1318 518 1345 dici
529 1319 618 1345 anima
631 1320 726 1353 potuit,
739 1321 760 1347 si
777 1328 839 1348 vere
850 1329 903 1348 non

114 1359 165 1386 fuit
174 1361 276 1387 anima.
285 1361 383 1402 Verum
392 1364 516 1396 quoniam
525 1364 580 1398 (15)
589 1365 650 1392 boni
660 1365 778 1400 malique
788 1367 905 1402 eligendi

116 1404 233 1433 facultas
246 1401 373 1434 omnibus
389 1413 488 1442 praesto
500 1414 554 1441 est,
568 1410 625 1436 lucc.
636 1411 724 1438 anima
736 1418 796 1446 quae
804 1412 904 1440 Christi

115 1450 238 1485 est(l(i),
251 1451 289 1478 ita
306 1451 386 1486 elegit
401 1453 513 1488 diligere
524 1454 667 1488 justitiam,
681 1459 770 1490 utpro
791 1455 906 1484 immen-

113 1499 195 1523 sitate
209 1496 364 1524 dilectionis
376 1499 618 1527 inconvertibititer
628 1500 653 1527 ei
668 1504 750 1535 atque
764 1502 905 1536 lnsepara-

115 1541 207 1568 biliter
219 1541 276 1577 (l7)
287 1542 442 1575 inhaereret,
457 1544 493 1570 ita
509 1549 538 1570 ut
552 1545 684 1579 propositi
696 1545 819 1578 firmitas,
830 1546 906 1573 etaf-

115 1585 203 1613 fectus
217 1587 398 1620 immensitas,
413 1593 440 1615 et
453 1589 604 1617 dilectionis
619 1591 846 1625 incxslinguibilis
858 1599 904 1620 ca-

114 1631 164 1664 lor,
175 1640 285 1660 omnem
299 1640 407 1660 sensum
419 1635 603 1662 conversionis
616 1641 695 1670 atque
710 1637 905 1666 immutationis

113 1678 300 1712 abscinderel,
315 1684 342 1706 et
359 1681 431 1714 quod
445 1680 472 1707 in
486 1681 600 1709 arbitrio
614 1685 673 1709 erat
688 1683 816 1717 positum,
832 1684 905 1719 longi

114 1731 181 1751 usus
206 1723 306 1751 affectu
321 1724 379 1758 jam
404 1733 515 1753 versum
544 1728 579 1754 sit
597 1727 624 1754 in
653 1732 794 1756 naturam:
823 1730 860 1757 ita
877 1736 904 1758 et

114 1769 199 1797 fuisse
218 1771 328 1804 quidem
342 1772 368 1797 in
397 1771 507 1799 Christo
535 1773 651 1800 humana
678 1779 706 1801 et
731 1775 904 1804 rationabilis

114 1815 206 1841 anima
221 1816 360 1843 credemla
373 1821 415 1844 est
430 1817 497 1852 (18),
508 1823 536 1845 et
547 1818 649 1845 nullum
665 1827 773 1847 sensum
787 1821 827 1848 vel
843 1829 905 1856 pos-

115 1860 279 1887 sibilitatem
296 1869 355 1888 eam
373 1863 521 1896 putandum
537 1869 579 1891 est
592 1858 720 1892 habuisse
735 1868 850 1900 peccati.

149 1908 178 1934 6.
204 1908 246 1935 Ad
265 1909 412 1942 pleniorem
435 1913 525 1937 tamen
552 1911 589 1937 rei
614 1911 832 1946 explanationem
852 1922 904 1942 non

115 1953 229 1980 videtur
253 1954 401 1981 absurdum
416 1974 424 1987 ,
448 1955 470 1982 si
501 1956 582 1983 etiam
612 1957 791 1985 similitudine
815 1959 903 1994 aliqua

114 2003 237 2030 utamur,
255 1999 318 2026 licet
336 2000 362 2026 in
379 2007 407 2027 re
422 2005 477 2027 tam
502 2002 598 2035 ardua,
618 2007 727 2037 tamque
740 2003 852 2038 difﬁcili,
871 2013 904 2033 ne

115 2044 251 2079 exemplis
267 2046 376 2080 quidem
397 2046 435 2073 uti
457 2048 605 2074 commodis
621 2049 698 2083 copia
724 2054 776 2076 est.
801 2050 903 2078 Tamen

116 2095 146 2117 ut
160 2092 266 2126 absque
276 2091 367 2126 aliquo
375 2092 532 2127 prajudicio
542 2093 674 2127 dicatnus,
691 2094 754 2122 ferri
767 2095 903 2123 metallum

116 2143 204 2170 capax
220 2141 262 2163 est
275 2136 384 2170 frigoris
399 2141 426 2164 et
440 2137 551 2165 caloris.
569 2138 597 2165 Si
613 2145 678 2173 ergo
696 2147 791 2167 massa-
812 2140 901 2175 aliqua

117 2181 182 2208 ferri
198 2189 307 2216 semper
323 2183 349 2209 in
364 2184 425 2218 igne
439 2185 475 2210 sit
491 2184 593 2219 posita,
607 2184 732 2212 omnibus
745 2186 801 2213 suis
818 2187 902 2221 poris,

115 2227 300 2261 omnibusque
323 2229 397 2256 venis
417 2229 505 2264 ignem
527 2221 681 2264 recipiens,
697 2234 725 2257 et
750 2235 805 2258 tota
833 2233 903 2267 ignis

116 2271 225 2304 eﬂecta,
240 2273 263 2299 si
278 2280 366 2307 neque
385 2274 454 2308 ignis
471 2273 506 2301 ab
531 2281 563 2301 ea
580 2280 668 2302 cesset
682 2275 836 2310 aliquando,
855 2285 902 2305 ne-

118 2323 171 2350 que
185 2317 244 2352 ipsa
270 2319 303 2345 ab
320 2319 383 2353 igne
396 2325 548 2354 separetur,
568 2320 752 2354 nunquidnam
780 2322 836 2358 (19)
861 2324 903 2351 di-

118 2369 214 2389 cemus
229 2363 309 2396 hanc,
327 2371 386 2398 quae
404 2370 498 2392 natura
527 2366 635 2400 quidem
656 2365 720 2393 ferri
742 2375 830 2395 massa
850 2374 902 2402 est,

919 1527 939 1555 (Σ

920 2190 940 2216 11

955 912 1005 939 dus
1016 917 1076 943 est,
1096 920 1129 939 ex
1155 920 1208 946 quo
1221 913 1253 939 ad
1282 916 1395 939 cmteros
1409 912 1483 939 ealor
1495 912 1594 947 aliquis
1623 913 1738 939 venerit.

956 957 1077 991 Denique
1102 958 1174 992 quod
1201 958 1279 989 dixit,
1302 957 1365 991 quia
1390 967 1398 982 1
1417 957 1501 985 quit
1519 963 1545 984 te
1570 959 1653 989 Deus,
1671 958 1740 984 Deus

957 1005 1018 1029 tuus
1030 1002 1089 1029 oleo
1104 1002 1201 1029 Iustitiae
1212 1010 1265 1036 prae
1284 1002 1462 1037 participlbus
1474 1003 1526 1030 tuis
1540 1003 1573 1034 '°,
1593 1012 1603 1028 1
1622 1004 1740 1034 ostendit

959 1048 1032 1082 quod
1047 1047 1128 1074 aliter
1140 1047 1192 1074 ista
1208 1048 1298 1074 anima
1311 1047 1371 1074 oleo
1383 1048 1491 1080 Ita-tilia),
1506 1048 1532 1075 id
1540 1052 1582 1075 est
1592 1047 1680 1075 Verbo
1694 1049 1738 1075 Dei

956 1097 984 1119 et
1002 1093 1135 1127 sapientia
1152 1092 1209 1127 (21)
1225 1093 1345 1127 ungitur,
1360 1099 1387 1120 et
1405 1093 1485 1121 aliter
1505 1094 1650 1128 participes
1669 1094 1738 1128 ejus,

957 1140 982 1166 id
997 1144 1038 1166 est
1051 1139 1137 1167 sancti
1150 1141 1288 1173 prophetae
1305 1144 1332 1166 et
1349 1139 1473 1174 apostoli.
1487 1139 1525 1166 llli
1536 1140 1608 1166 enim
1620 1140 1646 1166 in
1655 1140 1739 1167 odore

956 1190 1154 1220 unguentorum
1170 1185 1228 1219 ejus
1239 1186 1396 1212 cucurrisse
1418 1185 1563 1212 dicuntur:
1581 1185 1630 1212 ista
1647 1190 1736 1212 autem

957 1232 1048 1258 anima
1063 1231 1201 1258 vasculum
1219 1231 1348 1266 unguenti
1365 1231 1450 1266 ipsius
1463 1231 1523 1262 fuit,
1539 1238 1570 1257 ex
1588 1231 1665 1264 cujus
1685 1231 1739 1258 fra-

956 1278 1061 1312 grantia
1075 1277 1270 1312 participantes
1286 1277 1359 1312 digni
1371 1277 1472 1312 quique
1484 1277 1621 1312 prophetae
1638 1277 1740 1304 flebant

956 1330 982 1352 et
995 1324 1123 1359 apostoli.
1134 1325 1211 1352 Sicut
1223 1331 1288 1359 ergo
1300 1325 1372 1351 aliud
1386 1328 1427 1351 est
1436 1324 1564 1358 unguenti
1576 1323 1737 1355 substantia,

956 1370 1028 1396 aliud
1045 1370 1112 1397 odor
1130 1370 1206 1404 ejus;
1233 1370 1268 1396 ita
1293 1369 1368 1396 aliud
1383 1375 1425 1396 est
1444 1369 1586 1401 Christus.
1612 1373 1638 1396 et
1665 1368 1738 1395 aliud

956 1415 1103 1450 participes
1116 1415 1167 1442 sui.
1183 1415 1214 1442 Et
1229 1415 1300 1442 sicut
1314 1422 1361 1442 vas
1373 1415 1460 1448 ipsum
1474 1415 1544 1449 quod
1559 1414 1737 1442 substantiam

957 1461 1078 1488 continet
1092 1461 1223 1495 unguenti
1251 1460 1319 1495 (’12),
1338 1459 1410 1487 nullo
1422 1467 1520 1494 genere
1536 1464 1622 1494 potest
1638 1460 1739 1493 aliquid

958 1507 1076 1540 recipere
1089 1506 1211 1538 foetoris;
1226 1506 1251 1533 hi
1267 1513 1332 1533 vero
1345 1505 1390 1540 qui
1403 1511 1434 1532 ex
1451 1505 1535 1532 odore
1551 1505 1609 1540 ejus
1625 1505 1739 1540 partici-

957 1556 1040 1585 pant,
1061 1552 1084 1579 si
1101 1559 1130 1579 se
1147 1551 1227 1586 paulo
1245 1551 1350 1586 longius
1366 1558 1380 1576 a
1407 1550 1557 1585 fragrantia
1575 1550 1634 1584 ejus
1652 1557 1740 1577 remo-

956 1598 1054 1629 verint,
1071 1597 1199 1632 possibile
1223 1600 1264 1623 est
1285 1600 1314 1623 ut
1340 1596 1502 1623 incidentem
1517 1595 1648 1630 recipiant
1662 1595 1740 1623 foeto-

956 1649 1031 1676 retn;
1046 1642 1083 1669 ita
1098 1642 1235 1675 Christus,
1251 1642 1323 1669 velut
1337 1649 1384 1668 vas
1402 1642 1489 1675 ipsum
1504 1641 1530 1668 in
1544 1649 1597 1676 quo
1611 1644 1668 1668 erat
1691 1648 1740 1668 1111⁴

959 1689 1052 1723 guenti
1069 1688 1219 1717 substantia
1235 1707 1241 1719 ,
1266 1687 1433 1722 impossibile
1457 1687 1506 1714 fuit
1526 1691 1554 1714 ut
1569 1687 1737 1714 contrarium

957 1735 1091 1769 reciperet
1115 1735 1236 1762 odorem.
1251 1733 1401 1768 Participes
1422 1741 1486 1760 vero
1503 1733 1560 1766 ejus
1576 1740 1658 1768 quam
1673 1739 1739 1767 pro-

957 1780 1022 1806 ximi
1038 1779 1139 1806 fuerint
1151 1779 1208 1815 (23)
1223 1779 1332 1806 vasculo
1345 1799 1353 1812 ,
1375 1783 1429 1806 tam
1450 1779 1542 1806 odoris
1559 1783 1640 1805 erunt
1654 1778 1738 1810 parti-

955 1826 1028 1860 cipes
1044 1830 1072 1852 et
1087 1832 1210 1860 capaces.

988 1871 1044 1906 92
1061 1871 1088 1898 'I.
1103 1862 1230 1898 Arbitror
1245 1878 1310 1898 sane
1325 1871 1406 1898 etiam
1423 1870 1565 1898 Jeremiam
1580 1870 1737 1904 prophetam

955 1915 1147 1951 iutelligentem
1167 1923 1226 1950 quae
1248 1916 1283 1943 sit
1299 1917 1325 1943 in
1347 1925 1380 1944 eo
1404 1922 1499 1944 natura
1522 1916 1567 1942 Dei
1585 1915 1735 1950 Sapientiae.

942 1969 1014 1996 qua:
1029 1962 1110 1989 etiam
1127 1962 1184 1989 hate
1198 1955 1269 1989 esset
1282 1969 1362 1996 quam
1377 1970 1425 1997 pro
1438 1962 1524 1989 salute
1540 1962 1631 1988 mundi
1645 1969 1738 1989 susce-

955 2012 1052 2042 perat,
1072 2008 1192 2036 dixisse:
1223 2018 1232 2034 1
1248 2009 1366 2042 Spiritus
1388 2009 1479 2036 vultus
1499 2008 1584 2035 nostri
1612 2008 1738 2035 Christus

955 2053 1096 2086 Dominus,
1112 2053 1154 2081 cui
1170 2054 1288 2081 diximus
1303 2055 1373 2089 quod
1389 2054 1415 2080 in
1431 2054 1524 2080 umbra
1540 2054 1598 2088 ejus
1616 2051 1737 2081 vivemus

956 2101 981 2128 in
1007 2102 1136 2136 gentibus
1152 2102 1184 2129 ³¹.
1212 2111 1221 2127 1
1242 2098 1294 2129 Pro
1309 2102 1390 2129 enim
1406 2108 1438 2129 eo
1457 2102 1528 2136 quod
1552 2101 1622 2128 sicut
1640 2101 1737 2127 umbra

956 2147 1078 2181 corporis
1093 2144 1178 2173 nostri
1191 2145 1380 2180 inseparabilis
1395 2149 1437 2172 est
1453 2153 1468 2172 a
1479 2152 1602 2179 corpore,
1620 2149 1647 2171 ct
1661 2144 1737 2170 inde-

957 2192 1120 2219 clinabiliter
1137 2196 1227 2219 motus
1240 2199 1272 2219 ac
1286 2197 1378 2226 gestus
1390 2191 1515 2226 corporis
1530 2189 1642 2223 suscipit
1653 2193 1680 2216 et
1693 2195 1739 2222 ge-

957 2237 1002 2270 rit,
1018 2242 1083 2272 puto
1098 2245 1159 2264 eum
1176 2229 1273 2264 animae
1295 2237 1395 2265 Christi
1410 2244 1479 2272 opus
1492 2243 1523 2263 ac
1538 2240 1640 2262 motum
1651 2234 1697 2268 qui
1715 2234 1737 2260 ei

957 2282 1179 2316 inseparabiliter
1194 2277 1354 2316 inhaerebat,
1369 2287 1396 2310 et
1409 2289 1457 2316 pro
1471 2286 1545 2308 motu
1565 2280 1622 2314 ejus
1638 2287 1670 2306 ac
1691 2287 1737 2306 vo-

957 2327 1060 2354 luntate
1099 2332 1198 2354 cuncta
1236 2327 1427 2362 perpetrabat,
1471 2327 1617 2353 ostendere
1644 2323 1737 2351 volen-

958 2378 1012 2400 tem
1037 2372 1160 2400 umbram
1180 2372 1280 2400 Christi
1293 2373 1399 2400 Domini
1414 2373 1484 2400 hanc
1495 2378 1617 2402 vocasse,
1641 2370 1666 2396 in
1686 2377 1737 2403 qua

139 2419 176 2461 ﬂ."
200 2413 354 2461 golossfn.
381 2421 408 2461 9:
446 2422 470 2437 "
482 2421 667 2461 Psalm._rt.rv,
683 2423 709 2461 β.
748 2424 770 2439 ’⁸
785 2424 836 2452 lsa.
849 2435 891 2455 ιιι]

992 2430 1011 2447 ’θ
1026 2429 1093 2456 lleb.
1110 2436 1147 2459 iv,
1163 2428 1206 2455 15.
1245 2429 1266 2444 ’⁷
1286 2427 1365 2455 .loan.
1387 2436 1446 2461 vin,
1462 2427 1506 2456 46.
1553 2428 1574 2443 ’⁸
1589 2426 1667 2455 Joan.
1684 2435 1736 2459 xiv,

117 2453 162 2481 50.
200 2454 222 2470 ¹’
243 2455 294 2481 lsa.
318 2463 375 2487 vin,
395 2456 428 2489 4;
442 2464 490 2488 vn,
511 2453 556 2483 t'o'.
591 2457 612 2472 '°
629 2453 728 2486 Ps'alnt.
743 2466 814 2492 κων,
832 2453 861 2489 8.
877 2453 891 2455 γ’

992 2453 1120 2497 sufﬁit}

155 2511 211 2547 (1‘2)
226 2511 273 2547 Sic
287 2519 352 2539 mss.
367 2512 452 2546 Alias,
473 2523 481 2539 1
500 2513 613 2540 habitat.
629 2523 639 2539 1

154 2546 212 2587 (1.5)
229 2546 275 2586 Sic
291 2555 355 2573 mss.
369 2548 454 2587 Allius,
471 2557 480 2573 1
499 2548 571 2587 illius
585 2554 626 2575 est
646 2550 679 2577 de
693 2558 746 2583 quo
764 2550 904 2587 Scriptura

119 2580 358 2618 dici_t_:_q_l_li...._et
376 2583 476 2618 dequo
488 2583 621 2618 scriptum
637 2590 678 2610 est
697 2580 839 2614 tentatum:
859 2597 868 2613 1

132 2633 134 2637 τ
227 2615 358 2653 ρμιπᾼιςι
382 2615 459 2653 editi.
473 2617 537 2644 Mss.
550 2615 629 2650 'vero,
651 2627 660 2643 1
680 2628 771 2653 quam.
791 2630 800 2646 1

154 2649 212 2686 (15)
229 2650 294 2686 itide
310 2650 329 2677 Ι.
347 2659 365 2677 11
383 2650 584 2686 0rigenian.,q.
606 2649 632 2683 τε
652 2649 724 2681 1111111.
741 2655 767 2682 6.

154 2684 274 2726 (t_6)_lta
284 2693 351 2712 mss.
366 2684 450 2718 Alias,
468 2695 478 2712 1
492 2684 589 2720 praesto
604 2692 645 2714 est
659 2689 722 2716 huic
738 2690 832 2718 animae
847 2699 907 2726 quae

122 2718 222 2746 Christi
235 2725 288 2746 est.
302 2729 311 2745 1

155 2753 212 2789 (17)
229 2753 264 2780 Ei
290 2759 367 2788 atque
392 2755 610 2790 inseparabiliter.
631 2756 692 2785 Hmc
717 2758 905 2787 desiderantur

124 2788 150 2814 in
165 2788 245 2817 antea
263 2789 346 2817 editis
360 2809 368 2822 ,
394 2788 518 2824 quamvis
541 2793 711 2826 reperiantur
729 2794 754 2820 in
780 2795 906 2823 oumibus

123 2829 186 2852 11195.

992 2521 1047 2557 (18)
1062 2521 1108 2549 Sic
1118 2521 1268 2548 mss.Libb.
1286 2520 1363 2553 editi,
1377 2530 1386 2546 1
1400 2521 1436 2547 ita
1453 2525 1481 2547 ut
1496 2519 1578 2547 fuisse
1592 2519 1736 2554 quidem...

956 2557 1090 2583 credenda
1107 2558 1153 2583 sit.
1169 2565 1179 2582 1

992 2591 1050 2626 (19)
1066 2590 1267 2626 Nunquidnam.
1287 2590 1325 2617 Ita
1340 2597 1419 2622 mss.;
1434 2589 1510 2621 editi,
1527 2598 1536 2614 1
1557 2595 1707 2622 nunquam.
1726 2597 1735 2614 ι

989 2625 1050 2662 (20)
1070 2625 1116 2662 Sic
1134 2625 1199 2662 mss.
1218 2625 1332 2662 Alias,_1
1351 2629 1481 2662 tractare.
1499 2633 1508 2662 1
1663 2657 1678 2662 η
1696 2657 1700 2662 Ι

994 2657 1050 2694 (21)
1078 2659 1110 2686 Et
1134 2659 1274 2693 sapientia.
1301 2659 1475 2686 Desideratur
1497 2659 1526 2684 in
1541 2661 1619 2684 antea
1637 2657 1715 2683 editis
1731 2677 1738 2688 ,

959 2697 1005 2722 sed
1019 2695 1134 2721 habetur
1153 2695 1178 2721 in
1193 2701 1257 2720 mss.

996 2729 1052 2762 (2'2)
1068 2729 1211 2761 Unguenti.
1229 2727 1274 2762 Sic
1286 2734 1350 2754 mss.
1367 2727 1450 2759 Alias,
1471 2736 1479 2752 1
1495 2730 1522 2754 et
1537 2731 1712 2760 unguentum.
1727 2736 1737 2753 1

996 2761 1052 2799 (9.5)
1081 2764 1129 2799 Sic
1141 2771 1205 2799 mss.
1226 2761 1310 2794 Alias,
1330 2771 1339 2787 1
1360 2762 1504 2797 participes
1520 2769 1583 2789 vero
1599 2761 1639 2788 sui
1658 2769 1739 2796 quam

960 2798 1102 2833 propinqui
1118 2798 1227 2825 fuerint.
1244 2806 1253 2822 1
