1860 3073
114 77 167 110 213

115 144 212 172 umbra
224 146 274 169 nos
286 140 438 166 viveremus
452 136 478 162 in
491 132 628 168 genti-bus.
647 129 675 157 In
689 129 771 162 hujus
783 136 900 161 namque
914 129 937 156 Α
951 124 1035 160 gelior

117 186 309 222 Issumptionis
327 184 499 210 sacramento
521 182 615 214 gentes
638 177 743 206 vivunt.
763 181 821 208 quzc
837 173 899 200 imis

117 218 284 262 tantes-eam
303 236 350 263 per
362 228 441 254 ﬁdem
461 225 573 252 veniunt
588 223 621 249 ad
644 221 770 248 salutem.
796 218 848 245 Sed
874 222 901 244 et

121 278 203 306 David
218 276 328 303 dicens:
344 283 353 299 ι
364 273 465 300 Memor
478 275 537 298 esto
549 267 687 304 opprobrii
701 266 765 298 mei,
778 263 900 294 Domine,

121 329 175 356 quo
187 320 421 355 expmbravcrunt
434 322 476 343 me
499 315 526 341 in
543 311 783 341 commutationem
802 308 900 335 Christi

121 350 160 392 tiri
172 365 205 397 η,
250 362 350 390 similia
367 360 431 388 mihi
448 358 554 386 videtur
574 356 729 383 ostendere.
757 353 791 379 Et
805 350 903 378 Paulus

120 411 186 446 quid
201 410 273 438 aliud
285 408 379 438 sentit.
398 413 458 433 cum
475 404 558 431 dicit:
579 411 588 427 ‹
604 402 663 428 Vita
681 404 771 427 vestra
788 398 903 424 abscon-

121 442 177 484 dita
193 460 236 483 est
259 462 319 482 cum
335 452 446 481 Christo
461 451 488 477 in
504 449 558 476 Deo
583 447 628 473 "‘3
647 456 655 472 ι
683 446 716 472 Ει
738 444 846 478 quidem
878 442 903 468 in

123 504 177 530 alio
188 502 249 529 loco
264 500 329 528 dicit
342 499 413 534 (ωε
428 506 436 522 ι
452 497 493 523 An
509 495 700 522 documentum
712 490 833 525 quaeritis
847 488 905 521 ejus

122 550 169 585 qni
185 549 212 575 i'n
228 555 271 574 me
288 545 408 579 loquitur
420 542 544 570 Christus
557 539 597 566 ιιι
611 548 621 564 ι
637 539 669 564 Et
685 544 756 564 nunc
768 535 904 562 Christum

123 579 150 622 iii
167 594 221 621 Deo
237 592 302 619 dicit
318 589 520 617 absconditum.
534 585 618 619 Cujus
634 585 673 612 rei
686 583 839 611 intellectus
854 579 906 606 nisi

125 640 188 667 talis
211 637 309 672 aliquis
334 635 469 662 indicetur
492 631 546 667 (35)
561 651 568 664 ,
593 629 702 665 qualem
717 635 765 662 per
783 625 905 652 umbram

124 684 226 712 Christi
239 671 396 716 arprophela
411 679 591 713 signiﬁcatum
607 683 666 703 esse
682 681 763 707 supra
779 671 908 703 diximus,

125 729 250 758 fortassis
265 728 345 755 ctiant
362 727 436 753 hunc
451 731 559 751 sensum
574 723 700 749 humana:
719 718 816 746 mentis
829 724 909 744 exce-

127 775 176 802 dit.
195 774 248 801 Sed
264 776 290 800 et
305 770 504 806 quamplurima
522 768 574 794 alia
598 767 625 793 in
644 763 794 799 Scripturis
812 761 912 790 divinis

126 821 161 848 de
177 819 281 847 umbra
295 815 474 852 significantia
487 813 609 840 videmus
624 812 739 842 inserta,
753 814 782 836 ut
797 808 863 834 illud
881 807 908 834 in
927 806 945 832 B

128 865 274 900 Evangelio
287 863 436 892 secundum
452 861 566 891 Lucam,
591 866 654 886 cum
671 857 737 884 dicit
753 853 862 883 Gabriel
877 853 910 879 ad

129 910 264 938 Mariam:
283 917 293 934 ι
308 907 427 943 Spiritus
442 911 530 932 autem
556 903 661 930 Domini
686 899 860 935 superveniet
880 898 908 924 in

130 958 167 988 te,
179 959 208 982 et
224 955 310 982 virtus
323 951 454 980 Altissimi
471 947 645 977 obumbrabit
658 947 705 974 tibi
719 946 751 974 ³⁵.
767 956 776 972 ι
795 945 826 971 Ει
842 945 912 978 Apo-

129 1000 214 1028 stolus
227 1000 261 1027 de
285 999 344 1032 lege
361 997 445 1028 dicit,
463 995 526 1029 quia
549 1002 559 1019 ι
575 991 745 1020 similitudini
769 995 796 1018 et
811 991 913 1017 umbrae

131 1042 290 1074 deserviunt
313 1042 464 1071 caelestium
483 1041 506 1056 ³⁸
521 1049 531 1065 ι
549 1040 575 1067 1ιί
588 1039 633 1073 qui
650 1038 787 1065 carnalem
814 1036 915 1063 habent

131 1089 381 1119 eircumcisionem.
407 1088 440 1115 Et
455 1085 518 1113 alibi
543 1084 659 1111 dicitur:
678 1091 688 1108 ι
707 1082 802 1109 Nonne
820 1079 913 1108 umbra

132 1136 175 1164 est
202 1136 258 1162 vita
282 1139 381 1172 nostra,
401 1141 483 1166 supra
500 1137 599 1159 terram
615 1130 659 1156 "‘2
674 1139 683 1155 ι
709 1129 737 1156 Si
752 1135 817 1161 ergo
831 1131 858 1154 et
872 1125 915 1152 lex

132 1189 194 1217 quae
209 1187 289 1215 super
305 1185 417 1212 terram,
432 1179 527 1206 umbra
543 1182 595 1210 est,
612 1181 640 1204 et
653 1177 680 1203 in
704 1175 798 1202 umbra
815 1171 916 1200 Christi

135 1228 252 1255 vivimus
269 1227 341 1253 inter
352 1225 463 1260 gentes:
481 1225 627 1252 videndum
647 1226 689 1250 est
704 1229 737 1248 ne
750 1221 845 1248 harum
857 1226 917 1246 om-

134 1275 210 1302 nium
226 1272 283 1310 (26)
296 1273 398 1300 veritas
413 1271 573 1299 umbrarum
586 1270 612 1296 in
629 1269 673 1296 illa
689 1267 852 1295 revelatione
867 1270 916 1291 no-

134 1325 229 1348 scatur
241 1327 302 1347 cum
313 1319 369 1353 jam
384 1325 437 1346 non
453 1325 502 1352 per
522 1316 660 1351 speculum
676 1320 703 1342 et
724 1314 751 1341 iu
764 1312 917 1346 aenigmate,

136 1366 184 1394 sed
201 1365 271 1393 facie
285 1365 318 1392 ad
342 1364 437 1391 faciem
454 1362 540 1390 sancti
567 1362 667 1396 quique
690 1359 805 1394 gloriam
822 1356 868 1385 Dei
893 1360 920 1382 et

137 1415 228 1439 rerum
245 1417 345 1438 causas
370 1417 406 1449 ac'
418 1409 558 1435 veritatem
578 1405 712 1441 speculari
731 1403 918 1431 merebuntur.

138 1457 221 1492 Cujus
234 1455 359 1484 veritatis
376 1447 489 1488 accepto
502 1452 557 1487 jam
583 1452 695 1487 pignore
719 1458 767 1484 per
789 1447 919 1482 Spiritum

137 1507 275 1535 sanctum,
294 1501 401 1528 dicebat
415 1498 579 1535 Apostolus:
602 1507 612 1523 ε
642 1496 728 1524 Etiam
748 1495 772 1523 si
795 1493 923 1529 cognovi-

139 1554 200 1575 mus
226 1546 364 1575 Christum
381 1545 529 1573 secundum
546 1550 656 1571 carnem
682 1541 848 1575 aliquando,
876 1539 923 1566 sed

139 1592 276 1626 nunciam
291 1599 343 1619 non
364 1585 489 1619 novimus
517 1589 550 1617 δ’.
571 1599 581 1616 ›
598 1589 661 1616 Haec
675 1587 783 1615 interim
800 1586 877 1613 nobis
891 1585 924 1612 ad

145 1643 266 1673 praesens
286 1637 320 1664 de
335 1636 414 1663 rebus
432 1640 484 1663 tam
500 1634 653 1662 diﬂicilibus
669 1632 881 1667 disputantihus,
897 1630 925 1657 id

142 1687 183 1711 est
200 1683 235 1710 de
250 1682 442 1710 incarnatione
457 1685 484 1708 et
499 1680 532 1707 de
548 1680 650 1707 deitate
666 1677 767 1706 Christi
781 1683 925 1704 occurrere

139 1732 299 1763 potuerunt.
313 1727 342 1754 Si
354 1726 416 1761 quis
431 1732 496 1754 sane
511 1724 608 1752 melius
619 1723 719 1758 aliquid
738 1722 837 1757 poterit
851 1722 927 1748 inve-

141 1775 213 1807 nire,
227 1779 254 1802 et
274 1773 489 1801 evidentioribus
511 1772 544 1799 de
560 1770 710 1805 Scripturis
725 1768 827 1796 sanctis
837 1774 927 1794 asser-

142 1820 262 1848 tionibus
273 1819 436 1848 conﬁrmare
449 1825 508 1853 quae
523 1817 600 1850 dicit,
618 1816 663 1843 illa
678 1815 768 1850 potius
779 1821 860 1849 quam
871 1812 927 1840 huic

141 1866 317 1901 recipiantur.

436 1909 549 1937 CAPUT
576 1907 631 1935 VII.

390 1955 429 1983 De
456 1955 557 1990 Spiritu
577 1958 679 1981 sancto.

177 1999 205 2032 1.
222 2003 291 2037 Quia
305 2010 369 2038 ergo
378 2006 438 2038 post
454 2001 556 2036 primas
571 1998 632 2026 illas
641 1996 846 2025 dissertationes
860 2001 928 2029 quas

142 2051 178 2078 de
190 2049 274 2077 Patre
284 2053 313 2076 et
327 2047 396 2075 Filio
411 2052 439 2075 et
453 2046 556 2081 Spiritu
575 2047 669 2072 sancto
685 2042 712 2069 in
729 2041 814 2068 initiis
828 2047 927 2067 secun-

143 2096 208 2122 dum
226 2094 299 2128 quod
325 2101 369 2121 res
392 2095 562 2127 poposcerat,
577 2089 765 2125 exposuimus,
782 2087 869 2113 visum
888 2088 929 2111 est

143 2147 251 2168 rursum
263 2143 385 2173 repetere
398 2146 447 2166 nos
458 2137 568 2169 debere,
581 2141 608 2163 et
619 2134 761 2162 ostendere
772 2131 844 2168 quod
856 2131 928 2157 Deus
943 2141 966 2169 ι)

143 2186 215 2214 idem
239 2189 314 2212 esset
330 2188 438 2211 creator
452 2182 556 2214 mundi,
569 2185 597 2208 et
622 2180 703 2207 Pater
718 2177 824 2206 Domini
843 2174 927 2202 nostri

143 2229 207 2260 Jesu
219 2230 331 2262 Christi,
340 2230 365 2257 id
376 2233 418 2257 est
428 2229 495 2263 legis
508 2233 535 2255 et
545 2227 737 2262 prophetarum
749 2229 829 2258 atque
841 2221 929 2248 Evan-

179 2299 202 2316 ”
214 2298 284 2327 Psal.
302 2305 432 2330 erxvni,
448 2298 492 2330 5f,
510 2298 555 2325 59..
593 2297 615 2313 ³⁸
628 2295 686 2324 Col.
706 2302 747 2324 ιιι.
758 2295 788 2330 ἶ).

179 2402 237 2475 ξΞΑ)
250 2402 288 2432 Ita
304 2412 369 2432 mss.
386 2404 470 2437 Alias,
491 2412 500 2429 ι
521 2403 631 2430 dicitur.
652 2411 660 2427 ι

192 2440 237 2475 ‘35)
254 2440 299 2467 Sic
317 2447 381 2467 mss.
398 2439 474 2466 Alias
488 2459 495 2470 ,
525 2446 534 2463 ι
550 2437 660 2475 iudicet}

192 2432 237 2475 ‘35)
254 2440 299 2467 Sic
317 2447 381 2467 mss.
398 2432 474 2466 Alias
488 2459 495 2470 ,
525 2446 534 2463 ι
550 2437 698 2475 iudicetur:
716 2444 725 2461 ι
744 2434 846 2475 lbidgm
864 2432 929 2475 libb.
957 2463 959 2465 _

144 2469 210 2516 editi
227 2469 234 2506 ζ
250 2483 273 2516 ,ι
289 2475 427 2508 signatum
453 2469 513 2500 esse
530 2469 611 2516 s‘upra
640 2470 769 2516 diximus.
794 2469 931 2516 Forltasslis

145 2503 232 2537 etiam
249 2509 300 2537 hoc
314 2503 485 2536 sensum"...
502 2507 549 2534 sed
564 2503 591 2532 et
611 2505 810 2540 quamplurima
827 2503 880 2529 alia
898 2504 932 2530 de

147 2545 307 2578 Scripturis.
329 2552 337 2569 I
353 2543 408 2570 Mss
422 2561 430 2575 ,
446 2551 455 2568 ι
471 2538 652 2577 significatum
669 2547 742 2572 esse,
755 2550 765 2566 ι
779 2543 844 2571 etc.,
861 2543 890 2565 ut
905 2538 931 2564 in

148 2583 241 2606 nostro
262 2583 347 2604 textu.

183 2613 241 2648 (26)
258 2613 304 2653 Sic
319 2612 383 2639 libb.
403 2611 471 2639 editi
482 2630 489 2642 ,
505 2610 608 2645 aliquot
622 2616 687 2637 vero
703 2616 768 2637 mss.
783 2628 791 2642 ,
809 2617 820 2635 ι
839 2613 869 2635 ιιι
883 2608 934 2635 ha-

149 2655 208 2676 rum
222 2654 355 2673 ontulum.
371 2656 380 2672 ι

168 2678 424 2724 _(§7)D'uosllaul¢m
439 2681 554 2724 Spiritus
571 2685 674 2724 iunctos
690 2686 822 2724 utinquam
839 2686 933 2717 cogno-

149 2713 281 2757 rimuialz
297 2716 386 2750 aliqua
404 2713 555 2750 medicari.
570 2713 849 2757 Contrariumtar'r‘ren
865 2713 933 2757 serii-

399 2753 403 2757 .
426 2752 454 2757 ._.
472 2752 477 2756 .
571 2750 600 2757 ,η
660 2749 671 2757 η
738 2754 744 2757 .
860 2747 903 2757 με
921 2755 930 2757 -

150 2753 210 2791 psit.
222 2747 354 2791 Origenes
372 2747 409 2791 αρ’
426 2752 478 2791 '_fiti
500 2758 541 2783 ιιι,
567 2749 763 2791 10,.re’fercpte
793 2747 933 2781 Pamphilo

152 2784 178 2814 in
194 2785 339 2820 Apologia:
357 2795 365 2811 ι
383 2785 436 2814 Sed
453 2791 480 2813 et
495 2791 557 2813 sunt
582 2786 626 2819 qui
651 2784 781 2819 Spiritqu
808 2787 932 2810 sanctum

729 62 889 105 ORICENIS
907 64 985 91 nam
1005 59 1120 88 APXttN

828 2293 850 2308 ιδ

179 2299 202 2316 ³³
214 2298 284 2327 Pszrl.
302 2305 432 2330 erxvni,
448 2298 492 2330 5f,
510 2298 555 2325 59..
593 2297 615 2313 ³⁸
628 2295 686 2324 Col.
706 2302 747 2324 ιιι.
761 2295 788 2322 '5.
828 2293 850 2308 ³⁸
863 2291 882 2318 ll
905 2291 969 2318 Cor.

143 2334 171 2364 9.
209 2334 231 2351 ³⁵
254 2334 275 2361 ΙΙ
306 2335 371 2362 Cor.
386 2343 412 2366 v,
427 2334 468 2361 f6.
507 2333 529 2350 ”
548 2332 625 2360 Joan.
653 2338 710 2364 xtv,
733 2329 779 2356 ΞΘ.
814 2327 908 2354 ωιοει
933 2334 966 2359 tt,

1683 45 1738 73 2M

1038 129 1082 148 um
1099 125 1170 147 unus
1182 121 1264 150 atque
1279 114 1349 141 idem
1365 108 1437 137 Deus
1451 117 1458 142 ;
1475 113 1530 136 tum
1544 105 1735 134 deinde‘ctiam

955 150 988 196 de
1004 167 1124 197 Christo,
1139 163 1209 199 quod
1228 161 1251 189 is
1265 160 1310 194 qui
1325 157 1440 185 Verbqu
1453 160 1480 182 et
1490 153 1622 188 sapientia
1635 150 1682 178 Dei
1695 158 1740 176 su-

955 214 1046 250 perius
1061 195 1297 238 fuerat-ostensus,
1314 204 1396 231 etiam
1411 201 1526 236 qualiter
1545 199 1626 225 homo
1650 195 1740 222 factus

954 242 995 287 est
1011 259 1038 285 in
1051 253 1279 289 consequentibus
1291 249 1382 276 debuit
1396 243 1596 275 demonstrari;
1613 242 1740 275 superest

956 310 984 331 ut
997 303 1080 330 etiam
1095 302 1127 327 de
1144 297 1245 333 Spiritu
1258 297 1351 322 sancto
1367 299 1447 326 quant
1459 295 1603 324 possumus
1618 285 1740 313 breviter

957 353 1120 383 repetamus.
1142 332 1261 377 Tempus
1285 346 1349 374 ergo
1364 343 1405 364 est
1422 343 1494 363 nunc
1511 334 1544 360 de
1558 332 1659 367 Spiritu
1675 338 1742 357 san-

957 399 1000 422 cto
1017 401 1066 421 nos
1079 399 1127 426 pro
1142 388 1244 416 viribus
1260 393 1345 421 pauca
1361 384 1497 411 disserere
1512 386 1592 414 quem
1610 375 1742 404 Dominus

957 445 984 466 et
1001 424 1126 466 Salva-tor
1143 440 1236 464 noster
1252 435 1278 461 in
1293 428 1439 464 Evangelio
1451 425 1597 454 sccurulum
1609 424 1742 450 Joannem

959 484 1128 512 Paracletum
1149 479 1300 508 nominavit
1325 477 1358 503 3’.
1392 474 1468 501 Sicut
1492 471 1563 499 ettitu
1588 469 1658 496 idctn
1686 468 1745 501 ipse

961 530 1042 563 Deus,
1059 533 1140 563 atque
1155 527 1225 554 idem
1252 524 1311 558 ipse
1328 520 1465 549 Christus,
1490 517 1525 544 ita
1541 517 1610 543 idem
1627 513 1746 548 Spiritus

961 559 1070 604 sanctus
1086 559 1126 601 e'st
1141 572 1187 606 qui
1203 572 1229 598 in
1246 568 1383 605 prophetis
1399 569 1426 592 et
1443 564 1468 590 in
1488 562 1620 596 apostolis
1634 561 1695 592 fuit,
1719 559 1745 586 id

961 628 1002 651 est
1015 622 1072 649 sive
1087 620 1113 646 in
1128 619 1181 645 illis
1194 617 1238 651 qui
1253 620 1315 642 ante
1328 615 1471 641 adventum
1493 610 1594 638 Christi
1617 605 1670 635 Deo
1685 614 1748 634 cre-

963 669 1099 698 diderunt,
1116 665 1173 691 sive
1189 663 1215 690 in
1231 662 1274 689 his
1289 661 1334 695 qui
1349 667 1396 694 per
1409 658 1547 686 Christum
1566 654 1749 687 confugerunt

964 714 997 740 ad
1014 713 1108 739 Deum.
1120 710 1153 737 Et
1165 709 1231 736 duos
1242 707 1352 741 quidem
1364 705 1427 731 deos
1441 710 1520 730 ausos
1536 708 1595 728 esse
1607 699 1749 726 hzereticds

965 759 1074 790 dicere,
1101 761 1128 783 et
1143 755 1211 781 ducs
1228 753 1351 780 Christus
1376 749 1528 777 audivimus
1542 767 1549 778 ,
1567 746 1634 773 duos
1657 750 1748 771 autem

961 805 1078 838 Spiritus
1086 805 1193 829 sanctos
1203 805 1338 832 nunquam
1348 795 1522 830 cognovimus
1534 793 1567 819 ab
1580 791 1669 825 aliquo
1683 797 1752 824 pne-

964 851 1048 877 dieari
1061 846 1269 884 (27).Quomodo
1277 843 1348 871 enirn
1360 843 1410 869 hoc
1419 842 1451 868 de
1463 838 1612 873 Scripturis
1621 840 1751 872 poterunt

965 882 1110 925 affirmare,
1122 895 1168 919 aut
1180 898 1259 925 quam
1269 882 1448 917 differentiam
1461 886 1524 912 dare
1539 887 1663 918 poterunt
1680 882 1753 908 inter

967 941 1095 975 Spiritum
1106 943 1230 966 sanctum
1239 941 1263 963 et
1273 935 1404 970 Spiritum
1412 931 1551 960 sanctum?
1561 930 1582 956 si
1599 933 1687 955 tamen
1700 926 1754 953 dif-

967 972 1052 1014 finitio
1064 986 1163 1019 aliqua,
1181 987 1227 1009 aut
1245 979 1392 1014 descriptio
1404 975 1518 1004 inveniri
1531 978 1619 1010 potest
1631 972 1752 1007 Spiritus

967 1034 1065 1062 sancti.
1080 1031 1147 1059 Nam
1162 1034 1190 1057 ut
1205 1028 1382 1057 concedamus
1407 1022 1535 1051 Marcioni
1551 1020 1593 1048 vel
1610 1019 1754 1046 Valentino

968 1086 1050 1115 posse
1066 1076 1235 1105 differentias
1249 1073 1357 1102 deitatis
1383 1071 1522 1100 inducere,
1548 1071 1574 1094 et
1592 1066 1672 1093 aliam
1690 1063 1753 1091 boni

971 1111 1106 1156 naturam,
1123 1123 1204 1149 aliam
1218 1127 1283 1147 vero
1298 1118 1362 1152 justi
1376 1116 1431 1152 (9.8)
1449 1113 1615 1144 describere,
1632 1111 1696 1145 quid
1711 1117 1757 1136 cx-

971 1170 1111 1206 cogitabit,
1129 1173 1210 1202 atque
1222 1165 1285 1200 quid
1303 1163 1432 1198 inveniet.
1447 1165 1476 1187 ut
1492 1158 1675 1186 differentiam
1688 1156 1752 1190 Spi-

972 1201 1040 1242 ritus
1050 1212 1135 1241 sancti
1149 1201 1322 1238 introducat?
1339 1206 1412 1234 Nihil
1423 1212 1487 1240 ergo
1501 1204 1561 1231 illos
1575 1210 1654 1238 posse
1666 1202 1698 1228 ad
1712 1201 1755 1227 iu-

970 1261 1070 1288 dicimn
1083 1258 1277 1293 qualiscunque
1293 1251 1452 1280 differentia:
1469 1250 1589 1277 arbitror
1608 1247 1742 1274 invenire.

1007 1307 1036 1333 2.
1051 1305 1105 1332 Nos
1127 1294 1190 1330 vero
1206 1301 1392 1328 existimamus
1408 1297 1464 1333 (‘29)
1481 1295 1552 1330 quod
1568 1294 1756 1330 participatio-

974 1359 1035 1380 nem
1049 1351 1109 1385 ejus
1126 1348 1250 1376 similiter
1274 1351 1303 1373 ut
1318 1344 1459 1380 sapientia:
1484 1342 1530 1368 Dei
1554 1346 1581 1368 et
1607 1340 1686 1367 Verbi
1710 1339 1756 1366 Dei

973 1398 1075 1432 absque
1098 1395 1151 1423 ulla
1167 1392 1316 1421 differentia
1341 1395 1465 1418 creatura
1481 1388 1650 1417 rationabilis
1667 1386 1757 1412 omnis

975 1446 1107 1469 assumat.
1127 1439 1212 1467 Video
1227 1443 1317 1464 tamen
1331 1437 1401 1470 quod
1417 1436 1568 1471 praecipuus
1584 1433 1670 1461 sancti
1696 1431 1759 1465 Spi-

976 1488 1044 1515 ritus
1055 1486 1189 1513 adventus
1201 1483 1233 1510 ad
1245 1483 1368 1510 homines
1385 1486 1447 1516 post
1459 1480 1645 1508 ascensionem
1657 1476 1757 1504 Christi

975 1534 1002 1561 in
1019 1532 1102 1560 caelos
1116 1530 1200 1566 magis
1214 1537 1295 1564 quam
1313 1533 1376 1555 ante
1398 1528 1540 1554 adventum
1562 1525 1621 1559 ejus
1636 1523 1759 1550 declare-

976 1583 1029 1605 tur.
1043 1577 1128 1604 Antea
1140 1583 1255 1609 namque
1269 1575 1333 1602 snlis
1345 1572 1493 1608 prophetis,
1509 1575 1534 1598 et
1549 1569 1651 1604 paucis,
1664 1568 1687 1594 si
1700 1567 1760 1602 quis

977 1623 1049 1651 forte
1076 1623 1101 1650 in
1128 1621 1225 1657 populo
1249 1621 1393 1648 meruisset
1409 1618 1484 1655 (50),
1511 1617 1611 1644 donum
1640 1614 1760 1648 Spiritus

978 1671 1064 1699 sancti
1079 1670 1267 1706 prmbehatur;
1284 1672 1344 1703 post
1368 1667 1512 1693 adventum
1529 1671 1593 1690 vero
1609 1660 1761 1689 Salvatoris

978 1717 1109 1750 scriptum
1135 1721 1177 1743 est
1200 1715 1376 1749 adimpletum
1395 1719 1455 1740 esse
1474 1710 1551 1740 illud,
1568 1709 1638 1742 quod
1658 1708 1759 1734 dictum

978 1767 1021 1789 est
1046 1762 1073 1788 in
1090 1761 1219 1796 propheta
1236 1758 1332 1790 Joele,
1359 1758 1422 1791 quia
1452 1765 1460 1781 ι
1481 1756 1538 1782 Erit
1555 1755 1581 1781 in
1604 1752 1759 1780 novissimis

978 1809 1091 1842 diebus,
1106 1813 1133 1835 et
1147 1806 1282 1834 effundam
1298 1806 1331 1832 de
1349 1804 1452 1839 Spiritu
1470 1810 1529 1829 meo
1545 1810 1626 1836 super
1653 1808 1759 1834 omnem

979 1862 1100 1886 carnem,
1113 1857 1140 1881 et
1156 1851 1356 1888 prophetabunt
1369 1850 1392 1866 ⁸ο
1406 1859 1413 1883 ;
1432 1859 1441 1875 ι
1455 1848 1527 1884 quod
1545 1849 1640 1882 utique
1654 1847 1708 1872 tale
1721 1851 1761 1873 est

979 1901 1050 1928 sicut
1063 1900 1127 1927 illud
1141 1899 1212 1933 quod
1223 1898 1278 1924 ait:
1294 1907 1303 1924 ι
1314 1896 1414 1924 Omnes
1427 1901 1520 1930 gentes
1531 1894 1653 1921 servient
1664 1893 1689 1919 ei
1704 1892 1738 1919 “.
1750 1901 1758 1917 ι

980 1946 1032 1973 Per
1048 1945 1165 1980 gratiam
1178 1942 1231 1977 93
1249 1949 1312 1977 ergo
1329 1941 1447 1976 Spiritus
1464 1940 1550 1966 sancti
1571 1946 1631 1965 cum
1651 1938 1760 1971 reliquis

979 1989 1188 2025 quamplurimis
1210 1988 1293 2015 etiam
1312 1986 1376 2014 illud
1394 1985 1692 2020 magnificentiSsinmm
1714 1983 1759 2010 de-

980 2040 1158 2068 monstratur,
1172 2033 1241 2068 quod
1258 2040 1288 2060 ea
1301 2039 1361 2067 quae
1377 2033 1402 2059 in
1419 2031 1558 2066 prophetis
1571 2030 1672 2063 scripta
1689 2034 1759 2061 sunt,

981 2081 1023 2108 vel
1039 2080 1097 2115 lege
1113 2079 1209 2114 Moysi,
1223 2078 1300 2112 pauci
1324 2082 1399 2109 tunc,
1415 2077 1441 2103 id
1456 2081 1497 2103 est
1508 2076 1563 2111 (51)
1582 2075 1632 2109 ipsi
1646 2075 1761 2108 prophe-

981 2132 1026 2159 ιω,
1052 2131 1080 2154 et
1097 2126 1141 2153 vix
1158 2125 1242 2152 sicubi
1262 2131 1331 2151 unus
1347 2131 1380 2151 ex
1405 2123 1478 2150 omni
1502 2122 1601 2156 popqu
1630 2127 1760 2153 superare

982 2176 1090 2208 poterat
1109 2171 1276 2198 intellectum
1295 2176 1455 2204 corporetun
1467 2188 1474 2201 ,
1490 2173 1519 2197 et
1540 2169 1628 2200 majus
1648 2165 1760 2199 aliquid,

983 2219 1008 2246 id
1025 2222 1067 2245 est
1082 2217 1204 2252 spiritale
1219 2216 1282 2250 quid
1298 2220 1403 2250 poterat
1419 2214 1568 2248 intelligere
1588 2214 1614 2238 in
1643 2212 1701 2246 lege
1722 2210 1760 2237 vel

990 2297 1049 2323 xm,
1064 2288 1090 2315 5.
1106 2288 1127 2304 ³¹¹
1142 2288 1205 2314 Luc.
1221 2295 1240 2319 I,
1253 2286 1308 2323 557.7
1335 2286 1357 2302 "
1368 2286 1433 2312 fleb.
1450 2292 1508 2317 vm,
1523 2284 1550 2312 5.
1588 2283 1610 2300 ³⁷
1628 2283 1678 2310 Job

981 2325 1026 2352 28.
1064 2324 1086 2340 ”
1100 2323 1170 2351 Psal.
1184 2330 1259 2356 uxr,
1282 2322 1324 2349 11.

985 2397 1067 2423 alium
1085 2394 1194 2429 quidem
1220 2392 1313 2429 dicant
1336 2397 1399 2429 csse
1418 2390 1463 2424 qui
1488 2385 1580 2429 fuithin
1598 2385 1760 2429 prophetis.

986 2431 1067 2457 alium
1088 2420 1179 2456 autem
1196 2427 1241 2462 qui
1262 2427 1312 2453 fuit
1336 2426 1362 2452 in
1392 2420 1657 2462 apostolisponiini'
1677 2420 1759 2447 nostri

985 2465 1047 2493 Jesu
1063 2464 1176 2491 Christi.
1192 2457 1300 2489 {Certe
1317 2457 1420 2488 canone
1437 2458 1583 2492 apostolico
1602 2457 1635 2483 Η
1653 2458 1761 2493 άθιιιιιιι·

986 2490 1090 2534 {diem
1106 2497 1283 2532 baptizaverit
1299 2496 1323 2522 in
1338 2500 1396 2534 tres
1413 2490 1554 2534 Fi‘liosnaut
1569 2493 1594 2518 iu
1612 2496 1667 2531 tres
1682 2490 1760 2529 Para:

985 2524 1089 2566 cfctos,
1106 2524 1232 2566 etcepite
1245 2531 1362 2566 secundo
1374 2529 1481 2566 concilii
1492 2524 1757 2566 Bracarcnsisprimi

986 2561 1159 2596 anathemate
1180 2561 1318 2593 'f'eriuntur
1341 2563 1461 2591 Gnostici
1482 2563 1553 2598 quod
1571 2562 1596 2588 in
1622 2561 1759 2587 divinitate

984 2604 1145 2631 Trinitatem
1160 2600 1302 2628 Trinitatis
1316 2602 1455 2633 ponerent.

1018 2638 1074 2672 (28)
1096 2638 1140 2672 Sic
1154 2643 1248 2672 omnes
1257 2630 1340 2672 codd.
1354 2641 1418 2672 mss.
1433 2633 1519 2672 Alias,
1537 2640 1546 2657 (
1650 2639 1660 2655 ι

1019 2665 1075 2708 (29')
1099 2671 1197 2708 Videt.
1215 2677 1234 2696 ιι
1252 2669 1426 2708 Ονὶῃριιὶςιηη
1444 2667 1515 2707 qs,
1536 2666 1609 2708 ιι.ξῖ
1625 2665 1709 2707 etas.

1020 2701 1075 2742 (50')
1099 2706 1146 2745 Sic
1158 2706 1237 2732 iidem
1255 2701 1319 2731 mss.
1335 2703 1418 2734 Alias,
1439 2711 1447 2726 ι
1467 2702 1487 2729 si
1508 2703 1554 2736 qui
1572 2701 1643 2728 forte
1669 2702 1695 2728 iu
1713 2707 1758 2735 po-

983 2745 1045 2778 pulo
1064 2744 1261 2778 meruissent.‘r

1019 2776 1075 2812 (5t)
1096 2776 1133 2802 lta
1150 2781 1214 2801 mss.
1230 2773 1313 2805 Alias,
1326 2782 1335 2798 ‹
1351 2773 1439 2799 iidem.
1454 2781 1462 2796 ι
