1860 3073
78 109 121 137 327
722 109 822 136 LIBER
844 106 1039 138 SECUNDUS.

1650 111 1706 139 iis

77 166 228 203 prophetis;
243 175 317 195 nunc
327 172 419 195 autem
431 167 580 195 innumera:
593 172 657 194 sunt
673 167 861 194 multitudines
876 166 898 195 Α
913 165 1031 200 Spiritus
1051 171 1181 197 sanctus,
1199 165 1302 193 docens
1324 164 1428 199 majora
1452 172 1532 199 quam
1554 173 1620 192 voce
1642 174 1706 199 pro—

76 212 253 245 eredentium,
273 213 318 246 qui
341 213 404 240 licet
420 220 472 239 non
487 219 581 239 omnes
606 213 711 246 pessint
723 220 770 246 per
786 213 861 239 ordi«

77 267 132 285 nem
146 263 231 293 atque
249 258 287 285 ad
311 258 440 292 liquidum
461 257 592 292 spiritalis
611 257 795 292 intelligentiae
810 266 859 284 ex~

76 305 180 339 planare
196 305 426 338 consequentiam
442 304 512 338 (3:2),
532 308 620 330 tamen
640 311 733 330 omnes
749 312 861 338 persua-

75 358 128 378 sum
153 350 259 378 habent
273 370 282 382 ,
298 350 370 385 quod
386 357 472 384 neque
494 349 666 376 circumcisio
683 350 860 384 corporaliter

75 397 178 431 intelligi
208 397 312 424 debeat
340 404 428 430 neque
454 397 537 424 otium
551 396 674 429 Sabbati,
697 397 738 423 vel
751 397 860 431 sangui-

75 443 111 470 nis
125 442 221 470 eﬂ'usio
248 443 368 478 pecoris,
386 450 473 477 neque
491 443 562 476 quod
580 443 613 469 de
638 443 680 470 his
705 442 788 478 Moysi
817 451 862 470 re-

74 496 164 522 sponsa
182 490 318 516 darentur
344 496 358 514 a
375 489 444 515 Deo:
462 488 507 521 qui
524 489 618 522 utique
632 496 728 516 sensus
747 489 859 516 dubium

73 542 120 561 non
130 538 173 560 est
189 534 267 568 quod
287 534 405 568 Spiritus
419 534 508 561 sancti
531 534 630 561 virtute
645 535 773 564 omnibus
793 542 858 570 sug-

72 588 128 614 qera
133 586 157 607 tu
163 589 184 607 r.

103 626 128 652 5.
149 625 228 653 Sicut
247 630 338 653 autem
357 626 432 653 mulli
447 632 510 654 sunt
523 627 675 654 intellectus
688 628 721 655 de
735 627 858 658 Christo,

72 670 112 705 qui
139 671 233 705 utique
253 672 381 706 quamvis
407 672 540 706 sapientia
568 673 617 704 sit,
635 679 688 698 non
715 678 804 699 tamen
833 673 859 699 in

72 717 190 744 omnibus
211 718 354 751 sapientiae
380 718 436 751 agit
467 722 513 744 aut
536 718 642 744 obtinet
662 719 735 750 vim,
758 718 809 745 nisi
833 718 859 745 in

73 765 111 791 his
125 764 170 795 qui
186 764 213 790 in
229 764 289 798 ipso
305 764 444 797 sapientia:
466 765 593 791 student:
620 772 707 799 neque
724 773 785 791 cum
802 772 859 791 me-

72 809 143 836 dicus
161 809 283 839 dicatur,
300 816 365 842 erga
387 816 482 835 omnes
496 809 573 842 quasi
595 809 716 835 medicus
731 809 795 843 agit,
812 808 858 834 sed

916 211 981 238 ferri
1001 211 1055 245 (54)
1075 216 1200 245 possunt,
1215 216 1252 244 et,
1271 215 1300 238 ut
1321 212 1357 238 ita
1380 211 1506 244 dixerim,
1522 219 1581 246 qua:
1609 211 1702 238 iucll‘a-

916 257 979 284 bilia
996 261 1070 290 sunt,
1084 261 1111 284 et
1133 266 1142 282 ι
1159 264 1217 290 quin
1234 264 1286 284 non
1305 257 1368 284 licet
1393 258 1496 285 homini
1513 259 1586 292 loqui
1598 258 1631 291 5",
1648 268 1658 284 ι
1678 259 1703 286 id

915 307 957 329 est
984 310 1045 336 quae
1075 302 1190 329 iudicari
1211 302 1328 328 humano
1347 310 1471 330 sermone
1499 312 1552 330 non
1578 308 1702 338 possunt.

915 348 991 381 Quod
1014 352 1103 374 autem
1127 348 1166 374 ait
1187 357 1196 372 ι
1210 355 1262 374 ιιοιι
1286 347 1359 380 licet,
1374 357 1383 373 ›
1406 356 1454 383 pro
1473 357 1505 376 eo
1527 350 1598 384 quod
1623 359 1632 375 ι
1649 357 1702 377 non

916 397 1016 427 potest,
1033 402 1042 418 ι
1062 393 1162 419 dictum
1186 392 1316 420 sentimus
1335 393 1368 419 ab
1383 393 1521 427 Apostolo,
1540 395 1610 422 sicut
1624 399 1652 422 et
1666 395 1707 426 ibi,

916 437 961 464 tibi
978 438 1016 464 ait
1028 436 1103 473 (55):
1122 446 1131 462 ‹
1148 437 1244 464 Omnia
1260 437 1325 464 mihi
1350 438 1446 470 licent,
1470 440 1517 466 sed
1543 448 1595 467 non
1611 441 1701 467 omnia

915 483 1191 520 expedinutpomnia
1209 483 1275 510 mihi
1296 483 1388 515 licent,
1405 484 1451 511 sed
1465 493 1517 512 non
1532 487 1621 513 omnia
1636 487 1702 513 sedi-

915 529 1042 556 ticaut”.
1058 539 1067 555 ι
1093 528 1129 555 Ea
1156 529 1228 555 enim
1257 538 1373 565 quorum
1396 535 1521 564 potestas
1548 532 1626 558 nobis
1650 536 1701 563 est,

916 580 1025 609 propter
1043 576 1114 609 quod
1139 576 1242 602 habere
1270 583 1302 602 ea
1327 583 1489 609 possumus,
1517 576 1599 604 lieere
1626 578 1706 607 nobis

914 621 993 647 dicit.
1013 621 1173 649 Paraclctus
1188 629 1252 648 vero
1273 622 1345 655 quod
1373 622 1472 648 dicitur
1497 622 1614 656 Spiritus
1639 624 1707 653 slln-.

914 672 984 698 ctus,
1003 674 1016 693 a
1035 667 1223 694 consolatione
1239 668 1348 694 dicitur.
1364 667 1514 694 Paraclesis
1526 669 1596 695 enim
1609 668 1703 696 Latine

914 711 1065 739 consolatio
1090 712 1253 746 appellatur.
1270 712 1298 739 Si
1317 712 1377 747 quis
1402 720 1519 745 namque
1544 713 1576 739 de
1602 713 1703 747 Spiritu

913 763 1008 785 sancto
1028 759 1194 792 participare
1216 759 1363 790 meruerit,
1388 759 1503 793 cognitis
1523 758 1704 786 iucll'ahilihus

915 805 1096 831 sacramentis
1116 804 1331 832 consolationem
1348 805 1407 832 sine
1431 805 1513 832 dubio
1531 810 1560 832 et
1583 805 1705 836 Letitiaui

73 863 129 890 erga
144 855 202 882 illos
216 860 326 881 tantum
337 856 383 888 qui
395 854 563 889 aegritudinis
576 861 630 880 sum
650 854 786 881 intellecto
800 854 861 881 lau-
877 845 897 872 Β
913 851 1005 877 cordis
1026 852 1152 878 assumit.
1172 852 1238 879 Cirin
1264 853 1335 879 enim
1357 852 1475 878 rationes
1497 852 1618 879 omnium
1644 860 1703 886 qua:

74 907 151 934 gnere
165 899 327 935 confugiunt
340 900 372 926 ad
390 899 603 926 miseric0rdiam
627 899 695 932 ejus,
713 904 741 926 ut
758 901 862 932 possint

75 946 196 979 consequi
216 946 386 978 sanitatem;
410 945 445 972 ita
466 945 585 972 arbitror
604 945 687 972 etiam
708 945 741 972 de
757 945 860 979 Spiritu

76 995 160 1018 sancto
173 991 198 1017 in
210 999 266 1024 quo
278 991 370 1018 omnis
382 995 424 1018 est
437 996 532 1017 natura
548 991 769 1018 donorum.Aliis
783 1000 861 1018 nam-

75 1044 122 1071 que
136 1037 272 1071 praebetur
289 1044 338 1070 per
355 1036 485 1070 Spiritum
511 1044 601 1064 sermo
618 1038 777 1071 sapientia},
799 1038 860 1065 aliis

75 1089 158 1109 sermo
170 1083 306 1114 scientize,
316 1083 378 1110 aliis
394 1083 459 1110 ﬁdes
472 1082 506 1115 δ’,
522 1087 549 1108 et
568 1082 603 1108 ita
621 1091 669 1117 per
682 1084 803 1118 singulos
813 1084 858 1118 qui

77 1134 130 1154 eum
148 1136 242 1162 capere
260 1133 389 1163 possunt,
409 1129 460 1156 hoc
477 1129 604 1161 eliicitur,
623 1130 665 1156 vel
687 1130 739 1157 hoc
759 1130 859 1157 intelli-

77 1173 142 1206 gitur
155 1173 209 1207 ipse
226 1174 359 1208 Spiritus,
375 1182 429 1209 quo
442 1175 545 1209 indiget
567 1175 610 1202 ille
626 1176 671 1209 qui
691 1183 751 1202 eum
770 1177 858 1210 parti-

77 1218 159 1253 cipare
171 1221 396 1254 nmrueriLQuas
408 1221 558 1248 divisiones
574 1229 606 1248 ac
624 1221 790 1250 dilTerentias
806 1231 858 1249 non

77 1265 240 1294 advertentes
264 1267 293 1294 hi
319 1268 364 1301 qui
387 1275 448 1295 eum
471 1267 643 1296 Paracletum
664 1269 689 1295 in
712 1268 859 1303 Evangelia

77 1312 179 1338 audiunt
191 1313 340 1345 nominari,
355 1320 441 1348 neque
450 1315 658 1342 considerantes
668 1322 700 1342 ex
713 1322 767 1348 quo
778 1322 860 1348 opere

77 1358 112 1384 vel
127 1363 184 1384 actu
202 1357 363 1386 Paracletus
378 1360 546 1389 nominetur,
563 1360 664 1387 vilibus
684 1368 746 1387 eum
767 1361 860 1388 nescio

78 1403 166 1436 quibus
176 1404 320 1438 spiritibus
347 1411 550 1440 compararunt,
566 1412 593 1434 et
613 1414 660 1441 per
679 1407 729 1434 hoc
746 1412 859 1434 conlur-

78 1449 136 1476 bare
148 1450 234 1476 conati
248 1455 315 1477 sunt
339 1451 474 1479 Ecclesias
496 1451 609 1484 Christi,
638 1452 672 1479 ita
699 1458 728 1478 ut
751 1453 856 1480 dissen~

79 1495 160 1522 siones
178 1495 310 1523 fratribus
329 1504 382 1523 non
406 1498 526 1525 modicas
542 1503 715 1532 generarent.
736 1498 858 1533 Evange-
874 1514 895 1542 ρ

79 1540 135 1567 litim
147 1549 208 1569 vero
225 1547 309 1570 tanta:
325 1551 386 1570 eum
403 1545 530 1578 potentia:
549 1552 582 1571 ac
598 1545 746 1578 maiestatis
767 1551 858 1573 osten-

80 1587 125 1619 dit,
140 1592 167 1615 ut
191 1589 262 1616 dicat
279 1592 419 1624 apostolos
440 1598 492 1617 non
514 1599 593 1625 posse
609 1599 707 1626 capere
724 1593 812 1620 adhuc
827 1600 858 1619 ea

78 1639 131 1667 qua:
141 1634 242 1662 volebat
262 1636 365 1662 docere
386 1643 433 1663 eos
453 1636 590 1669 Salvator,
613 1637 666 1664 nisi
691 1646 752 1665 cum
773 1639 859 1664 adve-

81 1679 139 1705 rterit
155 1679 208 1714 (35)
223 1680 344 1714 Spiritus
358 1687 477 1714 sanctus,
494 1684 540 1717 qui
554 1691 583 1711 se
601 1691 696 1711 eorum
714 1685 859 1711 animabus

81 1724 211 1753 infundens
226 1726 383 1755 illuminare
407 1735 454 1756 eos
475 1730 560 1762 possit
579 1729 612 1756 de
630 1730 734 1756 ratione
753 1738 784 1757 ac
807 1730 860 1757 (ide

81 1769 220 1800 Trinitatis.
244 1773 291 1800 lsti
309 1781 375 1800 vero
398 1782 447 1808 pro
473 1774 611 1809 imperitia
635 1776 675 1802 sui
693 1776 858 1807 intellectus,

83 1815 136 1848 quia
152 1825 201 1843 non
217 1819 306 1845 solum
323 1819 372 1852 ipsi
395 1819 466 1853 quod
484 1824 586 1846 rectum
601 1824 643 1847 est
660 1825 860 1854 consequenter

83 1868 128 1888 non
153 1862 239 1890 valent
261 1871 413 1897 exponere,
434 1864 484 1891 sed
510 1872 543 1891 ne
569 1865 611 1891 his
632 1865 741 1898 quidem
759 1872 819 1898 quae
844 1872 859 1891 a

84 1909 151 1936 nobis
173 1910 318 1941 dicuntur,
342 1915 455 1944 possunt
479 1911 646 1938 audientiam
667 1911 858 1943 commodare,

84 1954 176 1982 minora
190 1965 269 1991 quam
301 1957 413 1992 dignum
437 1963 481 1984 est
497 1958 530 1985 de
553 1957 611 1992 ejus
631 1957 774 1984 divinitate
795 1965 859 1984 sen-

85 2001 181 2034 tientes.
200 2004 342 2031 erroribus
356 2012 385 2030 se
401 2011 433 2031 ac
451 2003 659 2039 deceptionibus
679 2004 858 2035 tradiderunt,

85 2049 190 2076 erratico
215 2050 304 2084 magis
340 2049 439 2083 spiritu
466 2049 606 2084 depravati
622 2062 632 2081 ,-
656 2057 738 2084 quam
772 2050 859 2077 sancti

86 2092 188 2126 Spiritus
215 2095 433 2122 institutionibus
465 2096 583 2127 eruditi,
608 2096 756 2122 secundum
788 2096 858 2130 quod

86 2137 215 2171 Apostolus
237 2140 327 2168 dixit:
346 2150 355 2166 ι
372 2140 527 2168 Doetrinam
547 2141 688 2175 spirituum
712 2142 860 2168 daemonio-

915 896 994 928 liuut,
1020 905 1105 930 quare
1133 898 1172 923 vel
1195 899 1315 932 qualiter
1333 900 1414 931 liaut,
1439 898 1540 932 Spiritu
1565 898 1704 925 indicante

913 943 1084 976 cognoverit,
1102 943 1129 969 iu
1156 943 1228 970 nullo
1250 944 1342 978 utique
1365 944 1522 970 conturbari
1541 944 1598 977 ejus
1612 945 1701 970 anima

913 988 1022 1022 poti-rit,
1039 993 1085 1014 aut
1109 989 1192 1015 ullum
1204 997 1321 1019 sensum
1345 990 1472 1016 interni-is
1487 989 1543 1024 (56)
1559 990 1701 1023 accipere;

913 1042 962 1061 nec
978 1035 1003 1060 in
1017 1034 1106 1068 aliquo
1123 1039 1251 1067 terretur,
1261 1042 1322 1060 cum
1345 1034 1432 1062 Verbo
1457 1035 1506 1061 Dei
1522 1040 1549 1062 et
1562 1035 1702 1069 sapientia:

917 1081 977 1114 ejus
1002 1080 1149 1112 inhaerens,
1178 1080 1320 1107 Dominum
1349 1080 1439 1108 Jcsum
1464 1080 1573 1107 dicitin
1599 1081 1702 1115 Spiritu

911 1133 1006 1153 sancto
1018 1126 1085 1161 (57).
1100 1126 1196 1153 Verum
1211 1127 1343 1161 quoniam
1354 1126 1488 1153 Pai'acleti
1501 1127 1615 1161 iecimus
1627 1135 1703 1153 trien-

913 1174 1024 1204 tionem,
1043 1177 1070 1200 et
1085 1181 1135 1207 pro
1149 1174 1251 1200 viribus
1268 1173 1368 1200 nostris
1379 1173 1496 1206 qualiter
1513 1173 1546 1199 de
1560 1180 1592 1199 eo
1606 1173 1707 1200 sentiri.

912 1218 1018 1246 debeat.
1036 1219 1232 1252 exposuimus;
1258 1218 1357 1245 dicitur
1373 1223 1463 1244 autem
1479 1218 1561 1244 etiam
1576 1218 1702 1246 Salvator

913 1270 1004 1291 uester
1023 1264 1181 1291 Paracletus
1207 1265 1232 1291 in
1258 1263 1376 1297 Epistula
1395 1262 1507 1291 Joannis
1526 1273 1588 1292 eum
1615 1265 1700 1292 dicit:

915 1319 923 1334 ι
936 1309 1040 1343 Siquis
1058 1314 1180 1335 nostrum
1201 1308 1365 1343 peccaverit,
1383 1307 1552 1336 l’aracletum
1573 1310 1706 1338 habemus

912 1356 981 1390 apud
994 1355 1102 1381 Patrem
1115 1354 1207 1386 .lcsutn
1218 1354 1355 1381 Christum
1366 1356 1480 1390 justum,
1491 1361 1517 1383 et
1529 1356 1584 1390 ipse
1595 1361 1635 1383 est
1645 1355 1702 1391 (58)

912 1401 1068 1435 propitiatio
1088 1408 1136 1434 pro
1159 1400 1279 1434 peccatis
1303 1401 1450 1434 nostris“;
1468 1412 1476 1427 ι
1494 1403 1702 1430 consideremus

912 1456 945 1474 ne
961 1447 1031 1474 forte
1040 1447 1112 1473 aliud
1128 1446 1171 1473 hic
1186 1446 1323 1478 signiﬁcet
1338 1447 1395 1474 haec
1408 1448 1554 1482 appellatio
1566 1447 1700 1475 Paracleti

912 1495 945 1522 de
961 1494 1113 1527 Salvatore,
1127 1493 1198 1519 aliud
1215 1493 1247 1519 de
1265 1492 1367 1526 Spiritu
1381 1499 1488 1522 sancto.
1505 1495 1616 1522 Videtur
1628 1495 1700 1521 enim

914 1541 947 1568 de
959 1541 1100 1568 Salvatore
1120 1539 1277 1566 Paracletus
1294 1539 1345 1565 dici
1363 1540 1535 1574 deprecator.
1552 1540 1703 1574 Utrumtu

913 1588 985 1614 enim
1005 1586 1141 1621 signiﬁcat
1169 1586 1195 1612 iu
1217 1586 1313 1613 Graeco
1335 1586 1500 1618 Paracletus,
1527 1593 1554 1613 et
1571 1587 1702 1620 depreca-

915 1639 1018 1666 torem,
1042 1639 1069 1660 et
1095 1634 1305 1661 consolatorem.
1333 1634 1446 1666 Propter
1472 1640 1534 1659 eum
1561 1640 1626 1666 ergo
1655 1632 1702 1666 qui

913 1680 1089 1714 subsequitur
1115 1686 1281 1712 scianonem,
1299 1687 1352 1714 quo
1369 1679 1407 1705 ait
1426 1687 1434 1706 :
1451 1688 1460 1704 ι
1474 1677 1506 1705 Ει
1527 1678 1584 1712 ipse
1600 1683 1641 1705 est
1658 1685 1705 1704 re-

914 1725 1072 1761 propitiatio
1091 1733 1139 1759 pro
1158 1728 1276 1760 peccatis
1292 1725 1404 1757 nostris,
1422 1734 1431 1750 ι
1451 1725 1537 1759 magis
1556 1725 1582 1751 in
1605 1724 1702 1751 Salva-

915 1776 973 1799 tore
987 1779 1084 1798 nomen
1098 1771 1230 1798 Paracleti
1246 1779 1295 1805 pro
1308 1771 1485 1806 deprecatore
1500 1772 1702 1805 intelligendum

914 1818 1038 1849 videtur;
1058 1818 1199 1852 deprecari
1223 1818 1295 1844 enim
1316 1817 1423 1844 Patrem
1449 1826 1497 1852 pro
1521 1818 1639 1851 peccatis
1655 1825 1705 1844 nos

914 1865 978 1891 stris
988 1864 1044 1898 (59)
1057 1864 1170 1890 dicitur.
1185 1864 1221 1891 De
1235 1863 1340 1898 Spiritu
1354 1868 1450 1889 sancto
1464 1863 1621 1890 Paracletus
1635 1871 1703 1889 com

913 1910 1014 1937 solator
1030 1909 1086 1944 (40)
1103 1909 1185 1936 debet
1200 1909 1312 1944 intelligi
1331 1917 1379 1943 pro
1399 1917 1432 1936 eo
1449 1909 1520 1943 quod
1538 1908 1702 1935 consolatio-

915 1964 976 1983 nem
994 1960 1105 1990 praestat
1119 1955 1261 1982 animabus
1272 1976 1278 1988 ,
1294 1956 1392 1990 quibus
1406 1958 1499 1990 aperte
1518 1953 1619 1981 revelat
1636 1961 1702 1981 sen-

915 2009 974 2029 sum
991 2002 1113 2029 scientia:
1126 2002 1267 2036 spiritalis.

1206 2058 1320 2085 CAPUT
1343 2057 1409 2084 Vill.

1231 2094 1268 2120 De
1282 2094 1382 2119 auium.
1697 2117 1699 2120 ,

949 2143 974 2170 1.
1003 2142 1068 2169 Post
1095 2142 1152 2168 haec
1175 2140 1231 2173 jam
1249 2139 1316 2166 ordo
1338 2138 1461 2172 deposcit
1486 2145 1537 2164 nos
1563 2136 1645 2164 etiam
1669 2136 1704 2163 de

86 2191 135 2210 rum
153 2192 294 2221 sequentes
317 2187 521 2221 prohibentium
542 2188 645 2214 nubere
667 2187 701 2215 ad
719 2188 858 2215 interitum

952 2191 1003 2217 ima
1031 2189 1197 2224 generaliter
1230 2187 1387 2221 inquirere,
1413 2190 1442 2212 et
1470 2185 1504 2212 ab
1526 2183 1703 2211 inferioribus

86 2233 110 2256 et
123 2231 219 2259 ruinam
236 2232 395 2264 multorum,
413 2238 441 2260 et
462 2234 616 2268 importune
639 2241 669 2260 se
692 2234 828 2261 abstinere
844 2242 859 2261 a

87 2274 154 2307 cibis,
175 2282 204 2303 ut
232 2286 281 2312 per
308 2278 519 2305 ostentationem
537 2278 653 2305 acrioris
674 2279 857 2307 observantiae

87 2319 203 2348 Iedueant
216 2324 325 2350 animas
340 2323 516 2350 innocentum
528 2323 563 2351 δ’.
580 2333 590 2350 ι

116 2365 140 2392 4.
158 2367 267 2401 Oportet
292 2376 359 2404 ergo
383 2376 433 2396 nos
455 2369 527 2396 scire
550 2369 614 2404 quia
642 2369 802 2399 Paracletus
818 2376 859 2399 est

90 2447 163 2509 ‘2‘!
183 2448 338 2483 Cor.xtt,8.
374 2450 397 2466 ⁸³
422 2450 432 2477 Ι
457 2449 527 2477 Tim.
559 2458 597 2484 tv,
626 2451 651 2483 1,
667 2450 695 2478 2.

114 2555 168 2593 ,(52)
188 2556 240 2590 διο,
251 2565 317 2585 mss.
334 2556 418 2590 Alias,
435 2566 444 2583 ι
456 2564 544 2592 neque
564 2558 598 2586 ad
613 2557 794 2593 liquidum....
812 2566 860 2586 eii—

90 2586 177 2627 Dlirare
187 2586 421 2627 consequentiam.
435 2602 444 2617 ι

120 2623 168 2662 (ξὸ)
187 2626 261 2655 Lihb.
280 2623 356 2660 editi,
373 2637 383 2653 ι
400 2627 550 2655 adveniret.
564 2637 573 2654 ι
590 2627 643 2655 Sed
663 2635 756 2656 omnes
781 2636 859 2662 mss,

94 2664 103 2681 ι
112 2660 246 2689 advenerit.
262 2672 270 2688 I

121 2693 168 2730 (54)
187 2695 313 2730 Proferri.
329 2698 368 2724 Ita
386 2702 461 2724 recte
480 2705 543 2724 mss.
561 2698 646 2728 Alias,
663 2707 672 2722 ι
686 2698 755 2724 ﬁeri.
770 2708 779 2724 ι
798 2698 857 2725 Mox

95 2731 157 2767 “$5.,
174 2739 250 2767 tquze
265 2741 319 2760 non
335 2733 396 2760 licet
415 2734 518 2759 homini
533 2732 615 2767 loqui.
635 2741 644 2758 ι
664 2733 691 2759 In
710 2733 791 2760 editis
811 2741 859 2767 pio

96 2769 104 2785 ι
117 2763 218 2802 ligandi,
231 2767 368 2802 vlegitur,
382 2777 391 2792 ι
405 2763 591 2794 hominibus...

123 2796 170 2867 (ξιξ)
189 2796 260 2834 u'ss.‘,
279 2796 336 2830 (ibi
353 2796 398 2829 tibi
413 2803 461 2829 ait.
478 2812 487 2829 ι
504 2803 586 2834 Alias,
599 2813 608 2829 «
620 2803 683 2831 alibi
699 2803 746 2830 ait.
762 2812 772 2827 ι

133 2835 170 2867 ηδ)
189 2835 231 2863 Sic
246 2846 309 2866 mss.
325 2838 408 2867 Alias,
425 2838 565 2864 «timoris.
580 2847 588 2863 ι

133 2835 170 2869 36)
189 2835 231 2863 Sic
246 2846 309 2866 mss.
325 2838 408 2870 Alias,
425 2838 565 2864 «timoris.
580 2847 588 2863 ι

733 2451 756 2467 λδ
782 2451 804 2479 ll
842 2452 906 2481 Cor.
925 2462 974 2487 xu,
993 2453 1020 2480 4.

916 2235 1077 2269 incipientes
1094 2234 1126 2260 ad
1139 2232 1280 2267 superiora
1296 2230 1491 2258 conscendere.
1503 2229 1569 2257 Esse
1583 2232 1701 2262 namque

913 2281 1019 2308 animas
1034 2281 1060 2307 iu
1083 2279 1196 2312 singulis
1211 2277 1364 2312 quibusque
1379 2276 1550 2308 animalibus,
1576 2276 1657 2302 etiam
1675 2275 1701 2300 iu

914 2328 956 2355 his
973 2334 1032 2361 qua:
1050 2327 1075 2353 in
1092 2326 1168 2360 aquis
1185 2325 1297 2359 degunt,
1313 2331 1327 2350 a
1344 2323 1416 2349 nullo
1431 2322 1550 2349 arbitror
1572 2319 1702 2347 dubitari:

914 2373 979 2400 Nam
998 2378 1024 2400 et
1038 2371 1094 2407 94
1112 2370 1265 2398 communis
1280 2369 1401 2396 omnium
1422 2368 1474 2395 hoc
1491 2371 1583 2395 servat
1597 2365 1700 2400 opinio.

1082 2452 1104 2467 ⁸⁵
1141 2450 1276 2481 lCor.x,
1297 2449 1343 2482 Ἡ,
1364 2448 1410 2475 25.
1454 2448 1476 2463 ⁵⁸
1505 2447 1514 2473 1
1561 2445 1640 2474 Joau.
1669 2453 1698 2478 Il,

961 2555 1005 2591 57)
1026 2554 1132 2582 Sancto.
1158 2553 1250 2589 Deest.
1264 2552 1289 2579 in
1306 2557 1385 2579 antea
1405 2550 1496 2581 editis,
1515 2549 1562 2576 sed
1586 2548 1700 2576 habetur

914 2599 1063 2662 "1(l3ng)s.lta
1080 2632 1145 2652 mss.
1166 2623 1250 2662 Alias,
1271 2631 1281 2648 ι
1294 2622 1364 2657 apud
1380 2620 1488 2646 Patrem
1507 2622 1641 2650 nostrum,
1656 2617 1700 2644 .Ie-

914 2659 973 2689 suui
985 2659 1130 2690 Christum,
1145 2663 1173 2686 et
1187 2659 1243 2692 ipse
1262 2661 1312 2685 est.
1325 2667 1335 2693 ρ
1530 2687 1535 2693 Ι

949 2696 1005 2732 (59)
1028 2687 1155 2732 διογενές.
1177 2687 1263 2732 Alias,
1287 2701 1296 2717 ι
1315 2692 1480 2724 deprecatur
1494 2687 1564 2715 enim
1591 2687 1700 2714 Patrem

914 2729 965 2766 pro
982 2729 1101 2763 peccatis
1116 2729 1230 2766 nostris:
1249 2737 1258 2753 ι
1303 2761 1308 2766 1
1387 2763 1392 2766 ᾖ
1449 2765 1452 2766 ν

949 2757 1010 2801 (tu)
1025 2764 1190 2801 (λοηδοζᾳιον.
1209 2763 1288 2789 Deest
1303 2761 1328 2786 in
1346 2763 1428 2801 antea
1443 2758 1532 2801 editis,
1550 2758 1597 2785 sed
1616 2757 1702 2801 habe:

916 2793 959 2827 ιιιὲ
978 2793 1004 2827 in
1023 2807 1086 2827 mss.
1112 2798 1172 2824 Mox
1198 2804 1275 2827 inss.,
1300 2804 1309 2821 ι
1322 2795 1421 2829 quibus
1442 2798 1537 2827 aperte
1558 2793 1672 2822 revelat.
1686 2799 1701 2821 ὓ

913 2836 993 2863 Lihb.
1011 2834 1086 2866 editi,
1106 2833 1226 2867 tqttibus
1244 2832 1329 2865 aperit
1343 2835 1367 2857 ct
1386 2829 1498 2856 revelat.
1513 2837 1523 2854 ι
