1860 3073
135 81 189 109 219

753 83 912 112 ORIGENIS
932 84 1011 110 ΠΕΡΙ
1028 83 1143 110 ΛΡΧΩΝ

1710 80 1762 108 2⁸Ξο

135 145 160 167 et
176 141 347 169 conﬁrmatio
365 146 466 169 sanctae
484 141 633 177 Scriptura:
655 141 827 168 auctoritatis
843 149 922 168 acce-
939 143 960 170 Α
976 140 1038 167 itetn
1055 139 1118 166 alibi
1132 148 1139 166 :
1160 148 1169 164 ι
1183 139 1345 166 Ncomeuias
1359 143 1463 166 vestras
1478 143 1504 166 et
1517 139 1630 167 sabbata
1644 143 1672 166 et
1690 139 1759 166 diem

135 184 187 216 dit,
205 192 266 212 cum
282 185 393 218 di'citur,
415 187 478 220 quia
497 195 506 212 ι
521 187 582 213 I'ecit
612 187 683 214 Detts
708 191 784 214 celos
800 194 922 222 magnos,

137 234 165 255 et
189 236 295 256 otnuem
324 230 443 257 animam
467 231 646 257 animantium
674 232 843 265 repentimn,
864 238 924 264 quae

142 274 330 308 produxerunt
345 283 420 309 aquae
436 276 582 303 secundum
600 283 684 309 genus
702 283 795 302 eorum
808 276 840 302 ".
857 285 866 301 ι
885 275 923 302 Ex

136 321 273 347 communi
302 329 366 348 vero
399 323 515 349 rati0nis
542 322 719 357 intelligentia
748 322 925 350 continuatur

135 366 217 394 etiam
233 367 267 394 ab
291 368 332 394 his
346 368 391 402 qui
410 369 596 396 deﬁnitionem
617 370 716 397 anima:
735 371 817 397 certis
833 371 924 397 deter-

136 412 243 439 minant
256 413 357 440 verbis.
373 414 506 440 Deﬁnitur
518 423 635 448 namqtte
651 415 741 442 anima
765 417 815 442 hoc
833 416 922 450 modo,

135 459 200 492 quia
222 459 257 486 sit
271 460 419 486 substantia
438 462 605 497 φανταστικὴ
630 466 657 488 ct
680 463 833 498 ὀρμητική,
851 463 923 497 quod

136 503 250 537 Latine,
278 505 341 531 licet
367 513 419 532 tton
445 510 499 532 tam
531 507 639 542 proprie
665 508 845 541 explanetur,
869 508 922 535 dici

135 553 227 576 tamen
240 553 329 583 potest
359 551 497 579 sensibilis
518 557 547 579 et
574 552 691 580 mobilis.
720 553 796 586 Quod
831 553 923 588 utique

135 596 262 622 convenit
277 597 359 624 etiam
373 598 406 625 de
423 599 548 626 omnibus
571 600 733 627 animalibus
752 601 815 634 diei,
837 606 863 629 et
881 601 924 629 his

136 647 197 674 quae
211 641 238 668 in
262 643 341 676 aquis
355 643 474 678 degunt;
495 645 541 672 sed
559 650 585 673 et
608 647 634 673 in
651 647 810 675 volucribus
827 648 923 675 eatlem

136 685 259 713 deﬁnitio
285 688 382 715 attimae
408 690 600 717 convettienter
626 692 790 719 ostenditur.
812 692 924 719 Addidit

136 738 203 759 sane
218 732 360 767 Scriptura
379 735 461 761 etiam
477 735 591 763 alterius
611 738 755 764 sententia:
770 738 923 764 auctorita-

138 781 209 810 tem,
236 785 297 805 cttm
313 779 400 806 dicit:
425 789 434 805 ‹
449 779 508 807 Non
528 782 727 810 tnanducabitis
749 783 921 818 sanguinem,

135 822 199 855 qttia
220 823 309 850 anima
335 825 417 852 totius
439 826 531 853 carnis
548 828 658 862 sanguis
679 828 738 862 ejus
759 833 812 861 est,
828 833 854 856 et
870 837 922 856 non

135 867 335 896 manducahitis
364 870 481 897 animatn
504 879 565 898 eum
583 874 712 901 carnibus
724 874 761 907 ‘3;
780 884 790 900 ι
815 875 841 901 in
870 883 923 909 quo

134 913 341 942 evidentissime
359 917 518 950 sanguinem
543 919 664 945 omnium
688 920 846 947 animalium
865 922 924 947 atti-

135 966 207 986 mam
233 967 326 987 eorum
344 970 405 989 esse
430 962 563 998 designat.
588 963 648 991 Jam
663 973 728 992 vero
754 966 776 993 si
802 967 864 1000 quis
883 975 925 994 re-

134 1005 236 1039 quirat,
251 1008 387 1041 quontodo
407 1009 526 1036 animam
543 1010 634 1038 omttis
649 1012 740 1038 carnis
759 1013 923 1047 sanguinem

133 1052 192 1086 ejus
204 1059 264 1079 esse
276 1053 355 1087 dixit,
370 1055 403 1082 de
420 1055 528 1089 apibus,
544 1057 647 1091 vespis,
662 1061 690 1084 et
700 1057 832 1090 formicis,
851 1063 878 1085 et
892 1060 925 1086 de

134 1097 177 1124 his
201 1106 261 1132 quae
286 1099 312 1126 in
339 1100 417 1133 aquis
434 1106 518 1134 sunt,
537 1103 651 1134 ostreis,
682 1107 708 1129 et
732 1104 871 1138 cochleis,
898 1109 925 1132 et

133 1149 304 1177 quaecunque
328 1149 391 1172 sunt
406 1146 457 1172 alia
471 1145 527 1180 (41)
546 1155 605 1181 quae
626 1154 720 1176 carent
736 1151 883 1184 sanguine,
898 1155 924 1177 et

135 1195 196 1216 esse
228 1190 377 1217 animantia
420 1192 643 1220 manifestissime
680 1195 923 1228 demonstrantur;

135 1235 353 1268 respondendum
372 1241 431 1269 est,
449 1239 577 1272 quoniam
601 1239 627 1265 itt
652 1239 840 1273 hujuscemodi
866 1242 925 1268 aui—

135 1280 272 1308 tnantibus
283 1289 363 1315 quam
375 1281 402 1309 in
421 1283 527 1310 cmteris
539 1283 592 1310 vim
605 1284 684 1312 habet
697 1286 769 1312 rubri
785 1287 925 1320 sanguinis

134 1326 221 1360 vigor.
250 1326 318 1355 ltauc
333 1328 387 1354 vim
416 1329 522 1356 obtittet
546 1329 574 1356 itt
597 1330 657 1357 istis
680 1331 778 1358 humor
802 1331 852 1359 iste
877 1333 923 1367 qui

134 1373 206 1400 inest
221 1373 247 1400 in
265 1375 323 1406 eis,
348 1374 411 1402 licet
434 1375 545 1403 alterius
562 1377 597 1403 sit
615 1376 732 1409 coloris,
755 1377 821 1404 nihil
852 1379 924 1405 enim

136 1419 221 1447 refert
232 1421 278 1454 qui
292 1421 326 1448 sit
339 1421 424 1454 color,
439 1422 585 1449 dummodo
604 1423 756 1449 substantia
774 1424 808 1450 sit
821 1424 922 1450 vitalis.

976 194 1103 220 magnum
1119 190 1257 219 acceptum
1281 192 1334 211 non
1352 185 1448 212 habeo.
1466 184 1617 219 Jejunia‘et
1634 185 1718 212 ferias
1732 190 1759 211 et

976 231 1034 257 dies
1055 231 1139 257 festos
1155 236 1259 257 vestros
1279 230 1337 257 odit
1357 231 1446 257 attinta
1465 238 1524 257 utea
1537 231 1569 258 ”.
1586 240 1595 256 ι
1612 231 1646 257 Ει
1669 231 1696 258 itt
1715 239 1759 258 ut

975 276 1079 310 psalmo
1093 276 1127 302 de
1142 275 1252 303 Christo
1266 277 1388 308 (certum
1413 281 1454 303 est
1469 277 1541 303 enim
1564 276 1628 311 quia
1646 284 1680 303 ex
1699 284 1762 311 per—

974 328 1039 347 sona
1056 321 1141 354 ipsius
1161 321 1214 348 iste
1234 322 1354 355 psalmus
1370 322 1530 354 aseribitur,
1550 322 1621 349 sicut
1640 322 1762 355 Evange—

974 366 1039 394 littttt
1055 367 1239 400 contestatur)
1259 367 1294 393 ita
1314 367 1412 394 dictum
1431 372 1473 394 est
1487 375 1494 394 :
1515 377 1523 393 t
1537 367 1578 394 Tu
1591 373 1695 399 autem,
1709 367 1763 394 Do-

974 413 1057 445 mine,
1080 420 1114 439 ne
1139 412 1217 448 longe
1238 412 1322 440 facias
1343 413 1473 440 auxilium
1493 418 1569 440 tnttm
1582 432 1590 445 ,
1608 414 1642 440 ad
1668 414 1764 440 defen-

974 458 1077 486 sionem
1092 467 1177 486 meam
1196 459 1309 493 respice,
1319 467 1382 486 erue
1399 468 1413 486 a
1429 460 1762 494 fratnea,Deus,anitnam

975 511 1074 536 meam,
1085 504 1155 531 etde
1168 511 1250 530 tnanu
1264 504 1339 532 canis
1349 504 1456 531 unicam
1471 513 1557 531 meant
1568 505 1618 531 ⁸³.»
1630 505 1764 538 Quamvis

974 553 1002 576 et
1026 549 1108 576 multa
1132 548 1183 575 alia
1206 549 1261 576 sint
1279 549 1432 576 testintonia
1456 550 1488 578 de
1510 550 1600 577 attima
1615 550 1720 578 Christi
1737 550 1765 577 in

974 601 1003 620 ca
1009 601 1057 620 rne
1069 594 1160 627 positi.

1008 639 1036 665 2.
1053 639 1106 666 Sed
1125 639 1158 666 de
1177 639 1277 666 Christi
1304 639 1412 674 quidem
1436 640 1525 667 anima
1549 648 1658 668 omnem
1685 641 1768 668 nobis

975 685 1074 711 adimet
1090 685 1265 719 qna-stionem
1289 686 1359 713 ratio
1386 686 1580 714 incarnationis
1601 693 1766 714 occurrens.

975 730 1051 757 Sicut
1068 732 1139 757 cuitu
1157 738 1220 758 vere
1230 739 1340 759 carnem
1357 732 1462 764 habuit,
1475 733 1511 758 ita
1524 739 1587 759 vere
1601 739 1629 759 et
1643 733 1767 759 animam

976 777 1081 803 habuit.
1098 777 1135 804 De
1153 784 1185 804 eo
1209 785 1273 804 vero
1291 777 1347 812 (45)
1363 778 1434 812 quod
1452 778 1496 805 Dei
1519 779 1608 805 anittta
1633 779 1660 805 in
1689 777 1770 805 Scri-

977 823 1064 856 pturis
1079 823 1247 856 nominatur,
1260 824 1381 857 qualiter
1402 823 1516 859 intelligi
1534 824 1642 857 debeat,
1657 829 1687 851 et
1702 832 1769 851 sen-

977 870 1028 897 tire
1043 873 1071 897 et
1084 869 1207 904 proferre
1225 869 1334 897 ditlieile
1351 875 1408 902 est;
1429 871 1512 898 semel
1527 871 1598 897 enim
1611 871 1766 905 simplicem

976 916 1050 943 illam
1065 920 1209 946 naturam.
1228 920 1253 942 et
1282 916 1384 951 absque
1407 916 1490 944 ullius
1512 916 1674 951 adjectionis
1698 924 1765 951 per-

976 962 1104 989 mistione
1132 961 1306 996 proﬁtemur;
1324 967 1414 989 tamen
1432 962 1620 996 quoquomodo
1641 962 1765 990 sentien-

976 1008 1038 1034 dum
1052 1012 1106 1040 est,
1128 1008 1262 1035 nominari
1278 1007 1388 1034 interim
1407 1008 1453 1034 Dei
1474 1008 1564 1034 anima
1586 1008 1711 1041 vitietur;
1733 1010 1768 1035 de

975 1053 1086 1080 Christo
1109 1060 1173 1080 vero
1203 1060 1257 1079 non
1289 1053 1438 1080 dubitatur.
1464 1053 1497 1080 Et
1525 1053 1586 1081 ideo
1618 1061 1672 1081 non
1698 1054 1766 1082 mihi

976 1099 1081 1126 videtur
1104 1099 1251 1126 absurdum
1276 1099 1334 1134 (46)
1359 1099 1440 1126 etiam
1465 1099 1499 1127 de
1523 1099 1628 1126 sanctis
1657 1098 1768 1134 angelis

976 1145 1137 1179 caeterisque
1163 1145 1324 1173 caelestibus
1347 1145 1493 1172 virtutibus
1516 1145 1570 1172 tale
1595 1145 1698 1179 aliquid
1722 1145 1767 1173 vel

976 1189 1077 1222 dicere,
1095 1191 1137 1218 vel
1158 1190 1272 1218 sentire.
1299 1191 1439 1225 Siquidem
1467 1191 1588 1219 deﬁnitio
1602 1191 1648 1218 illa
1666 1192 1767 1219 animae

976 1237 1057 1263 etiattt
1073 1237 1099 1263 itt
1120 1236 1194 1270 ipsos
1210 1237 1319 1264 videtur
1341 1237 1493 1264 incurrere.
1510 1237 1577 1270 Quis
1591 1237 1664 1263 enittt
1682 1238 1768 1264 ratio-

977 1282 1106 1309 nabiliter
1130 1283 1275 1310 settsibiles
1298 1290 1345 1310 cos
1370 1290 1430 1310 esse
1459 1283 1500 1309 vel
1526 1283 1639 1311 mobiles
1665 1284 1767 1317 poterit

976 1327 1126 1362 denegare?
1140 1328 1217 1361 Quod
1236 1328 1258 1355 si
1275 1333 1348 1356 recta
1367 1328 1419 1355 ista
1435 1328 1542 1356 videtur
1554 1335 1615 1357 eSSe
1630 1329 1765 1362 deﬁnitio,

975 1374 1047 1407 quod
1066 1373 1220 1400 substantia
1241 1373 1444 1401 rationabiliter
1457 1374 1593 1402 sensibilis
1608 1380 1636 1401 et
1655 1375 1766 1402 mobilis

976 1419 1067 1446 anima
1094 1419 1210 1452 dicatur,
1234 1419 1344 1447 videtur
1368 1420 1424 1446 haec
1449 1421 1542 1447 eadem
1562 1421 1618 1455 (47)
1638 1420 1768 1448 deﬁnitio

136 1463 174 1491 ne
193 1464 323 1498 jumenlis
344 1473 408 1493 vero
434 1466 475 1493 vel
501 1467 648 1501 pecudibus
677 1469 748 1501 quod
777 1469 959 1510 animantiac
978 1465 1059 1491 etiam
1085 1465 1119 1491 ad
1145 1465 1255 1500 angelos
1280 1465 1425 1499 pertinere.
1445 1466 1514 1499 Quid
1541 1466 1612 1493 enim
1641 1465 1717 1493 aliud
1740 1466 1768 1492 in;

135 1509 202 1542 sint,
215 1510 296 1538 etiam
315 1512 382 1545 apud
395 1519 567 1539 communem
588 1513 743 1548 opinionem
759 1514 829 1540 nulla
846 1515 924 1542 dubi-

135 1555 204 1583 tatio
217 1560 269 1583 est.
283 1555 401 1584 Evidens
418 1562 508 1585 tamen
524 1564 566 1586 est
581 1560 679 1587 divina:
693 1560 842 1594 Scriptura:
861 1570 924 1588 sett-

137 1602 233 1635 tentia,
252 1609 314 1629 cum
340 1603 405 1630 dicit
431 1604 520 1638 Deus:
539 1613 549 1630 ι
565 1605 700 1633 Producat
719 1611 789 1633 terra
807 1608 923 1633 animam

136 1647 224 1674 vivam
240 1649 388 1675 secundum
403 1657 487 1684 genus
498 1670 506 1682 ,
521 1651 706 1685 quadrupedia
720 1657 747 1678 et
763 1654 884 1687 repentia
899 1658 926 1680 et.

139 1692 242 1720 bestias
259 1697 340 1720 teme
348 1695 494 1722 secundum
510 1697 697 1731 genus‘°(42).
715 1708 724 1724 ι
737 1698 796 1725 Jam
813 1706 878 1726 vero
893 1701 925 1728 de

137 1738 246 1766 homine
259 1741 383 1774 quamvis
398 1742 461 1768 nulli
475 1742 586 1769 dttbittttt
600 1744 645 1775 sit,
659 1752 709 1771 nec
722 1746 861 1779 requirere
876 1746 926 1772 ali-

137 1784 197 1818 quis
208 1786 307 1819 possit;
320 1792 409 1814 tantcn
420 1792 445 1814 et
454 1788 592 1823 Scriptura
604 1789 693 1816 divina
707 1789 842 1824 designat,
852 1792 925 1825 quod

140 1830 225 1857 «Deus
240 1830 265 1857 in
279 1830 374 1858 facient
386 1833 444 1866 ejus
457 1834 631 1867 in-piraverit
644 1835 840 1869 spiramentum
852 1836 924 1868 vitae,

136 1881 165 1903 et
178 1876 265 1904 factus
275 1882 318 1904 est
331 1878 410 1905 homo
424 1880 450 1906 in
461 1881 578 1906 animam
589 1881 723 1907 viventem
735 1881 768 1907 ³ο.
776 1890 785 1906 ι
796 1882 926 1916 Superest

137 1922 171 1948 de
187 1923 310 1957 angelico
326 1925 421 1952 ordine
443 1926 593 1960 requirere,
609 1931 699 1953 utrunt
713 1931 740 1954 et
755 1928 806 1962 ipsi
822 1929 926 1955 animas

138 1968 256 1996 habeant
267 1970 334 2005 (45),
347 1979 380 1997 an
396 1972 494 1999 animae
509 1972 575 2004 sittt,
597 1973 637 1999 vel
657 1974 690 1999 de
706 1974 812 2001 cmteris
826 1974 926 2001 divinis

138 2013 351 2050 ccelestibusque
376 2017 532 2051 virtutibus,
548 2018 594 2044 sed
619 2021 646 2044 et
660 2018 692 2044 de
712 2019 860 2046 contrariis
879 2027 927 2054 po-

140 2061 295 2088 testatibus.
315 2063 510 2089 Auctoritatem
537 2063 647 2097 quidem
664 2064 760 2090 divitia:
778 2065 927 2099 Seripturze

139 2111 253 2138 nsquam
274 2106 372 2132 ttullam
393 2107 558 2138 invenimus,
574 2108 645 2140 quod
662 2109 702 2134 vel
728 2109 827 2143 angeli,
845 2110 887 2136 vel
903 2110 924 2137 si

977 1510 1030 1538 illis
1050 1518 1131 1545 quam
1156 1518 1251 1538 sensus
1275 1511 1446 1538 rationabilis
1471 1515 1499 1538 et
1514 1515 1603 1538 motus
1624 1517 1666 1539 est
1687 1511 1745 1546 (‘8)
1759 1533 1766 1538 .

975 1555 1098 1589 Quorum
1123 1561 1212 1584 autem
1229 1564 1283 1583 una
1311 1557 1476 1584 deﬁnitionis
1499 1558 1569 1584 ratio
1594 1562 1647 1590 est,
1667 1557 1767 1584 horum

976 1602 1034 1629 sine
1054 1602 1137 1629 dubio
1154 1608 1181 1629 et
1206 1603 1300 1630 eadem
1322 1604 1475 1631 substantia
1496 1608 1548 1630 est.
1572 1603 1674 1630 Paulus
1699 1611 1770 1631 sane

975 1654 1037 1674 esse
1063 1648 1209 1681 quemdam
1243 1648 1388 1675 animalem
1413 1648 1550 1676 hominem
1582 1648 1768 1683 signiﬁcat”,

976 1700 1055 1727 quem
1075 1698 1154 1726 negat
1167 1700 1198 1720 ea
1218 1701 1277 1728 qua:
1300 1700 1364 1721 sunt
1382 1694 1502 1729 Spiritus
1527 1694 1572 1721 Dei
1592 1702 1672 1729 posse
1696 1695 1770 1722 reci-

976 1747 1055 1773 pere;
1071 1740 1117 1766 sed
1140 1740 1250 1766 stultant
1272 1740 1339 1767 dicit
1364 1741 1388 1767 ei
1417 1740 1503 1767 videri
1531 1740 1650 1774 Spiritus
1677 1741 1766 1768 sancti

976 1784 1144 1816 doctrinam,
1166 1793 1216 1812 ttec
1234 1793 1314 1820 posse
1337 1794 1398 1813 eum
1421 1786 1572 1820 intelligere
1592 1787 1665 1821 quod
1683 1787 1767 1821 spiri-

979 1829 1089 1857 tualiter
1105 1831 1288 1858 discernatur.
1305 1831 1357 1858 Sed
1376 1837 1403 1859 et
1427 1832 1453 1858 in
1472 1832 1526 1858 alio
1547 1832 1609 1859 loco
1624 1832 1664 1858 ait
1683 1833 1768 1859 semi-

977 1876 1036 1902 nari
1053 1883 1154 1911 corpus
1169 1877 1297 1909 animale,
1315 1881 1342 1904 et
1357 1884 1469 1912 surgere
1483 1885 1582 1912 corpus
1595 1877 1720 1911 spiritale
1732 1878 1768 1910 ",

977 1922 1124 1949 ostendens
1138 1922 1164 1948 in
1181 1923 1379 1949 resurrectione
1397 1922 1530 1956 iustorum
1553 1923 1620 1949 nihil
1643 1924 1766 1951 auitttale

978 1967 1109 1994 futurum.
1130 1967 1163 1994 Et
1187 1968 1247 1994 ideo
1274 1968 1439 2001 requirimus
1464 1975 1497 1994 tte
1518 1967 1587 1994 forte
1611 1969 1766 1996 substantia

978 2013 1068 2047 aliqua
1085 2013 1120 2039 sit
1135 2020 1193 2047 qua:
1209 2013 1356 2040 secundum
1378 2013 1430 2040 hoc
1444 2015 1515 2047 quod
1538 2015 1626 2040 anima
1640 2019 1694 2042 est.
1718 2014 1770 2041 iut-

977 2057 1098 2093 perfecta
1118 2059 1162 2085 sit.
1185 2057 1284 2086 Verum
1308 2063 1398 2085 utrum
1421 2058 1476 2093 (49)
1503 2063 1645 2093 propterea
1664 2059 1769 2094 imper-

978 2105 1050 2131 fecta
1065 2104 1102 2131 sit
1117 2104 1188 2138 quod
1209 2112 1223 2130 a
1240 2103 1406 2138 perfectione
1422 2104 1534 2136 decidit,
1551 2111 1584 2130 an
1601 2103 1662 2130 talis
1678 2112 1692 2130 a
1712 2105 1768 2131 Deo

139 2150 186 2184 qui
208 2155 270 2177 sunt
290 2151 373 2178 divini
400 2153 511 2186 spiritus
527 2153 642 2179 ministri
671 2152 727 2184 Dei,
757 2154 799 2180 vel
821 2155 927 2182 animas
943 2157 965 2183 D
981 2151 1052 2178 fama
1068 2151 1116 2183 Sil,
1137 2159 1199 2178 cum
1216 2158 1264 2185 ρει·
1281 2151 1404 2177 ordinem
1425 2151 1531 2185 singula
1555 2150 1654 2177 diSCMi
1675 2158 1769 2185 σαξρε-

140 2195 252 2228 ltahere,
265 2197 305 2223 vel
325 2198 420 2224 anima:
436 2198 574 2230 dicantur;
591 2198 739 2224 animantia
757 2203 846 2226 tamen
866 2208 927 2227 esse

140 2249 155 2267 a
171 2243 378 2276 quamplurimis
394 2244 559 2270 sentiuntur.
574 2244 612 2271 De
632 2243 687 2271 Deo
701 2250 792 2271 autem
811 2245 866 2280 (ιι)
885 2246 929 2272 in-

139 2287 262 2315 venimus
291 2289 422 2323 scriptnm
439 2298 499 2317 esse
527 2290 583 2316 ita:
609 2289 663 2315 (Et
686 2297 783 2323 ponant
805 2291 924 2318 animant

140 2341 228 2360 meatu
245 2341 326 2368 super
343 2335 461 2361 animam
477 2335 548 2362 illaut
566 2344 625 2370 qua:
643 2337 851 2363 manducaverit
865 2344 928 2364 san-

140 2379 258 2412 guinem,
276 2383 304 2406 et
331 2381 477 2408 eradicabo
502 2389 560 2408 eam
586 2382 620 2410 de
648 2382 745 2418 populo
761 2382 842 2410 suo“
856 2390 880 2415 ς»
899 2387 928 2410 et

177 2435 199 2473 ζ’
215 2436 283 2473 Gen.
298 2446 317 2469 ι,
333 2439 378 2466 91.
417 2439 440 2455 ⁴⁸
450 2439 536 2466 Levii.
552 2449 620 2473 xvtt,
640 2441 682 2468 H.
722 2441 743 2456 δ’)
755 2440 822 2468 Gen.
838 2449 858 2472 t,
875 2441 921 2468 24.

140 2470 165 2488 ⁸³
178 2471 250 2500 Psal.
266 2481 323 2506 ut,
337 2474 383 2508 ‘20,
396 2475 441 2501 21.
481 2475 504 2491 ⁵³
517 2476 525 2502 ι
539 2475 600 2503 Cor.
614 2470 646 2509 ἰι,
666 2476 709 2504 M.

178 2541 234 2577 (41)
256 2542 301 2569 Sic
319 2551 383 2570 mss.
402 2545 488 2576 Alias.
507 2554 516 2571 ι
530 2545 604 2573 talia.
617 2554 626 2571 ι

174 2577 231 2614 (42)
251 2577 438 2612 Quadrttpedia
452 2584 477 2606 et
494 2581 609 2614 repentia
629 2586 652 2607 et
670 2581 764 2608 bestias
788 2586 865 2609 terra:
887 2590 927 2609 se-

142 2613 258 2651 cundum
274 2614 441 2651 genus._Hazc
464 2615 490 2651 in
510 2613 591 2651 antea
615 2616 694 2642 editis
717 2618 820 2644 omissa
845 2622 927 2651 sunt,

141 2648 455 2683 quamvisreperiantur
470 2650 495 2676 itt
513 2650 639 2677 omnibus
657 2659 723 2678 mss.

178 2681 234 2719 (43)
256 2681 350 2719 Utrum
375 2689 398 2710 et
421 2684 471 2717 ipsi
499 2685 602 2711 artiums
626 2686 754 2719 habeant,
781 2691 836 2714 etc.
862 2686 930 2715 Vide

142 2716 508 2755 HttetinnLOtjgenianorttm
527 2720 572 2746 lib.
589 2729 618 2753 tt,
636 2727 733 2755 quaest.
746 2716 773 2750 5.
787 2729 861 2748 nuttt.
877 2722 905 2748 6.

191 2751 236 2786 Η)
258 2751 294 2786 ρε
310 2751 361 2779 Deo
378 2758 477 2786 autent,
494 2760 546 2782 etc.
563 2751 630 2783 Vide
642 2751 768 2783 lluetinm
784 2757 895 2783 ibidem.

193 2785 237 2822 ιδ)
260 2785 326 2815 Vide
340 2787 386 2818 lib.
398 2796 417 2816 tt
443 2791 610 2825 0rigcniau.,
624 2796 721 2826 quaest.
737 2792 763 2824 5,
781 2791 895 2842 ιιυιιιὲϐ.

961 2442 983 2458 ⁸ο
1003 2441 1073 2470 Gen.
1089 2449 1120 2474 tt,
1136 2441 1161 2467 7.

749 2476 771 2492 ⁵⁵
787 2476 797 2503 l
812 2477 873 2503 Cor.
886 2485 928 2509 xv,
941 2477 985 2504 44.

981 2197 1053 2229 rint,
1084 2203 1265 2230 requiremus.
1293 2195 1322 2222 Si
1356 2196 1427 2222 enim
1455 2196 1581 2222 animalis
1603 2198 1685 2223 homo
1712 2204 1768 2223 non

982 2241 1078 2276 recipit
1094 2250 1154 2276 quae
1165 2246 1230 2268 sunt
1242 2241 1360 2275 Spiritus
1373 2241 1432 2272 Dei.
1451 2246 1478 2269 et
1498 2249 1546 2275 pro
1564 2249 1597 2268 eo
1613 2242 1684 2276 qttod
1709 2242 1771 2268 atti-

981 2288 1061 2314 utalis
1077 2292 1130 2319 est,
1144 2287 1264 2314 melioris
1277 2292 1391 2320 natura',
1404 2287 1428 2314 id
1437 2291 1479 2314 est
1491 2287 1599 2320 divinae,
1611 2287 1768 2322 intelligen-

983 2337 1046 2363 tiam
1066 2336 1187 2370 recipere
1203 2343 1256 2362 non
1281 2339 1382 2369 potest,
1410 2335 1459 2362 hac
1486 2334 1612 2362 fortassis
1632 2335 1666 2362 de
1683 2343 1767 2361 causa

981 2383 1133 2410 evidentius
1154 2390 1202 2409 nos
1222 2381 1322 2408 Paulus
1340 2382 1439 2408 docere
1462 2381 1556 2408 volens
1572 2381 1637 2416 quid
1662 2381 1698 2408 sit
1720 2389 1769 2417 per

1201 2440 1222 2456 "
1243 2439 1329 2468 Levit.
1352 2447 1406 2467 xvtt
1419 2460 1426 2472 ,
1445 2439 1487 2466 l0.
1525 2440 1548 2455 "
1561 2440 1611 2468 lsa.
1629 2440 1706 2474 1,13,
1725 2440 1767 2468 l4.

1020 2546 1075 2582 (46)
1096 2545 1142 2573 Sic
1156 2552 1221 2572 ntss.
1246 2544 1332 2578 Alias,
1348 2550 1395 2572 «et
1410 2545 1472 2573 ideo
1488 2553 1541 2573 non
1563 2545 1697 2573 videbitur
1719 2547 1770 2574 ab-

978 2583 1202 2657 ῗυῖιῗῗῖηἰίἆάειη.
1226 2615 1306 2643 Deest
1321 2615 1349 2642 in
1373 2620 1452 2642 antea
1468 2615 1569 2646 editis.
1587 2615 1633 2642 sed
1651 2615 1768 2645 habetur

980 2659 1169 2722 militat...
1195 2695 1204 2712 ‹
1220 2691 1247 2714 et
1265 2690 1355 2713 ntotus
1374 2689 1426 2713 ρει.
1442 2694 1450 2709 ι
1468 2684 1544 2711 Lihb.
1562 2684 1646 2716 editi,
1664 2694 1673 2710 ι
1688 2691 1768 2711 com-

981 2725 1069 2749 ηιοιιιε
1084 2727 1136 2747 85L
1155 2730 1164 2746 ι

1018 2755 1074 2791 (49)
1098 2755 1192 2782 Verum
1217 2760 1322 2791 turum,
1338 2760 1392 2791 etc.
1415 2752 1481 2791 Yitle
1505 2754 1551 2782 lib.
1587 2762 1604 2782 ιι
1627 2753 1768 2789 Origem'o-

983 2789 1086 2824 narunt,
1104 2795 1198 2824 quaest.
1215 2790 1243 2823 6,
1258 2797 1332 2817 ιιιιιιι.
1346 2789 1361 2816 4
1379 2794 1405 2815 et
1419 2789 1444 2815 5.
