1860 3073
83 105 135 135 81

744 109 844 138 LIBER
865 112 1054 143 SECUNDUS.

1665 120 1718 147 922

83 164 160 199 quod
175 170 208 191 ea
223 171 286 199 qua
307 169 372 192 sunt
386 165 509 200 spiritus,
523 166 549 194 id
573 171 614 194 est
632 167 764 203 spiritalla
779 170 878 197 intelli-
894 177 915 201 Α
931 181 962 200 ne
975 174 1088 201 liberata
1113 179 1203 209 potest
1219 175 1317 203 iterum
1344 175 1408 203 illud
1425 183 1485 204 esse
1493 177 1564 211 quod
1579 176 1629 204 fuit
1641 183 1717 206 ante-

83 215 152 243 εει-ε
172 217 332 244 possumus,
353 216 471 238 tuentem
489 212 574 247 magis
588 220 668 247 quam
684 214 799 241 animam
817 215 877 251 Spi-

84 254 152 281 ritui
172 259 269 282 sancto
297 256 439 292 conjungit
456 261 483 284 et
505 258 600 284 sociat.
626 257 681 286 Hoc
717 260 788 286 enim
815 268 876 288 eum

83 305 153 333 puto
164 301 311 327 ostendere
322 308 383 327 cum
395 302 477 329 dicit:
490 311 498 327 t
508 302 598 330 Orabo
609 304 717 338 spiritu,
727 305 810 332 orabo
820 306 876 340 (50)

82 350 113 373 et
130 351 233 379 mente,
250 347 384 381 psalmum
401 347 488 376 dicant
510 349 619 383 spiritu,
634 350 768 384 psalmum
787 352 875 379 dicam

83 395 113 419 et
133 398 224 420 mente
236 393 268 419 ".
283 402 292 418 ι
309 393 343 420 Et
365 401 418 420 non
440 394 505 422 dicit
521 387 585 430 quia
607 396 698 424 anima
712 399 806 432 orabo,
828 399 876 426 scd

81 438 186 472 spiritu
204 443 233 465 ct
249 443 356 472 mente;
373 443 401 467 et
420 447 474 467 non
490 440 566 474 dicit,
582 442 672 470 anima
686 443 810 478 psallam;
829 445 876 472 sed

82 483 188 518 spiritu
205 484 322 518 psallam
337 489 365 511 et
379 490 478 513 mente.

118 528 176 564 95
187 529 214 556 5.
231 529 283 556 Sed
295 529 410 557 fortasse
422 538 466 558 re-
588 541 662 561 mea.
683 542 790 562 tnrsnr.

81 574 216 609 quiritur:
228 574 258 601 Si
272 582 346 602 mens
354 580 395 602 est
406 583 465 610 quae

80 621 185 655 spiritu
201 627 263 649 orat
278 627 305 649 et
323 622 424 657 psallit,
437 627 464 650 et

79 669 140 703 ipsa
153 673 198 696 est
209 677 271 704 quae
283 670 463 704 etperfectio-

78 723 145 743 nem
161 717 279 751 percipit
290 721 317 743 et
328 717 441 744 salutem
454 726 461 745 :

78 763 223 796 quomodo
253 763 320 790 dicit
348 763 444 791 Petrus
453 783 462 797 ,

81 817 91 834 ι
104 807 296 843 Percipientes
307 809 386 836 finem
400 809 461 836 ﬁdei

536 578 612 607 Unde
627 589 684 607 cum
696 581 800 615 inﬁnita
814 589 876 608 cau-

500 626 570 653 tione
585 627 753 653 tractuudum
767 632 821 660 est,
845 636 876 654 ne

498 671 566 706 forte
578 680 636 698 eum
653 672 749 700 animat
765 672 876 699 salutem

497 716 596 751 fuerint
620 722 783 750 consecutw,
797 723 820 745 et
841 718 875 744 ad

498 763 597 789 beatam
612 763 690 789 vitam
704 765 875 797 pervenerint,

498 809 595 836 animm
609 818 665 837 esse
677 810 814 838 desistant.
865 803 869 805 ⁸

930 227 1011 254 quam
1039 220 1141 254 periret
1167 227 1193 247 et
1216 221 1304 248 anima
1335 222 1479 249 diceretur.
1499 222 1553 250 Sed
1571 227 1598 250 et
1611 230 1643 250 ex
1658 224 1716 256 ipsa

931 264 1050 291 nominis
1068 265 1165 292 animae
1175 265 1469 301 significationequam
1488 269 1514 294 in
1538 267 1632 295 Graeco
1647 269 1718 295 indi-

931 315 985 342 cat,
1004 310 1092 337 visqu
1108 315 1150 338 est
1163 316 1191 338 et
1204 311 1344 338 nonnullis
1362 313 1564 347 requirentibus
1581 314 1718 341 curiosius

931 363 1011 390 p0sse
1026 363 1079 383 non
1095 357 1258 384 mediocrem
1269 356 1325 392 (56)
1338 359 1444 393 suggeri
1461 358 1635 386 intellectum.
1648 359 1716 387 Nam

930 410 1019 430 sermo
1043 403 1152 430 divinus
1178 403 1261 430 Deum
1288 404 1375 438 ignem
1398 412 1459 431 esse
1483 405 1552 432 dixit
1572 413 1632 432 cum
1659 407 1714 433 ait:

932 457 943 474 (
961 449 1032 475 Deus
1049 454 1139 476 noster
1160 449 1230 484 ignis
1247 455 1289 476 est
1313 456 1476 477 consumens
1490 450 1523 477 ".
1540 460 1549 476 ι
1569 452 1622 478 Sed
1640 456 1667 478 et
1683 454 1716 480 de

929 495 1087 529 angelorum
1101 496 1256 522 substantia
1277 496 1314 522 ita
1338 496 1392 523 ait:
1423 505 1432 520 t
1449 496 1500 529 Qui
1517 496 1583 524 facit
1605 499 1716 533 angelos

930 547 997 567 suos
1011 541 1135 574 spiritus,
1145 545 1172 567 et
1185 541 1326 568 ministros
1341 549 1405 568 suos
1420 542 1508 576 ignem
1520 548 1642 570 urentem
1654 545 1676 560 "
1687 554 1712 577 ςι

929 592 957 614 et
971 587 1052 614 alibi:
1073 597 1081 612 ι
1094 587 1227 622 Apparuit
1238 587 1350 622 angelus
1362 588 1468 614 Domini
1482 589 1508 614 in
1524 587 1629 615 ﬂamma
1646 589 1715 623 ignis

929 633 955 660 in
972 634 1039 660 rttbo
1056 634 1088 660 '°.
1111 643 1120 660 ι
1147 634 1258 668 Insuper
1268 634 1352 660 etiam
1374 634 1532 661 mandatum
1550 635 1714 669 accepimus,

930 683 958 705 ut
974 679 1058 705 simus
1075 679 1172 713 spiritu
1199 679 1337 706 ferventes
1350 680 1388 712 “;
1405 687 1453 714 per
1466 680 1538 714 quod
1556 680 1615 707 sine
1634 681 1715 708 dubio

930 726 1038 760 igneum
1051 726 1203 753 ostenditur
1216 730 1244 753 et
1261 726 1379 753 calidum
1400 726 1447 753 Dei
1466 727 1594 754 Verbum.
1610 725 1663 753 Sed
1687 731 1716 753 et

929 771 1062 798 Jcremias
1076 771 1207 805 propheta
1235 772 1310 798 audit
1331 773 1365 798 ab
1390 779 1423 799 eo
1441 772 1486 806 qui
1513 772 1563 799 sibi
1583 779 1715 806 responsa

930 817 1029 845 dabat:
1047 826 1056 842 ι
1070 817 1140 844 Ecce
1151 817 1211 844 dedi
1222 818 1303 844 verba
1317 826 1376 845 mea
1393 818 1419 845 in
1429 826 1460 845 os
1475 823 1549 845 tuum
1560 819 1648 852 ignem
1657 817 1690 844 ⁶⁹.
1702 827 1712 843 ι
1748 838 1751 841 .

78 861 186 884 nostrze
200 857 316 884 salutem
331 857 482 885 animarum
491 863 648 886 nostrarum
663 860 703 886 "'2
716 869 726 886 ι
744 860 772 887 Si
785 861 874 888 anima
891 851 912 878 Β
928 862 1005 889 Sicut
1022 870 1088 897 ergo
1104 862 1174 890 Deus
1189 863 1260 898 ignis
1276 868 1328 894 est,
1344 869 1371 890 et
1389 864 1477 898 angeli
1497 851 1606 890 ﬂamma
1626 864 1714 898 ignis,

77 909 142 928 cum
155 902 255 937 spiritu
274 910 325 930 nec
343 907 403 931 orat
417 911 466 930 nec
480 904 578 938 psallit,
597 905 735 938 quomodo
753 907 875 940 sperabit

77 947 222 974 salutem?
238 949 291 974 Aut
305 949 327 975 si
346 956 407 975 cum
422 949 455 976 ad
470 949 667 977 beatitudinem
683 952 803 984 venerit,
817 951 874 986 jam

77 992 173 1018 anima
189 1000 244 1019 non
258 992 384 1020 dicetur?
408 993 611 1022 Sed-videamus
643 1003 677 1022 ne
701 996 771 1023 forte
790 997 876 1031 possit

79 1036 136 1064 hoc
153 1038 237 1065 modo
255 1039 427 1072 responderi,
444 1040 508 1074 quia
525 1041 597 1068 sicut
612 1040 739 1069 Salvator
753 1041 808 1078 (5t)
825 1049 872 1069 ve-

116 1080 126 1116 l
136 1081 199 1119 £52.).
215 1083 322 1119 Time
337 1083 422 1119 σῷσαι
433 1084 463 1110 τὸ

79 1115 223 1154 emtum;
237 1115 322 1154 ἦλθεῆ
357 1118 461 1154 Σωτὴρ,

79 1151 126 1176 ὅτε
151 1152 201 1186 μέν
222 1151 263 1178 tot
290 1152 408 1184 σώζεται
427 1151 464 1179 ἶεδ

80 1186 243 1218 ἀπολωλὸς,
274 1188 364 1213 οὐκέτι
390 1189 464 1214 ἐστὶν

79 1221 223 1257 ἀπολρλὺς
230 1242 245 1257 ,Α
256 1221 342 1253 οὕτως
364 1223 395 1257 ἢν
412 1223 463 1248 σῶ-

81 1264 127 1282 σαι
146 1254 212 1292 ἦλθε
233 1255 320 1292 ψυχὴν
338 1254 380 1288 ὡς’
408 1257 462 1283 σῶ-

81 1298 126 1316 σαι
147 1291 179 1316 τὸ
200 1291 354 1323 ἀπολωλδς,
371 1293 462 1318 οὐκέτι

82 1325 166 1361 μένειν
174 1325 247 1361 ψυχὴ
259 1327 275 1360 ὴ
287 1326 403 1352 σωθεῖσα
410 1327 462 1360 ψυ-

81 1361 126 1394 χὴ.
139 1360 201 1386 οὔτε
209 1360 462 1393 τὸᾶπολωλόςκΈτι

82 1395 258 1432 βασᾳνξοςτέρν
280 1397 304 1422 εἰ
320 1395 413 1432 ὥσπερ
432 1397 463 1423 τὸ

80 1428 264 1466 ᾆῖερλωλὺςνῆν
276 1431 320 1457 ὅτε
334 1431 383 1457 οὐκ
395 1428 462 1458 ἆπο-

82 1464 173 1495 λὼλει,
187 1465 234 1492 καὶ
243 1464 324 1491 ἔσται
340 1466 403 1492 ποτὲ
416 1467 460 1492 ὅτε

81 1500 131 1525 οὐκ
143 1499 220 1526 ἔσται
229 1500 376 1531 ἀπηλωλὺς.
389 1501 461 1528 οὕτω

82 1535 128 1571 ita!
139 1535 159 1571 fi)
172 1535 244 1570 ψυχὴ
257 1533 290 1571 ἦν
307 1536 350 1561 ὅτε
364 1536 413 1562 οὐκ
426 1535 460 1571 ἦν

80 1569 171 1629 tinxi“
190 1570 236 1596 καὶ
251 1570 325 1596 ἔσται
347 1571 390 1596 ὅτε
412 1569 460 1597 οὔκ

96 1613 159 1629 atat
169 1603 460 1629 tLuv‘h.l_e.Sit-u:enim

96 1603 159 1631 «at
169 1603 385 1639 ψυχή.1.θ.8ἱι·ιιε
392 1606 461 1632 enim

82 1641 152 1666 venit
170 1640 297 1666 Dominus
309 1646 386 1674 atque
398 1640 458 1667 Sul-

81 1679 157 1709 cator
171 1682 287 1709 quaerere
314 1679 337 1700 et
359 1674 459 1701 salvum

81 1708 168 1741 facere
193 1709 264 1743 quod
279 1709 405 1743 perierat,
430 1715 458 1736 ut

81 1745 212 1777 perditum
241 1752 297 1770 esse
329 1744 458 1776 desistat;

81 1778 119 1804 sic
140 1779 230 1805 anitua
250 1786 309 1812 quae
333 1780 457 1811 perierat,

81 1817 105 1838 et
120 1813 151 1839 ob
170 1813 247 1846 cujus
262 1813 372 1840 salutem
392 1814 457 1847 venit

83 1847 222 1879 Dominus,
232 1856 290 1874 cum
302 1849 373 1874 salva
388 1847 457 1881 facta

82 1883 162 1915 fuerit
178 1883 280 1913 animo.
298 1882 386 1908 auium
402 1891 457 1909 esse

81 1917 204 1944 cessabit.
220 1917 293 1943 Illud
300 1925 400 1950 quoque
411 1926 458 1949 pa-

83 1952 146 1978 riter
162 1953 358 1986 requirettdttm,
369 1957 456 1978 utrum

83 1987 159 2021 sicut?
168 1987 296 2020 perditum
311 1987 456 2021 aliquando

83 2028 133 2046 non
146 2020 195 2053 fuit
211 2022 353 2054 perditum,
371 2026 395 2047 et
407 2021 456 2047 erit

83 2059 184 2088 tempus
204 2057 309 2089 quando
327 2057 457 2087 pertlt'lum

83 2098 133 2116 non
144 2091 244 2123 erit,sie
252 2091 394 2125 aliquando
404 2092 459 2116 ani—

83 2133 126 2150 ma
146 2125 225 2158 fuerit
247 2134 298 2152 nun
313 2126 401 2151 nninta
411 2145 419 2157 ,
433 2131 456 2151 et

83 2158 139 2193 fore
162 2165 262 2192 tempus
282 2161 388 2194 quando
414 2168 458 2185 ne-

83 2202 213 2228 quaquam
234 2195 322 2222 aninta
341 2202 457 2228 perseve-

83 2233 129 2256 nt.

499 1098 539 1124 nit
565 1098 670 1125 saltare
692 1099 763 1133 quod
787 1100 874 1133 peric-

500 1150 550 1178 rat,
564 1146 647 1173 etiam
663 1154 724 1173 cum
743 1147 873 1180 salvatur,

501 1199 553 1219 non
579 1197 621 1219 e~t
645 1193 778 1227 perditum
802 1196 873 1228 quod

499 1238 573 1271 prius
581 1239 714 1272 perditum
723 1240 871 1274 dicebatur;

499 1283 535 1310 ita
562 1283 686 1311 fortassis
715 1286 796 1312 etiam
823 1286 873 1313 hoc

499 1330 568 1363 quod
585 1329 713 1363 salvatur.
729 1331 818 1357 anima
833 1331 874 1358 di-

499 1373 587 1406 citur;
611 1381 672 1400 cum
702 1379 792 1402 autem
816 1375 872 1409 jam

497 1419 570 1446 salva
583 1419 654 1446 facta
666 1419 758 1453 fuerit,
768 1429 801 1447 ex
811 1429 872 1455 pcr-

496 1466 618 1494 fectioris
645 1468 729 1502 partis
751 1476 806 1495 sua:
823 1477 872 1496 vo-

497 1513 869 1550 cabulonuncupabitur(53).
886 1515 907 1543 C

499 1556 550 1583 Sed
566 1562 594 1584 et
610 1558 674 1585 illud
690 1559 769 1591 adjici
792 1567 871 1592 posse

497 1603 604 1629 videtur
614 1603 790 1636 quibusdam;
808 1604 871 1638 quia

495 1649 566 1676 sicut
582 1649 632 1675 hoc
647 1649 717 1683 quod
735 1650 870 1683 perditum

495 1700 545 1728 est,
565 1701 624 1723 erat
647 1696 707 1723 sine
724 1696 806 1723 dubio
823 1705 870 1723 an-

496 1746 601 1776 tequam
610 1742 719 1776 periret,
728 1749 788 1768 cum
799 1742 872 1769 aliud

496 1787 586 1814 nescio
614 1788 678 1822 quid
705 1791 765 1813 crat
789 1795 870 1822 qtlalll

494 1834 640 1866 perditum,
659 1833 730 1860 sicut
744 1833 796 1860 erit
813 1832 869 1869 (54)

493 1881 586 1915 utique
602 1888 663 1908 cum
681 1880 737 1914 jam
761 1889 813 1908 nou
828 1886 870 1908 est

494 1927 645 1960 perditum:
660 1927 697 1953 ita
710 1927 793 1953 etiam
812 1927 871 1954 ani-

493 1982 537 2001 ma
553 1982 612 2008 quae
635 1975 738 2009 perisse
758 1975 867 2006 dicitur,

494 2021 628 2047 videbitur
645 2020 728 2048 fuisse
742 2021 806 2055 quid
820 2021 870 2047 ali-

493 2067 601 2101 quando
613 2075 674 2094 cum
692 2068 809 2094 nondum
823 2075 868 2102 pe-

494 2114 591 2148 risset,
621 2119 650 2141 et
674 2120 784 2149 propter
815 2116 868 2142 hoc

494 2160 584 2187 anima
617 2161 766 2188 diceretur'
789 2160 845 2197 (55)
860 2181 866 2192 ,

495 2183 584 2187 -·------·
618 2183 752 2188 -·ν--ν“·”
790 2183 844 2197 \'v/
860 2183 866 2192 ι

494 2214 555 2242 quae
573 2214 680 2233 rursum
693 2214 726 2233 ex
743 2207 869 2241 perditio
885 2183 905 2210 Β

926 913 953 934 et
965 909 1049 934 sancti
1066 909 1165 942 quique
1181 908 1276 943 spiritu
1296 908 1400 936 fervent
1415 917 1422 940 ;
1450 910 1485 935 ita
1501 916 1516 936 e
1534 909 1674 936 contrario
1687 910 1713 936 hi

926 952 971 986 qui
986 952 1145 979 deciderunt
1169 961 1183 979 a
1201 953 1346 979 dilectione
1362 953 1426 984 Dei,
1445 953 1503 980 sine
1529 954 1612 980 dubio
1635 953 1714 980 refri-

926 998 999 1023 xisse
1017 998 1043 1024 in
1055 998 1191 1025 charitale
1207 997 1265 1031 ejus
1280 1005 1312 1025 ac
1328 997 1420 1032 frigidi
1438 999 1500 1026 facti
1518 999 1623 1026 dicendi
1638 1003 1712 1026 sunt.

926 1043 1051 1069 Aiteniin
1063 1047 1091 1070 et
1106 1044 1247 1076 Dominus,
1261 1044 1323 1078 quia
1340 1053 1349 1069 t
1370 1049 1513 1079 propterea
1531 1045 1602 1079 quod
1622 1044 1714 1072 multi-

925 1088 1023 1122 plicata
1049 1093 1090 1116 est
1113 1089 1258 1124 iniquitas,
1284 1089 1443 1124 refrigescet
1467 1090 1586 1117 charitas
1613 1089 1714 1117 multo-

927 1141 984 1160 rum
1004 1134 1036 1162 ".
1055 1144 1065 1160 ι
1092 1134 1145 1162 Sed
1171 1139 1198 1162 et
1213 1135 1302 1162 omnia
1319 1143 1487 1170 quaecunque
1500 1139 1563 1162 sunt
1584 1143 1644 1169 quae
1661 1136 1712 1162 ad-

925 1187 1010 1207 versae
1027 1181 1153 1214 potestati
1170 1181 1195 1207 in
1213 1180 1363 1214 Scripturis
1379 1181 1481 1208 sanctis
1503 1186 1710 1216 comparantur,

926 1226 1021 1260 frigida
1037 1234 1145 1261 semper
1162 1227 1302 1254 inveniens
1311 1227 1435 1254 diabolus
1447 1228 1564 1255 dicitur:
1580 1235 1633 1262 quo
1646 1227 1711 1261 quid

925 1272 1048 1306 frigidius
1066 1273 1215 1299 invenitur.
1231 1273 1284 1300 Sed
1300 1277 1327 1300 et
1350 1273 1376 1300 in
1397 1273 1466 1300 tnari
1484 1280 1599 1308 regnare
1611 1273 1712 1300 dicitur

924 1318 1017 1345 draco.
1037 1317 1196 1351 Serpentem
1210 1326 1327 1352 namque
1343 1323 1370 1345 et
1385 1318 1530 1345 draconem
1541 1338 1548 1351 ,
1572 1318 1643 1351 quod
1660 1318 1711 1344 uti-

925 1371 978 1398 que
993 1365 1025 1391 ad
1040 1364 1155 1398 aliquem
1174 1364 1207 1391 de
1223 1364 1348 1399 malignis
1362 1363 1502 1398 spiritibus
1521 1367 1710 1397 retorquetur,

924 1415 951 1436 ct
968 1410 994 1436 in
1008 1410 1075 1436 mari
1091 1410 1220 1444 propheta
1241 1417 1302 1437 esse
1319 1410 1444 1444 designat
1460 1410 1493 1438 “.
1512 1409 1544 1436 Et
1566 1409 1629 1436 alibi
1646 1409 1712 1435 dicit

924 1454 1069 1489 propheta:
1085 1463 1093 1479 ι
1113 1454 1240 1481 inducam
1261 1454 1380 1487 gladium
1405 1459 1529 1481 sanctum
1547 1461 1628 1488 super
1648 1453 1710 1480 dra-

924 1507 1018 1527 conem
1037 1505 1190 1534 serpentem
1209 1499 1264 1536 (57)
1285 1500 1444 1534 fugientem,
1469 1508 1550 1534 super
1562 1500 1709 1526 draconem

924 1550 1076 1579 serpentem
1099 1552 1274 1579 perversum,
1296 1550 1325 1572 et
1342 1545 1487 1572 interficiet
1505 1552 1566 1572 eum
1582 1544 1616 1571 ⁸⁸.
1637 1553 1647 1570 ι
1677 1543 1708 1570 Ει

924 1591 1022 1624 iterum
1037 1591 1092 1618 ait:
1110 1600 1119 1615 ι
1135 1591 1224 1618 Etiam
1239 1591 1260 1618 si
1274 1591 1457 1618 abscesserint
1474 1591 1508 1618 ab
1524 1590 1611 1618 oculis
1627 1590 1709 1622 meis,

922 1640 948 1662 ct
964 1636 1153 1664 descenderint
1170 1636 1196 1663 in
1215 1636 1377 1670 profundum
1392 1635 1476 1662 maris
1487 1656 1494 1668 ,
1518 1636 1554 1662 ibi
1575 1635 1709 1662 mandabo

922 1682 1032 1709 draconi
1046 1686 1073 1709 et
1086 1682 1220 1709 mordebit
1234 1689 1282 1710 eos
1298 1682 1329 1709 ".
1351 1691 1360 1708 ι
1379 1681 1431 1708 Sed
1445 1685 1472 1708 et
1486 1682 1511 1708 in
1529 1680 1579 1708 Job
1592 1681 1649 1715 ipse
1661 1687 1708 1707 rex

922 1735 981 1756 esse
992 1729 1113 1755 omnium
1126 1735 1187 1762 quae
1203 1728 1229 1754 in
1243 1728 1323 1762 aquis
1338 1732 1402 1754 sunt
1419 1727 1519 1754 dicitur
1533 1726 1566 1753 ⁸⁷.
1583 1726 1605 1752 Δ
1622 1727 1707 1753 Borea

923 1782 986 1802 vero
998 1775 1111 1802 accendi
1128 1774 1197 1801 mala
1220 1781 1301 1808 super
1321 1781 1416 1801 omnes
1440 1774 1486 1807 qui
1508 1772 1631 1799 habitant
1651 1777 1706 1799 ter-

922 1827 992 1853 ram,
1005 1821 1138 1854 propheta
1158 1815 1301 1846 denuntiat
1326 1819 1358 1846 “'.
1374 1819 1475 1845 Boreas
1496 1823 1586 1845 autem
1612 1823 1709 1845 ventus

922 1866 948 1892 in
962 1865 1109 1899 Scripturis
1126 1866 1228 1892 sanctis
1242 1865 1356 1898 frigidus
1370 1864 1535 1899 designatur,
1554 1865 1624 1891 sicut
1636 1864 1706 1890 scri-

921 1916 995 1945 ptum
1008 1915 1050 1937 est
1061 1910 1088 1937 iu
1101 1911 1223 1944 Sapienti
1239 1918 1245 1936 :
1262 1919 1273 1936 ς
1293 1909 1416 1943 Frigidus
1426 1914 1521 1936 ventus
1535 1909 1635 1936 Boreas
1648 1910 1679 1935 θ’.
1694 1919 1703 1934 ι

920 1956 997 1989 Quod
1009 1961 1034 1983 et
1051 1956 1139 1990 ipsum
1159 1958 1218 1983 sine
1240 1955 1322 1982 dubio
1339 1955 1508 1982 sentiendum
1523 1959 1565 1982 est
1590 1956 1623 1982 de
1645 1955 1706 1981 dia-

921 2001 992 2028 bolo.
1009 2000 1038 2027 Si
1052 2008 1117 2035 ergo
1133 2007 1164 2027 ea
1177 2008 1237 2035 qum
1249 2004 1346 2026 sancta
1362 2004 1437 2031 sunt,
1451 2004 1478 2026 et
1495 2000 1564 2033 ignis
1573 2003 1601 2026 et
1616 1999 1707 2027 lumen

920 2051 947 2075 et
961 2046 1092 2073 ferventia
1104 2045 1291 2077 nominantur,
1309 2052 1369 2078 qua:
1382 2049 1472 2071 autem
1481 2044 1618 2071 contraria
1630 2050 1705 2077 smul,

921 2092 1031 2126 frigida,
1043 2096 1070 2118 et
1089 2092 1209 2119 charitas
1226 2091 1372 2118 multorum
1397 2090 1574 2125 refrigescere
1592 2090 1648 2127 (58)
1666 2091 1707 2118 (Ιί-

920 2142 990 2169 citur
1006 2139 1072 2176 (59),
1085 2139 1277 2174 requirendum
1294 2143 1335 2165 est
1347 2145 1381 2164 ne
1397 2137 1466 2164 forte
1486 2141 1513 2163 et
1534 2143 1633 2163 nomen
1648 2136 1708 2162 ani-

920 2195 971 2214 mae
982 2185 1053 2220 quod
1067 2185 1159 2212 Graece
1172 2185 1269 2212 dicitur
1278 2183 1361 2219 ψυχή,
1373 2191 1388 2210 a
1399 2182 1597 2218 refrigescendo
1607 2182 1662 2217 (60)
1674 2183 1707 2210 de

919 2236 993 2259 statu
1005 2230 1136 2258 diviniore
1148 2237 1179 2257 ac
1193 2230 1314 2262 meliore,
1329 2229 1431 2256 dictum
1448 2228 1493 2259 sit,
1508 2233 1535 2255 et
1548 2228 1706 2255 translatum

119 2343 142 2359 "
161 2342 245 2370 lCor.
274 2350 330 2374 xiv,
361 2342 404 2369 15.
443 2343 465 2363 ⁸⁷
480 2342 487 2369 I
502 2342 559 2369 Pet.
572 2350 591 2374 ι,
611 2342 638 2370 7.
676 2341 699 2358 ⁸⁸
713 2342 791 2368 Deut.
812 2339 870 2373 "1,5

945 2339 967 2355 "
980 2338 1062 2374 Hebr.
1085 2346 1103 2368 ι,
1118 2337 1161 2374 9η
1181 2337 1203 2353 ⁵ο
1215 2337 1308 2374 Exod.
1325 2343 1364 2366 ut,
1384 2335 1422 2374 ίὶζ
1449 2334 1572 2374 “ullum.
1588 2342 1636 2367 xu,

87 2379 108 2394 “
122 2377 178 2405 ιω.
202 2385 221 2410 I,
241 2377 268 2404 9.

88 2414 110 2431 ⁸⁸
119 2413 174 2442 Jer.
197 2421 229 2447 1,,
241 2413 283 2439 ﬂ.

325 2377 347 2395 ⁸³
362 2377 458 2404 Matth.
483 2385 557 2410 xxtv,
574 2378 618 2404 η.

329 2412 351 2429 ⁸⁸
365 2412 450 2440 Eccli.
468 2420 548 2445 xutl,
571 2413 617 2440 2'2.

122 2490 179 2524 (50)
201 2490 301 2517 Orabo.
319 2489 495 2517 Desideratur
517 2491 544 2518 in
559 2491 660 2525 editis,
684 2491 731 2518 sed
754 2491 869 2519 habetur

89 2525 114 2552 in
128 2533 178 2551 ms.

121 2560 161 2594 (δι

121 2559 176 2620 (51)
193 2559 238 2599 Sic
252 2567 320 2599 mss.
340 2559 397 2587 Lib.
415 2561 468 2587 edit

89 2601 161 2629 spom
173 2602 224 2624 ert,
236 2602 298 2627 qtna
313 2594 448 2622 Salvator.
465 2605 473 2620 ι

675 2377 696 2393 ⁸⁸
709 2377 807 2404 Ezech.
825 2383 910 2403 xxxn.

933 2375 969 2410 ,⁸⁸
984 2373 1036 2401 lsa.
1052 2373 1177 2405 xxvtt,1.
1212 2371 1235 2387 ⁵⁸
1246 2372 1328 2398 Amos
1353 2378 1392 2403 ix,
1407 2370 1435 2398 5.
1469 2370 1491 2386 ⁸⁷
1512 2369 1564 2397 Job
1591 2369 1702 2402 ubi“.

937 2489 992 2526 (54)
1003 2488 1048 2526 Sic
1063 2495 1129 2515 mss.
1145 2486 1218 2526 A_l_ias
1231 2485 1358 2526 pessime,
1378 2493 1387 2509 ι
1406 2480 1579 2510 succurrerit.
1602 2489 1611 2504 ι

948 2521 992 2552 55)
1010 2524 1055 2552 Sic
1068 2531 1133 2550 mss.
1151 2522 1234 2551 Alias,
1251 2531 1260 2546 ‹
1279 2521 1392 2548 dicetur.
1414 2527 1423 2542 ι

948 2526 992 2559 55)
1010 2526 1055 2552 Sic
1068 2531 1133 2550 mss.
1151 2526 1234 2551 Alias,
1251 2531 1260 2546 ‹
1279 2526 1392 2548 (licetur.
1414 2527 1423 2542 ι
1564 2551 1570 2556 '

193 2558 238 2596 Sic
252 2567 324 2596 mss.
340 2559 397 2596 [.ih.
415 2561 500 2593 editi,
518 2569 528 2586 t
546 2565 637 2596 potest
657 2561 708 2588 hoc
726 2561 808 2589 modo
829 2570 870 2590 re—
936 2526 1069 2596 $56)7Non
1084 2558 1250 2585 mediocrem.
1275 2555 1320 2583 Sic
1336 2558 1409 2581 recte
1436 2559 1501 2579 mss.
1529 2550 1602 2578 Alias
1614 2557 1688 2581 vero,

904 2604 914 2620 (
935 2595 1109 2622 mediocrem.
1128 2602 1137 2618 ι
1184 2615 1190 2619 .

122 2628 176 2664 (5‘2)
192 2629 303 2662 ’Ὠσπερ
318 2629 426 2662 σῶσαι,
441 2634 493 2657 otc.
509 2630 602 2657 Graeca
627 2630 686 2657 haec
707 2635 815 2658 exstant
838 2633 871 2659 ad

88 2663 188 2700 calcem
203 2664 326 2700 epistola:
336 2664 483 2692 Justiniani
505 2665 678 2700 imperatoris
693 2666 726 2692 ad
742 2666 845 2694 Menam
861 2675 866 2700 ;
902 2663 946 2692 tur
960 2665 987 2692 in
1002 2671 1067 2700 mss.

89 2698 179 2735 Latina
195 2704 286 2735 autem
302 2699 495 2735 interpretatio
510 2700 535 2726 in
544 2698 658 2735 epistola
673 2701 761 2728 sancti
775 2698 866 2729 Hiero;
938 2700 993 2735 (58)
1010 2699 1055 2735 Sic
1070 2705 1137 2735 mss.
1153 2698 1239 2728 Alias,
1259 2704 1268 2720 ι
1287 2701 1349 2735 (uti?
1368 2698 1432 2735 περ

89 2734 156 2771 nytui
168 2733 202 2760 ad
215 2727 416 2771 {AvitumNi-de
428 2727 648 2769 Origenianorum
663 2735 711 2762 lib.
725 2727 760 2770 tt,
772 2727 866 2771 quaesi.
901 2727 971 2771 εἰδῇ,
984 2727 1148 2771 ἐρᾉςζιθςῇειδ
1163 2735 1275 2771 peccato
1288 2727 1386 2771 dicitur
1400 2727 1582 2771 frigescere:

89 2766 113 2800 6,
130 2767 166 2793 De
183 2768 289 2795 anima.

120 2802 174 2839 (55)
193 2804 240 2831 Sic
257 2811 325 2831 mss.
342 2803 425 2837 Alias,
440 2813 449 2830 ε
461 2803 516 2839 jam
531 2810 714 2841 nuncupatur.
734 2815 743 2831 ›

938 2619 1169 2665 (iiii-Serpentem.
1184 2627 1268 2654 Deest
1286 2624 1312 2651 in
1330 2627 1410 2651 antea
1428 2621 1518 2653 editis,
1535 2619 1582 2647 sed
1605 2619 1689 2646 habe-

949 2688 1137 2735 .Sic-mss.
1153 2697 1239 2728 Alias,
1259 2704 1268 2720 ι
1287 2701 1349 2735 qtae
1368 2696 1459 2735 autem
1474 2690 1616 2735 contraria
1642 2688 1689 2716 fri-

937 2760 1075 2803 ls'si'vide
1089 2768 1137 2795 lib.
1156 2760 1352 2803 ινῑίονίςιειιίαζιιν
1368 2770 1396 2797 (ι-
1417 2760 1449 2794 θῖ
1460 2769 1535 2789 ¹““¹³“
1555 2760 1581 2789 5'

940 2798 994 2840 (60)
1011 2803 1056 2832 Sic
1070 2810 1136 2831 mss.
1153 2798 1262 2835 Alias,'t
1280 2807 1294 2826 a
1310 2798 1417 2834 frigesc.
1438 2806 1447 2824 ι
