1860 3073
140 95 195 123 22⁵1

773 92 934 121 ORIGENIS
953 93 1031 121 ΠΕΡΙ
1048 94 1163 120 ΔΡΧΩΝ

1708 93 1767 122 ,29

144 165 198 183 non
210 156 283 183 aliud
302 160 342 183 est
355 163 435 190 quam
450 154 518 182 eﬂiei
534 155 561 182 in
579 154 662 183 malo.
677 154 790 182 Certum
810 162 927 189 namque
941 158 965 186 Α
978 159 1005 181 et
1024 163 1051 182 in
1069 154 1222 181 hominibus
1237 154 1382 181 invenitur.
1396 154 1469 182 Sane
1489 155 1629 195 apostolus
1654 155 1767 184 Paulus

143 206 185 227 est
202 201 301 227 malum
316 208 376 228 esse
397 202 469 228 bono
488 208 594 228 carere.
610 201 649 227 Ex
660 207 714 235 quo
725 201 833 232 accidit,
848 205 878 227 ut
897 201 923 227 in

143 251 244 280 quanta
259 253 385 273 mensura
400 247 462 281 quis
482 246 674 273 deveheretur
696 253 711 273 a
728 246 809 277 bono,
826 247 852 273 in
867 251 925 273 tan-

144 295 199 319 tain
230 299 383 320 mensuram
412 293 524 319 malitia
556 292 706 320 deveniret.
734 292 763 318 ln
789 299 844 326 quo
869 293 924 319 uti-

144 344 197 371 que
210 337 267 373 (82)
282 345 332 372 pro
345 338 463 365 motibus
476 339 534 365 suis
547 345 713 372 unaquaque
726 345 803 365 mens
815 338 857 364 vel
870 345 926 364 am-

145 383 227 416 plius,
242 384 282 410 vel
298 384 408 418 parcius
421 383 478 418 (83)
494 384 592 410 bonum
610 384 761 418 negligens,
777 383 804 410 in
816 388 926 411 contra~

145 430 215 456 rium
231 430 295 457 boni
311 430 382 463 quod
399 430 460 457 sine
476 430 558 456 dubio
573 430 671 456 malum
688 434 739 460 est,
755 429 924 456 trahebatur.

145 475 183 502 El
199 482 252 509 quo
267 475 374 502 videtur
391 475 494 502 semina
511 475 633 510 quadam
651 480 678 502 et
689 482 785 502 causas
804 475 923 501 varieta-

145 522 180 548 tis
195 528 227 547 ac
242 521 408 547 diversitatis
424 521 466 548 ille
480 522 602 548 omniuut
627 521 751 548 conditor
773 521 922 555 accepisse,

145 571 173 592 ut
196 573 245 599 pro
266 566 424 593 diversitate
444 567 584 597 mentium,
601 566 626 593 id
644 571 698 597 est,
720 566 922 593 rationabilium

144 615 344 642 creaturarum,
358 618 440 645 quam
460 611 644 638 diversitatem
655 619 687 637 ex
699 618 731 637 ea
745 618 826 638 causa
842 618 923 644 quam

145 655 269 690 superius
279 656 406 688 diximus,
426 657 550 689 putandae
562 662 625 683 sunt
644 657 809 690 concepisse,
821 656 923 682 varium

146 708 178 727 ac
189 701 322 728 diversum
334 702 461 728 mundum
473 701 666 734 crearet.()uod
678 706 767 728 autem
778 702 880 728 varium
892 708 924 728 ac

144 746 282 774 diversum
299 747 422 779 dicimus,
440 749 490 774 hoc
504 752 545 774 est
563 747 635 781 quod
657 747 779 774 volumus
792 747 923 774 indicare.

180 793 207 819 3.
223 792 350 818 llnndum
368 800 440 819 nunc
454 792 580 823 dicimus,
595 799 675 819 omne
690 792 761 826 quod
776 796 819 819 est
842 800 924 826 super

145 838 241 867 celos.
258 837 300 863 vel
317 837 344 862 in
369 837 457 867 ccelis.
478 837 519 863 vel
537 844 619 870 super
637 841 752 869 terram,
764 837 805 864 vel
828 838 855 864 in
884 838 926 864 bis

145 883 190 917 qui
205 883 284 909 inl'eri
300 882 356 918 (85)
373 883 550 917 appellantur,
565 883 608 909 vel
629 890 795 917 quaecunque
810 891 924 918 usqttam

145 936 260 963 prorsus
276 927 333 955 loca
348 933 424 960 sunt,
439 933 466 955 et
482 928 509 955 hi
521 928 566 962 qui
582 928 609 954 in
630 928 697 962 ipsis
716 929 815 962 degere
836 928 925 954 nomi-

145 981 254 1001 nantur.
268 973 366 1001 Totum
385 981 450 1008 ergo
467 973 531 1003 hoc.
553 974 668 1000 mundus
685 979 809 1000 vocatur.
828 973 855 1000 ln
869 981 924 1008 quo

147 1019 247 1046 mundo
269 1020 390 1053 quaedam
414 1019 542 1045 dicuntur
565 1027 626 1046 essn
650 1019 867 1053 supercmlestia,
897 1019 924 1046 id

145 1069 199 1096 est,
213 1065 240 1091 in
257 1064 468 1091 habitationibus
488 1064 653 1090 beatioribus
669 1065 768 1097 posita,
785 1070 813 1091 et
829 1072 926 1098 carpo-

146 1110 221 1135 ribus
230 1108 430 1134 coelestioribus
444 1115 475 1134 ac
491 1108 739 1141 splendentioribus
752 1108 843 1134 induta
857 1108 924 1143 (85),

145 1160 173 1181 et
190 1155 216 1180 in
230 1155 271 1179 his
284 1154 349 1187 ipsis
361 1153 451 1179 multa:
466 1152 626 1179 diﬂ'erenliae
640 1154 832 1185 05lenduntur;
844 1153 924 1183 sicut.

147 1198 224 1224 verbi
235 1205 331 1230 causa,
347 1199 427 1224 etiam
443 1198 585 1232 Apostolus
601 1198 676 1228 dicit,
692 1198 764 1232 quod
792 1207 801 1222 ι
813 1198 864 1224 alia
890 1198 926 1224 sit

147 1243 236 1276 gloria
250 1243 326 1272 solis,
337 1242 388 1268 alia
405 1242 482 1273 lunae,
501 1243 554 1268 alia
571 1243 658 1277 gloria
673 1243 829 1275 stellarum;
844 1243 920 1270 stella

146 1287 219 1315 enim
245 1295 259 1314 a
281 1288 358 1314 stella
387 1287 478 1314 (ἥσει-ι
502 1288 529 1314 in
555 1288 674 1322 gloria”
689 1288 780 1322 (86).:
796 1288 924 1321 Quadam

146 1341 212 1361 vero
230 1339 336 1361 terrena
360 1335 498 1366 dicuntur,
513 1339 540 1361 et
553 1335 624 1361 inter
647 1335 702 1368 ipsa
719 1342 772 1361 non
785 1342 867 1369 parva
882 1340 925 1362 est

146 1380 307 1412 diﬂ'erentia,
325 1381 350 1407 id
371 1385 423 1412 est,
438 1382 510 1407 inter
533 1380 674 1413 homines;
686 1381 733 1408 alii
750 1388 867 1416 namque
880 1388 927 1407 eo-

147 1436 206 1454 rum
227 1427 284 1463 ω
306 1427 428 1459 barbari,
440 1428 486 1453 alii
500 1427 603 1459 Graeci;
617 1431 645 1453 ct
671 1426 848 1454 barbarorum
864 1428 927 1462 qui-

977 207 1038 226 esse
1064 200 1188 234 quaedam
1207 200 1289 226 etiam
1308 200 1415 227 inferna
1440 200 1574 234 designat,
1592 205 1620 228 et
1639 202 1665 228 in
1692 202 1781 236 ipsis.

977 245 1059 272 simili
1074 247 1154 272 modo
1171 246 1230 273 sine
1245 245 1327 272 dubio
1343 246 1483 272 varietatis
1497 253 1580 273 causa
1592 248 1765 281 requirenda

976 296 1028 317 est.
1045 291 1083 318 De
1097 291 1179 318 mutis
1190 298 1257 318 vero
1268 291 1431 318 animalibus
1443 297 1471 318 et
1491 291 1662 324 volucribus,
1679 297 1766 327 atque

977 337 1011 364 de
1020 337 1064 364 bis
1079 345 1140 372 qua:
1158 338 1184 364 in
1202 338 1283 372 aquis
1293 337 1427 369 habitant,
1442 337 1582 372 requirere
1593 336 1764 371 superﬂuum

979 383 1105 409 videtur:
1119 390 1184 409 cum
1201 383 1258 410 haec
1276 391 1328 409 non
1342 382 1512 418 principalia,
1528 383 1576 410 sed
1587 390 1765 418 consequen-

978 428 1015 455 tia
1033 429 1120 463 accipi
1135 429 1236 456 debere
1251 434 1355 456 certum
1369 430 1416 456 sit.

1011 473 1037 500 4.
1065 474 1197 506 Quoniam
1220 481 1286 508 ergo
1311 474 1402 500 omnia
1427 482 1488 509 qua:
1513 475 1585 501 facta
1613 479 1691 507 sunt.
1711 482 1764 509 per

977 519 1114 546 Christum
1141 525 1168 547 et
1197 520 1223 546 in
1249 520 1360 546 Christo
1375 520 1446 546 facta
1470 527 1530 547 esse
1545 521 1676 547 dienntur
1690 520 1762 555 (87),

977 565 1051 592 sicut
1067 570 1094 592 et
1109 565 1249 598 apostolus
1274 565 1372 592 Paulus
1398 565 1619 593 manifestissime
1635 566 1764 600 designat

977 611 1090 638 dicens:
1112 610 1267 643 «Quoniam
1296 611 1322 637 in
1347 611 1407 644 ipso
1433 615 1462 637 et
1487 618 1536 644 per
1563 612 1653 644 ipsum
1667 615 1763 638 creata

976 662 1040 682 sunt
1065 657 1168 687 omnia,
1185 657 1242 683 sive
1268 664 1328 689 qua:
1346 656 1372 682 in
1390 657 1459 684 ccelo
1483 661 1556 688 sunt,
1573 656 1632 683 sive
1650 664 1710 690 qua:
1736 657 1764 682 in

977 705 1061 732 terra,
1075 701 1192 728 visibilia
1219 707 1247 728 et
1272 702 1433 733 invisibilia,
1446 703 1502 728 sive
1520 702 1622 734 throni,
1637 702 1695 729 sive
1712 709 1764 736 po-

978 753 1098 779 testates,
1114 749 1172 775 sive
1195 748 1375 782 principatus,
1388 749 1447 775 sive
1467 749 1687 780 dominationes;
1703 755 1766 775 0m-

978 793 1021 818 nia
1040 800 1088 826 per
1103 793 1190 826 ipsum
1203 797 1231 818 et
1251 793 1278 819 in
1294 793 1352 826 ipso
1367 798 1459 819 creata
1474 792 1577 819 sunt".
1592 801 1602 817 ι
1617 792 1672 818 Sed
1687 796 1714 819 et
1733 792 1762 818 in

943 829 963 856 Β
979 837 1127 871 Evangelia
1143 837 1260 864 Ioannes
1277 831 1456 864 nihilominus
1467 836 1563 863 eadem
1574 835 1706 868 ostendit,
1723 836 1766 862 di-

976 890 1040 910 cens
1056 891 1063 910 :
1082 892 1092 908 ι
1104 882 1132 908 1η
1145 883 1278 917 principio
1299 887 1359 909 erat
1385 881 1512 914 Verbum,
1527 886 1555 909 et
1568 881 1684 908 Verbum
1699 885 1764 907 erat

975 929 1046 962 apud
1074 928 1168 960 Deum,
1191 933 1219 955 et
1238 928 1309 955 Deus
1327 932 1389 954 erat
1414 927 1552 959 Verbum;
1578 927 1630 954 hoc
1656 931 1715 953 erat
1734 927 1761 953 in

975 974 1110 1008 principio
1125 973 1197 1008 apud
1213 974 1294 1000 Deum
1308 973 1382 1008 (88);
1399 969 1496 1000 omnia’
1508 981 1556 1007 per
1578 973 1666 1007 ipsum
1682 971 1757 998 facta

976 1025 1050 1051 suttt,
1069 1024 1098 1046 et
1122 1020 1181 1046 sine
1204 1020 1262 1052 ipso
1285 1019 1387 1046 factum
1410 1024 1454 1045 est
1476 1019 1603 1045 nihil“.i
1624 1018 1678 1045 Sed
1690 1022 1718 1044 et
1733 1019 1761 1044 in

976 1065 1081 1099 psalmo
1103 1065 1233 1098 scriptum
1249 1069 1290 1091 est
1303 1065 1365 1098 quia
1383 1064 1497 1091 IOmnia
1522 1064 1549 1091 in
1568 1064 1702 1098 sapientia
1725 1063 1763 1090 ΐο-

977 1110 1080 1137 cisti”.
1095 1119 1104 1135 ι
1122 1109 1192 1142 Quia
1208 1117 1273 1144 etgo
1285 1110 1414 1136 Christus
1431 1111 1503 1136 sicut
1520 1109 1639 1137 Verbum
1664 1114 1693 1136 et
1715 1116 1761 1136 sa-

977 1156 1079 1190 pientia
1095 1160 1149 1188 est,
1165 1156 1202 1182 ita
1217 1156 1298 1182 etiam
1319 1155 1426 1190 justiti:
1449 1161 1501 1187 est,
1515 1163 1687 1190 consequens
1701 1157 1762 1183 sine

977 1201 1059 1228 dubio
1071 1200 1134 1231 erit.
1151 1206 1179 1227 ut
1206 1208 1237 1227 ea
1259 1208 1319 1235 quae
1341 1202 1367 1227 in
1392 1200 1480 1228 Verbo
1494 1206 1522 1228 et
1538 1201 1672 1236 sapientia
1688 1201 1760 1228 facta

978 1251 1052 1277 sunt,
1069 1246 1151 1272 etiam
1170 1253 1201 1272 ea
1219 1246 1246 1272 in
1258 1246 1363 1279 jnstitta
1386 1253 1446 1280 qua
1471 1252 1513 1274 est
1535 1247 1675 1279 Christus,
1691 1247 1762 1274 I'acta

978 1299 1039 1319 esse
1062 1291 1189 1318 dicantur
1204 1292 1275 1325 (89);
1290 1292 1361 1326 quod
1379 1293 1485 1319 scilicet
1501 1291 1528 1318 in
1547 1292 1589 1318 his
1604 1299 1666 1326 qua:
1689 1292 1761 1319 facta

977 1342 1052 1370 sunt,
1070 1338 1137 1364 nihil
1158 1339 1298 1372 injuslum.
1318 1338 1383 1364 nihil
1400 1338 1542 1365 fortuitum
1563 1339 1702 1369 videatur,
1715 1339 1761 1365 sed

976 1384 1066 1410 omnia
1076 1384 1111 1410 ila
1120 1391 1180 1410 esse
1191 1389 1219 1410 ul
1227 1384 1364 1417 aequitatis
1373 1392 1404 1410 ac
1416 1385 1529 1418 justitire
1544 1384 1635 1415 regula
1646 1385 1762 1419 expetit,

978 1430 1136 1458 doceantur.
1150 1430 1292 1463 Quomodo
1306 1437 1370 1463 ergo
1383 1435 1455 1456 tanta
1466 1430 1516 1456 ista
1531 1437 1620 1457 rerum
1629 1431 1762 1463 varicus,

147 1473 209 1500 dam
225 1475 356 1500 immanes
367 1478 395 1500 et
415 1473 476 1505 feri,
494 1474 540 1499 alii
554 1473 685 1501 mitiores.
702 1473 733 1500 Et
747 1474 856 1508 quidant
868 1475 927 1508 qui-
939 1491 962 1519 Ω
980 1481 1108 1510 tantaque
1122 1477 1264 1503 diversitas
1286 1476 1435 1509 justissima
1457 1482 1484 1503 et
1509 1477 1665 1511 aequissima
1678 1478 1764 1512 possit

148 1519 209 1545 dem
227 1519 331 1552 legibus
356 1519 557 1553 probatissimis
573 1524 696 1551 utuntur,
717 1519 763 1545 alii
782 1519 923 1546 vilioribus

148 1564 192 1591 vel
214 1565 409 1599 asperioribus,
422 1564 468 1591 alii
489 1571 596 1598 quoque
611 1565 766 1592 inhumanis
782 1569 810 1592 et
832 1565 929 1592 lerinis

148 1611 235 1645 magis
250 1610 370 1637 moribus
393 1617 474 1644 quam
491 1610 600 1645 legibus
619 1615 743 1637 utuntur.
762 1610 795 1636 Et
817 1611 928 1644 quidam

147 1657 256 1690 quidem
280 1656 372 1682 statim
390 1657 425 1682 ab
448 1656 526 1682 initio
544 1656 698 1682 nativitatis
713 1663 769 1683 suae
783 1656 929 1682 humilian-

148 1706 204 1733 tur,
222 1705 250 1728 et
266 1701 381 1734 subjecti
397 1706 471 1733 sunt,
500 1709 532 1728 ac
556 1701 694 1728 serviliter
707 1702 868 1733 educantur,
886 1701 928 1728 vel

148 1747 200 1774 sub
212 1747 341 1779 dominis,
358 1747 399 1774 vel
414 1749 466 1774 sub
489 1747 660 1781 principibus
674 1747 766 1781 positi,
784 1747 825 1773 vel
839 1751 930 1782 tyran-

147 1794 203 1825 nis,
215 1794 264 1821 alii
284 1801 350 1821 vero
375 1793 489 1821 liberius
503 1799 531 1820 et
549 1793 738 1821 rationabilius
763 1793 928 1824 educantur,

148 1840 195 1867 alii
206 1840 281 1867 sanis
293 1840 463 1874 corporibus,
480 1839 601 1866 nonnulli
615 1839 697 1873 agris
709 1839 802 1866 statim
813 1847 828 1865 a
842 1839 929 1874 prima

146 1891 237 1917 astate.
254 1886 299 1912 alii
323 1885 392 1915 visu.
406 1884 452 1911 alii
486 1885 579 1911 auditu
591 1889 619 1911 et
638 1892 705 1912 voce
726 1885 844 1919 decepti,
862 1892 931 1911 non-

147 1933 213 1960 nulli
232 1934 269 1959 ita
294 1933 362 1965 nati,
387 1931 433 1958 alii
460 1931 550 1957 statim
570 1935 630 1964 post
649 1931 817 1957 nativitatem
840 1930 931 1964 hujus-

147 1979 251 2006 cemodi
267 1978 390 2006 sensibus
411 1977 587 2008 defraudati,
603 1977 646 2003 vel
668 1981 742 2003 certe
759 1976 815 2010 jam
837 1976 928 2003 adulta

147 2029 227 2051 atate
243 2024 295 2051 tale
309 2023 410 2058 aliquid
429 2023 514 2056 passi.
529 2022 563 2048 Et
575 2021 639 2056 quid
653 2021 736 2048 refert
750 2021 875 2048 evolvere
887 2028 930 2048 me

149 2077 243 2096 omnes
266 2075 349 2103 atque
368 2076 529 2096 enumerare
542 2069 725 2095 humanarum
739 2068 833 2095 clades
847 2069 929 2094 mise-

151 2115 264 2145 riarum,
277 2122 292 2140 a
308 2115 406 2148 quibus
421 2114 466 2140 alii
480 2114 571 2146 liberi,
587 2114 633 2140 alii
649 2113 762 2140 involuti
774 2119 848 2145 sunt,
865 2120 928 2140 cmn

979 1521 1104 1556 intelligi,
1121 1527 1213 1549 certus
1232 1529 1292 1548 sntn
1314 1521 1433 1549 humano
1452 1521 1557 1556 ingenio
1573 1522 1613 1549 vel
1636 1530 1764 1550 sermone

978 1567 1106 1600 explicari
1116 1574 1168 1594 non
1177 1574 1264 1600 posse.
1273 1567 1323 1593 nisi
1335 1567 1421 1601 ipsum
1433 1567 1547 1594 Verbum
1557 1575 1588 1594 ac
1597 1569 1762 1601 sapientiam

978 1618 1007 1639 et
1018 1613 1153 1646 justitiam
1165 1613 1210 1646 qui
1223 1617 1265 1638 Cal
1278 1613 1434 1646 unigenitus
1451 1612 1536 1639 Filius
1551 1613 1608 1643 Dei,
1624 1613 1761 1647 prostrati

979 1665 1011 1685 ac
1037 1658 1174 1692 supplices
1199 1659 1387 1692 deprecemur,
1412 1659 1457 1692 qui
1481 1666 1529 1693 per
1551 1659 1667 1693 gratiam
1686 1667 1763 1687 suam

979 1704 1104 1731 sensibus
1126 1711 1156 1730 se
1176 1704 1278 1730 nostris
1290 1703 1444 1735 infundens,
1459 1704 1575 1730 obscura
1592 1703 1762 1735 illuminare,

980 1750 1070 1776 clausa
1085 1749 1251 1783 patefacere.
1264 1749 1438 1783 pandereqne
1462 1749 1588 1782 dignetur
1600 1757 1704 1776 arcana
1721 1750 1763 1777 :si

981 1799 1072 1820 tamen
1098 1794 1269 1820 inveniamur
1287 1798 1340 1819 tam
1358 1793 1437 1827 digne
1452 1792 1509 1828 (90)
1532 1793 1574 1819 vel
1599 1798 1707 1827 petere,
1720 1793 1763 1820 vel

979 1846 1111 1874 quatere,
1124 1839 1165 1865 vel
1179 1838 1296 1872 pulsare,
1312 1843 1341 1864 ut
1356 1838 1398 1864 vel
1417 1843 1538 1871 petentes
1557 1840 1687 1873 accipere
1704 1847 1763 1866 me-

979 1893 1101 1916 reamur,
1126 1884 1167 1910 vel
1188 1887 1342 1916 quaerentes
1367 1883 1501 1915 invenire,
1527 1883 1570 1914 vel
1588 1885 1763 1918 pulsantibus

977 1931 1106 1965 iubeatur
1129 1930 1238 1963 aperiri.
1266 1929 1324 1955 Non
1349 1937 1415 1963 ergo
1432 1929 1493 1956 freti
1518 1932 1614 1965 nostro
1641 1931 1762 1965 ingenio.

980 1977 1027 2004 sed
1044 1976 1130 2011 ipsius
1146 1976 1288 2009 sapientia:
1302 1976 1405 2002 auxilio
1421 1983 1481 2010 qua:
1503 1967 1722 2008 ferlfuniversa,
1737 1981 1764 2003 et

977 2023 1091 2058 jnstitiaa
1104 2022 1162 2056 ejus
1174 2029 1257 2056 quam
1270 2021 1358 2048 inesse.
1379 2022 1514 2049 creaturis
1527 2023 1656 2049 omnibus
1674 2022 1764 2050 credi-

979 2076 1052 2100 mus,
1066 2068 1174 2094 interim
1191 2067 1298 2094 etiamsi
1311 2074 1437 2094 asserere
1455 2074 1507 2093 non
1521 2068 1659 2100 valemus,
1681 2068 1765 2102 ipsius

983 2118 1072 2140 tamen
1087 2113 1184 2140 conﬁsi
1203 2113 1392 2139 misericordia
1419 2112 1558 2146 inquirere
1581 2114 1764 2147 perscrutari-

149 2161 236 2196 possit
249 2161 434 2194 unusquisque
447 2159 530 2186 etiam
548 2159 618 2193 apud
639 2159 814 2192 semetipsum
839 2159 929 2186 consi-
946 2159 967 2185 Ι)
981 2167 1034 2194 qne
1046 2159 1210 2187 tentabimus
1223 2159 1359 2192 quontodo
1376 2158 1426 2185 ista
1444 2163 1520 2185 tanta
1535 2159 1655 2186 varietas
1670 2159 1764 2187 mandi

149 2207 246 2233 derare
264 2206 297 2232 de
317 2205 360 2232 his
381 2205 498 2238 singulis
519 2209 602 2238 atque
614 2203 801 2238 perpendere!
817 2203 887 2230 Sunt
900 2209 929 2231 et

148 2252 272 2287 quadam
299 2250 449 2277 invisibiles
475 2251 601 2281 virtutes,
632 2249 731 2282 quibus
758 2256 820 2283 qua:
849 2256 929 2283 super

150 2303 253 2326 terram
275 2302 350 2328 sunt,
371 2295 550 2330 dispensanda
564 2295 711 2322 commissa
734 2299 816 2326 sunt;
834 2299 862 2321 et
875 2302 929 2321 non

149 2351 234 2380 parva
249 2344 334 2371 etiam
349 2343 376 2370 in
401 2342 466 2377 ipsis
478 2341 631 2369 ditl’erentia
646 2341 781 2368 credenda
793 2345 844 2374 est,
859 2341 931 2368 sicut

183 2414 235 2442 ⁸³1
256 2415 319 2442 Cor.
340 2421 389 2447 xv,
418 2414 464 2441 ιι.
500 2410 637 2438 “Coloss.
654 2418 672 2441 ι,
695 2410 738 2437 l6.
774 2409 798 2426 ⁸³
817 2409 928 2442 Joan.t,
947 2409 972 2441 l,

185 2484 243 2518 (82)
258 2484 325 2521 Yide
337 2483 356 2510 I.
368 2491 388 2511 II
415 2482 582 2521 Qrigeniutt.,
594 2489 623 2521 ᾳ.
639 2481 683 2521 ις,
696 2489 724 2508 ιι.
847 2515 852 2521 ι

185 2517 241 2556 (83)
258 2519 368 2556 Priores
391 2519 528 2546 editiones
553 2517 684 2544 omittunt
698 2525 707 2542 ι
718 2517 760 2542 vel
778 2517 899 2550 parcius,
912 2525 923 2541 ι

148 2554 222 2590 quod
232 2554 346 2590 habetur
361 2554 388 2580 in
402 2560 470 2579 mss.
623 2586 630 2590 _
644 2586 651 2590 _
686 2585 693 2590 _
705 2585 713 2590 .

184 2590 242 2625 (84)
254 2588 346 2625 Διὶιθ
357 2597 368 2614 ι
379 2595 462 2621 supra
477 2591 578 2614 terram
587 2586 632 2614 vel
644 2586 672 2613 in
686 2585 730 2614 bis
744 2592 804 2620 qua
814 2585 922 2613 inferiJ

150 2624 203 2651 Sed
221 2631 285 2650 mss.
298 2624 367 2651 utin
385 2628 478 2649 nostro
490 2628 575 2649 textu.

186 2659 242 2693 (85)
260 2659 306 2685 Sic
318 2666 384 2686 mss.
401 2658 488 2689 Alias,
505 2666 514 2681 ι
526 2657 639 2693 inclyta.
652 2663 663 2682 ι

185 2690 243 2729 (86)
259 2693 344 2724 Alias,
364 2703 373 2718 ι
386 2693 542 2729 claritate.)
557 2690 642 2729 Paulo
652 2694 714 2729 post
729 2698 808 2729 mss..
824 2690 872 2729 (id
888 2694 930 2717 est

151 2726 222 2756 inter
235 2729 385 2755 homines.i
403 2726 481 2753 ιλιι).
499 2727 575 2759 editi,
590 2736 600 2753 ι
613 2728 683 2754 sicut
695 2726 765 2753 inter
776 2726 925 2752 hominesa

150 2763 243 2826 de(sli)
257 2763 303 2790 Sic
318 2770 384 2792 mss.
395 2762 482 2798 Alias,
499 2770 508 2788 ι
520 2763 715 2798 quomodo.....
733 2761 803 2789 facta
815 2768 876 2788 esse
887 2761 927 2787 vi-

185 2807 201 2824 ιι
217 2805 277 2824 ιιι.»

185 2803 258 2824 ιιιιιτ.
265 2805 277 2824 1

982 2210 1062 2240 atque
1074 2205 1229 2236 diversitas,
1240 2204 1316 2230 otnni
1330 2204 1438 2238 justitia
1453 2211 1486 2230 ac
1505 2205 1613 2231 ratione
1625 2204 1683 2238 (9t)
1697 2212 1764 2232 con-

982 2256 1055 2278 stare
1077 2251 1212 2278 vidcatur.
1227 2250 1370 2276 Rationem
1391 2255 1482 2277 autem
1495 2250 1556 2276 dico
1570 2250 1705 2276 duntaxat
1717 2257 1763 2284 ge-

983 2296 1123 2327 neralem;
1141 2303 1203 2322 nam
1227 2295 1370 2329 specialem
1395 2294 1577 2329 singulorum,
1591 2299 1620 2321 et
1642 2300 1766 2329 quareve

983 2341 1098 2376 imperiti
1111 2346 1164 2374 est,
1177 2346 1204 2367 et
1217 2340 1329 2367 reddere
1341 2339 1409 2367 Velle
1422 2339 1555 2367 dementis
1569 2344 1624 2366 est.

984 2408 1012 2435 Ξ.
1050 2409 1074 2424 ⁸³
1093 2409 1164 2435 Psal.
1180 2415 1240 2440 cut,
1258 2407 1306 2435 ﬂ.

1014 2480 1069 2515 (88)
1080 2478 1113 2507 In
1124 2481 1323 2515 nrincipioieral
1335 2479 1447 2506 Verbum
1460 2484 1484 2505 et
1500 2477 1612 2515 Verbum
1624 2484 1682 2506 erat
1697 2481 1765 2514 apud

979 2515 1073 2547 Deum,
1081 2522 1104 2541 et
1115 2516 1183 2542 Deus
1191 2522 1246 2542 erat
1259 2514 1370 2540 Verbum
1379 2522 1388 2540 :
1398 2515 1446 2539 hoc
1453 2519 1507 2540 erat
1517 2514 1544 2539 t'tv
1552 2515 1686 2547 principio
1698 2522 1764 2547 apud

980 2551 1074 2576 Deum.
1096 2550 1158 2577 Htee
1175 2551 1367 2577 desiderantur
1385 2549 1413 2575 in
1437 2549 1574 2581 prioribus
1586 2549 1764 2582 editionibua,

980 2585 1044 2612 licet
1058 2586 1209 2612 habeantur
1222 2585 1249 2611 in
1262 2584 1389 2610 omnibus
1400 2590 1467 2610 mss.

1016 2620 1072 2653 (89)
1091 2620 1137 2646 Sic
1149 2627 1215 2648 mss.
1233 2619 1317 2649 Alias,
1335 2627 1343 2643 ι
1356 2618 1438 2644 etiam
1462 2623 1495 2644 ea
1517 2617 1625 2651 iustitia
1649 2625 1712 2653 qua:
1726 2621 1767 2646 est

982 2654 1010 2681 in
1024 2654 1135 2681 Christo
1151 2655 1220 2681 facta
1235 2660 1296 2680 esse
1313 2653 1452 2680 dicantur.
1465 2660 1476 2677 ι

1028 2689 1074 2721 90)
1092 2690 1170 2719 Mss.,
1180 2689 1364 2720 ttamdigne.’
1377 2686 1454 2713 ιλιι).
1467 2686 1546 2720 editi,
1561 2696 1572 2712 ι
1583 2694 1645 2714 eam
1658 2687 1763 2722 digne.)

1028 2694 1074 2721 νυ)
1092 2694 1170 2719 mss..
1180 2694 1364 2720 lllmdlﬂlle.)
1377 2694 1454 2713 uno.
1467 2694 1546 2720 eum,
1561 2696 1572 2712 ι
1583 2694 1645 2714 eam
1658 2694 1763 2722 digne.»

1018 2694 1076 2758 (9|)
1092 2724 1136 2750 Sic
1153 2729 1226 2750 recte
1241 2730 1306 2750 mss.
1323 2722 1407 2752 Alias,
1427 2729 1436 2746 ι
1448 2723 1570 2748 omnium
1585 2722 1702 2755 justitiie
1725 2730 1766 2758 reg

984 2760 1068 2785 tione.
1083 2768 1094 2784 ι
1121 2758 1206 2785 Paulo
1230 2762 1292 2792 post.
1320 2764 1397 2786 mss..
1417 2762 1467 2792 tet
1489 2764 1615 2790 quaerere
1647 2757 1765 2790 imperiti

984 2798 1052 2821 est.»
1072 2793 1161 2827 Alias,
1176 2802 1186 2818 ι
1196 2791 1365 2827 διήκει-εκ
1378 2791 1512 2818 rationem
1530 2792 1677 2826 imperitia:
1694 2798 1761 2819 eam
