1860 3073
98 123 146 148 22‘.)

99 125 146 149 22‘.)
764 125 856 152 LIBER

952 126 1077 155 UNDUS.

1669 135 1721 164 230

130 182 157 209 5.
172 182 332 210 Dicentihus
349 187 438 211 autem
453 184 531 212 nobis
549 185 678 212 mundttm
692 185 775 213 istum
788 187 815 213 in
828 187 880 214 hac
895 189 918 219 Α
934 193 1030 215 natura
1047 189 1144 216 animm
1165 189 1199 221 ad
1215 194 1323 224 gentem
1346 191 1446 219 malam
1464 191 1629 227 destinetur,
1647 195 1719 224 bona

99 229 227 256 varietate
252 229 384 263 positum,
412 238 464 264 qua
498 239 578 265 supra
603 233 777 266 exposuimus
796 241 810 260 a
827 233 881 261 Deo

99 275 205 308 factum,
222 282 305 309 quem
327 275 411 302 Deum
437 281 464 303 et
487 277 586 304 bonum
611 282 637 305 et
663 278 767 312 justum
801 285 881 314 atque

97 323 280 355 aequissimum
302 324 428 356 dicimus,
444 324 562 358 objicere
587 326 638 353 hoc
659 327 766 361 plurimi
782 329 880 361 solent,

98 375 122 396 et
137 368 162 395 hi
189 370 312 396 maxime
335 371 381 405 qui
406 379 439 398 ex
460 371 552 398 schola
571 371 727 404 Marcionis,
741 377 767 400 et
783 373 880 400 Valen-

98 415 153 446 tini,
169 419 198 440 et
215 415 343 442 Basilides
358 417 508 448 venientes,
523 417 667 447 audierunt
682 418 737 453 (92)
758 419 880 447 diversas

96 465 151 484 esse
166 463 282 485 naturas
295 459 447 486 animarum
463 461 736 496 :quomodojnstitiae
751 463 795 490 Dei
811 472 877 491 con-

96 503 182 530 veniat.
198 505 332 530 mundum
350 505 485 538 facientis,
503 512 530 533 ut
547 507 731 534 habitaculum
744 509 805 536 aliis
818 511 878 544 qui-

95 548 152 575 dem
170 549 195 575 in
212 549 292 576 ccelis
308 550 438 583 praebeat,
453 556 480 578 et
496 559 548 578 non
567 553 654 579 solum
677 553 719 580 his
734 554 877 582 habitacu-

97 594 146 620 lum
164 594 264 621 melius
277 601 398 629 prazstet,
417 604 510 623 verum
534 597 617 624 etiam
633 599 744 633 gradum
758 600 876 634 aliquem

94 641 232 669 celsiorem
256 643 529 678 spectabilioremque
545 645 600 680 (95)
615 646 758 679 concedat,
775 647 878 681 princi-

94 693 180 722 patum
201 689 263 715 aliis
285 689 435 724 indulgeat.
457 690 518 717 aliis
535 696 695 725 potestates,
712 693 875 720 dominatio-

94 741 139 760 nes
163 741 272 768 quoque
295 735 360 762 aliis
383 735 495 767 tribuat,
512 737 572 763 aliis
597 738 781 771 amplissimas
797 740 874 766 sedes

93 779 241 806 caelestium
264 781 443 808 tribunalium
462 787 582 816 prrcstet,
598 783 721 810 elueeant
740 785 785 812 alii
806 786 873 812 ruti-

93 823 198 853 lantins.
215 829 242 851 et
255 831 403 852 coruscent
427 826 530 860 fulgore
546 827 668 861 sidereo;
686 828 747 855 aliis
766 830 802 855 sit
815 830 873 864 glo-

94 870 129 896 ria
153 871 229 902 solis,
259 871 322 898 aliis
350 871 434 906 gloria
464 873 544 905 lunze,
576 874 638 900 aliis
661 875 744 909 gloria
775 876 870 903 stella-

94 922 147 941 rum
159 914 229 950 (94);
246 916 324 943 stella
349 924 363 943 a
382 917 456 944 stella
475 917 500 944 in
514 917 597 952 gloria
613 918 767 953 dill‘erat’“;
786 926 824 952 et,
843 926 871 948 nt

94 960 166 987 simul
180 969 210 988 ac
229 962 353 988 breviter
370 966 454 989 totum
469 963 568 995 dicam,
584 965 606 991 si
619 967 733 993 creatori
751 966 805 993 Deo
822 975 871 994 nec

93 1006 211 1033 voluntas
240 1008 341 1034 summi
369 1008 484 1043 bonique
508 1011 610 1044 operis.
630 1019 679 1039 nec
710 1013 870 1047 perliciendi

94 1050 200 1077 facultas
214 1052 304 1084 deest,
324 1051 388 1086 quid
409 1060 497 1080 causa:
511 1055 643 1082 exsistere
659 1057 757 1090 potuit,
775 1061 805 1083 ut
824 1065 870 1084 na-

94 1100 163 1123 turas
189 1097 367 1125 rationabiles
385 1106 492 1133 ereans,
509 1101 534 1127 id
551 1105 604 1133 est,
619 1102 719 1135 quibus
732 1107 759 1128 nt
775 1107 869 1130 essent

94 1142 145 1175 ipse
162 1143 266 1170 exstitit
296 1151 389 1175 causa,
416 1144 545 1172 celsiores
571 1146 638 1172 alios
663 1146 780 1180 faceret,
796 1148 865 1176 alios

93 1188 212 1220 secundo,
225 1192 271 1215 aut
291 1189 384 1221 tertio,
399 1194 426 1216 et
445 1190 600 1224 multisjam
618 1192 761 1220 inferiores
778 1194 869 1228 gradi-

93 1234 137 1260 bus
159 1235 366 1269 deterioresque
388 1237 562 1270 procrearet?
577 1238 642 1264 Tum
675 1238 773 1266 deinde
802 1239 868 1274 obji-

92 1279 160 1306 ciunt
174 1281 255 1307 etiam
273 1281 308 1307 de
325 1281 366 1308 his
383 1289 443 1316 qum
459 1283 484 1309 in
502 1283 581 1310 terris
599 1288 671 1315 sunt,
698 1285 771 1319 quod
801 1286 863 1313 aliis

93 1326 210 1353 nascendi
223 1334 285 1354 sors
303 1326 408 1353 felicior
424 1328 557 1360 evenerit,
573 1334 601 1355 ut
615 1330 683 1363 quis,
703 1330 776 1356 verbi
799 1339 860 1364 gra-

93 1371 136 1402 tia,
150 1379 182 1401 ex
205 1372 345 1399 Abraham
362 1376 518 1406 generetur,
537 1377 564 1400 et
592 1382 625 1400 ex
650 1375 866 1408 repromissione

92 1422 220 1450 nascatur,
230 1417 302 1445 alius
313 1425 421 1453 quoque
431 1426 464 1445 ex
478 1418 552 1446 Isaac
560 1419 714 1446 etRebecca
722 1419 756 1452 ⁸⁸,
767 1421 867 1455 quique

91 1463 173 1490 adhuc
187 1463 212 1489 in
230 1467 328 1490 ventre
345 1464 447 1497 positus
469 1464 626 1499 supplantat
643 1464 753 1491 fratrem
776 1472 864 1496 suum,

932 239 1022 261 autem
1041 234 1074 261 ad
1098 235 1192 266 bonas,
1211 236 1275 269 quid
1301 237 1374 263 aliud
1399 244 1531 272 superest,
1547 240 1597 267 nisi
1617 245 1645 267 ut
1661 243 1718 269 ror-

933 280 1002 306 tnito
1019 280 1070 307 ista
1084 281 1125 315 agi
1148 285 1278 314 putentur
1292 287 1318 308 et
1336 283 1420 310 casu?
1438 283 1515 317 Quod
1533 286 1626 319 utique
1637 287 1658 314 si
1675 295 1719 315 re-

931 325 1058 359 cipiatur,
1073 326 1130 360 jam
1147 333 1200 354 nec
1217 334 1231 352 a
1257 327 1312 354 Deo
1329 327 1416 355 factus
1441 337 1502 357 esse
1518 332 1646 366 mundus,
1665 341 1717 361 nec

930 378 944 397 a
959 372 1128 405 providentia
1146 372 1204 406 ejus
1223 373 1279 408 regi
1306 375 1442 407 credetur,
1460 380 1487 402 et
1514 383 1717 413 consequenter

932 424 982 443 nec
993 417 1040 444 Dei
1053 417 1188 450 judicium
1204 419 1237 445 de
1253 419 1466 454 uniuscuiusque
1479 423 1561 455 gestis
1576 424 1713 452 videbitur

930 464 1152 496 exspectandum.
1169 463 1196 490 lu
1213 472 1264 498 qua
1283 472 1311 491 re
1333 473 1393 499 qua:
1410 467 1445 493 sit
1459 468 1568 502 quidem
1584 470 1617 496 ad
1635 470 1714 505 liqui-

930 507 993 534 dum
1010 508 1111 534 veritas
1126 516 1229 540 rerum,
1243 509 1316 536 illius
1331 515 1373 536 est
1387 518 1466 539 nosse
1479 512 1564 539 solius
1575 514 1619 548 qui
1635 522 1714 542 scru-

930 558 1003 579 tatur
1018 553 1121 585 Olltttiﬂ,
1139 556 1221 580 etiam
1241 555 1293 580 alta
1309 555 1396 582 Dei“.

965 599 991 626 6.
1007 599 1062 627 Nos
1080 607 1143 626 vero
1160 600 1235 634 qttasi
1262 601 1385 628 homines
1401 602 1445 637 (ne
1466 603 1652 631 haereticorum
1670 605 1711 632 in-

927 643 1069 671 solentiam
1095 638 1232 671 reticendo
1251 646 1424 681 nutriamus),
1447 655 1507 682 quae
1535 657 1583 682 pro
1609 650 1712 678 viribus

908 697 910 700 ‘
927 690 1027 716 nostris
1038 697 1182 716 occurrere
1199 691 1275 717 nobis
1286 697 1408 725 possunt,
1429 693 1461 719 ad
1482 701 1513 720 ea
1540 703 1600 728 qua:
1617 697 1712 722 obleu-

926 735 1033 766 derttnt,
1051 736 1101 762 hoc
1123 737 1202 762 modo
1219 737 1450 770 respondebimus.
1475 738 1577 765 Bonum
1606 748 1666 768 esse
1684 745 1712 768 et

922 779 1023 813 justum
1039 785 1066 807 et
1077 781 1291 815 omnipotentem
1310 781 1394 808 Deum
1422 788 1573 811 creatorem
1594 778 1709 813 ‘univer-

925 834 1027 857 sorum,
1044 827 1143 860 quibus
1164 826 1297 854 valuimus
1317 835 1350 854 ex
1372 827 1471 856 divinis
1491 830 1640 865 Scriptnris
1663 840 1708 858 as-

924 872 1088 899 sertionibus
1117 872 1273 907 frequenter
1306 875 1482 902 ostendimus.
1514 875 1563 903 llic
1590 884 1652 903 cum
1681 877 1708 904 in

922 918 1055 952 princiuio
1076 924 1183 945 crearet
1204 927 1235 946 ea
1257 927 1318 953 qum
1337 928 1430 947 creare
1446 921 1527 948 voluit
1543 923 1609 957 (98).
1626 923 1651 950 id
1666 929 1708 951 est.

923 964 1098 991 rationabiles
1112 971 1232 996 naturas,
1255 965 1355 992 nullam
1382 967 1476 993 habuit
1492 968 1571 994 aliatn
1597 970 1706 997 creandi

922 1017 1030 1036 causam
1043 1010 1092 1036 nisi
1110 1015 1219 1044 propter
1235 1011 1351 1045 seipsum
1366 1012 1436 1046 (99),
1455 1012 1480 1039 id
1499 1018 1540 1039 est
1556 1013 1703 1041 bonitatem

921 1061 1009 1081 suam.
1025 1054 1090 1088 Quia
1110 1063 1173 1089 ergo
1197 1062 1290 1082 e0rum
1312 1064 1372 1090 qua:
1395 1058 1509 1083 ereauda
1534 1063 1620 1089 erant.
1649 1059 1707 1094 ipse

922 1100 1024 1126 eXstitit
1039 1107 1120 1127 causa
1138 1109 1144 1127 :
1163 1101 1188 1127 in
1205 1109 1259 1134 quo
1284 1108 1370 1135 neque
1394 1102 1511 1129 varietas
1531 1103 1632 1138 aliqua,
1656 1112 1705 1132 ne-

920 1153 972 1179 que
987 1146 1160 1179 permutatio,
1178 1146 1476 1180 nequeimpossibilitas
1493 1147 1593 1180 inerat,
1614 1156 1705 1183 mqua-

919 1190 958 1216 Ies
987 1191 1092 1216 creavit
1114 1190 1156 1225 (l)
1183 1198 1280 1217 omnes
1303 1198 1335 1218 ae
1372 1192 1474 1219 similes
1500 1200 1569 1226 quos
1590 1195 1703 1225 creavit,

919 1237 1017 1271 quippe
1031 1244 1091 1263 cmn
1109 1237 1182 1263 nulla
1205 1237 1229 1263 ei
1245 1244 1325 1264 causa
1341 1238 1481 1265 varietatis
1495 1246 1525 1265 ac
1539 1239 1704 1268 diversitatil

919 1283 1075 1308 exsisteret.
1092 1281 1193 1309 Verum
1210 1282 1336 1316 qttoniam
1351 1284 1527 1311 rationabiles
1544 1285 1607 1318 ipsa:
1627 1293 1704 1312 crea—

918 1330 998 1358 tum,
1022 1327 1090 1353 sicttt
1112 1326 1269 1360 frequenter
1297 1328 1474 1360 ostendimus,
1497 1333 1524 1355 et
1539 1329 1564 1355 in
1580 1329 1638 1356 loco
1653 1336 1703 1356 suo

919 1371 1099 1398 nihilominus
1127 1373 1310 1405 ostendemus,
1328 1373 1433 1399 arbitrii
1454 1373 1582 1400 facultate
1597 1374 1703 1401 donata:

918 1420 998 1448 sunt:
1013 1416 1123 1444 libertas
1134 1425 1355 1452 unumquemque
1372 1419 1411 1454 (2)
1428 1419 1574 1446 voluntatis
1590 1427 1644 1447 sua:
1658 1420 1701 1447 vel

917 1462 950 1488 ad
965 1462 1113 1496 profectum
1130 1471 1177 1497 per
1197 1463 1374 1491 imitationem
1400 1465 1444 1491 Dei
1467 1466 1623 1498 provocavit
1650 1465 1701 1502 (5),

91 1512 115 1534 et
130 1512 269 1542 antequam
287 1513 427 1540 nascatur,
445 1509 518 1543 diligi
529 1510 628 1536 dicitur
642 1517 656 1536 a
674 1510 738 1537 Deo.
753 1509 797 1537 Vel
815 1511 865 1538 hoc
878 1519 900 1548 α
916 1508 958 1535 vel
973 1508 1006 1534 ad
1025 1508 1159 1536 defectum
1180 1517 1228 1543 per
1257 1509 1450 1544 negligentiam
1479 1510 1570 1536 traxit.
1590 1511 1623 1537 Et
1645 1511 1701 1539 lucc

91 1554 171 1588 ipsutn
183 1554 236 1590 (95)
249 1555 374 1588 omnino,
385 1555 456 1589 quod
470 1554 497 1582 in
514 1554 636 1582 Hebraeis
653 1556 714 1590 quis
731 1556 862 1590 nascitur,

91 1602 154 1634 apud
168 1608 232 1635 quos
252 1601 436 1628 eruditionem
452 1601 550 1627 divina:
563 1600 777 1634 legisinveniat;
794 1601 865 1628 alius

91 1653 149 1673 vero
165 1646 232 1680 apud
245 1646 357 1673 Graecos
374 1651 401 1673 et
411 1646 484 1680 ipsos
498 1646 647 1680 sapientes,
664 1651 692 1673 et
705 1654 758 1674 non
772 1654 863 1680 parvae

92 1691 240 1718 eruditionis
273 1691 399 1717 homines
416 1709 424 1723 ,
454 1690 511 1725 99
532 1690 588 1725 jam
614 1698 679 1718 vero
697 1690 768 1718 alius
792 1691 863 1725 apud

92 1736 234 1771 Ethiopes,
266 1737 368 1771 quibus
397 1737 468 1763 vesci
496 1736 552 1772 (96)
584 1736 710 1763 humanis
736 1737 864 1764 carnibus

92 1791 149 1811 usus
161 1789 218 1818 est;
237 1788 286 1810 aut
299 1783 371 1818 apttd
386 1782 502 1817 Scythas
523 1783 593 1816 apud
608 1789 676 1816 quos
689 1783 863 1817 parricidium

92 1830 160 1863 quasi
177 1837 207 1856 ex
224 1829 284 1864 lege
311 1829 435 1863 geritur;
456 1827 499 1854 vel
525 1828 596 1862 apud
612 1827 730 1859 Tauros.
748 1828 793 1854 ubi
815 1828 863 1854 ho-

92 1874 166 1908 spites
182 1874 369 1901 immolantur.
384 1872 466 1899 Aiunt
483 1878 548 1906 ergo
564 1872 643 1899 nobis
658 1879 666 1898 :
682 1872 710 1899 Si
729 1873 786 1899 [nec
806 1876 862 1898 tan-

94 1926 116 1946 ta
130 1928 213 1947 rerutn
234 1920 394 1951 diversitas,
415 1919 599 1953 nasoendiqne
614 1919 733 1946 conditio
751 1923 804 1945 tam
817 1925 863 1944 va-

93 1965 137 1998 ria,
159 1970 268 2000 tamque
293 1965 410 1998 diversa,
428 1965 455 1991 in
469 1972 523 1999 qua
538 1971 620 1992 causa
637 1965 730 1998 utique
749 1963 862 1990 facultas

93 2010 161 2038 liberi
173 2011 276 2038 arbitrii
295 2011 383 2038 locutu
402 2018 455 2037 non
471 2011 551 2037 habet
564 2012 628 2042 (non
646 2009 717 2036 enitn
730 2010 790 2043 quis
806 2009 863 2042 ipse

93 2057 138 2085 sibi
153 2058 233 2093 eligit,
248 2057 293 2085 vel
311 2057 366 2091 ubi,
382 2056 424 2083 vel
439 2057 508 2091 apud
534 2064 613 2091 quos,
626 2055 668 2083 vel
685 2063 739 2089 qua
763 2055 859 2082 condi-

95 2103 159 2131 tione
184 2102 381 2138 nascatur);si
397 2111 473 2137 ergo,
491 2103 626 2136 inquiunt,
644 2101 695 2128 hoc
716 2100 863 2128 nontaeit

93 2153 186 2177 natum
208 2149 354 2177 diversitas
373 2149 525 2176 auitttarum
543 2146 610 2183 (97).
622 2147 649 2174 id
668 2151 721 2179 est,
741 2149 771 2172 ut
784 2144 855 2172 mala

123 2232 143 2248 “
157 2232 235 2267 l_Cor.
246 2240 294 2266 xv,
308 2232 353 2260 41.
390 2232 413 2248 ⁸⁸
428 2231 496 2260 Gen.
510 2232 582 2258 xxv.‘
611 2230 634 2246 ’³⁸
651 2230 661 2258 ι
674 2230 738 2258 Cor.
753 2237 783 2263 lt,
797 2229 844 2257 10.-

125 2303 174 2338 (92)
188 2304 224 2332 Ita
241 2311 309 2331 mss.
321 2303 405 2335 Alias,
423 2312 433 2328 ι
449 2306 587 2330 asserunt.
601 2312 610 2328 ι

124 2335 176 2373 (95)
189 2338 418 2377 Prwstet,___verum
434 2339 522 2377 etinnl
541 2337 651 2377 quidam
666 2337 781 2377 aliquem
797 2335 857 2377 fel-

96 2371 469 2411 tierent_spectobilioremque.
495 2371 638 2404 Sie'mssi;
666 2373 692 2398 in
719 2371 858 2411 prioribus

97 2405 246 2436 editionibus
269 2409 345 2435 deest
364 2417 374 2433 ι
385 2405 504 2442 pra-stet,
519 2416 527 2432 ι
541 2411 569 2434 et
593 2415 640 2441 pro
662 2415 670 2431 t
683 2405 858 2441 spcctabilio-

98 2449 178 2482 mihi
193 2443 288 2482 legitur
304 2452 313 2468 ι
323 2443 538 2482 spectaculum.)
616 2479 620 2482 _
778 2475 794 2482 Α.

128 2477 178 2512 (9i)
192 2475 234 2505 Sil:
259 2486 325 2505 mss.
338 2475 431 2508 ’Alias,
449 2486 458 2502 ι
470 2481 497 2504 et
517 2476 623 2502 luceant
636 2483 643 2502 :
655 2475 717 2512 aliis
743 2475 858 2512 rutilan-

99 2510 356 2542 tiam,'etcoruscent
382 2512 485 2546 fulgore
501 2511 618 2538 sidereo.
636 2511 696 2538 Alia
721 2512 756 2538 sit
772 2510 858 2545 gloria

98 2545 226 2586 solliAszAalia
240 2547 318 2586 lunae,
335 2545 555 2586 aliastellarunlr.
565 2554 575 2571 ι
677 2580 683 2586 _
695 2581 702 2586 _
722 2580 727 2586 _
803 2579 809 2586 _

128 2580 178 2616 (95)
192 2581 246 2616 Hoc
257 2583 355 2615 ipsum.
371 2581 417 2609 Sic
432 2590 498 2608 mss.
515 2580 600 2612 Alias,
618 2589 627 2605 ι
639 2580 702 2614 quid
722 2580 774 2606 hoc
789 2580 833 2607 sit.
846 2588 856 2616 ξ

128 2614 178 2649 (96)
203 2615 282 2643 Vesci.
306 2617 386 2644 Deest
404 2616 430 2643 in
455 2616 591 2651 prioribus
611 2615 787 2646 editiouibus,
812 2614 859 2642 sed

100 2647 315 2689 habeturintnss.
388 2686 412 2689 __
455 2647 462 2651 ’
509 2684 531 2689 __
728 2683 735 2689 _
809 2683 839 2689 ν,

129 2685 177 2720 (97)
196 2686 363 2718 Animarum,
385 2686 412 2712 id
436 2691 484 2713 est.
509 2684 570 2712 Haec
593 2691 699 2719 quoque
717 2683 817 2720 desunt
832 2683 859 2710 in

99 2717 155 2747 libb.
166 2717 237 2746 antea
248 2721 337 2753 editis,
349 2717 394 2749 sed
407 2721 542 2748 habentur
552 2721 578 2746 in
590 2717 767 2746 thssIlliidem
781 2726 856 2749 mss.,

100 2753 186 2814 l«mitem
197 2760 283 2781 autem
301 2757 335 2783 ad
351 2758 446 2783 bonas.
463 2765 472 2781 ι
488 2755 575 2792 Alias,
588 2763 610 2789 (ι
633 2755 702 2782 bona
720 2759 809 2781 autem
825 2753 858 2780 ad

131 2795 181 2814 nos.
195 2797 204 2813 ι

131 2795 181 2815 I108.
195 2797 204 2813 ι

131 2823 180 2857 (98)
192 2822 253 2852 Vide
267 2826 284 2852 l.
299 2833 317 2852 tt
331 2824 496 2860 0rigenian.,
513 2832 540 2858 q.
558 2823 603 2857 η,
619 2831 646 2850 ιι.
664 2824 693 2851 ‘2.

917 1553 1021 1581 exstitit
1033 1561 1125 1585 causa,
1139 1554 1209 1584 sicut
1224 1558 1251 1581 et
1267 1560 1345 1581 antea
1362 1555 1417 1589 jam
1441 1555 1574 1586 diximus,
1590 1556 1702 1583 diversi-

918 1599 981 1625 tatis
992 1598 1060 1625 inter
1077 1599 1252 1626 rationabiles
1278 1603 1428 1632 creaturas,
1453 1606 1506 1626 non
1529 1607 1562 1626 ex
1579 1600 1702 1627 condito-

918 1645 955 1671 ris
968 1645 1107 1672 voluntate
1120 1645 1160 1671 vel
1176 1644 1279 1679 judicio
1295 1645 1429 1679 originem
1447 1645 1566 1677 trahens,
1580 1646 1626 1672 sed
1640 1653 1702 1679 pto-

917 1689 984 1723 prise
996 1689 1129 1716 libertatis
1143 1690 1268 1716 arbitrio.
1288 1690 1360 1717 Deus
1380 1697 1446 1716 vero
1461 1691 1502 1717 cui
1520 1690 1575 1724 jam
1593 1697 1701 1718 creatu-

917 1742 974 1761 ram
989 1742 1065 1761 suatn
1081 1742 1130 1769 pro
1147 1736 1243 1762 merito
1259 1735 1418 1769 dispensare
1429 1736 1532 1770 justum
1548 1737 1701 1771 videbatur,

917 1781 1089 1807 diversitates
1103 1782 1233 1808 mentium
1249 1782 1275 1808 in
1294 1783 1373 1809 unius
1389 1783 1480 1809 mundi
1493 1785 1700 1811 consonantiam

916 1825 1007 1855 traxit,
1022 1833 1075 1859 quo
1088 1825 1159 1851 velut
1173 1833 1253 1851 unam
1278 1827 1387 1852 dolitum
1405 1826 1431 1852 in
1446 1833 1498 1859 qua
1514 1826 1603 1853 inesse
1620 1828 1700 1855 debe-

916 1874 977 1896 rent
999 1877 1051 1897 non
1077 1870 1163 1897 solum
1190 1877 1252 1896 vasa
1266 1878 1348 1896 aurea
1370 1875 1397 1897 et
1419 1875 1544 1905 argentea
1559 1891 1567 1903 ,
1597 1873 1643 1898 sed
1673 1876 1701 1900 et

916 1915 1003 1949 lignea
1019 1921 1046 1942 et
1059 1915 1160 1947 ﬁctilia,
1180 1920 1207 1942 et
1227 1916 1279 1942 alia
1296 1916 1403 1949 quidem
1432 1915 1465 1942 ad
1489 1916 1630 1949 honorem,
1646 1917 1699 1944 alia

915 1965 1003 1987 autem
1016 1961 1048 1987 ad
1066 1960 1267 1992 contumeliam,
1290 1968 1322 1987 ex
1346 1961 1406 1988 istis
1424 1961 1462 1996 (4)
1480 1961 1597 1989 diversis
1613 1963 1698 1996 vasis,

915 2006 955 2032 vel
971 2006 1079 2038 animis,
1093 2005 1134 2033 vel
1149 2006 1284 2033 mentibus
1298 2011 1420 2038 ornaret,
1437 2007 1526 2033 et‘has
1543 2014 1651 2040 causas,
1671 2012 1700 2034 ut

916 2061 967 2088 ego
982 2053 1111 2087 arbitror,
1129 2053 1247 2081 mundus
1272 2054 1322 2080 iste
1341 2061 1397 2080 sua:
1430 2054 1597 2081 diversitatis
1619 2062 1699 2082 acce-

916 2101 965 2134 pit,
995 2100 1057 2127 dum
1075 2106 1293 2134 unumquemque
1305 2099 1394 2127 divina
1411 2099 1577 2134 providentia
1597 2101 1638 2135 (5)
1650 2108 1699 2135 pro

917 2145 1048 2172 varietate
1065 2149 1186 2172 motuum
1206 2152 1329 2178 suorum,
1342 2145 1384 2172 vel
1398 2145 1550 2172 animorum
1575 2146 1700 2181 proposi-

950 2299 1005 2335 (99)
1018 2298 1103 2325 Aliam
1118 2297 1224 2336 creandi
1243 2305 1366 2336 causam,
1386 2296 1437 2336 nisi
1453 2299 1561 2336 propter
1572 2295 1696 2329 seipsum.

913 2331 959 2362 Sid
973 2331 1068 2370 omnes
1088 2334 1164 2360 codd.
1183 2341 1248 2370 mss.
1262 2332 1288 2358 lu
1304 2333 1383 2370 editis
1398 2333 1473 2370 deest
1495 2340 1504 2356 ι
1528 2331 1620 2363 alium,
1641 2336 1696 2370 [ει.

911 2377 960 2403 pro
979 2378 988 2394 ι
1007 2368 1057 2395 nisi
1069 2373 1179 2402 propter
1193 2369 1310 2402 seipsqu
1328 2376 1336 2393 I
1357 2367 1456 2400 legitur
1478 2374 1487 2391 t
1511 2370 1610 2399 prater
1623 2367 1696 2399 seip~

911 2411 980 2431 sum.
1002 2412 1010 2428 1

947 2438 984 2473 (t)
1000 2438 1079 2466 Libb.
1097 2436 1173 2469 editi,
1197 2445 1207 2462 ι
1228 2436 1345 2471 aequales
1370 2435 1490 2467 creavit,
1516 2443 1526 2460 ι
1546 2435 1593 2463 sed
1618 2441 1695 2466 mss.,

914 2482 924 2499 ι
940 2473 1091 2500 aauttaliter.
1108 2481 1117 2497 ι

948 2481 1091 2507 ειιιιιιιιιει.
1108 2481 1117 2497 ι

948 2507 986 2543 (2)
1001 2508 1048 2534 Sic
1061 2514 1126 2533 mss.
1144 2505 1231 2543 Alias,
1247 2515 1257 2532 ι
1273 2504 1494 2543 unumquodque.
1513 2502 1621 2543 _)__Panlo
1637 2507 1698 2537 post

912 2538 991 2576 mss},
1005 2548 1015 2567 ι
1036 2549 1088 2568 non
1102 2548 1135 2568 et
1154 2541 1303 2572 conditoris
1318 2538 1466 2567 voluntate.
1481 2547 1490 2564 ι
1507 2538 1590 2569 Alias,
1610 2546 1620 2562 ι
1642 2545 1695 2564 non

913 2585 946 2605 ex
964 2577 1097 2608 creatoris
1114 2576 1263 2604 voluntate.
1279 2585 1289 2602 ι

948 2612 986 2647 (5)
1002 2605 1071 2647 iVide
1086 2610 1252 2647 Origenian.,
1269 2610 1315 2647 lib.
1327 2617 1363 2640 tt,
1380 2607 1454 2647 q._7,
1468 2615 1494 2633 η.
1510 2605 1554 2633 12.

949 2642 988 2687 (4)
1000 2646 1078 2673 Libb.
1096 2642 1171 2687 editi,
1192 2655 1201 2670 ι
1224 2642 1347 2687 qiuetlam
1616 2644 1645 2667 ut
1662 2648 1695 2667 ex

913 2681 982 2713 istis,
1003 2691 1012 2708 ι
1034 2686 1098 2710 etc..
1115 2681 1160 2707 sed
1178 2687 1242 2706 mss.
1259 2684 1287 2715 ut
1301 2687 1326 2704 ιιι
1343 2681 1436 2715 nostro
1451 2681 1550 2715 testu;

948 2709 986 2751 (5)
1000 2715 1213 2749 Ununtquemque
1233 2714 1322 2739 ιιἱυίηά
1338 2711 1509 2751 praeﬁcit“?
1523 2709 1569 2736 δίε
1585 2716 1652 2737 "‘55-
1664 2709 1694 2736 Ῐ¹¹

916 2756 997 2778 antea
1011 2751 1090 2778 editis
1102 2757 1150 2785 pro
1167 2758 1176 2774 ι
1193 2753 1411 2785 unumquemque
1429 2751 1550 2785 nigrior
1567 2753 1576 2770 (
1598 2752 1697 2785 ultum-

914 2787 1048 2821 quodque,
1067 2794 1076 2810 )
1133 2783 1209 2821 deest
1224 2778 1341 2821 t‘diviua
1359 2778 1550 2821 providentia.
1574 2788 1586 2821 ξ
1610 2779 1696 2806 Paulo

914 2816 975 2856 post
995 2816 1060 2847 libb.
1077 2818 1151 2851 editi,
1172 2827 1181 2843 ι
1200 2817 1247 2846 sed
1264 2817 1411 2845 secundum
1429 2816 1614 2854 praecedentes
1629 2821 1700 2844 caua
