1860 3073
139 112 190 141 211

774 104 935 134 ORIGENIS
955 105 1034 131 ΠΕΡΙ
1051 103 1164 132 APXDN

1725 91 1797 120 2'32

141 170 217 203 tique
229 167 379 201 dispensat.
391 166 453 199 Qua
463 166 569 193 ratione
582 172 671 199 neque
683 164 799 191 Creator
812 164 930 199 injustus
943 164 966 191 A
979 164 1125 194 creaturis,
1151 162 1174 188 si
1198 161 1371 188 advertamus
1386 159 1449 194 quia
1472 157 1524 184 ista
1545 153 1706 203 diversitas
1729 157 1800 203 nos

141 215 278 243 videbitur
298 213 348 249 (6),
371 220 431 240 cum
448 212 596 239 secundum
623 211 806 245 praecedentes
829 217 928 238 causas

144 269 196 296 pro
209 260 305 287 merito
325 265 546 293 unumquemque
561 257 715 290 distribuit;
729 265 817 292 neque
832 256 929 284 fortui-

146 314 172 335 ta
187 304 399 342 uniuscujusque
413 305 542 332 nascendi
565 304 606 330 vel
631 303 747 330 felicitas
757 303 801 330 vel
813 302 928 329 infelici-

146 359 186 380 tns
197 352 347 387 putabitur,
364 352 403 378 vel
423 350 620 384 qualiscunque
645 349 776 376 acciderit
795 348 838 375 illa
862 355 928 375 con-

128 418 130 420 τ
145 399 226 430 ditio,
257 405 346 431 neque
365 396 466 424 diversi
479 400 630 428 creatures,
644 394 685 422 vel
696 394 810 422 diversae
827 399 930 421 natura:

145 445 290 472 credemur
303 443 455 470 animarum
469 441 518 478 (7).

183 511 210 538 7.
224 511 326 538 Verum
339 517 373 536 ne
383 509 525 542 Scriptura
540 508 649 542 quidem
664 512 758 535 sancta
771 507 880 535 videtur
891 506 932 542 (8)

146 558 212 585 mihi
237 557 344 591 penitus
370 556 462 582 arcani
478 555 515 589 (9)
531 554 611 589 hujus
641 555 758 582 tacuisse
783 555 931 586 rationem;

147 605 218 631 sicut
233 611 294 630 cum
310 602 450 636 apostolus
470 601 570 628 Paulus
585 602 617 628 de
636 601 719 628 Jacob
745 606 774 628 et
791 601 859 627 Esau
875 601 933 627 dis-

147 655 245 683 putans
266 649 303 674 ait
328 656 335 674 :
355 657 364 673 t
391 647 458 674 Cum
480 647 553 673 enim
577 647 694 673 nondum
721 646 778 673 nati
807 646 933 677 fuissent,

148 703 235 729 neque
250 695 369 729 egissent
387 693 487 727 aliquid
503 693 564 719 boui
581 693 621 719 vel
637 692 711 724 ntali,
727 697 755 719 ut
769 691 934 726 propositum

148 741 220 775 quod
244 741 392 767 Secundum
408 739 566 766 electionem
579 739 625 765 Dei
641 739 742 765 factum
755 743 808 770 est,
827 745 933 772 perula-

150 791 237 816 neret,
253 793 304 812 non
318 792 350 811 ex
364 785 503 819 operibus,
517 785 563 811 sed
581 793 613 811 ex
629 792 662 811 eo
677 785 724 818 qui
747 784 865 816 vocavit,
881 783 935 809 dic-

142 834 206 860 tum
219 837 259 859 est
271 832 332 866 quia
347 831 434 864 major
455 833 555 857 serv‘ct
578 831 686 861 minori,
709 830 781 857 sient
805 831 936 863 scriptmn
954 843 974 870 Β

148 883 191 904 est
208 877 310 904 :Jacob
324 877 418 909 dilexi,
441 876 511 903 Esau
526 881 615 903 autem
631 877 692 903 odio
712 876 793 903 habui
816 875 849 902 ⁸⁷.
876 885 885 901 ι
905 875 938 902 Ει

150 927 211 957 post
226 923 283 948 lucc
302 923 353 949 sibi
381 923 438 956 ipse
453 923 596 957 respondet
614 928 641 949 et
661 922 744 948 dicit:
764 930 773 946 ι
791 921 861 954 Quid
873 929 938 955 ergo

151 968 291 995 dicemus?
317 968 443 1000 Nunquid
466 969 596 1002 iujustitia
612 974 661 998 est
686 967 757 1001 apud
781 966 910 993 Deum"?
926 976 935 992 ι

150 1012 184 1042 Ει
201 1018 229 1039 ιιι
245 1013 323 1040 nobis
335 1014 505 1040 occasionem
519 1018 662 1047 praestaret
680 1012 831 1047 inquirendi
849 1013 882 1039 dc
899 1013 940 1038 his

151 1065 179 1086 et
197 1059 387 1094 perscrutandi
402 1059 538 1092 quomodo
562 1058 619 1085 haec
639 1066 692 1084 non
709 1063 787 1084 extra
804 1057 939 1084 rationem

153 1105 228 1137 fiant,
244 1106 387 1140 respondet
404 1106 455 1132 sibi
471 1106 533 1140 ipsi,
544 1111 571 1132 et
582 1105 799 1141 ait(9‘).Eadem
812 1111 939 1138 namque,

146 1149 258 1178 'ntmild
274 1151 460 1186 videtur,qu:c
475 1151 507 1177 de
522 1150 605 1177 Jacoh
617 1156 644 1177 et
660 1151 730 1177 Esau
746 1151 860 1185 qumstio
879 1156 942 1182 pro-

153 1200 274 1234 ponitur,
300 1200 396 1226 haberi
423 1201 507 1226 etiam
530 1200 562 1226 de
589 1200 746 1226 C(Bleslibus
768 1199 894 1226 omnibus
915 1203 942 1225 et

153 1246 332 1272 terrestribus
352 1246 486 1272 creaturis
498 1245 572 1272 etde
592 1245 708 1271 intentis
725 1245 782 1279 (l0)
798 1249 899 1279 potest.
910 1244 944 1271 Et

153 1291 279 1318 similiter
296 1291 362 1317 mihi
379 1291 495 1323 videtur,
521 1292 591 1317 sicut
615 1291 651 1317 ibi
668 1292 707 1317 ait
723 1300 729 1317 :
748 1300 757 1316 ι
776 1291 844 1318 Cum
871 1284 942 1318 enim

156 1337 277 1364 nomium
291 1337 346 1363 nali
363 1336 489 1368 fuissent,
507 1344 595 1371 neque
613 1337 716 1370 aliquid
739 1337 858 1371 egissent
881 1337 943 1364 boni

156 1383 197 1410 vel
214 1383 288 1415 mali,
309 1392 319 1408 ι
338 1383 374 1409 ita
386 1384 469 1410 etiam
482 1383 515 1410 de
524 1383 630 1410 caeteris
643 1383 771 1410 omnibus
783 1384 836 1410 dici
849 1391 943 1418 posse,

158 1439 167 1454 ι
183 1437 243 1455 cum
261 1430 332 1455 enim
349 1430 468 1456 nondum
480 1433 572 1455 creata
587 1433 688 1459 essent,
704 1436 791 1463 neque
826 1431 945 1465 egissent

147 1472 259 1510 aliquid
275 1477 337 1503 houi
358 1476 400 1503 vel
417 1476 479 1502 mali
494 1476 550 1511 (ll)
566 1481 595 1503 ut
611 1477 758 1503 secundum
783 1476 944 1503 electionem

158 1521 326 1557 propositum
351 1521 397 1548 Dei
420 1526 528 1548 tuaueat
545 1531 554 1546 ι
572 1521 657 1554 (sicut
686 1525 783 1556 putant
808 1521 943 1556 quidam),

158 1567 231 1593 facta
249 1571 312 1593 sunt
329 1566 372 1592 illa
385 1567 494 1600 quidem
506 1566 641 1598 coelestia,
655 1567 712 1594 hmc
744 1572 834 1594 autem
859 1572 946 1594 terre-

159 1612 238 1644 stria,
257 1617 285 1641 et
295 1613 348 1640 alia
358 1612 463 1639 inferna
475 1613 607 1646 (l2)tnon
616 1620 649 1639 ex
659 1613 787 1647 operibus
798 1614 839 1646 (ut
853 1618 947 1647 putant

160 1657 222 1690 illi),
235 1657 283 1683 sed
301 1665 334 1683 ex
346 1664 378 1683 eo
392 1657 438 1691 qui
457 1657 574 1683 vocavit.
601 1657 670 1689 Quid
695 1665 760 1692 ergo
780 1658 915 1690 dicemus,
937 1670 945 1685 ι

160 1703 182 1729 si
200 1703 258 1729 huic
274 1703 309 1728 ita
326 1702 405 1728 sunt?
421 1711 430 1727 ι
451 1702 520 1736 Ergo
545 1702 678 1736 injustitia
695 1708 735 1730 est
751 1704 821 1737 apud
849 1704 950 1732 Deum?

162 1748 250 1775 Absit.
270 1758 279 1774 ι
295 1747 381 1783 Igitur
403 1749 474 1775 sicut
490 1749 524 1776 de
541 1749 613 1776 Esau
639 1755 665 1776 et
686 1749 773 1778 Jacob
796 1751 950 1785 diligentius

162 1795 339 1828 perscrutatis
358 1794 508 1828 Scripturis
527 1795 675 1826 invenitur,
692 1797 755 1829 quia
773 1804 827 1823 non
843 1802 885 1823 est
909 1797 952 1823 in-

158 1839 263 1873 juatitia
279 1840 348 1873 apud
364 1838 463 1871 Deum,
478 1845 507 1866 ut
518 1845 663 1874 antequam
686 1848 876 1874 nascerentur,
908 1842 952 1870 vel

163 1890 277 1919 agerent
290 1885 391 1918 aliquid
407 1885 433 1910 in
450 1885 505 1911 vita
521 1885 582 1916 hac,
599 1886 738 1913 diceretur
752 1896 762 1912 ι
779 1889 841 1921 quia
859 1888 948 1922 major

162 1932 264 1958 serviet
280 1932 396 1964 minori;
416 1941 426 1956 ι
441 1936 470 1958 et
495 1937 523 1958 ut
547 1933 685 1959 invenitur
699 1941 752 1960 non
768 1941 832 1963 esse,
844 1934 953 1968 injusti-

164 1978 213 2010 tia,
230 1979 301 2012 quod
316 1982 343 2005 et
361 1978 387 2004 in
411 1983 506 2005 ventre
526 1978 637 2005 fratrem
666 1986 745 2005 suum
770 1980 953 2014 supplantavit

162 2023 257 2055 Iacob,
272 2025 296 2050 si
312 2032 345 2050 ex
363 2025 544 2058 pnecedentis
558 2025 616 2059 (15)
631 2024 759 2051 videlicet
772 2026 834 2052 vita:
847 2026 953 2052 meritis

164 2070 244 2102 digne
254 2077 316 2096 eum
331 2070 457 2096 dilectum
477 2077 538 2096 esse
559 2071 710 2096 sentiamus
729 2077 744 2096 a
770 2070 835 2101 Deo,
859 2072 896 2097 ita
925 2076 953 2097 ut

980 214 1113 236 creatura:
1128 208 1300 242 principium,
1317 205 1363 233 sed
1377 212 1409 232 ex
1433 200 1647 239 praecedentibus
1683 194 1800 223 causi-

980 263 1029 290 pro
1047 255 1126 289 100
1141 254 1230 281 meriti
1247 253 1380 287 dignitate
1390 251 1527 279 diversum
1540 246 1655 282 singulis
1674 251 1695 270 a
1715 249 1801 290 con-

982 288 1226 329 diturieininisterii
1251 303 1362 334 paratur
1385 296 1514 326 ofﬁciunt,
1539 301 1571 320 ex
1596 299 1630 319 eo
1645 288 1804 334 profecto

982 347 1053 382 quod
1075 346 1259 380 unusquisque
1279 345 1304 371 in
1322 351 1354 371 eo
1370 343 1441 377 quod
1463 348 1540 368 meus
1554 343 1672 366 creatus
1691 343 1711 361 a
1734 333 1802 360 Deo

983 397 1024 420 est
1038 392 1093 427 (14)
1108 391 1149 418 vel
1170 390 1337 417 rationabilis
1353 388 1475 423 spiritus,
1491 393 1540 421 pro
1563 382 1691 410 motibus
1707 385 1806 428 nte-nt

985 438 1018 465 tis
1031 443 1056 464 et
1070 436 1194 465 sensibus
1206 436 1372 466 animorum,
1393 433 1436 460 vel
1452 432 1513 466 plus
1537 429 1578 456 vel
1603 427 1708 455 minus
1739 423 1803 450 sibi

985 484 1074 510 meriti
1089 483 1235 517 paraverit,
1250 481 1290 508 vel
1303 480 1430 508 amabilis
1445 478 1512 509 Deo,
1526 476 1569 502 vel
1582 474 1669 501 etiam
1686 470 1803 517 οιιὶμὶ-

985 530 1020 555 lis
1037 516 1191 560 exstiterit;
1207 536 1267 555 eum
1282 533 1370 553 tamen
1393 524 1475 558 aliqui
1499 529 1532 549 ex
1553 521 1595 548 his
1617 519 1666 554 qui
1689 516 1808 544 melio—

987 575 1062 601 ribus
1075 574 1178 601 meritis
1206 577 1269 600 sunt
1290 573 1323 597 ad
1339 570 1526 597 exon-nandum
1552 565 1647 593 mundi
1676 567 1806 590 statum

988 619 1105 653 compati
1125 617 1246 652 reliquis,
1267 621 1293 643 et
1307 615 1425 642 ofﬁcium
1451 613 1572 647 przebere
1597 607 1808 653 inferioribus

988 665 1149 692 ordinentur
1165 663 1233 697 (l5),
1246 670 1300 697 quo
1314 668 1361 695 per
1378 661 1429 688 hoc
1445 658 1501 694 (16)
1517 662 1545 685 et
1558 656 1609 690 ipsi
1625 652 1807 689 participes

988 711 1121 737 exsistant
1134 709 1274 744 patientiae
1285 707 1440 739 Creatoris;
1453 703 1603 732 secundum
1619 699 1706 735 quod
1725 698 1808 730 Apoc

988 757 1074 784 stolus
1087 757 1143 791 ipse
1159 755 1225 782 dicit
1243 763 1249 781 :
1265 764 1273 779 ι
1289 753 1407 780 Vauitati
1425 752 1498 778 enim
1513 753 1641 776 creatura
1658 744 1808 791 subjecta

991 807 1032 829 cst
1047 810 1100 828 non
1113 801 1215 833 volens,
1241 800 1287 827 sed
1304 804 1414 834 propter
1429 805 1492 824 eum
1509 795 1556 830 qui
1585 791 1755 826 sulvjccerit
1775 788 1806 815 in

989 857 1064 883 spem
1092 849 1158 876 ⁸³.)
1187 847 1369 874 Observantes
1392 845 1475 879 igitur
1503 843 1583 869 istam
1616 836 1807 875 sententiam

989 903 1070 930 quam
1088 894 1233 926 Apostolus
1250 894 1283 920 de
1299 893 1444 919 nativitate
1458 890 1529 917 Esau
1546 893 1573 915 et
1593 886 1689 913 Jacob
1706 889 1808 930 expc:

991 927 1059 968 nens
1072 941 1139 967 dixit
1160 949 1167 967 :
1189 950 1199 966 ι
1220 939 1346 973 Nunquid
1367 936 1502 971 iniustitia
1521 938 1564 961 est
1583 931 1658 966 apud
1683 927 1807 957 Deum?

989 987 1068 1013 Absit
1081 987 1120 1020 ὐς
1139 995 1148 1012 ›
1165 986 1248 1013 etiam
1267 985 1292 1011 in
1310 983 1437 1011 omnibus
1461 980 1597 1008 creaturis
1614 981 1742 1005 rectum
1757 983 1807 1002 ar-

991 1032 1079 1059 bitror
1098 1032 1169 1058 hanc
1183 1030 1307 1057 eamdem
1326 1029 1427 1056 debere
1444 1026 1611 1054 sententiam
1633 1021 1807 1053 custodiri;

991 1078 1131 1112 quoniam,
1154 1076 1225 1103 sicut
1254 1074 1380 1109 superius
1410 1073 1543 1102 diximus,
1567 1069 1683 1104 iustitia
1717 1068 1810 1094 debet

992 1122 1132 1150 Creatoris
1146 1122 1172 1148 in
1187 1121 1315 1148 omnibus
1332 1126 1478 1153 apparere.
1500 1116 1578 1150 Qum,
1606 1120 1638 1142 ut
1661 1113 1742 1142 mihi
1764 1113 1808 1140 vi-

993 1169 1081 1200 detur,
1105 1168 1141 1194 ita
1164 1168 1271 1194 demum
1297 1165 1415 1193 lucidius
1441 1163 1615 1194 ostendetur,
1641 1161 1666 1188 si
1696 1166 1809 1187 causas

994 1213 1162 1241 diversitatis
1178 1213 1367 1248 unusquisque
1384 1212 1426 1240 vel
1440 1211 1610 1242 caelestium,
1623 1209 1673 1237 vel
1713 1213 1809 1235 terre-

994 1260 1103 1290 strium,
1123 1259 1165 1285 vel
1195 1258 1360 1285 infernarum
1389 1259 1414 1285 in
1431 1257 1580 1291 semetipso
1603 1255 1810 1290 praecedentes

995 1305 1164 1331 nativitatem
1178 1312 1336 1337 corpoream
1349 1304 1451 1331 habere
1466 1304 1585 1329 dicatur.
1605 1301 1710 1328 Verbo
1727 1299 1805 1327 enim

997 1350 1044 1377 Dei
1060 1355 1087 1377 et
1102 1349 1235 1384 sapientia
1251 1350 1311 1383 ejtts
1327 1349 1384 1383 (Π)
1402 1353 1495 1376 creata
1521 1352 1587 1375 sunt
1606 1347 1762 1377 universa,
1780 1349 1808 1371 et

995 1402 1045 1429 per
1068 1396 1152 1429 ipsius
1176 1395 1301 1422 ordinata
1323 1399 1388 1421 sunt
1411 1394 1556 1428 justitiam.
1588 1391 1646 1419 Per
1677 1391 1804 1425 gratiam

996 1447 1061 1467 vero
1076 1439 1132 1474 (18)
1151 1440 1344 1468 misericordiae
1361 1447 1418 1466 sua:
1432 1439 1563 1466 omnibus
1584 1437 1744 1472 providet,
1762 1439 1803 1461 at-

998 1493 1051 1518 que
1065 1493 1159 1512 omnes
1180 1485 1385 1519 quibuscumque
1407 1484 1498 1511 curari
1524 1487 1642 1518 possunt
1666 1479 1804 1508 remediis

1000 1531 1136 1561 hortatur,
1150 1535 1176 1557 et
1191 1535 1319 1564 provocat
1334 1531 1367 1557 ad
1383 1530 1511 1557 salutem.

1034 1575 1060 1602 8.
1074 1575 1151 1602 Sicut
1165 1582 1230 1609 ergo
1241 1575 1354 1602 dubium
1372 1584 1425 1603 non
1441 1580 1482 1602 est
1500 1575 1526 1601 in
1545 1575 1591 1601 die
1602 1572 1712 1608 judicii
1729 1571 1803 1598 futu—

1000 1627 1059 1646 rum
1073 1621 1143 1654 quod
1163 1625 1322 1654 separentur
1338 1620 1403 1647 boni
1424 1629 1438 1647 a
1458 1619 1548 1650 malis,
1570 1624 1599 1646 et
1621 1619 1694 1652 justi
1711 1618 1750 1645 ab
1767 1617 1805 1642 in-

997 1665 1088 1698 justis,
1116 1670 1142 1692 et
1168 1665 1268 1699 singuli
1286 1665 1387 1699 quique
1411 1672 1462 1699 pro
1479 1665 1580 1691 merito
1597 1671 1650 1698 per
1674 1670 1711 1690 ea
1746 1661 1804 1688 loca

1001 1711 1099 1745 quibus
1113 1711 1187 1744 digni
1203 1716 1276 1742 sunt,
1301 1711 1501 1737 distribuantur
1524 1709 1632 1743 judicio
1649 1708 1716 1741 Dei,
1733 1708 1805 1733 sicut

1003 1757 1058 1783 Deo
1080 1757 1185 1783 volente
1208 1757 1234 1782 in
1257 1757 1488 1790 consequentibus
1511 1754 1720 1786 ostendemus;
1754 1750 1806 1778 tale

1003 1802 1102 1836 aliquid
1115 1803 1211 1836 opinor
1227 1802 1309 1829 etiam
1329 1808 1392 1828 ante
1407 1802 1464 1836 (l9)
1484 1801 1542 1835 jam
1562 1801 1683 1827 factum.
1702 1797 1802 1826 Omnia

1003 1849 1076 1874 enim
1093 1848 1162 1874 Deus
1174 1853 1201 1874 et
1216 1855 1324 1881 semper
1336 1847 1443 1882 judicio
1470 1854 1554 1880 agere
1578 1854 1612 1873 ac
1639 1846 1806 1878 dispensare

1004 1893 1156 1921 credendus
1170 1897 1222 1920 est.
1239 1892 1307 1919 lllnd
1325 1899 1433 1926 quoque
1449 1892 1521 1926 quod
1540 1891 1697 1925 Apostolus
1710 1890 1802 1918 docet.

1005 1939 1098 1965 dicens
1116 1947 1123 1964 :
1142 1946 1151 1962 ι
1169 1937 1198 1963 In
1217 1937 1296 1964 domo
1325 1945 1422 1971 magna
1446 1945 1500 1964 non
1521 1942 1586 1963 sunt
1609 1933 1806 1962 tantummodo

1005 1991 1073 2010 vasa
1089 1990 1173 2009 aurea
1190 1987 1216 2008 et
1233 1987 1372 2016 argentea.
1389 1983 1434 2008 sed
1446 1987 1473 2008 et
1485 1982 1573 2016 lignea
1599 1985 1628 2007 et
1647 1979 1759 2009 ﬁctilia,
1775 1982 1803 2005 ct

995 2028 1057 2054 alia
1071 2028 1180 2062 quidem
1197 2027 1229 2053 ad
1250 2026 1394 2059 honorem,
1415 2027 1468 2053 alia
1485 2033 1578 2054 autem
1605 2026 1641 2053 ad
1659 2030 1806 2053 contume-

1008 2073 1071 2099 liam
1083 2073 1098 2107 ξι
1122 2082 1133 2098 ι
1157 2077 1185 2099 et
1205 2072 1278 2105 quod
1300 2072 1375 2098 addit
1393 2073 1487 2099 dicens
1500 2083 1511 2099 .-
1528 2081 1538 2098 ι
1557 2071 1628 2104 Quia
1645 2071 1674 2098 si
1690 2070 1754 2104 quis
1777 2075 1804 2096 se

167 2115 243 2140 fratri
261 2115 379 2148 praeponi
399 2120 568 2146 mereretur;
593 2115 628 2140 ita
647 2115 730 2141 etiam
746 2115 779 2141 de
797 2115 954 2143 ctelestibus
971 2119 991 2146 D
1005 2117 1211 2152 cxpurgaverit,
1224 2116 1276 2144 erit
1300 2124 1349 2145 vas
1364 2116 1392 2143 in
1412 2116 1548 2144 honorem
1566 2116 1625 2151 (ἓο)
1646 2113 1806 2143 metiliu-

201 2194 222 2209 "’
238 2193 316 2220 Rom.
330 2202 368 2225 ix,
395 2194 438 2224 11.
456 2193 501 2220 12.
537 2193 639 2219 “Ibid.
654 2193 698 2219 Η.
734 2193 757 2208 ⁵⁸
785 2193 864 2220 Rom.
883 2201 940 2225 \‘lll,

1049 2195 1059 2210 °
1078 2194 1157 2223 Rom.
1177 2181 1244 2227 tx,':l
1251 2195 1284 2225 4.,

170 2271 214 2290 sas
229 2270 278 2296 pro
298 2262 396 2288 merito
418 2261 568 2294 unicuique
593 2260 747 2288 distribuit.
764 2270 774 2286 ι
793 2268 860 2289 mss.
881 2265 911 2288 ut
928 2261 956 2287 in

170 2303 262 2325 ltOslru
279 2301 364 2323 lt'xlu.

207 2334 245 2368 (ti)
262 2331 328 2368 \_‘ide
348 2331 365 2357 l.
380 2339 397 2357 ll
414 2330 578 2368 Origeniqu.,
589 2339 619 2364 q.
634 2331 661 2362 7,
674 2339 702 2368 tl.
720 2329 762 2356 M.

207 2364 246 2401 (7)
264 2365 310 2392 Sic
323 2371 396 2392 recte
419 2374 485 2391 mss.
507 2365 580 2391 Alias
603 2366 744 2394 mendose,
766 2373 774 2389 ι
795 2364 839 2390 illa
863 2365 958 2393 condi-

173 2403 247 2428 tione
270 2410 323 2434 qua
346 2400 449 2427 diversi
469 2406 610 2428 crcatores
633 2405 661 2428 ct
680 2400 796 2427 diversa:
824 2405 958 2426 creatura:

159 2437 162 2441 ’
171 2437 320 2464 creduntur
334 2436 495 2462 animarum.
517 2443 526 2458 ι

209 2471 246 2506 (8)
263 2470 327 2497 Vide
341 2471 359 2496 I.
376 2478 394 2496 ll
409 2469 620 2506 O_rigenian.,_q.
636 2469 663 2501 7,
678 2478 705 2496 n.
717 2468 745 2495 8.

208 2501 246 2542 (9)
273 2505 399 2542 Ιυινιιιδε.
427 2501 503 2542 Libh.
529 2501 656 2542 edim-Hc
673 2512 813 2542 arcanam.
830 2504 957 2542 [Ibidem
991 2501 995 2506 ⁷

175 2537 253 2569 mss.
271 2550 280 2565 t
298 2541 440 2573 disputans
457 2540 505 2565 ait.
521 2548 530 2564 ι
547 2537 575 2565 In
593 2540 674 2565 editis
686 2540 772 2570 deest,
788 2548 797 2563 ι
821 2540 870 2566 ait.
890 2549 899 2565 ι

208 2577 258 2612 (θ’)
278 2576 373 2612 Μιιιιειι
385 2574 493 2612 phrasis
512 2574 629 2601 videtur.
644 2574 725 2601 Forte
739 2574 791 2608 leg.
803 2589 839 2594 —-
851 2580 874 2601 et
896 2575 932 2601 ait
950 2583 959 2601 :

177 2609 292 2643 “1'11;th
312 2609 391 2636 Eon.
409 2610 528 2636 ΡΑτιωι..

211 2647 265 2679 (te)
284 2645 320 2670 De
333 2645 455 2677 nq'ernis.
472 2650 545 2670 recte
558 2652 623 2676 mss,
643 2644 777 2678 Corrupte
796 2652 861 2672 vero
881 2645 959 2677 editi,

177 2690 187 2706 ι
208 2681 312 2706 l'nrmis.
331 2689 340 2703 ι
842 2704 845 2705 ν

212 2715 266 2748 (11)
280 2714 322 2740 Ιια
335 2715 414 2739 etiam
430 2714 461 2740 de
473 2714 572 2740 celeris
590 2715 711 2741 omnibus
726 2715 778 2741 dici
788 2723 863 2747 posse
876 2723 885 2742 :
901 2723 961 2742 cum

175 2757 244 2776 num
263 2750 378 2785 nomium
399 2753 488 2785 c_r_euta
508 2755 602 2780 essent,
627 2758 709 2784 neque
722 2751 833 2784 egissent
859 2750 960 2785 aliquid

178 2784 237 2809 boni
254 2784 290 2808 rel
315 2783 388 2808 mali.
411 2783 473 2809 Haec
488 2783 677 2811 desiderantur
705 2783 888 2818 in'prioribus
902 2783 960 2811 edi-

179 2818 310 2849 “Dubiis,
328 2818 389 2844 hcet
408 2819 580 2852 reperiantur
595 2820 622 2846 in
635 2820 762 2846 omnibus
781 2827 845 2846 mss.

1049 2261 1106 2295 (l2)
1123 2261 1160 2288 Ita
1178 2266 1251 2289 recte
1268 2268 1335 2288 mss.
1362 2260 1442 2288 Libh.
1469 2264 1563 2288 autem
1581 2260 1664 2294 editi,
1681 2269 1692 2286 ι
1711 2262 1802 2288 sancta

1011 2302 1071 2322 sunt
1086 2315 1130 2324 ....
1146 2302 1173 2322 et
1188 2296 1344 2322 infernalia.
1365 2306 1374 2322 ι

1047 2331 1102 2365 (15)
1117 2331 1147 2358 Si
1164 2339 1197 2357 ex
1212 2332 1390 2363 pra‘ccdeutis,
1408 2335 1463 2357 ctc.
1479 2329 1516 2357 lla
1532 2337 1601 2357 mss.
1621 2329 1713 2363 Alias,
1731 2337 1742 2354 ι
1758 2327 1802 2356 sed

1011 2373 1043 2392 ex
1062 2365 1252 2399 pra-cedentis,
1269 2374 1278 2390 ι
1298 2371 1351 2391 etc.

1048 2398 1103 2434 (Η)
1118 2401 1156 2426 ita
1176 2407 1242 2426 mss.
1258 2399 1342 2430 Alias,
1354 2398 1410 2424 (vel
1425 2406 1502 2425 mens
1513 2407 1528 2425 a
1541 2399 1597 2426 Deo
1611 2404 1726 2427 creatus
1739 2401 1802 2423 est.»

1050 2435 1106 2469 (13)
1121 2434 1167 2461 Sic
1181 2439 1255 2461 recte
1274 2441 1338 2461 mss.
1357 2434 1434 2460 Lihh.
1460 2433 1527 2469 editi
1550 2436 1695 2465 mendose,
1715 2443 1723 2458 ι
1745 2437 1801 2457 eam

1013 2468 1102 2497 tamen
1125 2469 1224 2502 aliquis
1306 2469 1339 2495 ad
1367 2468 1558 2494 exornandum
1584 2469 1682 2494 mundi
1708 2471 1801 2502 statum

1012 2512 1124 2538 compar
1151 2501 1260 2537 reliquis
1285 2508 1312 2530 et
1330 2503 1450 2530 ollicium
1475 2503 1602 2537 praebere
1633 2501 1802 2530 inferioribus

1012 2540 1167 2573 opinentur.
1188 2547 1197 2563 ι

1049 2573 1105 2607 (16)
1121 2573 1187 2599 Vide
1204 2571 1222 2598 I.
1240 2579 1257 2598 II
1277 2571 1444 2606 0rigeuian.,
1462 2579 1489 2606 q.
1506 2571 1534 2605 8,
1550 2580 1579 2599 ιι.
1601 2573 1628 2601 1.

1049 2606 1104 2642 (17)
1121 2607 1196 2640 Ejus.
1215 2607 1295 2642 Deest
1308 2608 1334 2632 in
1352 2608 1448 2640 .editis,
1473 2610 1520 2633 sed
1545 2608 1666 2634 habetur
1691 2606 1717 2633 in
1740 2610 1799 2642 mss:

1015 2636 1101 2670 Pa‘ulo'
1119 2636 1180 2676 post
1191 2642 1250 2668 libri
1266 2636 1370 2672 editi,'t
1388 2636 1514 2668 hortatur
1531 2643 1598 2675 quia
1624 2645 1752 2677 provocat
1770 2636 1798 2664 at'

1015 2677 1143 2708 salutem;
1164 2685 1174 2701 ι
1193 2683 1258 2702 mss.
1277 2680 1305 2701 ut
1323 2677 1348 2701 in
1363 2681 1455 2701 nostro
1467 2681 1555 2704 textu.

1067 2712 1109 2745 18)
1125 2711 1192 2737 Vide
1205 2711 1223 2737 Ι.
1244 2717 1262 2736 ιι
1283 2709 1450 2743 01igoninn..
1465 2718 1492 2742 τι.
1511 2711 1538 2740 7.
1556 2719 1582 2737 ιι.
1606 2710 1651 2738 l6.

1065 2746 1108 2778 19)
1120 2746 1195 2771 Aule.
1207 2745 1286 2771 Deest
1295 2745 1320 2770 in
1331 2750 1408 2772 antea
1418 2745 1510 2775 editis,
1520 2747 1568 2772 sed
1580 2747 1699 2772 habetur
1707 2745 1731 2769 in
1741 2746 1798 2778 m5}-

1052 2775 1108 2814 (20')
1124 2780 1154 2805 In
1171 2781 1304 2815 honorent.
1323 2779 1349 2805 Id
1366 2787 1475 2815 quoque
1493 2780 1571 2808 deest
1583 2782 1611 2807 in
1624 2782 1706 2808 antea
1716 2775 1799 2807 editis.

1015 2815 1080 2845 licet
1093 2814 1243 2849 reperiatur
1260 2814 1286 2840 in
1302 2821 1365 2841 mss.
