1860 3073
99 104 155 133 253

753 104 854 134 LIBER
875 105 1068 134 SECUNDUS.

1669 106 1722 135 ΞΜ

103 168 170 194 tum,
186 161 302 190 Domino
317 162 384 190 utile
398 163 430 190 ad
443 170 523 190 omne
542 170 610 198 opus
627 163 727 191 bonum
737 164 779 197 ⁹¹;
799 173 808 189 ι
830 164 888 191 sine
901 165 925 194 Α
939 164 1023 191 rectio
1038 163 1074 191 sit
1098 168 1276 194 mortuorum,
1301 163 1482 198 respondeant
1506 162 1582 190 nobis
1600 164 1665 198 quid
1679 169 1721 192 est

100 206 186 233 dubio
201 206 266 233 illud
293 206 424 239 ostendit,
448 206 509 241 quia
533 206 577 241 qni
592 214 622 234 se
641 206 832 241 expurgaverit
860 206 886 232 in

102 251 155 279 hac
168 251 223 278 vita
235 252 353 285 positus,
372 252 405 278 ad
417 259 497 280 omne
510 252 612 279 bonum
627 259 696 286 opus
711 251 763 280 erit
776 255 887 286 paratus

101 296 128 324 in
149 296 260 327 futuro;
274 297 320 332 qui
337 302 427 324 autem
440 305 493 324 non
511 304 540 324 se
557 296 724 332 purgaverit,
740 296 886 324 secundum

100 342 282 377 quantitatem
300 342 477 378 imniunditize
490 350 545 369 suae
556 342 609 370 erit
625 350 673 370 vas
692 342 725 369 ad
747 346 888 369 contume-

101 388 180 419 liam,
192 387 219 414 id
231 391 283 420 est,
296 387 448 422 indignum.
468 388 507 415 lta
524 395 589 422 ergo
604 387 731 423 possibile
745 391 788 415 est
809 386 889 414 intel-

101 433 148 468 ligi
165 434 251 461 etiam
263 437 341 461 antea
359 432 444 461 fuisse
461 441 524 461 vasa
541 433 714 460 rationabilia
733 432 774 460 vel
791 439 889 468 purga-

102 483 142 512 ta,
154 478 200 506 vel
213 478 302 506 minus
319 484 443 514 purgata,
461 479 487 506 id
506 483 549 506 est
567 486 627 514 qme
643 478 733 513 seipsa
757 477 799 506 vel
823 485 888 512 pur-

101 525 240 559 gaverint,
267 525 309 552 vel
333 533 386 552 non
402 525 595 560 purgaverint;
621 530 648 552 et
665 532 698 552 ex
715 524 767 552 hoc
790 531 889 551 unum-

100 570 232 604 quodque
254 577 302 597 vas
323 571 470 597 secundum
499 576 654 596 mensuram
680 568 735 605 (ει)
760 568 888 604 puritatis

99 619 148 642 aut
165 614 330 649 impuritatis
342 622 398 642 sua:
419 615 507 642 locum
523 614 566 642 vel
587 615 738 650 regionem,
762 614 805 641 vel
824 620 887 640 con-

100 660 235 688 ditionem
261 661 388 688 nascendi
420 661 461 688 vel
491 661 617 695 explendi
650 660 750 695 aliquid
783 660 810 687 in
836 660 888 687 hoc

101 706 206 734 mundo
221 707 374 742 accepisse;
401 714 460 741 qua:
486 707 577 734 omnia
596 706 666 734 Deus
683 713 767 740 usque
784 707 817 733 ad
835 705 887 732 mi-

101 750 208 778 nimum
220 751 277 786 (22)
296 752 397 780 virtute
411 752 552 787 sapientiae
569 760 624 780 suae
647 752 792 787 providens
806 755 887 786 atque

100 797 274 833 dignoscens,
293 798 476 825 moderamine
495 797 592 832 judicii
616 798 657 825 sui
676 797 830 832 requissima
845 803 887 824 re-

102 844 253 872 tributione
268 845 393 873 universa
423 845 552 880 disponit,
577 850 709 879 quatenus
739 845 887 880 unicuique

101 898 154 926 pro
169 890 266 918 merito
282 890 323 918 vel
338 891 460 918 succurri
475 891 517 918 vel
533 891 637 919 consuli
653 891 763 920 deberet
775 890 842 927 (25).
859 891 887 918 In

102 943 158 971 quo
173 936 296 971 profecto
312 936 400 963 omnis
412 936 482 963 ratio
493 937 630 971 aequitatis
645 937 808 969 ostenditur,
824 937 886 964 dum

102 982 277 1016 inaequalitas
301 989 392 1009 rerum
418 982 608 1010 retributionis
646 983 806 1010 meritorum
829 982 886 1018 (24)

102 1033 195 1055 servat
207 1028 374 1062 azquitatem.
389 1029 511 1061 Quorum
527 1028 688 1056 meritorum
707 1028 830 1056 rationes
840 1035 888 1063 per

101 1073 226 1109 singulos
241 1081 363 1108 quosque
375 1073 520 1101 secundum
545 1073 686 1101 veritatem
710 1077 737 1101 et
756 1073 790 1101 ad
806 1073 887 1108 liqui-

101 1119 168 1146 dum
183 1118 257 1146 solus
277 1120 333 1153 ipse
349 1126 411 1146 cum
430 1119 569 1154 unigenito
590 1118 679 1147 Verbo
699 1126 732 1147 ac
754 1119 887 1154 sapientia

102 1173 153 1193 sua
170 1169 198 1192 et
210 1164 313 1200 Spiritu
327 1169 421 1192 sancto
436 1165 615 1201 recognoscit.

409 1232 521 1261 CAPUT
547 1231 583 1260 X.

137 1289 179 1317 De
206 1291 393 1318 resurrectione
419 1295 442 1317 et
461 1290 581 1331 judicio,
610 1290 642 1318 de
666 1291 725 1326 igne
749 1289 848 1325 inferni

429 1330 454 1352 et
474 1330 567 1360 pmuts.

138 1383 167 1410 Ι.
185 1382 239 1410 Sed
253 1383 378 1418 quoniam
393 1390 441 1411 nos
459 1391 548 1411 sermo
560 1384 727 1411 commonuit
738 1383 771 1411 de
785 1382 887 1417 judicio

102 1428 208 1461 futuro,
219 1429 288 1456 etde
302 1430 489 1459 retributione.
505 1437 538 1457 ac
553 1430 692 1465 suppliciis
702 1434 887 1464 peccatorum,

102 1478 254 1504 secundum
270 1476 341 1511 quod
352 1477 554 1504 comminantur
565 1481 667 1504 sancte
684 1475 843 1510 Seripturae,
859 1480 885 1503 et

101 1522 290 1550 ecclesiastica
311 1521 468 1556 praedicatio
492 1521 624 1553 continet,
652 1528 685 1548 eo
699 1520 771 1555 quod
787 1519 884 1554 judicii

102 1573 226 1603 tempore
269 1568 337 1603 ignis
374 1571 493 1594 :cternus
524 1571 551 1594 et
588 1566 706 1594 tenebrae
736 1566 885 1594 exteriores

101 1617 130 1641 et
157 1619 254 1640 carcer
283 1617 310 1639 et
333 1613 466 1644 caminus,
495 1616 521 1640 et
546 1611 598 1638 alia
623 1612 666 1639 his
697 1612 796 1639 similia
822 1618 885 1646 pec-

100 1661 244 1689 catoribus
267 1665 417 1695 przeparata
447 1661 516 1693 sint;
553 1660 693 1687 videamus
717 1660 782 1694 quid
804 1659 886 1687 etiam

101 1707 136 1735 de
168 1707 212 1735 his
234 1707 337 1735 sentire
367 1711 500 1742 oporteat.
537 1707 589 1734 Sed
614 1711 643 1734 ut
667 1706 700 1733 ad
729 1707 785 1733 haec
813 1713 887 1733 com»-

103 1755 208 1788 petenti
234 1754 328 1781 ordine
361 1753 498 1786 veniatur,
521 1753 597 1787 prius
623 1752 689 1779 mihi
718 1751 824 1779 videtur
852 1752 886 1779 de

103 1800 306 1827 resurrectione
336 1805 425 1826 sermo
445 1799 604 1831 movendus,
629 1803 658 1825 ut
678 1798 796 1825 sciamus
821 1797 885 1832 quid

101 1851 145 1875 est
174 1846 240 1873 illud
271 1846 343 1881 quod
372 1846 413 1873 vel
442 1845 475 1873 ad
500 1845 679 1879 supplicium,
710 1843 752 1870 vel
776 1843 809 1870 ad
845 1850 887 1869 rc-

101 1893 207 1928 quiem,
221 1892 263 1919 vel
278 1893 311 1919 ad
327 1891 519 1919 beatitudinem
533 1891 635 1923 veniet;
657 1890 690 1917 de
708 1896 762 1924 quo
779 1889 804 1916 in
827 1888 888 1915 aliis

102 1940 213 1974 quidem
234 1938 311 1965 libris
335 1945 402 1972 quos
427 1937 460 1964 de
489 1935 690 1963 resurrectione
717 1933 886 1968 scripsimus,

102 1985 211 2020 plenius
226 1983 437 2018 disputavimus,
450 1986 475 2009 et
491 1981 556 2017 quid
570 1981 648 2008 nobis
665 1980 698 2007 de
714 1980 766 2007 hoc
781 1979 888 2006 videre-

103 2036 158 2064 tur,
173 2030 351 2057 ostendimus.
372 2028 423 2056 Sed
440 2033 467 2055 et
490 2035 563 2054 nunc
589 2030 700 2062 propter
717 2032 887 2060 consequen-

104 2077 170 2104 tiam
189 2080 320 2104 tractatus
334 2082 418 2109 pauca
433 2073 495 2100 inde
509 2078 632 2107 repetere
655 2079 707 2098 non
722 2071 827 2097 videtur
839 2070 886 2097 ab-

102 2122 217 2148 surdum
241 2129 248 2147 :
270 2120 387 2147 maxime
413 2123 523 2153 propter
548 2119 598 2144 hoc
620 2116 691 2151 quod
717 2115 888 2143 oll'enduntur

939 210 1009 244 quod
1028 214 1162 236 mortuum
1184 213 1234 235 est.
1250 208 1345 236 Nonne
1367 209 1484 243 corpus?
1501 208 1629 243 Corporis
1653 215 1721 244 ergo

938 253 1102 281 resurrectio
1114 252 1168 280 ﬂet.
1182 252 1250 280 Tum
1266 253 1361 280 deinde
1379 253 1470 281 dicant
1492 253 1514 280 si
1532 254 1660 281 tnettdum
1673 261 1722 281 no-

938 298 980 326 bis
995 303 1091 333 putant
1108 298 1162 334 (Ξό)
1178 306 1237 326 esse
1261 299 1418 333 corporibus
1443 306 1476 326 an
1501 300 1575 326 non?
1596 298 1722 327 Arbitror

939 344 1060 378 apostolo
1080 343 1164 372 Paulo
1191 343 1296 371 dicente
1320 343 1383 378 quia
1411 352 1421 369 ι
1444 345 1597 372 seminatur
1621 352 1721 378 corpus

938 389 1067 422 animale,
1092 393 1216 423 resurget
1239 396 1337 423 corpus
1362 389 1484 423 spiritale
1499 390 1534 421 θ’,
1554 399 1564 416 ι
1584 390 1649 418 istos
1674 398 1722 418 ne-

939 441 1002 470 gare
1017 442 1067 461 non
1080 441 1157 468 posse
1170 434 1240 469 quod
1251 441 1349 468 corpus
1361 439 1493 469 resurgat,
1508 435 1549 462 vel
1562 436 1623 470 quia
1638 436 1664 463 in
1677 443 1722 464 re-

938 479 1107 507 surrectione
1125 479 1283 514 corporibus
1305 484 1423 507 utamur.
1442 479 1511 513 Quid
1521 481 1602 515 ergo?
1619 481 1646 509 Si
1656 488 1719 509 eer-

940 529 994 552 tum
1024 529 1066 552 est
1094 524 1166 560 quod
1192 525 1349 559 corporibus
1376 525 1453 552 nobis
1484 526 1610 553 utendum
1633 527 1680 559 sit,
1693 533 1720 556 et

939 576 1052 604 corpora
1071 577 1131 604 quae
1143 569 1310 603 ceciderunt,
1319 576 1459 604 resurgere
1466 569 1646 605 praedicantur
1655 572 1720 606 (non

938 614 1011 641 enim
1030 614 1137 650 proprie
1156 621 1299 648 resurgere
1320 614 1431 647 dicitur,
1447 614 1498 642 nisi
1521 613 1546 641 id
1569 615 1640 649 quod
1660 620 1722 644 ante

938 659 1091 693 ceciderit),
1109 659 1174 686 nulli
1192 659 1303 686 dubium
1329 665 1370 687 est
1390 659 1489 688 idcirco
1503 668 1536 688 ea
1563 668 1721 696 resurgere,

939 709 967 732 ut
981 706 1022 733 his
1037 705 1135 732 iterum
1154 713 1185 732 ex
1205 706 1404 733 resurrectione
1422 706 1575 733 induamur.
1599 706 1721 734 Alterum

938 758 1003 785 ergo
1011 751 1092 778 haeret
1108 758 1141 778 ex
1152 751 1243 778 altero.
1256 751 1332 786 101
1345 751 1409 778 Nam
1422 757 1448 779 et
1462 752 1485 779 si
1503 757 1646 788 resurgunt
1664 752 1720 788 (9.?)

938 804 1062 832 corpora,
1078 797 1138 824 sine
1158 796 1239 824 dubio
1257 797 1290 824 ad
1311 797 1498 826 indumentum
1520 799 1606 826 nostri
1627 805 1722 826 resur-

937 848 1023 877 gunt;
1043 847 1070 869 et
1099 843 1121 869 si
1140 850 1251 870 necesse
1273 848 1315 871 est
1338 851 1386 871 nos
1411 851 1474 871 esse
1498 844 1524 871 in
1549 844 1721 879 corporibus.

939 888 1010 915 sicut
1025 893 1101 916 certe
1115 896 1226 917 necesse
1241 893 1291 923 est,
1307 897 1358 916 non
1372 889 1398 916 in
1415 889 1477 917 aliis
1488 897 1567 924 quam
1583 890 1609 917 in
1621 890 1722 918 nostris

938 932 1094 966 corporibus
1109 939 1167 960 esse
1179 933 1308 960 debemus
1333 933 1398 966 Quae
1410 933 1432 960 si
1441 941 1535 961 verum
1545 934 1667 971 estquod
1679 941 1722 961 rc-

937 982 1050 1012 surgunt
1060 982 1087 1004 et
1100 978 1232 1013 spiritalia
1248 983 1406 1013 resurgunt,
1417 979 1526 1006 dubium
1538 986 1591 1006 non
1600 983 1641 1007 est
1655 979 1721 1013 quin

937 1022 1041 1056 abiecta
1057 1024 1241 1058 corruptione,
1256 1029 1283 1051 et
1301 1024 1422 1059 deposita
1447 1024 1615 1052 mortalitate
1629 1031 1720 1052 resur-

938 1075 1001 1101 gere
1014 1068 1139 1096 dicantur
1154 1076 1168 1096 a
1194 1070 1325 1103 mortuis;
1348 1070 1465 1104 alioquin
1492 1077 1592 1097 vanum
1614 1069 1720 1097 videbi-

939 1118 983 1140 tur
995 1118 1021 1141 et
1034 1113 1199 1148 superﬂuum
1218 1122 1363 1149 resurgere
1378 1122 1541 1151 quemquam
1565 1123 1580 1142 a
1595 1116 1719 1148 mortuis,

938 1163 967 1185 ut
985 1159 1080 1186 iterum
1095 1160 1235 1186 moriatur.
1254 1159 1331 1193 Quod
1347 1160 1382 1186 ita
1397 1160 1505 1187 demum
1526 1160 1636 1196 intelligi
1660 1161 1719 1189 evi-

938 1203 1045 1232 dentius
1062 1209 1159 1240 potest,
1176 1205 1197 1232 si
1215 1206 1275 1240 quis
1288 1205 1430 1242 diligenter
1445 1206 1569 1233 advertat
1579 1206 1647 1243 (28),
1659 1215 1720 1243 quae

937 1250 973 1278 sit
987 1250 1110 1278 animalis
1124 1251 1243 1285 corporis
1256 1251 1384 1286 qualitas,
1400 1259 1460 1286 quae
1479 1251 1506 1279 in
1522 1257 1621 1280 terram
1635 1254 1720 1281 semi-

939 1300 1000 1322 nata
1026 1295 1156 1330 spiritalis
1191 1297 1314 1331 corporis
1337 1302 1447 1330 reparet
1479 1297 1648 1331 qualitatem.
1680 1298 1720 1326 Ex

939 1341 1048 1368 animali
1077 1348 1193 1376 namque
1214 1349 1330 1375 corpore
1351 1342 1408 1376 ipsa
1424 1341 1479 1377 (29)
1501 1343 1585 1370 virtus
1602 1350 1721 1371 resurre-

938 1386 1037 1414 ctionis
1050 1391 1077 1414 et
1096 1387 1182 1421 gratia
1195 1387 1319 1422 spiritale
1341 1395 1438 1422 corpus
1452 1388 1551 1421 educit,
1563 1397 1625 1417 cum
1645 1390 1671 1418 id
1686 1389 1721 1418 ab

939 1432 1098 1467 indignitate
1111 1438 1273 1461 transmutat
1288 1434 1320 1461 ad
1340 1433 1465 1469 gloriam,

973 1478 1000 1505 2.
1019 1478 1148 1512 Quoniam
1166 1486 1230 1513 ergo
1255 1479 1373 1507 haeretici
1401 1480 1576 1507 eruditissimi
1601 1481 1653 1508 sibi
1679 1481 1720 1508 vi-

937 1523 1036 1551 dentur
1063 1529 1091 1551 et
1116 1525 1326 1560 sapientissimi,
1361 1525 1589 1562 interrogabimus
1620 1534 1676 1559 eos,
1696 1528 1719 1555 si

938 1576 1017 1597 omne
1031 1577 1133 1605 corpus
1155 1571 1264 1598 schema
1290 1570 1397 1605 aliquod
1422 1571 1515 1604 habet,
1530 1572 1556 1598 id
1571 1576 1611 1599 est
1627 1572 1718 1599 habitu

938 1614 1027 1649 aliquo
1051 1614 1107 1650 (50;
1128 1614 1305 1642 deformetur.
1322 1615 1356 1642 Et
1369 1615 1390 1642 si
1406 1615 1514 1650 quidem
1530 1616 1649 1644 dixerint
1660 1624 1720 1644 esse

937 1667 1034 1695 corpus
1046 1662 1118 1695 quod
1134 1669 1186 1689 non
1199 1662 1289 1696 aliquo
1307 1661 1401 1688 habitu
1414 1661 1593 1694 deformetur,
1611 1662 1720 1697 imperi-

938 1706 1034 1734 tissimi
1057 1707 1178 1734 omninm
1202 1713 1283 1742 atque
1307 1708 1520 1742 insipientissimi
1545 1707 1719 1736 videbuntur.

937 1752 1032 1780 Nullus
1055 1753 1127 1780 enim
1145 1753 1196 1781 hoc
1219 1753 1338 1789 negabit,
1356 1753 1407 1781 nisi
1431 1754 1467 1781 sit
1490 1753 1525 1780 ab
1538 1754 1612 1781 omni
1627 1754 1721 1781 erudi-

938 1798 1010 1825 tione
1032 1798 1142 1832 penitus
1165 1799 1280 1826 alienus.
1297 1798 1325 1825 Si
1349 1806 1414 1826 vero
1439 1798 1588 1825 secundum
1608 1797 1634 1825 id
1648 1799 1721 1832 quod

937 1850 1107 1878 consequens
1129 1848 1170 1871 est
1192 1844 1321 1876 dixerint,
1339 1844 1402 1878 quia
1418 1850 1497 1871 omne
1523 1850 1621 1878 corpus
1644 1848 1721 1870 certo

938 1889 1028 1923 aliquo
1045 1888 1098 1925 (5|)
1118 1889 1209 1915 habitu
1223 1889 1401 1921 deformatur,
1416 1889 1587 1922 requiremus
1598 1887 1631 1914 ab
1644 1887 1683 1914 eis
1697 1888 1721 1914 si

938 1938 1051 1967 possunt
1074 1934 1151 1961 nobis
1175 1934 1305 1968 spiritalis
1323 1933 1444 1967 corporis
1467 1932 1588 1960 habitum
1607 1933 1720 1960 demon—

938 1985 1025 2006 strare
1047 1983 1130 2014 atque
1144 1979 1315 2012 describere;
1341 1979 1413 2012 quod
1435 1977 1527 2012 utique
1550 1977 1623 2005 nullo
1641 1978 1721 2004 modo

938 2025 1029 2052 facere
1044 2029 1179 2059 poterunt.
1198 2024 1251 2051 Sed
1265 2029 1292 2051 et
1313 2023 1482 2051 ditl‘erentias
1500 2030 1595 2051 eorum
1615 2022 1662 2057 qui
1678 2030 1722 2049 re-

939 2075 1052 2105 surgunt
1066 2070 1232 2104 inquiremus
1247 2070 1281 2096 ab
1295 2070 1345 2096 eis.
1359 2068 1500 2102 Quomodo
1515 2068 1657 2095 ostendent
1675 2074 1721 2095 ve-

940 2123 998 2143 rum
1015 2123 1075 2143 esse
1089 2115 1152 2142 illud
1169 2116 1239 2149 quod
1253 2115 1353 2142 dictum
1370 2118 1410 2140 est
1424 2113 1486 2147 quia
1506 2121 1515 2138 (
1527 2113 1579 2139 alia
1597 2119 1661 2140 caro
1676 2119 1723 2139 vo-

102 2167 216 2202 quidam
233 2167 259 2193 in
272 2166 455 2193 ecclesiastica
482 2165 544 2198 ﬁde,
566 2162 644 2198 quasi
668 2162 741 2189 velut
760 2161 841 2188 stulte
862 2165 889 2187 et
905 2163 927 2190 1)
942 2160 1057 2193 lucrum,
1069 2160 1120 2186 alia
1135 2159 1258 2193 piscium,
1271 2163 1297 2185 ct
1308 2165 1422 2192 corpora
1433 2157 1554 2184 caelestia
1567 2162 1594 2185 et
1608 2165 1723 2192 corpora

103 2214 212 2249 penitus
227 2212 385 2246 insipienter
401 2211 432 2237 de
447 2210 647 2237 resurrectione
659 2208 803 2235 credamus
818 2205 887 2243 (25);

104 2258 241 2293 praecipue
264 2256 396 2288 haeretici,
412 2255 510 2290 quibus
534 2254 586 2281 hoe
612 2254 690 2279 modo
707 2251 824 2278 arbitror
849 2258 891 2278 re-

104 2302 301 2338 spondendum.
323 2301 352 2329 Si
371 2301 533 2328 conﬁtentur
560 2299 640 2326 etiam
655 2299 704 2331 ipsi
722 2297 786 2332 quia
801 2303 892 2323 resur-

138 2351 191 2378 ἰιι
206 2349 277 2377 Tim.
291 2349 378 2383 tt,‘20,
390 2349 436 2376 El.
473 2349 495 2364 “
511 2347 596 2375 lCor.
613 2354 658 2378 xv,
676 2345 720 2373 44.

141 2398 200 2433 (9.1)
213 2398 250 2433 lita
262 2405 328 2424 mss.
344 2397 427 2433 Alias,
446 2405 455 2422 α
473 2400 611 2423 naturam.
632 2404 642 2421 ι

140 2432 198 2466 (22)
212 2432 257 2459 Sic
270 2440 334 2459 mss.
351 2432 434 2463 Alias,
455 2440 464 2457 α
480 2437 643 2466 ιιυιηειδιιιηζ
653 2438 662 2455 ›

140 2463 200 2503 (Ξὸ)
214 2467 280 2503 Vide
295 2467 458 2503 0rigeni_an.,
475 2465 520 2503 lib.
537 2472 612 2503 II,,_q.
625 2464 654 2503 fi,
668 2472 695 2490 n.
711 2463 773 2503 “IL
815 2497 820 2502 _

213 2496 378 2538 Meritorum.
398 2496 476 2538 Deest
500 2500 525 2526 in
550 2496 684 2534 prioribus
710 2496 886 2528 editionibus,

106 2536 171 2565 licet
189 2538 216 2564 in
231 2536 360 2563 omnibus
378 2536 525 2569 reperiatur
540 2542 604 2561 mss.

141 2572 199 2608 (25)
217 2572 299 2605 Quasi
316 2571 384 2608 velut
395 2567 621 2608 stulte/getgpenilus
633 2567 784 2607 insipienter
799 2567 831 2592 de
844 2573 886 2608 τε·

106 2601 269 2635 surrectione
288 2606 437 2633 credamus.
466 2601 533 2637 Quid
555 2605 589 2635 de
611 2603 810 2640 resurrectione
838 2601 886 2627 do-

107 2643 195 2670 cuerit
219 2641 370 2675 Origenes,
401 2640 460 2666 fuse
485 2640 640 2673 disputatur
664 2637 887 2672 Origeniunorum

108 2678 178 2705 libro
195 2685 228 2707 ιι.
245 2676 395 2711 quaestione
409 2682 490 2700 nona.
555 2675 557 2677 ’

141 2704 366 2750 (26)-ῡὶὲα-ηιηιεὶ
391 2710 525 2750 utendum”
540 2708 612 2750 nobis
635 2704 890 2750 putantlzglta‘re‘cte

107 2741 174 2775 ms‘s.
190 2741 229 2774 'ln
247 2745 385 2780 prioribus
404 2744 568 2771 editionibus
594 2743 669 2770 deest
690 2750 699 2766 ε
718 2741 820 2773 dicant,
839 2747 849 2765 ι
863 2743 890 2765 et

109 2789 157 2816 vro
172 2791 182 2808 ε
200 2785 299 2816 putant
319 2789 329 2805 ι
349 2780 445 2816 legitur
465 2787 473 2803 ε
494 2782 613 2816 putatur.
635 2785 645 2802 ›

142 2807 265 2853 (Ξῆίὸἰο
283 2822 349 2842 mss.
366 2807 471 2853 Ktiasg
491 2807 596 2853 etiamsi
611 2814 761 2845 resurgant.
781 2818 790 2835 ν
806 2807 891 2836 Paulo

281 2854 420 2884 PATROL.
437 2851 493 2881 Gn.
513 2852 569 2884 ΧΙ.

946 2205 1095 2236 terrestria,
1119 2205 1166 2231 sed
1188 2204 1240 2230 alia
1262 2203 1370 2238 quidem
1388 2202 1540 2230 ctelestium
1560 2201 1655 2237 gloria,
1670 2201 1723 2228 alia

944 2259 1010 2278 vero
1025 2251 1206 2282 terrestrium,
1223 2250 1274 2276 alia
1299 2249 1384 2284 gloria
1405 2248 1481 2280 solis,
1499 2248 1551 2274 alia
1576 2247 1655 2280 lume,
1671 2246 1723 2273 alia

945 2295 1104 2329 stellarum;
1121 2295 1198 2323 stella
1214 2303 1228 2322 a
1254 2295 1332 2322 stella
1355 2293 1446 2321 dill'ert
1462 2293 1488 2320 in
1514 2292 1610 2327 gloria,
1637 2293 1672 2319 ita
1696 2296 1724 2319 et

942 2394 1013 2423 post,
1033 2397 1043 2413 ι
1059 2388 1129 2415 sicut
1145 2392 1219 2415 certe
1236 2393 1345 2413 necesse
1361 2388 1413 2417 est,
1434 2393 1443 2410 ι
1465 2384 1520 2411 haac
1535 2383 1632 2410 desunt
1647 2382 1674 2422 in
1691 2382 1724 2409 li-

942 2424 998 2451 bris
1012 2423 1103 2454 editis,
1117 2422 1179 2449 licet
1195 2422 1344 2448 habeantur
1361 2420 1386 2446 in
1398 2419 1524 2457 omnibus
1543 2425 1609 2445 mss.
1620 2417 1724 2457 Ibidem

942 2466 1018 2491 mss.,
1035 2467 1045 2482 ‹
1061 2451 1126 2490 Quae
1139 2458 1161 2484 si
1183 2464 1276 2484 verum
1301 2459 1342 2482 est
1356 2454 1427 2489 quod
1442 2456 1596 2488 resurgunt.
1613 2460 1623 2477 ι
1639 2451 1724 2482 Alias,

944 2501 953 2518 ι
970 2494 1041 2527 quod
1058 2493 1092 2523 si,
1111 2500 1120 2517 ι
1141 2497 1195 2519 etc.

976 2520 1032 2562 (28)
1049 2520 1095 2554 Sic
1113 2534 1178 2553 mss.
1192 2524 1270 2553 Libb.
1290 2524 1368 2555 editi,
1388 2532 1397 2549 ι
1424 2523 1446 2550 si
1458 2522 1503 2557 qui
1519 2521 1662 2556 diligenter
1677 2520 1724 2547 atl-

940 2566 1059 2590 vertant.
1079 2571 1088 2587 ι

986 2596 1113 2631 29)]ρειι.
1131 2596 1211 2631 Deest
1223 2593 1249 2620 in
1259 2593 1324 2631 libb.
1336 2592 1425 2631 editis,
1437 2591 1483 2619 sed
1493 2590 1612 2631 habetur
1622 2589 1649 2615 in
1660 2596 1725 2631 mss:

986 2599 1030 2631 29)
1040 2599 1113 2629 Ipsa.
1131 2599 1211 2623 Deest
1223 2601 1249 2620 m
1259 2599 1324 2621 lIDD.
1336 2599 1425 2625 cuius,
1437 2599 1483 2619 seu
1499 2599 1612 2630 palpetur
1623 2599 1649 2615 Ill
1660 2599 1725 2627 mss.

975 2599 1038 2668 ξὸογ
1051 2631 1154 2665 Aliquo.
1174 2630 1260 2668 Deest
1316 2627 1452 2661 prioribus
1467 2623 1725 2668 madentibus-title?

941 2658 1074 2695 habeatur
1100 2658 1125 2692 in
1154 2672 1219 2692 mss.
1242 2658 1344 2690 lbidein
1372 2668 1450 2692 mss.,
1477 2668 1486 2684 ‹
1502 2665 1538 2695 νει
1564 2658 1587 2685 si
1616 2658 1724 2692 quidem

942 2694 1060 2729 dixerint
1074 2707 1134 2727 esse
1156 2706 1265 2733 corpus.
1284 2705 1294 2722 ›
1314 2697 1342 2723 ln
1359 2695 1425 2724 libb.
1442 2694 1523 2722 editis
1541 2701 1589 2729 pro
1605 2702 1613 2717 ι
1630 2699 1691 2719 esse
1714 2700 1724 2716 ι

943 2737 1039 2770 legitur
1058 2744 1066 2760 ι
1082 2734 1208 2770 etiam.»
1226 2766 1250 2770 __
1361 2765 1368 2770 _
1433 2763 1440 2770 ο
1476 2763 1493 2770 __
1636 2761 1660 2770 ν,

975 2761 1036 2834 Kal)
1054 2769 1159 2808 Aliquo.
1172 2766 1345 2794 Desideratur
1361 2765 1388 2792 in
1400 2763 1536 2800 prioribus
1548 2761 1726 2794 editionibus,

1007 2805 1122 2833 habetur
1139 2810 1168 2830 in
1186 2809 1252 2829 mss.
1555 2832 1568 2834 _

944 2814 974 2834 se

1007 2803 1122 2833 habetur
1139 2803 1168 2830 in
1186 2809 1252 2829 mss.
1552 2832 1571 2863 8
