1860 3073
135 82 190 110 219

753 84 913 112 ORIGENIS
933 85 1011 111 ΠΕΡΙ
1029 84 1144 111 ΛΡΧΩΝ

1711 81 1769 109 9.ῗο

135 145 161 168 et
177 141 347 169 conﬁrmatio
365 146 467 169 sanetae
484 141 634 177 Scriptura:
656 142 827 169 auctoritatis
844 149 923 169 acce-
940 144 961 170 Α
977 141 1039 167 item
1055 140 1118 167 alibi
1133 149 1140 167 :
1160 149 1169 165 ι
1184 139 1345 167 Noomeuias
1359 144 1464 167 vestras
1478 144 1504 166 et
1517 140 1630 167 sabbata
1645 144 1671 167 ct
1691 140 1766 167 diem

136 184 187 216 dit.
206 192 267 212 cum
282 186 393 219 di'citur,
415 187 478 221 quia
498 195 507 212 ι
521 187 583 214 fecit
613 188 684 214 Deus
709 192 785 214 cetos
800 195 923 222 magnos,

138 234 165 256 et
190 237 296 256 onmem
325 231 443 258 animam
467 231 647 258 animantium
675 233 844 266 repentium,
863 239 925 265 quia

143 275 331 309 produxerunt
345 283 421 310 aqua:
437 276 584 303 secundum
601 284 684 310 genus
703 284 796 303 eerum
809 276 841 303 "'.
857 286 866 302 ι
885 276 924 303 Ex

136 321 274 348 communi
303 329 367 349 vero
400 323 515 350 rationis
543 323 720 358 intelligentia
749 323 925 351 confirmatur

135 367 217 394 etiam
234 368 268 394 ab
291 368 332 395 his
347 369 392 403 qui
410 369 596 397 deﬁnitionem
618 371 716 397 anima:
735 371 818 398 certis
833 371 924 398 deter-

137 413 244 440 miuant
257 414 357 441 verbis.
373 415 506 441 Definitnr
519 423 635 449 namque
652 416 742 443 anima
766 417 816 443 ltoc
833 417 922 450 modo,

135 459 200 494 quia
223 459 258 486 sit
271 460 420 487 substantia
439 462 606 498 φανταστικὴ
630 467 657 488 et
680 463 834 499 ὸρμητική,
851 464 924 498 quod

136 504 250 537 Latine,
278 505 341 532 licet
367 513 420 532 non
446 511 500 533 tam
531 508 640 542 proprie
665 508 845 542 explanetur,
870 509 923 536 dici

136 554 227 577 tamen
241 554 330 584 potest
360 552 497 580 sensibilis
519 558 547 579 et
575 553 692 581 mobilis.
720 554 796 587 Quod
832 554 924 589 utique

136 597 262 624 convenit
278 597 360 624 etiam
373 599 407 626 de
424 600 548 627 onmibus
572 601 734 628 animalibus
753 602 816 634 dici,
837 607 863 629 et
881 602 924 630 his

136 648 198 674 qua:
212 642 238 668 in
263 643 341 677 aquis
356 644 474 679 degunt;
495 647 542 673 sed
559 651 586 673 et
609 648 635 674 in
652 648 810 676 volucribus
828 649 923 675 eadem

137 686 260 714 deﬁnitio
285 689 383 716 animae
409 691 601 718 convonienter
626 693 790 720 ostenditur.
813 693 924 720 Addidit

136 739 204 760 sane
219 732 361 768 Scriptura
380 735 462 762 etiam
478 736 591 764 alterius
612 738 756 765 sententia:
771 739 923 766 auctorita-

138 782 210 811 tem,
237 786 298 806 cuin
314 780 401 806 dicit:
425 790 434 806 ι
450 780 509 808 Non
529 783 728 811 manducabitis
749 784 922 819 sanguinem,

136 823 200 856 quia
220 824 309 851 anima
335 826 418 853 totius
440 827 532 854 carnis
549 829 659 863 sanguis
680 829 739 863 ejus
760 833 812 862 est,
828 834 923 857 etnon

136 868 335 897 tnandueabitis
363 871 482 898 animam
505 880 566 899 cum
583 875 712 902 carnibus
724 875 762 908 ‘9;
780 885 791 902 ι
815 876 841 902 in
870 884 924 910 quo

135 914 341 943 evidentissime
359 917 518 951 sanguinem
544 919 665 946 omnium
688 920 846 948 animalium
865 923 924 949 ani—

136 967 207 986 mam
234 967 327 988 eorum
344 970 405 990 esse
430 963 563 998 designat.
588 964 648 991 lam
664 973 729 993 vero
755 967 777 993 si
803 968 864 1001 quis
883 975 925 995 re-

135 1006 236 1040 quirat,
252 1009 388 1042 quomodo
407 1010 526 1036 animam
543 1011 634 1038 omnis
650 1013 741 1039 carnis
759 1013 923 1048 sanguinem

133 1052 193 1086 ejus
204 1059 265 1080 esse
276 1054 355 1088 dixit,
370 1055 403 1082 de
420 1056 528 1089 apibus,
545 1057 647 1092 vespis,
663 1062 690 1085 et
700 1058 833 1091 formicis,
851 1064 878 1086 et
892 1061 925 1087 de

133 1097 178 1125 his
201 1106 261 1133 qua:
286 1100 312 1127 in
339 1101 417 1134 aquis
435 1107 518 1135 sunt,
537 1104 652 1135 ostreis,
682 1108 709 1130 et
733 1105 871 1138 cochleis,
898 1110 925 1133 et

134 1151 304 1178 quaecunque
328 1150 392 1173 sunt
406 1147 457 1173 alia
472 1147 528 1182 (Η)
546 1156 605 1182 qua:
626 1155 720 1176 carent
737 1152 883 1184 sanguine,
898 1155 925 1178 et

135 1196 197 1217 esse
228 1191 378 1218 animantia
420 1193 644 1221 manifestissime
681 1196 923 1229 demonstrantur;

135 1236 353 1269 respondendum
372 1242 432 1270 est,
449 1240 577 1272 quoniam
601 1240 627 1266 in
652 1240 841 1274 hujuscemodi
866 1243 926 1269 ani-

135 1281 272 1309 mantibus
283 1290 363 1316 quam
376 1283 402 1310 in
421 1285 527 1311 caneris
539 1285 593 1311 vim
605 1285 685 1313 habet
697 1287 770 1313 rubri
785 1287 925 1321 sanguinis

134 1327 222 1361 vigor,
250 1327 318 1356 hanc
334 1329 387 1356 vim
416 1330 522 1357 obtinet
547 1330 574 1357 in
597 1331 657 1358 istis
681 1332 778 1359 humor
802 1333 852 1360 iste
877 1333 924 1367 qui

135 1374 206 1401 inest
221 1374 247 1401 in
265 1375 323 1407 eis,
349 1375 412 1403 licet
435 1376 546 1404 alterius
563 1378 598 1404 sit
615 1377 732 1410 coloris,
755 1378 821 1405 nihil
852 1379 924 1406 enim

135 1420 221 1448 refert
232 1422 278 1455 qui
292 1422 327 1449 sit
339 1422 424 1456 color,
439 1423 586 1450 dummodo
604 1424 756 1450 subslattlia
774 1425 808 1451 sit
821 1425 923 1451 vitalis.

136 1465 174 1492 De
193 1465 323 1499 jumentis
344 1474 408 1494 vero
434 1467 475 1494 vel
502 1468 649 1502 pecudibus
677 1470 748 1502 quod
777 1470 959 1511 attilnattlinc

135 1510 202 1543 sint,
215 1511 296 1538 etiam
315 1513 383 1546 apud
396 1520 567 1541 communem
588 1514 743 1549 opinionem
759 1515 830 1542 nulla
846 1517 924 1543 dubi-

135 1556 204 1584 tatio
218 1561 269 1584 est.
284 1557 401 1585 Evidens
417 1563 508 1586 tamen
525 1565 567 1587 est
581 1561 680 1588 divinae
693 1561 842 1595 Scriptura:
861 1571 924 1589 scu-

137 1603 234 1636 tentia,
252 1611 315 1630 cum
340 1604 405 1631 dicit
432 1605 520 1639 Deus:
539 1614 548 1631 I
565 1606 700 1633 Producat
719 1612 789 1634 terra
806 1609 923 1634 animam

136 1647 224 1674 vivam
240 1650 388 1676 secundum
403 1658 487 1685 genus
498 1671 506 1683 ,
521 1652 706 1686 quadrnpedia
720 1658 747 1680 et
763 1654 884 1688 repentia
899 1659 925 1681 et

139 1693 242 1721 bestias
260 1699 340 1721 terrae
349 1697 494 1723 secundum
511 1698 697 1733 genus“(42).
715 1709 724 1725 ι
737 1699 796 1726 .Iam
813 1708 878 1728 vero
893 1702 926 1728 de

138 1739 246 1767 homine
259 1742 383 1774 quamvis
398 1743 461 1769 nulli
475 1743 586 1770 dubitnn
600 1745 645 1776 sit,
659 1753 708 1772 nec
722 1747 861 1780 requirere
877 1747 926 1773 ali-

137 1785 198 1819 quis
208 1787 307 1820 possit;
320 1793 409 1814 tamen
420 1793 445 1815 et
454 1788 592 1824 Scriptura
604 1790 694 1817 divina
707 1791 842 1826 designat,
853 1793 925 1827 quod

139 1830 225 1857 «Deus
240 1831 265 1857 in
280 1831 375 1858 faciem
386 1833 444 1867 ejus
458 1835 630 1868 impiraverit
645 1836 840 1869 spiramentum
853 1837 924 1870 vitae,

136 1881 164 1903 ct
179 1877 265 1904 factus
275 1883 318 1905 est
331 1879 410 1906 homo
424 1880 450 1907 in
461 1882 579 1907 animam
589 1882 723 1908 viventem
735 1883 768 1908 5°.
777 1891 785 1907 ι
796 1883 926 1917 Superest

138 1922 171 1948 de
187 1924 311 1958 angelico
327 1925 421 1952 ordine
443 1927 593 1960 requirere,
609 1931 700 1954 utrum
713 1932 740 1955 et
755 1928 806 1963 ipsi
822 1929 926 1956 animas

138 1968 334 2006 babeant(45),
347 1979 380 1998 an
396 1973 494 1999 animae
509 1973 575 2005 sint,
597 1973 637 2000 vel
657 1975 689 2000 de
706 1975 813 2001 caeteris
827 1975 926 2002 divinis

139 2014 351 2051 caelestibusque
376 2018 532 2051 virtutibus,
548 2019 594 2045 scd
619 2019 692 2046 etde
712 2020 860 2047 contrariis
879 2028 927 2054 po-

141 2062 295 2089 testatibus.
315 2063 510 2090 Auctoritatem
537 2064 646 2098 quidem
664 2065 761 2091 divina:
778 2066 927 2100 Scriptura:

139 2112 252 2139 usquam
273 2107 372 2133 nullam
394 2108 558 2139 invenimus,
574 2109 645 2141 quod
662 2110 702 2135 vel
728 2110 827 2144 angeli,
846 2111 887 2137 vel
903 2111 924 2138 si

977 195 1103 221 magnum
1119 190 1258 220 acceptum
1282 193 1334 212 non
1352 186 1449 212 habeo.
1467 185 1573 220 Jejnnia
1591 190 1618 213 et
1634 186 1718 213 ferias
1732 191 1766 212 el

976 232 1034 258 dies
1055 231 1140 258 festos
1156 237 1260 258 vestros
1280 231 1337 258 odit
1358 232 1446 258 anima
1465 239 1524 258 mea
1537 232 1569 258 ".
1587 241 1596 257 ι
1613 231 1646 258 Et
1669 233 1696 259 in
1715 240 1764 259 ul

975 277 1080 311 psalmo
1093 277 1127 303 de
1143 277 1252 303 Christo
1267 278 1388 310 (certum
1413 282 1454 304 est
1470 278 1542 304 enim
1565 277 1628 312 quia
1647 285 1679 304 ex
1699 284 1767 312 per-

975 328 1040 347 sona
1057 322 1141 355 ipsius
1162 322 1214 349 iste
1235 323 1355 356 psalmus
1370 323 1530 356 aseribitur,
1550 323 1621 350 sicut
1640 323 1768 357 Evange-

974 367 1039 394 liutn
1055 368 1240 402 contestatur)
1260 367 1294 394 ita
1314 367 1412 395 dictum
1431 373 1473 395 est
1487 377 1494 395 :
1515 378 1524 394 ι
1538 368 1578 395 Tu
1592 374 1695 401 autem,
1710 369 1768 395 Do—

974 414 1057 445 mine,
1081 421 1115 440 ne
1139 413 1217 448 longe
1238 413 1322 440 facias
1343 413 1473 440 auxilium
1494 419 1569 441 tuum
1583 433 1590 446 ,
1609 415 1642 441 ad
1669 415 1769 441 defen-

975 459 1077 487 sionem
1092 467 1178 487 meam
1197 460 1309 494 respice,
1319 468 1382 487 erue
1399 468 1413 487 a
1428 461 1766 495 framea,Deus,animatn

975 512 1074 537 meam,
1085 509 1112 531 et
1123 505 1156 531 de
1168 512 1250 531 tnanu
1265 505 1339 532 canis
1349 505 1456 532 unicam
1471 513 1557 532 meatu
1569 506 1601 532 ⁵³.
1610 515 1618 531 ι
1630 506 1767 539 Quamvis

974 554 1002 577 et
1027 549 1108 576 multa
1132 549 1184 576 alia
1207 549 1261 577 sint
1279 550 1432 577 testimonia
1456 551 1489 579 de
1510 551 1601 578 anima
1616 551 1720 579 Christi
1737 552 1767 578 in

974 602 1004 621 ca
1010 602 1057 621 rue
1069 595 1160 628 positi.

1009 639 1036 665 2.
1053 640 1106 667 Sed
1126 640 1158 667 de
1178 639 1278 667 Christi
1304 640 1412 675 quidem
1436 641 1526 668 anima
1550 649 1659 669 omnem
1684 642 1769 669 nobis

975 686 1074 712 adimet
1091 686 1265 720 qntrstionctn
1289 687 1359 714 ratio
1385 687 1581 714 incarnationis
1602 694 1765 714 occurrens.

975 731 1051 758 Sicut
1068 733 1139 758 enim
1157 739 1220 759 vere
1230 740 1340 760 carnem
1357 732 1462 765 habuit,
1476 734 1512 759 ita
1525 741 1587 760 vere
1602 740 1630 760 et
1642 734 1766 760 animam

976 777 1081 804 habuit.
1099 778 1135 804 De
1153 785 1185 805 eo
1209 786 1273 805 vero
1291 778 1347 813 (45)
1363 779 1434 813 quod
1452 779 1496 806 Dei
1519 779 1608 806 anima
1633 779 1661 806 in
1688 778 1770 806 Scri-

940 814 963 844 Β
978 823 1064 857 pluris
1080 824 1248 857 nominatur,
1261 825 1381 858 qualiter
1402 825 1516 860 intelligi
1535 825 1642 858 debeat,
1658 830 1686 852 et
1702 833 1769 852 sen-

977 871 1028 898 tire
1044 875 1071 898 ct
1085 870 1208 905 proferre
1226 870 1334 898 difﬁcile
1351 876 1408 903 est;
1429 871 1512 898 semel
1527 872 1598 898 enim
1611 872 1767 906 simplicem

976 916 1050 944 illam
1066 921 1209 947 naturam,
1228 921 1253 944 et
1282 917 1385 952 absque
1408 917 1490 944 ullius
1513 917 1674 952 adjectionis
1697 925 1766 952 per-

976 963 1104 990 mistione
1133 962 1306 997 proﬁtemur;
1324 967 1414 989 tamen
1432 963 1621 998 quoqnomodo
1641 964 1767 991 sentien-

977 1009 1039 1035 dum
1053 1013 1106 1041 est,
1128 1009 1262 1036 nominari
1279 1009 1388 1035 interim
1408 1009 1453 1036 Dei
1474 1009 1565 1035 anima
1586 1009 1712 1042 videtur;
1733 1012 1769 1036 de

975 1054 1086 1082 Christo
1109 1061 1173 1081 vero
1203 1061 1257 1080 non
1289 1054 1438 1080 dubitatur.
1464 1054 1497 1081 Et
1526 1054 1587 1082 ideo
1618 1062 1671 1082 non
1699 1055 1769 1083 mihi

975 1100 1081 1126 videtur
1105 1100 1251 1127 absurdum
1277 1100 1334 1134 (46)
1359 1100 1440 1126 etiam
1465 1100 1499 1128 de
1523 1101 1628 1128 sanctis
1657 1099 1770 1135 angelis

976 1146 1138 1180 ca‘terisque
1163 1147 1324 1174 coelestibus
1347 1146 1493 1173 virtutibus
1517 1146 1570 1173 tale
1596 1147 1697 1181 aliquid
1723 1147 1768 1174 vel

977 1190 1077 1223 dicere,
1095 1191 1138 1219 vel
1159 1191 1273 1219 sentire.
1299 1192 1439 1226 Siquidem
1467 1192 1588 1220 deﬁnitio
1602 1192 1648 1219 illa
1666 1194 1769 1220 aninue

976 1237 1058 1264 etiam
1073 1238 1100 1263 in
1120 1237 1195 1271 ipsos
1211 1237 1319 1265 videtur
1341 1238 1494 1265 incurrere.
1510 1238 1576 1271 Quis
1591 1239 1663 1265 enim
1681 1239 1770 1265 ratio-

977 1283 1106 1310 nabiliter
1131 1283 1276 1311 seusibiles
1299 1291 1345 1311 eos
1371 1291 1430 1311 esse
1459 1284 1500 1311 vel
1526 1284 1639 1312 mobiles
1665 1285 1769 1319 poterit

976 1328 1126 1362 denegare?
1140 1328 1217 1362 Quod
1236 1329 1259 1356 si
1275 1335 1349 1356 recta
1367 1329 1419 1356 ista
1435 1330 1543 1357 videtur
1554 1337 1615 1358 esse
1630 1331 1766 1363 deﬁnitio,

976 1375 1047 1408 quod
1066 1375 1220 1402 substantia
1241 1374 1444 1402 rationabiliter
1457 1375 1593 1403 sensibilis
1608 1381 1636 1403 et
1655 1377 1767 1403 mobilis

977 1420 1067 1447 anima
1094 1421 1211 1453 dicatur,
1235 1421 1344 1448 videtur
1368 1421 1424 1448 haec
1449 1422 1543 1448 eadem
1562 1422 1618 1456 (t7)
1638 1421 1769 1449 definitio

978 1466 1060 1492 etiam
1085 1466 1119 1492 ad
1145 1466 1255 1501 angelos
1280 1467 1426 1500 pertinere.
1446 1467 1515 1500 Quid
1541 1467 1613 1494 enim
1640 1467 1715 1494 aliud
1739 1467 1767 1494 ir.

977 1511 1030 1538 illis
1050 1519 1132 1546 quam
1156 1519 1252 1539 sensus
1275 1512 1446 1539 rationabilis
1472 1517 1499 1539 et
1515 1516 1603 1539 motus
1624 1518 1665 1540 est
1687 1512 1744 1547 (48)
1758 1534 1766 1540 .

976 1557 1098 1590 Quorum
1123 1562 1212 1584 autem
1230 1565 1283 1584 una
1311 1558 1476 1585 deﬁnitionis
1500 1559 1569 1586 ratio
1595 1563 1647 1591 est,
1666 1559 1766 1585 borum

976 1604 1035 1630 sine
1054 1603 1137 1630 dubio
1154 1609 1182 1630 et
1206 1605 1300 1632 eadem
1322 1605 1475 1632 substantia
1496 1609 1548 1631 est.
1572 1604 1673 1631 Paulus
1698 1612 1769 1632 sane

976 1655 1037 1675 esse
1063 1649 1210 1682 quemdam
1243 1650 1388 1676 animalem
1413 1649 1551 1677 hominem
1582 1649 1767 1684 signiﬁcat“,

976 1701 1055 1728 quem
1075 1699 1154 1728 negat
1168 1701 1198 1721 ea
1218 1702 1278 1729 qua:
1300 1701 1364 1722 sntit
1382 1695 1503 1730 Spiritus
1527 1695 1572 1722 Dei
1592 1703 1671 1730 posse
1696 1696 1769 1723 reci-

976 1747 1055 1774 pere;
1071 1741 1118 1767 sed
1140 1741 1250 1767 smitam
1272 1742 1339 1768 dicit
1364 1742 1388 1768 ei
1418 1742 1503 1769 videri
1531 1741 1650 1776 Spiritus
1676 1742 1764 1769 sancti

977 1786 1144 1818 doctrinam,
1166 1794 1216 1813 nec
1234 1794 1314 1821 posse
1337 1795 1398 1814 eum
1422 1787 1572 1822 intelligere
1593 1788 1664 1822 quod
1683 1788 1766 1822 spiri-

979 1831 1089 1858 tualiter
1105 1832 1288 1859 discernatur.
1305 1832 1358 1859 Sed
1376 1838 1403 1860 et
1427 1833 1453 1859 in
1473 1833 1526 1860 alio
1548 1833 1609 1860 loco
1625 1833 1664 1860 ait
1683 1834 1766 1860 semi-

978 1877 1036 1904 nari
1053 1885 1154 1912 corpus
1169 1878 1297 1910 animale,
1316 1883 1342 1905 et
1357 1885 1469 1913 surgere
1483 1886 1583 1913 corpus
1595 1878 1718 1913 spiritale
1730 1879 1766 1911 ",

977 1923 1124 1950 ostendens
1138 1923 1164 1950 in
1181 1924 1380 1950 resurrectione
1397 1924 1530 1957 justorutn
1553 1925 1620 1951 nihil
1643 1925 1765 1952 animale

978 1967 1109 1995 futurum.
1130 1969 1163 1995 Et
1187 1969 1247 1995 ideo
1274 1969 1439 2003 requirimus
1465 1976 1497 1996 ne
1518 1969 1588 1996 forte
1612 1970 1765 1997 substantia

978 2014 1069 2048 aliqua
1086 2014 1120 2040 sit
1135 2022 1194 2048 quae
1209 2015 1356 2042 secundum
1378 2015 1430 2042 hoc
1444 2016 1516 2048 quod
1538 2016 1627 2041 anima
1640 2020 1693 2044 est.
1716 2016 1768 2042 iut-

978 2059 1099 2094 pcrfecta
1118 2060 1162 2086 sit.
1185 2059 1284 2087 Verum
1309 2064 1398 2086 utrmn
1421 2060 1477 2094 (49)
1503 2065 1645 2094 propterea
1664 2060 1768 2095 imper-

978 2105 1050 2132 fecta
1065 2105 1102 2132 sit
1117 2106 1188 2139 quod
1210 2113 1223 2131 a
1240 2105 1406 2139 perfectione
1422 2105 1535 2137 decidit,
1552 2113 1585 2132 an
1601 2105 1662 2132 talis
1677 2114 1691 2131 a
1712 2107 1767 2133 Deo

139 2151 186 2185 qui
208 2156 270 2178 sunt
290 2152 373 2179 divini
400 2154 511 2186 spiritus
526 2154 642 2180 ministri
671 2154 727 2185 Dei,
757 2155 799 2181 vel
821 2156 910 2183 anima

1016 2157 1052 2179 :la
1068 2153 1116 2184 sit,
1138 2160 1199 2179 cum
1216 2160 1265 2186 per
1281 2152 1404 2178 ordinent
1426 2152 1531 2187 singula
1556 2152 1654 2178 discuti
1674 2159 1768 2187 caepe-

140 2197 252 2230 babere,
265 2198 305 2224 vel
325 2199 420 2225 anima!
436 2199 574 2232 dicantur;
591 2199 738 2226 animantia
757 2205 846 2227 tatueu
866 2209 927 2229 esse

139 2250 155 2268 a
171 2243 378 2277 quamplurimis
394 2246 560 2272 sentiuntur.
574 2245 612 2272 De
632 2245 687 2272 Deo
702 2251 792 2272 autent
811 2246 867 2281 (ιιι)
886 2248 929 2274 ιιι-

139 2289 263 2316 venimus
291 2290 422 2324 scriptum
439 2298 499 2318 esse
527 2291 583 2317 ita:
609 2290 663 2316 (Et
686 2298 784 2324 ponam
805 2293 924 2320 animam

141 2342 228 2361 meam
245 2342 326 2370 super
343 2336 461 2363 animam
478 2336 548 2363 illam
566 2345 625 2371 qua:
643 2338 851 2365 manducaverit
865 2346 928 2365 san-

140 2380 258 2413 guinem,
276 2384 304 2407 et
331 2382 477 2409 eradicabo
502 2390 561 2409 eam
587 2383 620 2410 de
648 2383 745 2419 populo
761 2391 811 2411 suo
821 2383 842 2399 ⁵¹
857 2392 880 2416 ;›
900 2388 928 2411 et

176 2437 198 2474 ξ’
215 2437 284 2474 Gen.
298 2447 317 2470 ι,
333 2440 378 2467 91.
418 2440 440 2456 ⁸⁸
451 2441 537 2467 Levit.
552 2449 620 2474 xvtt,
639 2442 683 2468 M.
721 2442 743 2457 ν’
755 2441 822 2469 Gen.
838 2451 858 2474 ι,
876 2443 922 2469 24.

139 2471 165 2489 ⁸³
178 2472 251 2501 Psal.
267 2482 324 2507 ut,
338 2475 383 2509 20,
396 2476 441 2502 2|.
482 2477 505 2492 ⁸³
517 2477 526 2502 ι
539 2477 600 2504 Cor.
614 2471 646 2510 ιι,
666 2477 709 2505 14.

256 2543 302 2570 Sic
319 2552 384 2572 mss.
403 2546 488 2578 Alias,
507 2555 517 2572 ι
530 2546 603 2575 talia.
616 2556 626 2572 ›
657 2536 661 2539 ’

178 2542 234 2613 (4Ιῖ
256 2543 302 2570 Sic
319 2552 384 2572 mss.
403 2546 488 2578 Alias,
507 2555 517 2572 ι
530 2546 603 2575 talia.
616 2556 626 2572 ›

174 2579 220 2614 (4‘2
251 2579 439 2613 Quadrupedia
452 2585 478 2607 et
495 2582 609 2615 repentia
629 2588 652 2609 et
670 2582 764 2610 bestias
788 2587 865 2610 terra:
887 2591 928 2610 se-

142 2615 258 2653 cundum
274 2615 441 2654 geumalhec
464 2616 490 2654 i_n
510 2622 594 2654 antea
614 2618 694 2644 editis
718 2620 820 2646 omissa
845 2623 927 2652 sunt,

142 2651 455 2684 quamvisrcperiantur
470 2651 495 2677 itt
514 2651 639 2679 outttibus
657 2660 723 2680 mss.

256 2682 350 2721 Utrum
375 2689 399 2721 et
422 2685 471 2718 ipsi
500 2686 602 2713 animas
626 2688 754 2721 habeant,
781 2693 836 2715 etc.
862 2687 930 2716 Vide

142 2717 276 2755 ﬂuctittnt
286 2717 508 2755 Ogigenianorum
526 2721 573 2747 lib.
589 2730 618 2754 ιι,
637 2728 733 2755 quaest.
747 2717 773 2751 Β.
788 2731 862 2749 num.
878 2723 905 2749 6.

191 2752 236 2787 Η)
258 2752 295 2787 De
310 2752 362 2780 Deo
378 2760 477 2787 autem,
494 2761 546 2783 etc.
563 2752 629 2784 Vide
642 2752 768 2784 fluctinm
785 2758 895 2785 ibidem.

193 2786 238 2823 ‘5)
259 2786 326 2816 Vide
341 2789 387 2818 lib.
398 2798 417 2817 tt
443 2792 610 2826 Origent'an.,
625 2797 722 2827 quast.
737 2793 763 2825 5,
781 2792 896 2843 ιιιιιιιὶϐ.

981 2199 1053 2230 rint,
1085 2205 1265 2232 requiremus.
1293 2196 1322 2224 Si
1356 2197 1428 2224 enim
1456 2198 1581 2224 animalis
1603 2200 1684 2224 homo
1712 2205 1767 2225 non

982 2242 1078 2276 recipit
1094 2250 1154 2277 quae
1165 2247 1230 2269 sunt
1243 2242 1361 2277 Spiritus
1374 2242 1432 2274 Dei,
1451 2248 1478 2270 et
1499 2250 1547 2277 pro
1565 2250 1597 2270 eo
1614 2243 1684 2277 quod
1709 2244 1770 2270 ani-

982 2289 1062 2316 malis
1078 2293 1130 2320 est,
1144 2289 1264 2316 melioris
1277 2293 1391 2321 ttalura’,
1404 2289 1479 2315 idest
1492 2289 1599 2321 divinze,
1612 2288 1767 2324 intelligen-

983 2338 1046 2365 tiam
1065 2337 1187 2372 recipere
1203 2344 1256 2363 non
1281 2341 1382 2371 potest,
1410 2337 1459 2363 hac
1486 2336 1612 2364 fortassis
1633 2337 1666 2364 de
1683 2344 1765 2363 causa

981 2384 1133 2412 evidentius
1154 2391 1203 2411 nos
1222 2382 1322 2410 Paulus
1340 2383 1439 2410 docere
1463 2383 1556 2410 volens
1572 2383 1637 2417 quid
1662 2383 1698 2410 sit
1720 2391 1768 2418 per

961 2443 983 2459 ⁵ο
1004 2443 1074 2471 Gen.
1089 2450 1120 2476 tt,
1136 2443 1161 2468 7.
1201 2442 1222 2457 ⁸¹
1243 2441 1329 2470 Levit.
1352 2449 1406 2468 ιιι-ιι
1419 2462 1426 2474 ,
1445 2441 1487 2468 10.
1526 2442 1548 2457 ⁵¹
1561 2442 1611 2469 lsa.
1630 2449 1648 2473 ι,
1662 2442 1705 2475 15,
1725 2441 1766 2469 14.

749 2477 771 2494 ⁵⁸
787 2478 798 2504 ι
812 2478 874 2505 Cor.
886 2486 929 2511 xv,
942 2478 986 2505 44.

1021 2548 1075 2583 (46)
1097 2547 1143 2574 Sic
1156 2554 1222 2574 mss.
1246 2546 1333 2579 Alias,
1349 2551 1395 2574 tet
1411 2547 1472 2574 ideo
1489 2555 1542 2574 non
1563 2546 1697 2575 videbitur
1719 2548 1769 2575 ει»-

978 2585 1202 2659 ῗυὶἓῧῃὶἰιζάεηι.
1226 2616 1306 2644 Deest
1322 2617 1349 2644 in
1374 2622 1452 2644 antea
1468 2616 1550 2644 editis
1562 2635 1569 2648 ,
1587 2616 1632 2644 sed
1651 2616 1767 2645 habetur

980 2660 1170 2723 mergi-Mss"
1196 2697 1205 2714 ι
1221 2692 1247 2715 et
1265 2692 1355 2715 motus
1375 2691 1426 2714 est.
1442 2695 1450 2710 ι
1468 2685 1544 2713 Libb.
1563 2686 1646 2717 editi,
1665 2695 1673 2711 ι
1689 2693 1767 2713 com-

981 2727 1069 2750 ῐιιυιιιε
1084 2728 1137 2749 est.
1155 2731 1164 2747 Ι

1018 2757 1074 2792 (49)
1098 2756 1193 2784 Verum
1217 2762 1323 2792 turum,
1339 2761 1392 2792 etc.
1416 2753 1480 2792 Yide
1505 2755 1551 2784 lib.
1587 2764 1604 2782 ιι
1627 2755 1767 2790 Origenio-

983 2790 1087 2826 norum,
1105 2796 1199 2826 quaest.
1216 2791 1244 2825 6,
1259 2799 1333 2818 ιιιιιιι.
1347 2791 1361 2817 4
1380 2795 1405 2816 et
1418 2790 1444 2816 5.
