1860 3073
81 105 123 135 εει

730 108 831 136 LIBER
851 110 1040 140 SECUNDUS.

1652 116 1704 143 2‘22

79 164 146 199 quod
160 170 193 191 ea
208 170 274 199 quae
296 168 358 191 sunt
373 164 495 199 spiritus,
510 164 536 192 id
559 170 600 193 est
619 165 750 201 spiritalia
766 168 864 195 intclli-
880 175 901 199 Α
917 178 949 198 ne
962 171 1074 198 liberata
1099 176 1189 206 potest
1206 172 1303 200 iterum
1330 171 1394 200 illud
1411 179 1471 200 esse
1479 173 1550 207 quod
1566 172 1616 200 fuit
1627 179 1704 201 ante-

80 216 138 243 gere
157 216 319 243 possumus,
340 215 458 237 mentem
476 211 561 246 magis
574 219 654 246 quain
670 213 786 239 animam
803 213 864 248 Spi-

81 254 137 280 ritui
156 259 256 281 sancto
286 255 426 291 conjungit
442 260 469 283 et
492 257 587 283 sociat.
612 256 668 284 Hoc
703 258 775 285 enim
802 266 863 286 eum

79 305 138 333 puto
148 301 298 327 ostendere
309 308 369 327 cum
382 301 464 328 dicit:
477 310 486 326 ι
495 301 547 328 Ora
553 302 584 328 bo
596 302 703 336 spiritu,
713 304 797 330 orabo
806 304 862 338 (50)

78 350 104 373 et
118 350 216 379 mente,
234 346 371 380 psalmum
387 347 475 375 dicam
497 347 606 382 spiritu,
621 349 756 382 psalmum
774 350 862 377 dicam

78 395 102 419 et
119 397 206 419 mente
219 393 255 418 ".
269 401 280 417 ι
296 392 330 419 Et
353 399 404 419 non
426 393 492 421 dicit
508 386 573 428 quia
595 395 684 423 anima
699 397 793 430 orabo,
815 397 863 424 sed

76 437 167 472 spiritu
185 441 216 464 et
232 443 342 471 mente;
360 442 388 465 et
407 446 460 466 non
477 439 553 473 dicit,
569 440 659 468 anima
673 442 797 476 psallam;
816 443 863 470 sed

76 483 169 517 spiritu
188 483 308 517 psallam
324 488 352 510 et
366 489 465 512 mente.

106 527 159 563 95
169 528 196 555 5.
213 528 270 556 Sed
282 528 397 556 fortasse
409 537 453 556 re-
576 540 649 559 mea.
670 540 777 560 INTEBP-

75 574 199 608 quiritur:
211 573 243 600 Si
258 582 333 601 mens
341 579 383 602 est
393 582 453 609 quae

76 620 167 655 spiritu
184 626 248 648 orat
264 625 292 649 et
311 621 412 656 psallit,
425 626 452 649 et

75 669 128 703 ipsa
139 673 180 696 est
192 676 256 703 quae
269 669 451 703 etperfectio-

75 723 132 743 nem
147 716 266 750 percipit
277 720 303 742 et
315 716 429 743 salutem
442 725 449 744 :

76 763 206 795 quomodo
237 762 307 790 dicit
336 762 450 796 Petrus.

78 816 87 833 ι
97 807 284 842 Percipientes
295 809 374 835 linem
387 809 449 836 ﬁdei

524 577 599 606 Unde
614 587 671 606 cum
683 579 788 613 inﬁnita
802 587 863 606 cau-

488 625 557 651 tione
573 625 741 652 tractandum
754 631 791 652 est
802 645 809 657 ,
832 634 863 652 ne

486 670 554 705 forte
566 678 624 696 cum
640 671 737 698 animle
753 670 863 698 salutem

485 715 584 750 fuerint
608 720 771 747 consectare,
785 721 808 742 et
829 716 863 742 ad

486 761 586 787 beatam
601 761 678 788 vitam
692 762 863 795 pervenerint,

486 808 583 835 anima:
597 816 653 835 esse
666 809 802 836 desistant.
853 800 857 803 -

76 860 170 883 nostra:
184 857 304 883 salutem
319 857 470 884 animarum
480 862 636 884 nostrarum
651 858 691 885 ⁵⁷2
704 868 714 884 ι
733 858 760 885 Si
773 859 862 886 anima

75 909 131 927 cum
143 901 240 936 spiritu
259 909 313 929 nec
331 907 391 930 orat
406 910 455 929 nec
468 903 566 937 psallit,
585 903 723 937 quomodo
742 904 863 938 sperabit

76 946 206 974 salutem?
222 948 280 973 Aut
293 948 315 974 si
334 955 396 975 cum
410 948 443 975 ad
459 948 656 976 beatitudinem
672 950 792 981 venerit,
806 949 862 984 jam

76 991 159 1017 anima
174 999 228 1018 non
243 992 372 1020 dicetur?
396 992 600 1020 Sed-videamus
631 1001 665 1021 ne
689 993 760 1020 forte
779 995 864 1028 possit

79 1035 127 1063 hoc
143 1037 221 1064 modo
240 1038 416 1072 responderi,
432 1039 497 1072 quia
514 1039 586 1066 sicut
601 1038 728 1067 Salvator
742 1039 796 1076 (5i)
814 1047 861 1067 ve-

109 1080 184 1118 1(δῆ
200 1082 311 1118 Ὠσπερ
326 1082 411 1118 σῷσαι
421 1083 452 1109 τδ

79 1115 207 1153 ᾲπολωλδς
221 1115 311 1153 ἦλθεή
321 1119 334 1144 ὁ
346 1117 450 1153 Σωτὴρ,

79 1150 118 1175 ἅτε
140 1151 187 1185 μὲν
207 1150 248 1178 τόι
280 1151 397 1183 σώζεται
416 1150 452 1178 ἐὺ

78 1184 207 1218 ἀπολωλὸς
221 1206 228 1217 ,
261 1187 354 1212 οὐκέτι
379 1188 453 1213 ἐστὶν

79 1220 207 1256 enimio;
215 1241 230 1256 ,ν
241 1221 331 1252 οὕτως
353 1222 385 1256 ἦν
401 1221 453 1248 σῶ-

79 1263 119 1281 σαι
136 1253 198 1290 ἦλθε
217 1255 309 1291 ψυχὴν
327 1253 369 1287 ὡς’
398 1256 452 1282 σῶ-

79 1297 119 1315 σαι
137 1290 166 1316 τὸ
186 1290 344 1322 ἀπὲλωλὸς,
361 1291 452 1317 οὐκέτι

80 1325 233 1361 μένειᾼψυχὴ
245 1326 263 1360 ἠ
277 1326 392 1352 σωθεῖσα
400 1326 452 1359 ψυ-

79 1359 119 1394 χὴ.
130 1359 187 1386 οὔτε
196 1359 385 1392 τὺἺάπολωλὸς.
392 1362 452 1387 Ἔτι

80 1394 245 1428 βασανιστέον
270 1397 294 1421 εἰ
310 1395 403 1428 ὥσπερ
422 1396 452 1422 τὸ

79 1429 207 1465 ᾁπρλωλὺς
217 1428 251 1465 ἦν
266 1431 310 1456 ὅτε
324 1431 372 1456 οὐκ
385 1428 452 1457 ἀπο-

79 1462 162 1494 λώλει,
175 1465 220 1491 καὶ
229 1462 314 1491 ’ἔσται
330 1465 393 1491 ποτὲ
406 1467 451 1492 ὅτε

80 1498 124 1524 οὐκ
135 1499 206 1526 ἔσται
215 1500 366 1531 ἀπηλωλὺς.
379 1500 451 1527 οὕτω

80 1534 121 1570 καὶ
131 1535 149 1570 (ἡ
161 1534 231 1569 ψυχὴ
244 1533 280 1569 ἦν
297 1535 340 1561 ὅτε
355 1535 403 1561 οὐκ
417 1534 450 1570 ἦν

78 1567 159 1604 ψυχή’,
167 1567 230 1604 διᾶῖ
237 1567 316 1596 Etim:
337 1570 380 1595 ὅτε
402 1567 450 1596 οὔκ

81 1602 148 1630 ἐστὶιί
158 1603 375 1639 ψυχή.1.ο.8ὶειιε
383 1605 451 1631 enim

81 1640 142 1665 nuit
159 1639 287 1665 Dominus
300 1645 377 1673 atque
389 1639 449 1666 Sul-

81 1678 147 1708 uritor
160 1682 278 1708 quaerere
305 1679 328 1700 et
349 1674 449 1700 salvum

81 1707 170 1739 facere
182 1709 253 1743 quod
270 1708 396 1742 perierat,
421 1714 448 1735 ιιι

80 1744 200 1775 perditum
230 1752 288 1770 esse
320 1743 448 1775 desistat;

82 1776 114 1803 sic
133 1779 218 1804 anima
238 1786 300 1812 quae
324 1779 448 1810 petierat,

82 1815 102 1846 ej
116 1812 144 1838 ob
161 1813 235 1846 cujus
251 1813 363 1839 salutent
383 1813 448 1846 venit

84 1845 210 1879 Dominus,
220 1856 281 1874 cum
293 1847 364 1873 salua
379 1845 448 1880 facta

83 1881 153 1912 fuerit
169 1883 271 1912 anima.
289 1882 377 1908 anima
393 1890 448 1908 esse

83 1917 193 1943 cessabit.
209 1917 284 1943 Illud
291 1924 391 1950 quoque
402 1925 449 1948 pa-

84 1950 139 1986 riter
154 1952 337 1986 requirendum
343 1971 350 1981 ,
360 1955 419 1977 uiru
424 1959 447 1977 m

84 1985 151 2020 sicut
160 1987 287 2018 perditum
303 1986 447 2020 aliquando

85 2019 185 2052 nonfuit
201 2019 352 2054 perditum,
362 2025 387 2046 et
398 2021 448 2046 erit

85 2056 175 2087 tempus
194 2056 301 2089 quando
318 2056 448 2087 perditum

85 2095 129 2113 non
139 2090 234 2122 erit,sic
242 2090 386 2124 aliquando
396 2091 451 2115 ani-

85 2130 122 2157 ηια
141 2124 215 2157 fuerit
236 2133 290 2151 nuit
306 2125 410 2156 anima,
425 2130 448 2150 et

86 2156 135 2189 [ore
156 2164 254 2192 tempus
274 2159 380 2193 quando
405 2167 450 2185 ne-

87 2199 203 2263 quaquam
225 2195 314 2221 anima
333 2201 449 2228 perseue-

87 2231 127 2253 nl.

87 2231 127 2253 nt.

488 1096 528 1123 nit
554 1096 659 1124 sali'are
681 1097 753 1131 quod
776 1098 863 1131 perie-

489 1149 539 1176 rat,
553 1145 636 1172 etiam
652 1152 713 1172 cuni
732 1145 862 1178 saltatur,

490 1198 542 1217 non
568 1195 610 1218 e>t
635 1191 767 1226 perditum
791 1194 862 1226 quod

489 1236 562 1270 prius
571 1237 704 1270 perditum
712 1237 860 1272 dicebatur;

488 1282 525 1309 ita
552 1281 676 1310 fortassis
705 1284 785 1310 etiam
812 1284 863 1311 hoc

488 1328 558 1362 quod
574 1328 703 1360 salvatur,
719 1329 808 1356 anima
823 1329 864 1356 di-

489 1372 577 1404 citur;
601 1380 662 1398 cum
692 1377 781 1399 autem
805 1373 862 1407 jam

487 1417 560 1444 salva
573 1417 643 1445 facta
656 1418 748 1451 fuerit,
758 1426 791 1445 ex
800 1427 862 1454 pcr-

486 1465 608 1493 fectioris
634 1466 719 1500 partis
741 1474 796 1494 suae
812 1475 862 1494 vo-

487 1512 583 1538 cabulo
591 1519 711 1546 nuiiciipa
717 1512 787 1539 bitur
794 1512 860 1548 (53).
877 1513 897 1541 C

489 1555 541 1582 Sed
556 1561 584 1583 et
601 1557 664 1583 illud
680 1557 759 1591 adjici
782 1565 862 1591 posse

488 1602 594 1628 videtur
604 1601 780 1635 quibusdam;
799 1602 861 1637 quia

486 1647 556 1675 sicut
572 1648 623 1674 lioc
637 1648 708 1682 quod
726 1648 860 1682 perditum

485 1699 536 1726 est,
556 1699 615 1721 erat
637 1695 698 1721 sine
714 1694 796 1721 dubio
813 1702 861 1720 an-

487 1745 592 1775 lequain
601 1740 710 1775 periret,
719 1747 779 1766 cuin
790 1740 862 1766 aliud

487 1786 577 1813 nescio
605 1786 669 1820 quid
696 1789 756 1812 erat
779 1793 860 1820 quam

485 1833 631 1865 perditum,
650 1831 720 1858 sicut
735 1831 787 1858 erit
805 1831 860 1867 (54)

484 1880 577 1914 utique
593 1887 654 1906 cum
672 1878 728 1913 jam
752 1887 804 1906 non
819 1884 861 1906 est

484 1926 636 1960 perditum:
651 1925 688 1952 ita
701 1925 784 1952 etiam
803 1925 863 1952 ani-

484 1981 527 2000 ma
544 1981 603 2008 qua:
627 1973 729 2007 perisse
749 1973 858 2004 dicitur,

485 2019 620 2046 videbitur
637 2018 719 2046 fuisse
733 2019 798 2053 quid
811 2019 861 2045 ali-

485 2066 593 2100 quando
605 2073 665 2092 cum
683 2066 800 2092 nonduin
814 2073 860 2100 pe—

485 2113 583 2146 risset,
613 2117 641 2140 et
665 2118 776 2148 propter
807 2114 860 2141 hoc

486 2159 575 2185 anima
609 2159 759 2186 diceretur~
781 2158 836 2195 (55)
852 2179 858 2191 ,

486 2213 547 2240 qua:
565 2212 671 2232 rursum
685 2213 718 2231 cx
735 2205 861 2239 perditio-

917 225 998 252 quam
1025 217 1127 251 periret
1153 224 1180 244 et
1203 218 1290 245 anima
1322 219 1466 246 diceretur.
1486 217 1540 246 Sed
1557 224 1584 246 et
1597 226 1630 246 ex
1645 219 1703 253 ipsa

918 262 1037 289 nominis
1055 262 1152 289 animai
1162 262 1362 297 significatione
1374 271 1455 297 quam
1475 265 1501 290 in
1525 263 1619 291 Grieco
1634 265 1705 291 indi-

917 313 972 340 cat,
991 307 1078 334 visum
1095 312 1136 335 est
1150 312 1178 335 et
1191 308 1331 335 nonnullis
1349 309 1550 343 requirentibus
1569 310 1705 337 curiosius

918 361 998 387 posse
1013 361 1065 380 non
1082 354 1245 380 mediocrem
1256 353 1312 389 (56)
1325 355 1431 389 suggeri
1448 355 1622 382 intellectum.
1635 355 1702 382 Nam

917 408 1006 428 sermo
1030 401 1139 427 divinus
1166 400 1248 427 Deum
1274 400 1361 435 ignem
1385 408 1446 428 esse
1470 402 1539 428 dixit
1559 409 1619 429 cuni
1646 402 1701 428 ait:

919 455 929 471 ι
948 446 1019 473 Deus
1036 451 1127 473 noster
1147 446 1217 481 ignis
1234 452 1276 473 est
1300 453 1463 473 consumens
1478 447 1511 474 ⁸⁸.
1527 456 1536 472 i
1557 447 1609 474 Sed
1627 452 1655 474 et
1670 450 1703 475 de

916 492 1075 526 angelorum
1089 493 1243 519 substantia
1264 492 1302 519 ita
1325 492 1380 519 ait:
1411 501 1419 517 ι
1437 492 1487 525 Qui
1505 492 1570 519 facit
1593 494 1703 529 angelo!

917 545 984 565 suos
998 538 1122 572 spiritus,
1132 543 1159 564 et
1172 538 1313 565 ministros
1329 545 1393 565 suos
1407 538 1495 572 ignem
1508 544 1629 566 urentem
1641 540 1663 556 "
1675 549 1700 573 ;i

916 590 944 611 et
959 585 1040 611 alibi:
1061 594 1069 610 ι
1082 585 1214 619 Apparuit
1226 584 1337 618 angelus
1349 585 1455 611 Domini
1470 585 1496 610 in
1511 584 1617 610 flamma
1633 585 1702 619 ignis

917 631 943 657 in
959 631 1027 657 rubo
1044 631 1076 658 °°.
1098 641 1108 657 ›
1134 631 1245 664 Insuper
1256 631 1339 657 etiam
1362 631 1520 658 mandatum
1537 631 1702 665 accepimus,

918 681 946 702 ut
961 676 1046 703 sinius
1063 676 1160 710 spiritu
1187 675 1325 704 ferventes
1338 676 1376 708 °‘;
1392 684 1441 710 per
1454 677 1526 710 quod
1544 676 1603 702 sine
1622 676 1703 704 dubio

917 723 1026 757 igneum
1039 723 1191 750 ostenditur
1204 727 1231 750 et
1250 722 1367 750 calidum
1388 723 1435 750 Dei
1454 723 1582 750 Verbum.
1598 721 1651 749 Sed
1675 726 1704 749 et

917 768 1050 796 .Icreinias
1064 768 1195 802 propheta
1223 769 1298 795 audit
1319 770 1353 795 ab
1378 776 1410 796 eo
1429 769 1474 802 qui
1502 768 1551 795 sibi
1572 775 1704 802 responsa

918 815 1017 842 dabat:
1035 823 1044 839 ι
1058 814 1128 841 Ecce
1139 814 1199 841 dedi
1210 815 1291 841 verba
1305 823 1364 842 mea
1381 815 1407 841 in
1417 822 1448 841 os
1463 819 1537 841 tuum
1548 813 1678 848 ignem".
1690 822 1700 838 ι
1737 834 1740 836 .

879 849 900 876 Β
917 859 993 886 Sicut
1010 867 1076 894 ergo
1092 860 1163 887 Deus
1178 860 1248 895 ignis
1264 865 1317 891 est,
1332 865 1360 887 et
1377 860 1466 895 angeli
1486 859 1594 886 ﬂamina
1614 859 1703 894 ignis,

915 910 941 932 et
954 906 1037 932 sancti
1054 906 1154 939 quique
1169 905 1265 940 spiritu
1284 905 1389 932 fervent
1403 913 1410 937 ;
1438 906 1473 932 ita
1489 912 1504 932 e
1522 905 1662 932 contrario
1675 906 1702 932 lii

915 950 959 983 qui
973 949 1134 976 deciderunt
1157 957 1172 976 a
1190 950 1335 976 dilectione
1351 950 1415 981 Dei,
1433 950 1492 976 sine
1518 950 1600 976 dubio
1623 949 1703 976 refri-

915 995 988 1021 xisse
1005 995 1032 1022 in
1044 995 1180 1021 ebaritate
1196 994 1254 1028 ejus
1269 1002 1301 1022 ac
1317 994 1409 1028 frigidi
1427 995 1489 1022 facti
1506 995 1612 1022 dicendi
1627 999 1700 1021 sunt.

915 1041 1040 1067 Aiteniin
1052 1045 1080 1068 et
1095 1041 1236 1073 Dominus,
1250 1041 1312 1074 quia
1329 1050 1338 1066 ι
1359 1046 1502 1076 propterea
1520 1041 1592 1075 quod
1611 1040 1702 1067 inulti-

914 1085 1012 1120 plicata
1038 1090 1079 1112 est
1102 1086 1247 1121 iniquitas,
1273 1086 1432 1120 refrigescet
1456 1086 1576 1113 cliaritas
1602 1085 1702 1113 multo-

915 1139 974 1158 rum
993 1131 1025 1160 ⁸³.
1044 1141 1055 1158 ι
1081 1131 1134 1159 Sed
1160 1136 1187 1159 et
1202 1132 1291 1159 omnia
1309 1139 1476 1166 quaecunque
1489 1135 1552 1158 sunt
1573 1139 1632 1166 quia
1651 1131 1701 1158 ad-

914 1185 1000 1204 versae
1016 1178 1142 1212 potestati
1159 1178 1185 1204 in
1202 1177 1353 1211 Scripturis
1368 1177 1470 1204 sanctis
1492 1181 1699 1212 comparantur,

916 1224 1010 1258 frigida
1027 1231 1134 1259 semper
1151 1224 1292 1251 inveniens
1301 1224 1424 1251 diabolus
1436 1224 1554 1251 dicitur:
1569 1231 1622 1258 quo
1636 1223 1700 1257 quid

914 1269 1038 1304 frigidius
1056 1270 1204 1297 invenitur.
1221 1270 1274 1296 Sed
1289 1274 1317 1296 et
1339 1270 1366 1296 in
1388 1270 1455 1296 mari
1473 1276 1589 1304 regnare
1601 1269 1701 1296 dicitur

914 1315 1007 1342 draco.
1027 1315 1186 1348 Serpentem
1200 1322 1316 1348 namque
1333 1319 1360 1342 et
1374 1315 1520 1341 draconem
1531 1335 1538 1347 ,
1561 1313 1632 1348 quod
1649 1314 1700 1340 uti-

915 1369 967 1395 que
983 1362 1015 1389 ad
1029 1362 1144 1396 aliquem
1164 1361 1197 1388 de
1213 1361 1338 1396 malignis
1351 1360 1491 1394 spiritibus
1511 1363 1700 1393 relorquetur,

914 1411 941 1434 et
958 1407 984 1434 in
998 1407 1065 1434 mari
1080 1407 1210 1442 propheta
1231 1414 1292 1434 esse
1309 1407 1434 1441 designat
1449 1406 1483 1435 “.
1502 1405 1534 1432 Et
1556 1405 1620 1432 alibi
1636 1405 1702 1431 dicit

914 1452 1059 1487 propheta:
1075 1460 1084 1477 ι
1103 1452 1230 1478 lnducam
1251 1451 1370 1484 gladium
1395 1455 1519 1478 sanctum
1537 1457 1618 1484 super
1638 1449 1700 1476 dra-

914 1505 1009 1525 concui
1027 1502 1180 1532 serpentem
1199 1497 1255 1533 (57)
1275 1497 1434 1531 fugientem,
1459 1503 1540 1531 super
1553 1496 1699 1522 draconem

914 1547 1066 1576 serpentem
1089 1549 1265 1577 perversum,
1286 1548 1315 1570 et
1333 1542 1477 1569 interficiet
1495 1548 1556 1567 eum
1573 1540 1606 1567 ".
1628 1549 1637 1566 ι
1667 1539 1699 1566 Et

915 1589 1013 1622 iterum
1028 1589 1082 1615 ait:
1101 1597 1110 1613 ι
1126 1588 1215 1615 Etiam
1229 1588 1251 1615 si
1265 1587 1447 1615 abscesserint
1464 1587 1498 1614 ab
1514 1586 1602 1614 oculis
1618 1586 1699 1617 meis,

913 1638 939 1660 ct
955 1633 1144 1661 descenderint
1161 1633 1187 1661 in
1206 1633 1367 1667 profundum
1383 1632 1467 1659 maris
1478 1652 1485 1664 ,
1508 1632 1544 1658 ibi
1565 1631 1700 1657 mandabo

913 1680 1023 1707 draconi
1036 1684 1064 1706 et
1076 1679 1210 1707 mordebit
1225 1687 1272 1707 eos
1288 1679 1320 1705 ⁸⁸.
1341 1688 1350 1704 i
1369 1678 1422 1705 Sed
1436 1682 1462 1704 et
1476 1678 1501 1704 in
1520 1676 1570 1704 Job
1582 1677 1639 1711 ipse
1652 1683 1698 1703 rex

913 1733 972 1753 esse
983 1726 1104 1753 omnium
1117 1733 1177 1760 qua:
1194 1725 1219 1752 in
1233 1725 1314 1759 aquis
1329 1729 1393 1751 sunt
1410 1723 1510 1750 dicitur
1523 1722 1556 1749 ‘7.
1573 1723 1595 1749 A
1613 1722 1698 1749 Borea

914 1779 977 1799 vero
989 1772 1102 1799 accendi
1119 1771 1188 1798 mala
1211 1778 1292 1805 super
1312 1777 1406 1797 omnes
1431 1770 1476 1804 qui
1499 1769 1622 1795 habitant
1642 1773 1697 1795 ter-

913 1825 983 1850 ram,
997 1818 1129 1851 propheta
1150 1817 1292 1844 denuntiat
1317 1816 1350 1842 ‘5.
1365 1815 1466 1842 Boreas
1487 1820 1577 1841 autem
1603 1819 1700 1841 ventus

913 1863 940 1890 in
953 1862 1101 1897 Scripturis
1117 1863 1219 1888 sanctis
1233 1861 1347 1895 frigidius
1361 1861 1526 1895 designatur,
1545 1861 1615 1887 sicut
1628 1860 1697 1886 scri-

912 1913 987 1943 ptum
1000 1913 1041 1935 est
1053 1908 1079 1934 in
1093 1907 1215 1942 Sapienti
1230 1914 1236 1932 :
1253 1915 1264 1932 ι
1285 1906 1407 1940 Frigidus
1418 1911 1513 1932 ventus
1526 1905 1626 1932 Boreas
1639 1906 1670 1931 θ’.
1685 1914 1694 1930 ι

911 1954 988 1987 Quod
1000 1959 1026 1980 et
1042 1954 1130 1987 ipsum
1150 1954 1210 1980 sine
1231 1953 1313 1979 dubio
1330 1952 1499 1978 sentiendum
1514 1955 1556 1978 est
1581 1952 1614 1978 de
1637 1951 1697 1977 dia—

912 1999 984 2026 bolo.
1001 1997 1029 2024 Si
1044 2005 1109 2032 ergo
1125 2005 1156 2024 ea
1169 2005 1229 2031 qua:
1241 2001 1337 2023 sancta
1354 2000 1428 2027 sunt,
1442 2000 1469 2023 et
1486 1996 1556 2029 ignis
1564 1999 1592 2022 et
1607 1995 1699 2023 lumen

911 2048 938 2072 et
953 2043 1084 2071 ferventia
1095 2042 1283 2074 nominantur,
1301 2048 1360 2075 qua:
1373 2046 1463 2067 autem
1473 2040 1609 2067 contraria
1622 2045 1696 2072 sunt.

912 2090 1022 2124 frigida.
1035 2093 1062 2116 et
1080 2089 1201 2116 cbaritas
1217 2088 1364 2115 multorum
1389 2087 1565 2121 refrigescere
1583 2086 1640 2122 (58)
1658 2087 1698 2113 di-

912 2140 982 2166 citur
998 2137 1064 2173 (59),
1078 2136 1268 2171 requirendum
1285 2139 1327 2162 est
1339 2142 1373 2161 ne
1389 2133 1464 2160 forte.
1478 2137 1505 2159 et
1525 2139 1625 2159 nomen
1639 2131 1700 2158 ani-

877 2180 897 2207 Ι]
912 2192 963 2211 mae
974 2183 1045 2218 quod
1059 2182 1151 2209 Graece
1164 2182 1261 2208 dicitur
1271 2180 1353 2215 ψυχή,
1365 2187 1379 2206 a
1391 2178 1589 2214 refrigescendo
1599 2178 1653 2213 (60)
1665 2178 1699 2206 de

911 2233 985 2256 statu
997 2228 1129 2255 diviniore
1140 2235 1171 2254 ac
1185 2226 1306 2259 meliore,
1321 2225 1422 2252 dictum
1439 2224 1484 2255 sit,
1500 2228 1528 2251 et
1540 2223 1698 2251 translatum

119 2340 139 2356 "
156 2341 237 2369 lCor.
267 2349 323 2373 xiv.
354 2341 397 2368 15.
436 2341 458 2362 ’⁷
471 2340 479 2367 l
494 2341 551 2368 Pet.
565 2348 584 2372 ι,
603 2341 631 2368 7.
668 2340 691 2356 ⁸⁸
705 2340 783 2366 Deut.
804 2337 862 2371 iv,£

937 2336 959 2352 "
972 2335 1055 2373 llebr.
1077 2343 1096 2366 t,
1110 2335 1154 2373 9._
1173 2333 1300 2373 “Al-litod.
1317 2340 1356 2363 iii.
1376 2331 1414 2373 Ξῖ.
1441 2330 1564 2373 “unguii.
1581 2338 1628 2363 XII,

91 2375 110 2390 “
123 2375 172 2403 Jer.
194 2385 213 2409 i,
233 2377 260 2404 9.

92 2410 169 2440 “ler.
189 2419 221 2446 1,,
233 2411 276 2438 ιι.

316 2377 340 2394 ⁵³
355 2376 450 2403 Matth.
475 2384 549 2408 xxtv,
566 2376 611 2403 12.

321 2411 343 2428 ⁸³
357 2411 442 2439 Eccli.
461 2419 541 2444 xuii,
563 2411 609 2438 22.

123 2488 176 2521 (50)
195 2489 294 2516 Orabo.
312 2488 488 2516 Desideratur
510 2490 537 2516 in
552 2490 633 2517 editis
645 2510 653 2523 ,
677 2489 723 2517 sed
747 2490 862 2517 habetur

94 2521 117 2548 in
129 2530 174 2549 ms.

124 2557 160 2591 (δι

188 2557 232 2585 Sic
246 2566 313 2586 mss.
333 2558 390 2586 Lib.
408 2559 492 2592 editi,
511 2568 521 2584 ‹
539 2563 630 2594 potest
650 2559 701 2586 lioc
720 2559 800 2587 modo
822 2567 863 2587 re-

124 2557 173 2618 (51)
188 2557 232 2598 Sic
246 2566 313 2598 m_ss.
333 2558 390 2586 Lib.
408 2560 461 2586 edit

95 2597 219 2632 spoliu‘err.
230 2601 292 2626 quia
307 2593 441 2632 Salvator.
457 2604 466 2620 ι

125 2625 175 2661 (52)
188 2625 297 2661 Ὤσὲτερ
311 2628 419 2661 σῶσαι,
434 2633 486 2656 etc.
501 2629 596 2656 Graeca
620 2629 678 2655 haec
700 2633 809 2656 exstant
830 2630 864 2657 ad

96 2660 186 2698 calcem
199 2660 320 2696 epistola:
330 2663 477 2691 Justiniani
499 2664 671 2698 imperatoris
686 2665 719 2690 ad
735 2664 838 2691 Menam
853 2673 860 2697 ;

96 2693 179 2733 Latina
193 2693 282 2733 autem
297 2698 488 2733 interpretatio
503 2699 528 2725 in
537 2693 651 2733 epistola
666 2700 754 2726 sancti
768 2693 859 2727 Hiero;
931 2697 986 2733 (58)
1003 2697 1048 2733 Sic
1064 2703 1130 2733 mss.
1146 2693 1232 2725 Alias,
1244 2701 1261 2733 ν(
1280 2698 1342 2733 (ῃιεξῆ
1358 2693 1425 2733 an}?!

97 2730 159 2769 Eﬂlll
170 2731 201 2757 ad
213 2732 335 2769 avitum.
343 2724 754 2768 Videoriganiariorumlibat],-

930 2724 1141 2769 lar,r'et_chari_t_as
1156 2732 1268 2769 peccato
1281 2724 1380 2769 dicitur
1393 2724 1576 2769 fige—seges»

98 2761 120 2794 5i
137 2762 169 2790 De
184 2766 285 2794 anima.

127 2798 177 2835 (55)
194 2802 238 2830 Sic
253 2809 320 2829 mss.
337 2802 419 2836 Alias,
433 2812 442 2829 ε
455 2802 510 2838 jam
525 2809 707 2839 nuncupatur.
727 2813 736 2829 ι

667 2375 688 2391 ⁸⁴
701 2375 799 2402 Ezecli.
817 2364 862 2400 xix:

930 2372 961 2407 f'
976 2370 1028 2398 lsa.
1045 2364 1129 2402 uvii,
1143 2370 1169 2397 l.
1205 2368 1227 2384 ⁸⁸
1238 2369 1320 2395 Amos
1345 2375 1385 2399 ix,
1399 2367 1427 2394 5.
1462 2366 1484 2382 ⁸⁷
1504 2365 1556 2393 Job
1583 2364 1694 2398 “L34.

941 2517 985 2550 55l
1003 2521 1048 2549 Sic
1061 2528 1126 2547 mss.
1143 2519 1226 2548 Alias.
1244 2527 1253 2543 ι
1271 2517 1385 2544 dicetur.
1406 2523 1416 2538 ι

941 2487 985 2517 54)
996 2485 1041 2513 Sic
1056 2492 1122 2512 mss.
1137 2483 1210 2511 Alias
1224 2481 1350 2517 pessime,
1370 2490 1379 2505 ι
1399 2476 1572 2506 succurrerit.
1595 2485 1604 2500 ι

941 2487 974 2515 54
996 2487 1041 2513 Sic
1056 2492 1122 2512 mss.
1137 2487 1210 2511 Alias
1224 2488 1350 2517 pe55ime,
1370 2490 1379 2505 ι
1399 2487 1572 2506 succurrerit.
1595 2487 1604 2500 ν

941 2487 985 2557 55)
1003 2521 1048 2549 Sic
1061 2528 1126 2547 mss.
1143 2519 1226 2548 Alias.
1244 2527 1253 2543 ι
1271 2517 1385 2544 dicetur.
1406 2523 1416 2538 ι
1557 2547 1562 2552 1

929 2487 1062 2594 liiiiiNon
1077 2555 1243 2582 mediocrem.
1268 2552 1313 2579 Sic
1329 2554 1402 2578 recte
1428 2555 1494 2575 mss.
1522 2546 1595 2574 Alias
1607 2552 1681 2577 vero,

897 2602 906 2618 ι
929 2592 1102 2620 mediocrem.
1121 2599 1130 2615 ›
1178 2612 1183 2616 ,

931 2615 1162 2663 (ἒῆῖέξὲᾖξῆιειη.
1177 2615 1260 2651 Deest
1278 2621 1305 2648 in
1323 2624 1403 2648 antea
1421 2617 1511 2649 editis,
1528 2615 1576 2643 sed
1598 2615 1682 2642 liabe-

895 2665 939 2690 tur
953 2663 980 2689 in
996 2669 1061 2688 mss.

931 2684 1130 2733 Sic'mss.
1146 2693 1232 2725 Alias,
1244 2701 1261 2733 rt
1280 2698 1342 2733 quae
1358 2686 1609 2733 raurteSmucontraria
1635 2684 1682 2712 fri-

931 2756 1069 2800 lSiiiVidii
1083 2765 1130 2792 lib.
1149 2756 1345 2800 lirari-geniali?
1361 2767 1389 2793 q.
1410 2756 1442 2791 ϐξ
1453 2764 1529 2785 num.
1548 2756 1575 2784 5.

933 2795 988 2837 (ϐο)
1005 2801 1050 2829 Sic
1064 2807 1129 2828 mss.
1146 2795 1255 2831 Aliasﬁ
1273 2804 1288 2823 a
1303 2795 1410 2830 frigesc.
1431 2803 1440 2820 ι
