1860 3073
158 118 212 147 225

775 117 935 146 ORIGENIS
955 118 1033 144 ΠΕΡΙ
1051 116 1167 143 APXQN

1729 116 1779 143 2‘1!

159 177 224 204 inde
240 178 311 211 quod
326 185 357 204 et
373 178 465 205 calore
485 178 530 205 illo
554 179 671 205 naturali
699 184 726 206 et
751 179 843 206 divino
863 179 939 205 refri-
955 181 978 208 Α
993 177 1050 203 licet
1064 177 1150 203 llll'ilﬂ’
1165 176 1305 209 compulsa-
1320 175 1372 202 sint
1384 175 1607 210 :ubjicivonitati,
1619 175 1651 202 ob
1670 177 1780 210 pruenti:

158 223 231 249 xisse
241 223 366 250 videatur
377 243 384 256 ,
400 228 428 250 et
451 223 510 251 ideo
531 225 556 251 in
573 225 624 252 ltoc
642 232 695 259 quo
710 232 779 252 nunc
792 229 834 252 est
852 229 939 256 statu,

158 272 186 294 et
218 267 346 296 vocabulo
364 269 413 296 sita
432 269 475 297 sit.
496 270 615 306 Denique
636 272 741 307 proprie
771 269 941 296 laudabiliter

158 312 276 338 animam
291 313 353 346 poni
370 313 395 338 in
409 313 559 347 Scripturis
576 315 691 346 sanctis,
706 315 812 348 require
822 314 844 340 si
863 314 942 341 facile

158 357 299 390 invenias;
328 358 500 392 culpabiliter
519 364 608 386 autent
633 359 789 394 frequenter
812 360 940 391 occurrit,

157 399 185 428 ut
197 402 251 428 ibi:
289 413 297 428 ι
316 403 411 430 Anima
427 404 494 430 tnala
513 405 600 438 perdit
614 404 668 440 (61)
680 413 739 432 cum
757 405 801 439 qui
821 404 942 439 possidet

157 455 237 480 eam;
254 454 303 475 tet
319 449 421 476 «anima
439 457 497 484 qua:
523 455 612 484 peccat
624 470 630 481 ,
656 451 712 484 ipsa
730 451 858 477 morietur
873 450 906 476 ⁷ο.
929 459 939 475 ι

156 493 251 520 Postea
269 493 342 520 enim
354 502 434 528 quant
449 494 549 520 dictum
560 499 600 521 cst
612 504 618 521 :
631 503 640 520 ι
657 496 755 521 Omnes
768 495 864 521 animae
876 501 942 520 meae

157 543 229 569 sunt,
242 539 312 566 sicut
325 539 414 564 anima
432 540 526 573 patris,
540 539 574 565 ita
590 540 679 565 anima
693 539 739 565 ﬁlii
754 546 811 565 utea
825 543 865 565 est
875 538 896 553 τί
909 546 916 570 ;
930 547 938 562 t

156 585 250 618 utique
272 591 441 618 consequens
469 584 610 610 videbatur
635 592 661 612 ut
693 586 795 612 diceret
815 594 821 611 :
845 582 941 608 Anima

156 637 215 663 qua:
229 629 284 663 agit
298 629 443 662 justitiam,
467 630 524 663 ipsa
544 628 691 656 salvabitur
703 637 709 661 ;
722 633 750 655 et
767 628 858 654 anima
883 635 943 662 quae

155 677 269 708 peccat,
291 673 348 706 ipsa
373 673 514 701 morietur.
546 674 597 700 Sed
630 682 702 700 nunc
728 673 848 700 videmus
874 681 937 706 quo-

155 719 228 745 niam
240 719 312 753 quod
329 719 465 753 culpabile
479 719 586 753 quidem
609 723 651 745 est
665 739 672 752 ,
694 717 817 753 adjuuxit
833 719 865 744 ad
880 719 940 744 ani-

156 771 246 791 mam:
273 766 344 798 quod
371 769 460 791 autem
484 765 564 792 laude
591 765 698 798 dignum
720 769 796 796 erat,
823 765 939 791 reticuit.

155 809 247 845 [Παρὰ
255 810 303 845 τὴν
311 810 468 836 ἀπόπτωσιν
478 810 533 845 (62)

155 854 203 881 καὶ
210 855 258 889 τὴν
269 855 348 890 ψύξιν
364 855 412 890 τὴν
423 856 475 881 ἀπὸ
487 854 533 881 τοῦ

155 899 206 937 ζῇν
217 901 254 936 τῷ
269 901 414 936 πνεύματι,
423 902 534 935 γέγονεν

154 939 226 982 ὴῖιῧν
237 948 368 984 γεγομένη
377 948 458 983 ψυχὴ.
466 947 533 974 οὖσα

154 993 201 1018 καὶ
211 992 320 1028 δεκτικὴ
336 993 387 1026 τῆς
403 993 532 1020 ἐπανόδου

153 1038 202 1072 τῆς
217 1039 258 1072 ἐφ’
275 1040 342 1074 ὅπερ
354 1037 387 1075 ἦν
405 1040 433 1065 ἐν
448 1040 529 1075 ἀρχῇ·

152 1085 220 1122 ὅπερ
233 1086 336 1121 νομίζω
344 1086 470 1120 λέγεσθαι
480 1087 530 1113 ὑπὸ

152 1131 198 1157 τοῦ
230 1132 371 1167 Προφήτην
413 1133 441 1158 ὲν
475 1132 528 1166 τῷ·

156 1186 166 1203 ε
187 1179 373 1213 Ἐπιστρεῴον,
381 1179 452 1214 ψυχή
468 1187 530 1213 μου,

153 1224 193 1255 εἰς
208 1224 255 1259 τὴν
272 1224 423 1250 ἀνάπαυσίν
441 1232 504 1250 σου·
519 1234 528 1249 1

153 1269 223 1297 ὥστε
238 1271 297 1297 ὅλον
313 1271 389 1297 τοῦτο
403 1269 480 1297 εἶναι.

187 1315 198 1327 ’
209 1316 281 1347 Νοῦς
298 1325 356 1347 πως
380 1314 425 1342 οὖν
438 1316 532 1350 γέγονε

152 1362 235 1397 ψυχὴ,
250 1362 297 1389 καὶ
310 1362 383 1398 ψυχὴ
396 1362 533 1398 κατορθω-

153 1407 229 1433 Θεῐςα
245 1408 348 1441 γίνεται
360 1407 430 1439 νοῦς.
446 1408 486 1434 Ero
502 1417 531 1433 eo

153 1453 222 1487 quod
235 1453 329 1479 decidit
343 1458 365 1479 et
390 1453 492 1487 refrixit
514 1462 529 1479 α

152 1499 266 1532 spiritali
283 1501 347 1531 vita,
360 1500 429 1534 fut-tu
447 1506 483 1527 est
498 1508 529 1526 α-

153 1545 241 1576 nimo,
264 1554 322 1579 quin
344 1547 423 1572 etiam
446 1547 472 1572 in
502 1547 529 1572 id

151 1594 222 1628 quod
238 1594 269 1619 ab
284 1594 431 1625 initiol'uit,
447 1594 530 1620 redire

152 1643 246 1671 potest.
265 1638 342 1670 Quod
366 1646 380 1664 n
402 1638 530 1672 Prop/icta

153 1684 297 1718 ligniﬁcnri
317 1684 447 1716 arbitror,
469 1685 529 1711 dum

154 1730 206 1756 ait:
225 1739 234 1754 ι
259 1730 411 1762 Revertere,
442 1731 529 1757 artium

154 1767 221 1806 mea,
239 1776 265 1800 iu
281 1777 392 1810 requiem
412 1780 484 1802 luant
496 1797 503 1809 ,
517 1786 526 1802 t

154 1826 182 1849 ut
197 1826 277 1850 totum
291 1822 338 1850 ltot:
353 1824 399 1849 sit.

568 810 624 845 96
637 810 784 837 Videndum
806 817 871 844 ergo
889 816 940 842 est,

995 223 1163 257 futurorum;
1182 230 1233 248 non
1249 229 1326 248 suam
1343 220 1439 254 facere,
1455 220 1499 247 sed
1515 220 1646 247 Creatoris
1660 220 1782 248 volunta-

995 273 1056 298 tem.
1070 276 1084 293 τι
1099 275 1148 301 quo
1161 267 1187 292 in
1198 266 1252 293 hac
1269 266 1352 300 ofﬁcia
1366 266 1513 292 distributa
1527 265 1619 302 suun]

1027 313 1055 340 4.
1072 313 1147 346 Quod
1160 313 1181 340 si
1199 313 1235 339 ita
1253 317 1305 344 est,
1323 312 1449 339 decessus
1462 311 1520 346 ipse
1538 313 1636 339 mentis
1652 320 1684 339 ac
1699 312 1782 339 devo-

995 359 1059 385 ltttio
1076 359 1184 385 videtur
1201 358 1266 385 mibi
1289 358 1360 392 quod
1385 367 1437 386 non
1455 358 1568 392 aequalis
1580 358 1701 386 omnium
1717 363 1786 384 scn-‘

994 405 1101 431 tiendtls
1117 404 1161 437 sit,
1175 404 1221 431 sed
1240 404 1280 431 vel
1293 404 1353 439 plus
1365 404 1406 430 vel
1422 404 1511 431 mituts
1524 404 1548 430 iit
1564 404 1682 430 animam
1700 404 1780 435 verti,

994 454 1021 477 ct
1041 450 1144 484 aliquas
1169 450 1275 484 quidem
1304 454 1406 477 mentes
1430 457 1539 477 servare
1570 449 1670 484 aliquid
1698 449 1780 475 etiam

993 495 1092 529 prioris
1111 495 1225 527 vigoris,
1238 495 1344 529 aliquas
1357 502 1421 522 vero
1438 501 1483 521 aut.
1500 494 1577 525 nihil,
1590 500 1636 521 aut
1651 495 1786 529 exiguum-

994 541 1104 575 aliquid.
1122 541 1199 569 Unde
1215 538 1390 576 inveniuntur
1399 541 1506 576 quidam
1516 541 1607 567 statim
1623 541 1656 568 ab
1671 542 1782 567 ineunte

993 590 1076 613 {etate
1092 587 1256 614 ardentioris
1273 587 1414 617 acuminis.
1432 587 1476 613 alii
1489 595 1552 614 vero
1563 588 1701 621 tardioris,
1715 596 1782 614 non-

995 630 1059 656 nulli
1078 636 1167 657 autem
1185 623 1359 657 obtusissimi'
1371 636 1398 658 et
1414 631 1520 665 penitus
1544 631 1674 660 indociles
1692 633 1778 660 nasci.

995 676 1186 703 Verumtamen
1203 677 1274 710 quod
1305 677 1425 704 diximus
1449 676 1516 713 (65),
1532 683 1648 705 mentem
1676 679 1702 704 itt
1722 679 1782 705 atti-

994 729 1064 748 mam
1079 723 1158 753 verti,
1173 722 1213 748 vel
1230 723 1253 749 si
1267 730 1319 757 qua
1336 723 1386 749 alia
1402 724 1426 749 iu
1441 723 1491 750 boc
1508 724 1635 750 videntur
1650 725 1782 758 aspicere.

994 767 1121 794 discutiat
1136 769 1205 802 apud
1218 775 1247 794 se
1265 767 1309 802 qui
1323 768 1389 802 legit
1404 768 1559 802 diligentius
1572 774 1597 795 et
1613 773 1781 802 pertractet;

995 819 1009 838 a
1036 812 1112 839 nobis
1136 817 1225 840 tamen
1249 821 1301 840 non
1329 818 1457 848 putentur
1476 814 1548 841 velut
1575 815 1701 849 dogmata
1723 821 1784 842 esse

571 864 603 884 ne
626 857 695 884 forte
708 876 716 888 ,
739 857 811 883 sicut
828 857 944 883 diximus
960 857 979 884 Β
995 856 1108 892 prolata,
1127 860 1173 885 sed
1189 859 1320 885 tractandi
1336 865 1410 885 more
1432 867 1463 885 ac
1487 860 1641 893 requirendi
1653 868 1714 889 esse
1723 860 1787 889 dis-‘

570 909 602 927 cx
622 902 680 935 ipso
696 901 806 928 nomine
821 900 943 927 declara-

570 947 602 978 ri,
618 947 652 973 ab
671 954 704 974 eo
718 946 788 981 quod
808 947 943 973 refrixerit

568 1000 582 1018 a
611 991 718 1018 fervore
750 991 886 1024 justorum
916 996 943 1018 et

568 1037 649 1062 divini
667 1036 735 1070 ignis
756 1036 944 1070 participatio-

568 1089 600 1108 ne
617 1081 672 1116 (65)
685 1081 769 1116 ψυχή,
787 1081 812 1107 id
830 1087 871 1108 est
885 1081 943 1108 ani-

568 1135 611 1154 nta
628 1128 760 1161 appellata
775 1128 819 1158 sit,
838 1136 886 1155 nec
904 1134 944 1155 ta-

568 1182 629 1201 men
665 1175 755 1201 atnisit
787 1174 942 1202 facultatem

568 1220 725 1247 restituendi
759 1227 788 1247 se
818 1221 843 1246 in
869 1221 942 1247 illunt

567 1272 666 1295 statum
685 1268 816 1301 fervoris,
843 1269 868 1294 in
890 1276 943 1302 quo

568 1321 602 1340 ex
631 1314 707 1341 initio
730 1313 790 1340 fuit.
818 1314 893 1341 llude
918 1321 944 1342 et

567 1359 702 1393 Propheta
720 1360 772 1386 tale
788 1360 888 1394 aliquid
905 1362 943 1387 vi-

567 1406 646 1431 detur
659 1405 813 1436 ostendere,
827 1413 886 1431 cunt
902 1405 943 1432 di-

567 1449 622 1475 cit:
641 1457 650 1473 σ
671 1448 828 1480 Revertere,
850 1450 941 1477 anima

567 1502 637 1526 mea,
647 1496 671 1521 itt
679 1495 798 1529 requiem
811 1502 882 1522 luant
891 1497 940 1522 ".t

567 1543 603 1570 Ex
621 1543 719 1577 quibus
740 1543 796 1578 (65)
818 1544 942 1570 omnibus

567 1589 630 1616 illud
639 1589 743 1616 videtur
750 1590 941 1622 ostendi,quod

566 1643 642 1662 mens
656 1635 689 1662 de
705 1639 776 1662 statu
788 1643 837 1662 suo
853 1643 884 1662 ac
901 1636 941 1662 di-

565 1683 668 1717 gnitate
680 1682 830 1715 declinans,
847 1682 942 1710 elTecta

566 1730 608 1756 vel
623 1734 774 1763 nuncupata
789 1735 831 1756 est
841 1731 940 1762 anima;

565 1782 626 1809 quae
642 1775 663 1801 si
677 1780 800 1809 reparata
814 1775 894 1802 fuerit
914 1780 943 1802 et.

567 1827 700 1852 correcta.
718 1823 789 1849 redit
806 1823 831 1849 in
847 1822 899 1850 hoc
914 1827 942 1849 ut

566 1870 601 1897 sit
614 1873 698 1897 mens.

456 1944 553 1964 VERSIO
567 1945 638 1964 ﬂlEll.

188 1993 198 2004 ⁶
207 1993 288 2025 Νοῦς.
299 1993 326 2020 id
335 1998 383 2026 ut,
400 2002 472 2020 mens
481 2002 605 2020 rorruem
614 1993 684 2027 [ιιι-ιη
694 1998 731 2020 est
740 1995 840 2025 animo,
850 1998 874 2020 et
882 2002 941 2020 rur-

153 2040 309 2064 tumnn'ma
324 2039 454 2065 instructa
470 2039 614 2066 virtutibus
630 2046 701 2065 mens
715 2039 769 2070 ﬁet.
786 2038 861 2071 Quod
870 2043 894 2065 et
909 2039 941 2064 de

152 2083 239 2108 animo
250 2082 320 2109 Esau
328 2088 474 2110 scrutantes
482 2092 619 2117 possumus
627 2084 751 2115 invenire,
761 2090 865 2118 propter
871 2085 941 2110 anti-

152 2134 206 2160 qua
216 2133 320 2160 peccata
334 2136 391 2154 eum
415 2130 441 2154 in
457 2129 579 2155 deteriori
593 2130 645 2155 vita
659 2137 713 2155 esse
727 2129 891 2155 damnatum.
907 2129 940 2155 Et

153 2173 184 2199 de
194 2172 337 2200 (tt-leuibus
346 2175 526 2208 requirendum
539 2180 587 2206 est,
594 2175 662 2208 quod
671 2183 721 2200 non
730 2183 760 2200 eo
769 2179 881 2207 tempore
891 2183 940 2208 quo

995 913 1069 932 cuss.
1112 904 1200 930 Addat
1215 909 1305 930 autem
1318 908 1344 930 et
1366 905 1417 931 ltoc
1431 904 1477 939 qui
1496 905 1560 939 legit
1572 907 1605 931 ad
1622 910 1783 939 tractatum,

995 948 1064 982 quod
1083 948 1164 975 etiam
1179 949 1212 975 de
1225 949 1374 976 Salvatoris
1391 950 1480 976 anima
1492 957 1524 976 ex
1544 951 1585 977 bis
1598 951 1707 985 quidem
1721 959 1783 985 qua:

996 993 1021 1018 in
1051 993 1192 1028 Evangelia
1214 994 1315 1027 scripta
1342 999 1415 1024 sttnt.
1429 994 1610 1027 observatur,
1634 997 1705 1030 quod
1731 996 1784 1022 alia

995 1043 1057 1064 sunt
1074 1046 1134 1072 qute
1150 1039 1173 1064 ei
1188 1039 1238 1065 sub
1253 1038 1350 1065 animm
1365 1040 1476 1066 nomine
1491 1041 1676 1073 ascribuntnr,
1691 1047 1718 1068 ct
1732 1042 1786 1069 alia

995 1091 1055 1118 quae
1078 1085 1128 1110 sub
1146 1084 1264 1118 Spiritus
1292 1085 1400 1118 nomine
1417 1086 1593 1118 deputantur.
1628 1085 1694 1112 Nam
1721 1095 1783 1114 cum

995 1128 1150 1161 passionem
1169 1128 1288 1162 aliquam
1306 1130 1348 1156 vel
1365 1131 1596 1165 perturbationem
1613 1132 1654 1158 sui
1670 1132 1786 1159 vultin-

995 1174 1095 1204 dicare,
1116 1174 1166 1200 sub
1180 1175 1276 1201 animae
1302 1176 1410 1202 nomine
1424 1175 1538 1208 indicat,
1564 1181 1594 1203 ut
1620 1185 1680 1203 eum
1699 1178 1786 1206 dicit;

997 1228 1006 1244 ι
1028 1219 1103 1246 Nunc
1116 1219 1204 1246 anima
1222 1227 1279 1246 mea
1292 1221 1396 1247 turbata
1411 1214 1520 1254 εει’⁷³,ι
1537 1227 1582 1248 et:
1600 1230 1612 1248 1
1631 1222 1730 1249 Tristis
1744 1227 1788 1250 est

995 1266 1084 1292 anima
1102 1273 1159 1292 mea
1179 1274 1262 1299 usque
1277 1266 1309 1292 ad
1330 1271 1442 1293 mortem
1459 1266 1492 1298 7‘,
1516 1276 1524 1292 1
1540 1272 1584 1294 et:
1604 1276 1613 1293 t
1633 1267 1718 1294 Nemo
1735 1267 1784 1294 tol-

994 1311 1023 1337 lit
1043 1311 1161 1337 anitnam
1173 1319 1258 1337 nteant
1269 1310 1336 1347 (66);
1348 1312 1394 1338 sed
1405 1319 1454 1346 ego
1466 1319 1538 1345 pono
1551 1319 1609 1338 eam
1620 1313 1668 1338 abs
1681 1313 1764 1339 me".
1773 1322 1782 1338 1

995 1357 1021 1383 Ιιι
1042 1364 1137 1383 manus
1154 1361 1244 1382 autent
1265 1356 1352 1382 Patris
1374 1357 1548 1383 commendat
1570 1364 1623 1384 ttou
1648 1358 1783 1390 animam,

996 1401 1041 1428 sed
1056 1402 1195 1435 spiritum;
1221 1406 1247 1427 et
1262 1409 1322 1426 cum
1336 1408 1448 1428 carnem
1465 1402 1537 1427 dicat
1561 1401 1708 1434 inﬁrmam.
1728 1410 1782 1429 non

994 1447 1113 1473 animant
1128 1451 1279 1480 promptam
1297 1446 1375 1477 dicit,
1397 1446 1442 1472 sed
1459 1446 1602 1480 spiritum;
1620 1447 1690 1474 unde
1706 1447 1783 1474 vide-

997 1497 1039 1519 tttr
1050 1493 1125 1526 quasi
1141 1493 1258 1518 medium
1269 1492 1404 1525 quoddam
1416 1499 1476 1518 es»:
1488 1492 1576 1518 anima
1588 1492 1658 1519 inter
1668 1499 1781 1519 carnem

956 1533 977 1561 C
995 1538 1129 1564 infirmam
1143 1541 1171 1563 et
1187 1537 1311 1570 spiritum
1332 1542 1497 1571 promptum.

1030 1582 1055 1609 5.
1073 1582 1124 1609 Sed
1141 1582 1267 1608 fortassis
1278 1587 1404 1609 occnrrat
1423 1582 1499 1608 nobis
1516 1582 1613 1616 aliquis
1628 1589 1659 1609 ex
1678 1582 1723 1609 his
1749 1582 1784 1610 de

993 1627 1091 1660 quibus
1111 1627 1159 1660 ipsi
1178 1626 1204 1652 iu
1222 1627 1322 1652 nostris
1335 1626 1567 1660 propositionibus
1578 1627 1781 1658 admonuimus,

993 1677 1021 1699 et
1037 1672 1127 1698 dicat:
1149 1671 1288 1703 Quomodo
1305 1678 1370 1705 ergo
1391 1671 1473 1697 etiam
1490 1671 1535 1697 Dei
1551 1671 1641 1697 anima
1657 1671 1783 1698 dicitur!

993 1716 1041 1743 Cui
1060 1716 1282 1751 respondebimus
1312 1717 1362 1742 lioc
1388 1716 1484 1742 modo:
1510 1716 1573 1749 quia
1591 1716 1661 1743 sicut
1685 1717 1780 1743 omnia

994 1771 1053 1797 qua:
1078 1762 1258 1797 corporaliter
1271 1761 1326 1797 (67)
1343 1762 1375 1788 de
1394 1763 1446 1788 Deo
1461 1761 1603 1793 dicunturj,
1630 1762 1654 1788 id
1680 1767 1722 1789 est
1738 1763 1781 1789 vel

993 1809 1084 1843 digiti,
1100 1807 1142 1835 vel
1165 1815 1272 1839 tuattus,
1291 1807 1332 1834 vel
1349 1807 1470 1837 bracbia,
1489 1807 1529 1833 vel
1547 1807 1617 1833 oculi
1630 1827 1638 1839 ,
1654 1807 1694 1833 vel
1720 1815 1780 1841 pes,

993 1855 1034 1881 vel
1049 1862 1089 1887 os,
1105 1855 1219 1881 dicimus
1230 1861 1282 1879 non
1296 1854 1352 1879 hll‘t‘.
1370 1853 1486 1879 butttana
1506 1854 1636 1881 membra,
1654 1854 1700 1880 sed
1723 1854 1781 1880 vir‘

993 1904 1064 1926 tutes
1076 1898 1134 1932 ejus
1144 1899 1275 1933 quasdam
1290 1898 1316 1923 in
1331 1898 1372 1924 itis
1389 1905 1581 1931 corporeorum
1595 1897 1777 1926 membrorum

992 1935 1215 1980 appellationibus
1230 1944 1359 1976 ittdieari;
1385 1943 1420 1970 ita
1437 1948 1464 1970 et
1493 1951 1552 1970 esse
1573 1943 1674 1977 aliquid
1704 1945 1778 1971 aliud

993 1991 1140 2026 putandum
1167 1994 1226 2023 est,
1257 1990 1328 2024 quod
1355 1988 1410 2025 (68)
1435 1990 1616 2024 appellatione
1643 1991 1693 2016 bac
1717 1998 1780 2025 quas

992 2038 1079 2064 anima
1097 2037 1142 2063 Dei
1168 2036 1278 2068 dicitur,
1302 2036 1447 2062 indicatur.
1474 2036 1539 2062 Etsi
1556 2037 1596 2062 fas
1615 2041 1655 2062 est
1674 2037 1778 2064 audere

992 2091 1041 2110 nos
1061 2084 1086 2108 in
1115 2082 1159 2108 tali
1184 2089 1212 2109 re
1239 2082 1355 2115 amplius
1371 2082 1472 2115 aliquid
1500 2082 1591 2108 dicere
1611 2082 1676 2117 (69).
1690 2087 1781 2116 potest

993 2129 1108 2155 fortasse
1124 2128 1213 2153 anima
1233 2125 1279 2154 Del
1300 2127 1412 2162 intelligi
1430 2127 1583 2162 uuigeuitus
1606 2127 1690 2154 Filius
1706 2128 1778 2162 ejus.

993 2176 1069 2201 Sicut
1082 2175 1153 2201 enim
1175 2174 1264 2200 anima
1279 2180 1327 2208 per
1342 2181 1423 2200 ontne
1446 2179 1543 2206 corpus
1560 2172 1661 2199 inserta
1687 2178 1778 2200 movet

152 2217 238 2251 [uetus
254 2223 290 2244 est
304 2220 426 2249 mundus.
440 2219 502 2245 solis
518 2220 608 2245 anima
619 2239 626 2250 ,
644 2220 682 2245 vel
695 2220 867 2253 quodcunque
880 2227 938 2248 eam
956 2206 978 2233 Ι)
991 2220 1082 2246 omnia
1100 2223 1127 2246 et
1143 2219 1227 2254 agitat
1242 2225 1302 2253 quae
1312 2223 1440 2252 operatur
1455 2219 1598 2249 universa;
1619 2218 1654 2244 ita
1673 2223 1700 2245 et
1714 2219 1778 2245 uni-

151 2262 280 2296 appellari
296 2268 406 2294 oportet,
423 2272 478 2289 esse
490 2264 606 2296 cmperit,
623 2263 667 2290 sed
687 2269 826 2297 antequam
845 2263 934 2292 fttt‘etls

150 2305 217 2331 illud
230 2311 254 2331 et
277 2307 372 2332 ardens
388 2315 481 2341 corpus
500 2308 621 2334 intraret.
636 2307 672 2334 De
692 2308 755 2334 [una
764 2313 787 2334 et
806 2308 886 2334 stellis
900 2309 937 2334 si-

150 2353 247 2378 militer
269 2354 412 2380 sentiamus
426 2374 433 2387 ,
452 2356 521 2387 quod
544 2362 575 2380 ex
603 2354 689 2380 cum:
718 2354 934 2387 pra’ccdeutibus,

185 2407 208 2423 ⁷⁸
228 2407 310 2436 Eccli.
328 2416 364 2442 vr,
381 2409 407 2435 ι.

150 2448 178 2475 x,
200 2443 243 2472 18.

184 2522 240 2558 (61)
260 2523 318 2550 Ibi:
332 2532 420 2551 omnia
446 2527 517 2550 mata
537 2523 632 2557 perdit.
656 2524 701 2550 SIC
726 2531 791 2551 mss.
808 2524 836 2550 ln
853 2525 932 2550 editis

153 2567 161 2582 ι
185 2559 248 2593 ibin
265 2559 409 2589 omittitur.
425 2564 451 2586 et
467 2566 516 2591 pro
535 2569 543 2583 ι
559 2559 628 2585 mala
649 2569 657 2584 t
677 2559 773 2593 legitur
795 2569 803 2584 ι
823 2559 903 2586 male.
921 2569 929 2584 1

168 2618 170 2622 ,
185 2592 240 2627 (6‘2)
255 2593 337 2626 Παρὰ
349 2593 406 2627 τὴν
417 2594 600 2624 ἀπόπτωσιν,
614 2599 668 2622 etc.
685 2592 745 2620 lliec
756 2594 890 2620 habentur
901 2594 933 2619 ad

150 2626 252 2653 calcem
267 2628 388 2662 cpistolae
403 2627 549 2655 Ju~tinianl
566 2629 598 2655 ad
615 2629 728 2660 Menam,
739 2627 830 2654 Latina
842 2633 933 2654 autent

151 2661 344 2698 interpretatio
361 2664 460 2694 partim
477 2668 567 2690 exstat
591 2664 616 2691 iu
641 2664 755 2698 epistola
779 2663 934 2698 Ilicronynii

152 2696 185 2720 ad
199 2696 318 2727 Avitum,
336 2704 367 2722 ex
393 2704 445 2730 qua
464 2698 551 2732 palam
568 2704 608 2726 est
628 2696 711 2726 multa
740 2699 866 2724 ltulinum
881 2696 937 2723 Vin-

153 2733 327 2763 lcrpretaudo
338 2732 470 2759 omisisse.
742 2740 745 2744 ”

189 2766 244 2799 (65)
266 2764 482 2799 Partiri/ratione.
500 2767 581 2795 Deest
605 2768 631 2795 in
659 2772 738 2795 antea
754 2767 844 2800 editis,
872 2766 922 2793 lice

153 2799 303 2832 reperiatur
320 2802 344 2826 in
358 2803 481 2828 omnibus
497 2809 563 2830 lttSS.

189 2834 245 2870 (64)
262 2834 325 2862 Vide
339 2836 354 2862 l.
373 2845 389 2863 ll
409 2837 574 2872 (Ingenium,
588 2845 612 2872 τι.
631 2837 657 2870 6,
673 2845 698 2863 n.
715 2836 741 2862 ι.

447 2410 468 2425 ⁷¹
489 2410 588 2436 Ezecb.
601 2417 679 2442 xvnt,
692 2409 719 2436 4.
750 2410 773 2424 ⁷¹
790 2410 862 2437 Psal.
878 2417 953 2441 cxtv,
972 2409 998 2436 7.
1028 2409 1050 2424 ⁷³
1075 2407 1154 2436 Joan.
1171 2416 1220 2441 xu,
1238 2408 1284 2437 27.

992 2266 1098 2298 genitus
1111 2264 1195 2291 Filius
1207 2263 1263 2295 Dci,
1273 2264 1318 2298 qui
1334 2268 1375 2290 est
1388 2262 1505 2290 Verbum
1518 2267 1545 2290 et
1558 2264 1689 2297 sapientia
1702 2260 1773 2298 ejus,

991 2307 1120 2342 pertingit
1132 2312 1158 2334 et
1171 2308 1294 2342 pervenit
1305 2307 1337 2333 ad
1349 2314 1458 2333 otnnent
1474 2306 1602 2332 virtutem
1617 2306 1673 2339 Dei,
1688 2308 1777 2334 inser-

991 2358 1032 2379 tus
1063 2351 1100 2378 ei.
1129 2350 1162 2378 Et
1189 2350 1313 2377 fortassis
1340 2347 1374 2375 ob
1402 2347 1481 2382 hujus
1511 2350 1673 2377 sacramenti
1699 2352 1772 2378 iudi-

1320 2408 1343 2424 ⁷⁵
1361 2408 1457 2436 Matth.
1475 2415 1550 2440 xxvr,
1568 2407 1612 2435 58.
1651 2407 1673 2424 ⁷⁸
1689 2407 1769 2436 Joan.

1018 2520 1073 2556 (65)
1093 2519 1159 2556 Vide
1176 2519 1193 2546 l.
1210 2527 1229 2546 ιι
1245 2518 1412 2556 Οιίᾳεηίαληη
1427 2526 1453 2552 q.
1472 2518 1498 2549 6,
1514 2527 1541 2545 u.
1561 2518 1632 2556 net
1652 2519 1696 2546 15.

1017 2554 1071 2591 (66)
1092 2554 1126 2581 Et
1145 2562 1219 2581 nemo
1246 2554 1447 2591 tollitanimttnt
1473 2559 1567 2591 meant.
1596 2554 1766 2591 [laceretiam

980 2589 1078 2618 des-unt
1105 2591 1131 2616 in
1153 2594 1233 2616 antea
1252 2589 1345 2619 editis,
1370 2589 1416 2615 sed
1442 2589 1467 2615 in
1484 2589 1610 2617 omnibus
1633 2590 1768 2616 habentur

981 2633 1273 2701 7"5(ii-'I)‘Corporaliter.
1290 2659 1371 2686 Deest
1394 2658 1420 2684 in
1437 2662 1515 2685 antea
1529 2658 1620 2691 editis,
1644 2658 1691 2686 sed
1717 2659 1767 2684 Ita-

979 2695 1057 2722 betur
1073 2696 1098 2721 itt
1118 2703 1184 2721 mss.

1015 2729 1070 2765 (68)
1091 2729 1198 2764 Aliquid
1211 2729 1285 2755 aliud
1307 2729 1452 2765 putandum
1472 2733 1508 2755 eu
1521 2731 1600 2762 quod.
1626 2727 1673 2755 Sic
1697 2735 1765 2765 mss.

980 2762 1039 2792 Lib.
1054 2762 1116 2792 vero
1131 2762 1206 2798 editi,
1225 2774 1233 2789 ι
1250 2765 1322 2791 aliud
1338 2762 1488 2799 putandum
1501 2768 1634 2797 estquam
1654 2763 1737 2798 quod,
1750 2771 1764 2793 ι

981 2805 1034 2827 εις.

1017 2833 1071 2869 (69)
1089 2833 1174 2860 Caute
1189 2835 1256 2868 lego.
