1860 3073
145 94 199 123 22'!

778 91 938 121 ORIGENIS
956 93 1035 120 ΠΕΡΙ
1052 93 1167 120 ΑΡΧΩΝ

1711 92 1769 121 223

148 164 201 183 non
214 155 286 182 aliud
306 159 439 189 estquam
455 153 522 181 ellici
539 154 565 181 in
584 154 666 182 malo.
682 153 793 181 Certum
815 161 930 188 namque
945 157 968 185 Α
982 159 1009 180 et
1029 162 1055 181 tn
1073 153 1226 181 hominibus
1241 153 1386 180 invenitur.
1401 153 1472 181 Sane
1495 154 1632 195 apostolus
1658 155 1768 184 Paulus

147 205 189 228 est
207 201 304 227 malum
320 204 380 227 esse
401 201 473 227 bono
493 207 598 228 carere.
614 200 653 226 Ex
664 207 718 235 quo
730 200 837 232 accidit,
853 204 882 227 ut
901 200 927 227 in

148 250 248 279 quanta
263 252 389 273 mensura
405 246 466 280 quis
487 245 678 273 devolveretur
700 253 715 272 a
733 246 812 277 bono,
830 246 856 273 in
871 250 929 272 tan-

149 294 202 319 tain
234 299 388 319 mensuram
416 292 528 319 malitia:
560 291 710 319 deveniret.
738 291 766 318 ln
793 299 848 326 quo
873 293 928 318 uti—

148 344 201 370 que
215 336 272 373 (82)
287 344 336 372 pro
349 337 467 365 motibus
481 338 538 365 suis
551 344 716 372 unaquaeque
730 344 806 364 mens
819 337 861 364 vel
875 345 930 364 am-

149 383 231 416 plius,
246 383 287 410 vel
304 383 412 417 parcius
426 382 482 418 (83)
499 383 596 410 bonum
614 383 765 418 negligens,
782 382 808 409 in
821 387 930 410 contra-

149 429 219 455 rium
236 429 299 456 boni
315 429 386 463 quod
403 430 463 456 sine
481 429 563 456 dubio
577 429 675 456 malum
692 433 743 460 est,
759 429 928 456 trahebatur.

149 474 187 501 Ex
203 481 256 508 quo
271 474 379 501 videtur
395 475 498 501 semina
515 475 637 509 quaedam
655 479 682 501 et
694 482 789 501 causas
808 474 928 500 varieta-

150 521 184 547 tis
200 527 231 546 ac
247 520 412 547 diversitatis
428 520 470 547 ille
485 521 607 547 omnium
632 521 755 547 conditor
777 520 925 554 accepisse,

149 570 177 591 ut
200 572 249 599 pro
270 565 428 592 diversitate
449 566 588 597 mentium,
605 565 630 592 id
649 569 701 597 est,
724 565 927 592 rationabilium

149 614 348 642 creaturarum,
363 617 443 644 quam
464 610 647 637 diversitatem
660 618 691 636 ex
704 618 734 637 ea
750 617 830 637 causa
846 617 927 644 quam

149 655 272 690 superius
284 655 410 688 diximus,
430 656 555 689 putandae
566 661 629 682 sunt
648 656 814 689 concepisse,
825 655 927 682 varium

150 708 182 727 ac
193 701 326 727 diversum
339 702 465 727 mundum
477 701 670 733 crearel.()uod
683 705 770 727 autem
782 701 884 727 varium
897 707 928 727 ac

148 746 286 773 diversum
303 747 426 778 dicimus,
444 747 494 773 hoc
508 751 549 773 est
568 747 639 781 quod
661 746 783 773 volumus
796 746 927 773 indicare.

184 793 212 818 ὃ.
227 792 353 818 Mundum
373 799 444 818 nttuc
458 792 583 823 dicimus,
599 799 679 818 omne
694 791 765 825 quod
780 796 822 818 est
846 799 928 826 super

150 837 244 868 caelos,
262 836 304 863 vel
321 836 348 862 in
373 836 461 867 cmlis,
483 837 523 863 vel
541 843 622 870 super
641 840 756 868 terram,
768 837 809 863 vel
833 837 859 863 in
888 837 930 864 his

149 883 194 917 qui
210 883 288 909 inferi
304 881 360 918 (84)
377 882 554 916 appellantur,
569 882 612 908 vel
633 890 798 917 quzecunque
814 891 928 917 usquam

150 935 264 963 prorsus
280 927 337 954 loca
353 932 427 959 sunt,
443 932 470 954 et
486 927 513 954 bi
526 928 570 962 qui
587 927 613 953 in
634 927 700 961 ipsis
720 928 819 961 degere
841 927 929 954 nomi—

149 979 257 1000 nantur.
273 973 370 1000 Totum
390 980 454 1007 ergo
472 972 535 1003 hoc,
557 973 672 1000 mundus
690 977 813 999 vocatur.
833 972 859 999 In
874 980 928 1007 quo

152 1018 251 1046 mttndo
273 1019 393 1052 quaedam
418 1018 546 1044 dicuntur
569 1026 630 1045 esse
654 1018 871 1052 supercmlestia,
901 1018 928 1045 id

149 1068 202 1096 est,
217 1064 244 1090 in
262 1063 471 1090 habitationibus
492 1063 657 1090 beatioribus
673 1064 772 1096 posita,
789 1069 817 1090 et
833 1071 930 1097 corpo-

150 1109 225 1135 ribus
234 1107 434 1134 cuelestioribus
449 1114 479 1133 ac
495 1106 742 1141 splendentioribus
756 1107 847 1134 induta
862 1107 928 1143 (85),

150 1159 177 1180 et
194 1154 220 1180 in
235 1154 275 1179 his
288 1153 353 1186 ipsis
366 1152 455 1178 multa:
471 1151 630 1179 differentia:
645 1153 836 1185 ostenduntur;
849 1153 928 1183 sicut,

151 1198 228 1223 verbi
239 1205 336 1229 causa,
351 1199 431 1223 etiam
447 1197 589 1231 Apostolus
606 1197 680 1228 dicit,
696 1197 768 1232 quod
796 1206 805 1222 ι
817 1198 868 1224 alia
894 1198 930 1223 sit

152 1242 240 1276 gloria
254 1242 330 1272 solis,
341 1242 392 1268 alia
410 1242 487 1273 luna},
506 1242 558 1268 alia
576 1242 662 1277 gloria
678 1242 833 1275 stellarum;
849 1243 924 1270 stella

110 1288 113 1289 ⁷
150 1287 223 1315 enim
249 1295 264 1314 a
286 1287 362 1314 stella
391 1286 482 1314 differt
506 1287 533 1313 in
560 1288 677 1322 gloria“
693 1287 783 1323 (86).:
800 1288 928 1320 Quazdam

151 1341 215 1361 vero
234 1338 340 1360 terrena
365 1334 502 1365 dicuntur,
517 1338 544 1360 et
557 1334 627 1360 inter
651 1334 706 1367 ipsa
723 1342 775 1361 non
789 1341 870 1369 parva
887 1339 929 1361 est

151 1379 311 1413 diﬂ‘erentia,
329 1380 354 1406 id
375 1384 427 1412 est,
443 1381 514 1406 inter
538 1380 737 1412 homines;alii
754 1387 871 1415 namque
885 1387 930 1407 eo-

152 1435 211 1454 rum
231 1427 289 1462 98
311 1427 432 1459 barbari,
444 1427 490 1453 alii
504 1426 607 1458 Grteci;
622 1430 649 1453 et
676 1426 852 1453 barbarorum
868 1427 931 1461 qni-

152 1473 213 1499 dam
230 1474 360 1500 inunanes
371 1477 398 1499 et
420 1472 480 1505 l‘eri,
498 1473 543 1499 alii
559 1473 689 1500 mitiores.
706 1473 738 1499 Et
752 1473 860 1507 quidam
872 1473 931 1507 qui-
944 1490 966 1518 ε

152 1519 213 1545 dem
232 1518 335 1552 legibus
360 1518 561 1552 probatissimis
578 1524 707 1551 utuntur,-
721 1518 767 1545 alii
786 1519 927 1545 vilioribus

152 1564 196 1591 vel
218 1564 412 1599 asperioribus,
427 1563 472 1590 alii
493 1571 600 1598 quoque
616 1564 769 1591 inhumanis
786 1569 814 1591 et
837 1564 932 1591 ferinis

153 1610 239 1645 magis
254 1610 374 1637 moribus
397 1617 478 1644 quam
496 1609 603 1645 legibus
623 1615 747 1636 utuntur.
766 1609 799 1636 Et
822 1610 932 1644 quidam

152 1656 260 1690 quidem
285 1655 376 1683 statim
394 1656 429 1682 ab
452 1655 530 1682 initio
548 1655 702 1682 nativitatis
718 1663 773 1683 sua:
788 1656 933 1682 humilian-

152 1705 208 1733 tur,
226 1705 253 1727 et
270 1701 385 1735 subjecti
401 1705 475 1733 sunt,
504 1708 536 1728 ac
560 1701 698 1728 serviliter
711 1701 872 1733 educantur,
890 1701 932 1727 vel

153 1747 204 1774 sub
217 1747 344 1778 dominis,
362 1746 402 1773 vel
418 1748 469 1774 sub
493 1746 663 1781 principibus
678 1746 770 1781 positi,
788 1746 829 1773 vel
843 1750 934 1782 tyran-

153 1794 207 1825 nis,
220 1793 268 1820 alii
289 1801 354 1821 vero
379 1793 492 1821 liberius
507 1799 534 1820 et
553 1793 741 1820 rationabilius
768 1793 932 1824 educantur,

153 1840 200 1867 alii
211 1839 285 1866 sanis
298 1839 467 1873 corporibus,
484 1838 606 1866 nonnulli
620 1838 701 1873 aegris
714 1838 806 1866 statim
817 1846 832 1866 a
847 1839 933 1874 prima

152 1890 242 1917 aetate,
259 1885 304 1911 alii
327 1884 396 1915 visu,
411 1883 456 1910 alii
491 1884 584 1911 auditu
596 1888 623 1910 et
643 1891 709 1911 voce
730 1884 848 1919 decepti,
866 1892 934 1911 non-

152 1932 217 1959 nulli
237 1933 273 1958 ita
299 1932 367 1964 nati,
391 1929 437 1957 alii
465 1930 554 1957 statim
574 1934 635 1964 post
654 1930 821 1957 nativitatem
845 1929 936 1964 hujus-

152 1978 255 2005 cemodi
272 1977 394 2005 sensibus
416 1976 571 2003 defraudati
584 1995 592 2008 ,
609 1975 651 2002 vel
673 1981 746 2002 certe
763 1975 819 2009 jam
842 1975 932 2002 adulta

152 2028 231 2050 aetate
248 2023 300 2050 tale
314 2022 415 2057 aliquid
434 2022 518 2056 passi.
534 2021 567 2048 Et
580 2021 643 2055 quid
658 2020 741 2047 refert
755 2021 880 2048 evolvere
891 2027 934 2047 me

154 2077 248 2096 omnes
271 2074 353 2103 atque
373 2075 533 2095 enumerare
547 2068 728 2094 humanarum
744 2067 837 2094 clades
852 2068 933 2094 mise-

155 2115 269 2146 riarum,
282 2121 296 2140 a
312 2114 410 2148 quibus
425 2113 470 2140 alii
485 2113 575 2145 liberi,
592 2113 637 2140 alii
654 2113 767 2139 involuti
778 2118 852 2144 sunt,
871 2119 932 2139 cum

981 206 1042 226 esse
1068 199 1192 233 quaedam
1212 199 1292 226 etiam
1313 199 1419 226 inferna
1445 195 1578 233 designat,
1596 205 1624 227 et
1642 201 1668 228 in
1695 202 1782 236 ipsis.

982 245 1063 271 simili
1078 246 1158 272 modo
1175 245 1234 273 sine
1249 244 1331 272 dubio
1347 245 1487 272 varietatis
1501 253 1583 272 causa
1596 247 1767 281 requirenda

980 295 1032 317 est.
1049 290 1087 317 De
1101 290 1183 317 mutis
1196 297 1261 318 vero
1272 290 1435 317 animalibus
1447 296 1475 318 et
1495 290 1664 324 volucribus,
1682 297 1767 326 atque

981 336 1068 363 dehis
1083 343 1144 371 qua
1161 337 1188 363 in
1207 337 1286 371 aquis
1297 336 1430 368 habitant,
1446 336 1585 370 requirere
1597 336 1766 371 superﬂuum

983 382 1108 408 videtur:
1123 390 1188 408 cum
1205 383 1262 409 haec
1280 390 1332 409 non
1346 382 1517 417 principalia,
1532 382 1579 409 sed
1591 390 1767 418 consequen-

982 427 1018 454 tia
1038 428 1124 463 aceipi
1140 428 1240 455 debere
1256 432 1359 455 certum
1373 429 1421 455 sit.

1015 473 1041 499 4.
1070 473 1201 505 Quoniam
1224 480 1290 507 ergo
1316 474 1405 500 omnia
1432 481 1492 509 quae
1517 474 1588 501 facta
1617 478 1693 507 sunt,
1714 482 1766 509 per

981 517 1118 546 Christum
1145 523 1172 546 et
1201 519 1227 546 in
1254 519 1364 546 Christo
1379 519 1449 546 facta
1474 526 1534 546 esse
1549 521 1678 547 dicuntur
1693 520 1764 555 (87),

982 565 1055 591 sicut
1072 569 1099 591 et
1113 564 1252 598 apostolus
1279 564 1376 591 Paulus
1402 565 1622 592 manifestissime
1639 565 1766 600 designat

981 610 1094 637 dicens:
1116 609 1271 642 «Quoniam
1300 609 1326 636 in
1352 610 1411 644 ipso
1437 615 1466 637 et
1491 617 1540 644 per
1567 611 1655 644 ipsum
1669 615 1765 637 creata

981 660 1044 682 sunt
1069 655 1172 687 omnia,
1190 656 1246 682 sive
1273 663 1332 689 quae
1350 655 1375 682 in
1394 656 1463 683 coelo
1487 659 1560 687 sunt,
1577 656 1635 683 sive
1652 663 1713 690 quae
1738 656 1766 682 in

981 704 1066 732 terra,
1079 700 1196 727 visibilia
1223 705 1251 728 et
1277 701 1437 733 invisibilia,
1450 701 1506 728 sive
1525 701 1625 734 throni,
1640 702 1698 728 sive
1715 708 1766 735 po-

983 752 1102 779 testates,
1119 748 1176 774 sive
1199 747 1379 782 principatus,
1393 748 1450 775 sive
1471 748 1689 779 dominationes;
1706 755 1767 774 om-

982 792 1024 818 nia
1044 799 1092 825 per
1108 792 1194 825 ipsum
1207 796 1235 818 et
1256 792 1281 818 in
1298 792 1356 826 ipso
1372 797 1462 819 creata
1478 791 1581 818 sunt“.
1595 801 1606 817 ι
1621 792 1675 818 Sed
1690 796 1718 818 et
1736 791 1764 818 in

947 829 967 856 Β
982 836 1131 870 Evangelio
1147 836 1264 863 Joannes
1281 830 1460 864 nihilominus
1471 835 1567 863 eadem
1579 835 1709 868 ostendit,
1726 835 1767 862 di-

981 889 1044 909 cens
1060 891 1067 909 :
1086 891 1096 907 (
1108 881 1135 908 In
1149 882 1281 917 principio
1304 886 1363 909 erat
1389 881 1516 914 Verbum,
1532 886 1559 908 et
1572 881 1687 908 Verbum
1702 885 1765 907 erat

980 928 1050 962 apud
1079 927 1172 959 Deum,
1195 932 1222 954 et
1242 927 1313 954 Deus
1331 931 1393 954 erat
1419 926 1555 959 Verbum;
1583 927 1633 953 hoc
1659 930 1718 953 erat
1736 926 1763 952 in

980 973 1114 1007 principio
1129 973 1200 1007 apud
1217 973 1298 999 Deum
1313 972 1386 1008 (88);
1404 967 1501 1000 omnia'
1512 980 1560 1007 per
1582 973 1669 1006 ipsum
1685 971 1759 998 facta

980 1024 1054 1051 sunt,
1074 1024 1102 1045 et
1126 1019 1184 1045 sine
1208 1019 1266 1052 ipso
1290 1018 1391 1045 factum
1414 1024 1457 1045 est
1480 1018 1606 1044 nihil“.n
1628 1017 1680 1044 Sed
1692 1021 1721 1044 et
1736 1018 1763 1043 in

980 1064 1085 1099 psalmo
1107 1064 1237 1097 scriptum
1253 1068 1293 1091 est
1308 1064 1369 1098 quia
1388 1063 1501 1090 uOmnia
1527 1064 1553 1090 iu
1572 1063 1704 1098 sapientia
1728 1062 1765 1090 fe-

981 1109 1084 1136 cisti”.
1099 1118 1108 1134 ι
1126 1109 1195 1142 Quia
1212 1117 1277 1143 ergo
1290 1109 1418 1136 Christus
1435 1110 1508 1136 sicut
1525 1109 1642 1136 Verbum
1667 1113 1694 1136 et
1718 1116 1763 1136 sa-

982 1155 1084 1189 pientia
1100 1159 1153 1188 est,
1169 1155 1206 1182 ita
1222 1155 1302 1182 etiam
1323 1155 1430 1190 justilia
1454 1160 1505 1187 est,
1519 1162 1689 1189 consequens
1704 1156 1764 1183 sine

982 1201 1063 1227 dubio
1075 1200 1137 1231 erit,
1156 1205 1184 1227 ut
1210 1208 1242 1226 ea
1263 1207 1323 1234 qua:
1345 1201 1371 1227 in
1395 1199 1484 1227 Verbo
1499 1205 1526 1227 et
1542 1200 1675 1235 sapientia
1690 1200 1762 1228 facta

983 1250 1056 1277 sunt,
1073 1245 1154 1272 etiam
1174 1252 1205 1272 ea
1224 1245 1250 1271 in
1263 1244 1367 1279 justitta
1391 1253 1451 1280 quae
1475 1251 1517 1273 est
1540 1246 1677 1278 Christus,
1693 1246 1764 1274 facta

982 1299 1043 1318 esse
1066 1291 1193 1317 dicantur
1208 1291 1279 1325 (89);
1295 1291 1365 1325 qttod
1384 1291 1490 1318 scilicet
1505 1291 1531 1318 in
1552 1292 1592 1318 his
1607 1299 1668 1326 qua:
1692 1292 1763 1318 facta

982 1341 1056 1370 sunt,
1074 1337 1140 1364 nihil
1162 1338 1302 1372 injuslum,
1322 1337 1387 1364 nihil
1404 1337 1545 1364 fortttitum
1568 1339 1703 1369 videatur,
1717 1338 1763 1364 sed

981 1383 1070 1410 omnia
1081 1383 1115 1410 ita
1125 1390 1184 1410 esse
1195 1388 1223 1409 ut
1231 1383 1367 1417 aequitatis
1378 1391 1408 1410 ac
1421 1383 1533 1418 justitize
1548 1383 1638 1416 regula
1649 1385 1763 1418 expetit,

982 1430 1140 1457 doceantur.
1155 1429 1296 1462 Quomodo
1310 1436 1375 1463 ergo
1388 1434 1459 1455 tanta
1471 1429 1520 1456 ista
1535 1437 1622 1456 rerum
1632 1430 1763 1462 varietas,

985 1480 1112 1510 tantaque
1127 1476 1268 1502 diversitas
1291 1475 1439 1508 justissima
1462 1481 1488 1503 et
1514 1477 1667 1511 aequissima
1680 1477 1765 1511 possit

984 1521 1107 1555 intelligi,
1126 1526 1217 1548 certus
1237 1528 1296 1548 sunt
1319 1521 1437 1548 humano
1456 1521 1561 1555 ingentia
1577 1521 1617 1548 vel
1639 1529 1766 1550 sermone

982 1566 1110 1600 explicari
1121 1574 1172 1593 non
1182 1573 1268 1600 posse,
1278 1566 1327 1592 nisi
1340 1566 1426 1600 ipsum
1437 1566 1551 1593 Verbum
1562 1574 1592 1593 ac
1601 1568 1764 1601 sapientiam

983 1616 1011 1639 et
1022 1612 1157 1646 justitiam
1169 1612 1214 1646 qui
1228 1616 1269 1638 est
1282 1612 1438 1646 unigenitus
1455 1611 1540 1639 Filius
1556 1612 1611 1643 Dei,
1628 1613 1762 1646 prostrati

983 1665 1015 1685 ac
1041 1657 1177 1692 supplices
1203 1658 1391 1692 deprecemur,
1416 1658 1461 1692 qui
1486 1666 1533 1692 per
1556 1659 1669 1692 gratiam
1689 1666 1765 1686 suam

983 1703 1108 1731 sensibus
1130 1711 1160 1730 se
1181 1703 1282 1730 nostris
1294 1702 1447 1736 infundens,
1464 1703 1579 1730 obscura
1597 1703 1763 1735 illuminare,

984 1749 1074 1776 clausa
1090 1748 1255 1783 patefacere,
1268 1749 1442 1783 pandereque
1467 1748 1591 1782 dignetur
1604 1756 1705 1776 arcana
1723 1750 1765 1777 :si

985 1798 1076 1820 tamen
1102 1794 1272 1820 inveniamur
1292 1797 1344 1819 tam
1362 1792 1441 1826 digne
1457 1791 1513 1828 (90)
1537 1792 1578 1819 vel
1604 1797 1708 1827 petere,
1722 1793 1765 1820 vel

983 1846 1115 1873 querere,
1128 1838 1169 1865 vel
1183 1838 1300 1872 pulsare,
1316 1842 1346 1864 ut
1361 1837 1402 1864 vel
1421 1842 1541 1871 petentes
1562 1840 1689 1872 accipere
1707 1847 1765 1866 me-

984 1892 1105 1916 reamur,
1131 1884 1171 1910 vel
1192 1886 1345 1916 quzerentes
1372 1883 1505 1915 invenire,
1532 1883 1574 1915 vel
1593 1884 1766 1917 pulsantibus

982 1930 1109 1965 iubeatur
1133 1930 1242 1963 aperiri.
1271 1929 1327 1955 Non
1354 1937 1418 1963 ergo
1437 1929 1497 1956 freti
1522 1921 1617 1965 nostro
1644 1930 1764 1964 ingenio,

984 1977 1031 2003 sed
1049 1976 1134 2011 ipsius
1150 1976 1292 2009 sapientiae
1307 1975 1408 2002 auxilio
1425 1983 1485 2010 qua:
1508 1967 1724 2007 ferlti'universa,
1740 1981 1766 2003 et

982 2022 1094 2058 jnstitiaa
1108 2022 1166 2056 ejus
1178 2030 1261 2057 quam
1274 2022 1362 2048 inesse
1383 2022 1517 2049 creaturis
1532 2022 1658 2049 omnibus
1676 2022 1766 2050 credi-

984 2076 1055 2100 mus,
1071 2068 1178 2094 interim
1196 2067 1301 2094 etiamsi
1316 2074 1442 2094 asserere
1460 2075 1512 2094 non
1526 2068 1661 2100 valemus,
1684 2068 1767 2102 ipsius

987 2117 1076 2140 tamen
1092 2113 1187 2140 conﬁsi
1207 2113 1396 2139 misericordia
1423 2112 1561 2147 inquirere
1585 2114 1766 2147 perscrutari-

154 2161 240 2196 possit
253 2160 438 2194 unusquisque
452 2159 534 2186 etiam
552 2159 622 2192 apud
644 2158 818 2192 semetipsum
843 2158 933 2185 eonsi-
950 2158 971 2185 D
986 2167 1037 2193 que
1051 2158 1214 2186 tentabimus
1227 2159 1363 2193 quomodo
1380 2159 1430 2185 ista
1449 2163 1524 2185 tanta
1539 2159 1658 2186 varietas
1673 2160 1767 2187 mundi

154 2208 250 2233 derare
269 2205 302 2232 de
322 2205 364 2232 his
386 2204 502 2239 singulis
524 2208 606 2238 atque
619 2203 805 2238 perpendere?
822 2203 891 2230 Sunt
905 2209 933 2231 et

153 2252 277 2287 quaedam
304 2250 454 2278 invisibiles
479 2251 605 2282 virtutes,
637 2248 734 2282 quibus
763 2256 824 2282 quae
853 2255 934 2283 super

155 2303 258 2326 terram
280 2302 354 2329 sunt,
375 2295 555 2330 dispensanda
569 2295 715 2322 commissa
739 2299 819 2327 sunt;
838 2299 866 2321 et
880 2302 933 2321 non

154 2351 239 2380 parva
255 2344 338 2371 etiam
354 2343 380 2370 in
405 2343 470 2378 ipsis
482 2341 635 2370 differentia
651 2341 785 2368 credenda
797 2345 848 2375 est,
864 2341 935 2368 sicut

188 2415 211 2432 ⁸⁸
229 2415 240 2442 Ι
261 2415 323 2442 Cor.
345 2421 394 2448 xv,
422 2414 468 2441 41.

201 2485 247 2518 82)
263 2484 329 2512 Vide
341 2484 360 2510 l.
372 2491 392 2512 ιι
420 2482 586 2517 0rigem’an.,
599 2489 628 2516 ιι.
643 2481 687 2514 12,
701 2489 728 2509 n.
742 2481 771 2518 2.

201 2486 247 2518 82)
263 2486 329 2512 Vide
341 2486 360 2510 I.
372 2491 392 2512 ιι
420 2486 586 2517 υγὶςεηῐαιιη
599 2489 628 2516 q.
643 2486 687 2514 12,
701 2489 728 2509 n.
742 2486 771 2508 2.

190 2486 245 2556 iss)
263 2519 372 2556 Priores
396 2519 532 2546 editiones
558 2518 687 2545 omittunt
702 2517 764 2544 «vel
783 2516 902 2551 parcius,
917 2525 926 2542 ι

153 2554 226 2590 quod
236 2554 350 2590 habetur
366 2554 392 2580 in
407 2560 474 2580 mss.

189 2589 247 2625 (84)
259 2588 351 2625 Alias,
362 2597 373 2614 ι
384 2595 466 2621 supra
482 2591 582 2615 terram
592 2587 636 2615 vel
649 2587 676 2614 in
690 2586 734 2615 his
748 2593 809 2621 qua:
819 2586 926 2614 interi.»

155 2624 208 2652 Sed
226 2631 290 2651 mss.
303 2629 332 2650 ut
346 2624 372 2651 in
390 2628 482 2650 nostro
494 2628 579 2651 textu.

190 2659 246 2694 (85)
265 2659 311 2694 Sic
323 2666 389 2686 mss.
406 2658 491 2694 Alias,
509 2667 518 2683 ι
530 2658 643 2694 inclyta.
656 2664 667 2684 I

190 2691 247 2730 (86)
263 2693 348 2730 Alias,
369 2703 378 2718 ι
391 2693 546 2730 claritate.)
561 2691 645 2730 Paulo
656 2694 718 2730 post
734 2698 812 2730 mss,
828 2691 876 2730 «id
892 2694 934 2717 est.

155 2726 227 2756 inter
238 2726 388 2756 homines.»
408 2727 485 2755 Libb.
503 2728 579 2761 editi,
595 2737 604 2753 ι
617 2728 688 2754 sicut
699 2727 769 2753 inter
781 2726 929 2752 homines:

155 2799 171 2827 ἁ
192 2764 247 2826 (εἶτ)
262 2763 308 2792 Sic
323 2771 387 2794 mss.
399 2763 485 2800 Alias,
504 2763 720 2798 tquomodo.....
738 2761 808 2789 facta
819 2768 880 2789 esse
891 2761 930 2787 vi-

172 2807 205 2827 en
222 2806 281 2826 um

172 2807 205 2827 Cll
211 2804 262 2826 llll'.
270 2807 281 2825 ι

986 2210 1067 2239 atque
1078 2204 1232 2237 diversitas,
1244 2204 1319 2230 omni
1335 2204 1442 2238 justitia
1458 2212 1490 2231 ac
1510 2205 1616 2231 ratione
1627 2204 1685 2239 (91)
1699 2212 1767 2232 con-

987 2256 1059 2278 stare
1081 2251 1216 2279 videatur.
1231 2250 1374 2277 Rationem
1396 2255 1486 2277 autem
1500 2250 1559 2277 dico
1574 2250 1707 2277 duntaxat
1719 2256 1766 2284 ge-

987 2296 1126 2327 neralem;
1144 2303 1207 2322 nam
1231 2295 1373 2330 specialem
1400 2295 1580 2330 singulorum,
1595 2298 1623 2321 et
1645 2301 1769 2329 quzerere

987 2341 1102 2376 imperiti
1115 2347 1168 2374 est,
1181 2346 1209 2367 et
1221 2341 1333 2368 reddere
1345 2340 1413 2368 velle
1427 2340 1559 2368 dementis
1573 2344 1627 2367 est.

505 2410 642 2439 “Coloss.
658 2418 676 2442 ι,
699 2411 742 2437 16.
779 2410 801 2427 ³³
821 2409 899 2438 Joan.
912 2418 931 2443 ι,
950 2409 975 2442 1,
988 2409 1016 2436 ‘2.
1054 2409 1077 2425 ⁸³
1097 2409 1168 2436 Psal.
1184 2416 1245 2441 cut,
1263 2408 1310 2436 24.

1018 2480 1073 2516 (88)
1084 2478 1117 2507 In
1128 2481 1327 2516 principioieral
1340 2479 1451 2507 Verbum
1465 2484 1488 2506 et
1505 2479 1614 2516 verbum
1628 2485 1684 2516 erat
1698 2481 1768 2515 apud

983 2516 1076 2548 Deum,
1085 2522 1108 2542 et
1118 2516 1187 2542 Deus
1196 2523 1250 2542 erat
1263 2515 1392 2542 Verbum:
1402 2516 1450 2541 hoc
1458 2520 1512 2541 erat
1521 2515 1549 2541 in
1557 2515 1687 2549 principio
1700 2523 1768 2548 opus

984 2551 1078 2577 Deum.
1100 2551 1162 2578 Haec
1180 2551 1372 2577 desiderantur
1390 2550 1417 2576 in
1441 2550 1577 2583 prioribus
1590 2550 1767 2583 editionibus,

985 2585 1047 2612 licet
1062 2586 1212 2612 habeantur
1227 2585 1253 2612 in
1266 2585 1393 2612 omnibus
1405 2591 1472 2611 mss.

1020 2621 1075 2654 (89)
1095 2621 1141 2647 Sic
1153 2628 1220 2649 mss.
1237 2620 1321 2650 Alias,
1339 2628 1348 2645 ‹
1361 2619 1442 2646 etiam
1467 2625 1499 2645 ea
1522 2618 1628 2654 justitia
1652 2625 1713 2653 qua:
1728 2622 1771 2646 est

986 2654 1014 2682 in
1028 2655 1139 2682 Christo
1155 2656 1224 2682 facta
1239 2661 1300 2682 esse
1318 2654 1456 2681 dicantur.
1469 2661 1480 2679 ι

1033 2689 1077 2723 90)
1096 2690 1173 2721 Mss.,
1183 2690 1368 2722 (talndignen
1382 2688 1458 2715 Libb.
1472 2688 1550 2722 editi,
1566 2697 1575 2714 ι
1587 2695 1647 2715 eam
1661 2686 1779 2723 dignes

1033 2693 1077 2723 9U)
1096 2693 1173 2721 Mss.,
1183 2693 1368 2722 (tamdignen
1382 2693 1458 2715 LIDI).
1472 2693 1550 2722 editi,
1566 2697 1575 2714 ι
1587 2695 1647 2715 eam
1661 2693 1766 2723 digne.)

1022 2693 1079 2760 ξω)
1096 2725 1140 2751 Sic
1157 2730 1230 2752 recte
1246 2731 1310 2751 mss.
1328 2724 1412 2754 Alias,
1432 2730 1441 2747 ι
1454 2724 1574 2750 omnium
1589 2723 1704 2757 jnstitiae
1728 2731 1769 2760 ητ

988 2758 1097 2786 tione.)
1125 2760 1210 2787 Paulo
1234 2763 1296 2793 post
1325 2765 1401 2788 mss.,
1422 2763 1472 2785 «et
1494 2765 1617 2792 quwrere
1650 2758 1768 2791 imperiti

988 2799 1056 2823 est.»
1076 2794 1165 2829 Alias,
1180 2792 1370 2828 tet’qnairere
1382 2792 1516 2821 rationem
1534 2793 1678 2828 imperitia:
1696 2799 1764 2821 esta
