1860 3073
110 121 162 147 2‘29

780 126 882 153 LIBER
903 127 1094 156 SECUNDUS.

1685 138 1738 167 230

147 181 173 207 5.
187 180 349 209 Dicentibns
365 187 454 210 autem
470 184 548 211 nobis
566 186 695 212 mttndnm
708 186 791 214 istttm
805 188 832 214 in
845 188 897 215 hac
912 191 935 220 Α
951 194 1047 216 natura
1064 190 1161 217 anima:
1182 191 1216 217 ad
1231 196 1339 226 gentem
1362 193 1462 221 malam
1481 194 1646 230 destinetur,
1664 198 1736 227 bona

110 228 243 255 varietate
268 228 401 262 positum,
428 238 481 264 qua
515 239 595 265 supra
620 234 794 266 exposuimus
813 242 827 261 a
843 234 898 262 Deo

110 273 222 306 factum,
239 281 321 308 quem
343 274 427 301 Deum
453 280 481 303 et
503 277 603 304 bonnnt
627 282 654 305 et
679 278 784 312 justum
817 286 898 314 atque

107 322 296 354 aequissimum
319 323 445 355 dicimus,
461 324 579 358 objicere
604 326 654 354 hoc
675 327 782 361 plurimi
798 330 896 362 solent,

108 373 137 394 et
153 367 180 394 bi
207 369 328 396 maxime
352 371 397 404 qui
422 378 455 397 ex
476 371 568 398 schola
588 372 743 404 Marcionis,
757 378 783 401 et
800 373 897 402 Valen-

108 414 171 445 tini,
188 419 216 440 et
232 414 359 441 Basilidte
374 416 524 447 venientes,
539 417 683 447 audierunt
699 419 753 454 (92)
774 420 896 448 diversas

105 463 167 483 esse
184 463 298 484 naturas
311 459 463 485 animarum
478 462 752 496 :quotuodojustitite
767 464 811 491 Dei
827 473 894 492 con-

104 502 200 530 veniat
217 505 347 530 mttndnttt
365 504 501 538 facientis,
519 511 547 533 ut
563 507 747 535 habitaculum
760 510 821 537 aliis
834 511 894 544 qui-

103 547 168 574 dem
188 549 213 574 in
229 549 308 575 malis
324 550 454 583 praebeat,
469 556 495 578 et
512 559 564 578 non
583 553 669 580 solutn
693 554 734 581 his
751 555 893 583 habitacu-

105 593 161 620 lutn
180 594 281 621 melius
294 600 414 628 przeslet,
433 603 526 623 verttm
550 598 633 624 etiam
649 600 761 633 gradum
774 601 891 635 aliquem

101 641 250 668 celsiorem
273 643 545 678 spectabilioremqne
561 645 615 680 (93)
631 647 774 680 concedat,
792 648 893 681 princi-

100 692 197 721 patuttt
218 688 281 714 aliis
302 688 450 724 indulgeat,
472 690 533 717 aliis
551 696 710 725 potestates,
728 694 891 721 dominatio-

100 740 151 759 nes
178 741 289 768 quoque
311 734 375 761 aliis
398 735 510 767 tribuat,
527 737 588 764 aliis
612 739 797 772 amplissimas
812 741 890 767 sedes

99 779 259 806 cmlestium
282 780 458 808 tribunalium
477 787 598 816 prmstet,
613 784 737 811 eluceant
756 786 801 812 alii
822 787 889 813 ruti-

98 822 215 853 lantins.
232 828 259 850 ct
273 830 418 852 coruscant
442 825 545 860 fulgore
561 827 683 861 sidereo;
701 828 762 856 aliis
782 831 817 856 sit
830 831 888 865 glo-

99 870 139 895 ria
167 871 247 902 solis,
276 871 337 897 aliis
365 871 449 906 gloria
479 873 559 904 lunte,
591 874 653 900 aliis
676 875 760 909 gloria
790 877 885 903 stella-

98 922 159 940 rum
173 914 247 950 (9i);
264 916 339 942 stella
364 924 377 942 a
397 917 471 944 stella
490 918 611 952 ingloria
628 919 783 953 diﬂ‘erat‘“;
801 926 839 953 et,
858 927 886 949 ut

97 960 181 986 simul
195 968 228 987 ac
247 961 368 988 breviter
385 966 468 989 totum
484 963 582 995 dicant,
599 965 621 992 si
634 968 748 993 creatori
766 967 820 994 Deo
837 976 886 995 nec

97 1006 228 1033 voluntas
258 1008 356 1034 summi
383 1008 499 1043 bonique
523 1012 625 1044 operis,
644 1020 694 1039 nec
725 1014 884 1048 perliciendi

97 1049 217 1077 facultas
231 1052 319 1083 deest,
338 1050 403 1085 quill
423 1060 511 1080 causa:
525 1055 658 1082 exsistere
673 1058 772 1091 potuit,
790 1062 819 1084 ut
838 1066 885 1084 na—

96 1100 177 1122 turas
204 1097 382 1125 rationabiles
400 1106 506 1133 creans,
523 1101 548 1127 id
566 1105 618 1134 est,
633 1102 733 1135 quibus
747 1108 774 1129 ut
790 1108 883 1131 essent

96 1141 155 1175 ipse
176 1142 283 1169 exstitit
311 1150 403 1175 causa,
430 1144 559 1172 celsiores
585 1146 652 1173 alios
678 1147 794 1180 faceret,
811 1149 880 1176 alios

94 1188 228 1220 secundo,
241 1192 288 1215 aut
307 1189 398 1220 tertio,
413 1194 441 1216 et
459 1191 615 1224 multisjam
633 1192 776 1221 inferiores
792 1195 883 1228 gradi-

93 1233 145 1260 bus
171 1234 380 1269 deterioresque
402 1237 657 1269 procrearet?Tum
689 1239 787 1266 deinde
816 1240 882 1275 obji-

93 1279 172 1305 ciunt
188 1280 272 1306 etiam
290 1280 322 1307 de
339 1281 381 1307 his
398 1289 456 1315 qua:
474 1283 499 1309 in
516 1283 595 1310 terris
613 1289 686 1316 sunt,
713 1286 785 1319 quod
815 1287 877 1313 aliis

93 1326 226 1352 nascendi
239 1333 300 1353 sors
317 1325 422 1353 felicior
438 1329 571 1360 evenerit,
587 1334 615 1356 nt
629 1330 698 1363 qttis,
717 1331 790 1357 verbi
812 1340 874 1365 gra-

93 1372 143 1403 tia,
161 1379 196 1399 ex
221 1371 358 1398 Abraham
376 1376 533 1405 generetur,
552 1378 579 1400 et
606 1382 638 1400 ex
664 1375 879 1408 repromissione

91 1422 236 1450 nascatur,
246 1417 316 1444 alius
327 1425 435 1452 quoque
445 1426 477 1445 ex
491 1418 565 1446 Isaac
574 1425 601 1447 et
609 1420 728 1447 Rebecca
736 1420 769 1453 ⁸⁸,
781 1421 881 1456 quique

89 1463 186 1489 adhuc
201 1463 228 1489 in
247 1467 342 1490 ventre
358 1464 461 1496 positus
482 1464 640 1499 supplantat
656 1464 767 1492 fratrem
790 1473 878 1498 suum,

949 240 1039 262 autem
1058 236 1091 262 ad
1115 237 1209 268 bonas,
1228 238 1292 271 quid
1318 239 1390 266 aliud
1416 247 1548 274 superest,
1563 243 1614 270 nisi
1634 249 1662 271 ut
1678 246 1735 272 foro

949 281 1018 308 tttito
1036 282 1086 308 ista
1101 282 1142 316 agi
1165 287 1295 316 putentur
1308 289 1335 311 et
1352 286 1437 312 casu?
1454 286 1532 319 Quod
1550 288 1643 322 utique
1653 291 1675 317 si
1691 298 1736 318 re-

929 339 931 342 ι
948 326 1075 360 cipiatnr,
1090 327 1146 362 jam
1163 335 1216 355 nec
1234 336 1247 354 a
1274 329 1329 356 Deo
1346 330 1432 358 faettts
1457 340 1518 360 esse
1535 335 1663 369 mundus,
1681 345 1734 364 nec

947 379 960 398 a
976 373 1145 406 providentia
1162 374 1220 408 ejus
1239 376 1295 409 regi
1322 378 1458 409 credetur,
1477 383 1504 405 et
1530 386 1733 416 consequenter

948 425 998 445 nee
1010 418 1056 445 Dei
1069 418 1204 452 judicium
1220 421 1253 447 de
1269 422 1482 456 uniuscujusque
1495 425 1577 457 gestis
1592 427 1729 455 videbitur

946 465 1168 498 exspectandum.
1185 466 1211 492 lu
1229 474 1281 500 qua
1299 474 1328 493 re
1349 475 1409 502 quae
1426 469 1461 495 sit
1476 470 1584 504 quidem
1600 473 1633 499 ad
1651 473 1731 508 liqui-

946 509 1009 535 dum
1026 510 1127 536 veritas
1142 518 1245 542 rerum,
1260 511 1332 538 illius
1347 517 1389 539 est
1403 521 1482 541 nosse
1496 515 1579 542 solius
1590 517 1635 550 qui
1651 525 1729 545 scru-

946 559 1019 581 tatur
1034 555 1136 587 omnia,
1155 557 1237 582 eliatn
1257 557 1309 583 alta
1324 558 1370 584 Dei
1380 558 1412 584 ⁸⁸.

981 601 1007 627 6.
1024 601 1079 628 Nos
1096 609 1159 628 vero
1176 602 1251 636 quasi
1278 603 1401 630 homines
1416 604 1461 638 (ne
1482 605 1668 633 haereticorum
1685 608 1727 635 in-

943 645 1085 672 solentiam
1110 640 1248 673 reticendo
1266 648 1439 683 nutriamus),
1463 657 1523 684 qnte
1551 659 1599 685 pro
1625 653 1727 681 viribus

923 698 925 701 ‘
943 691 1043 718 nostris
1054 699 1197 718 occurrere
1214 693 1290 719 nobis
1302 700 1424 727 possunt,
1445 696 1477 721 ad
1498 704 1529 722 ea
1556 705 1616 731 quae
1632 699 1727 725 obten-

904 857 925 886 Β

88 1513 118 1534 et
135 1513 284 1542 antequam
301 1513 441 1540 nascalttr,
459 1509 641 1543 diligidicitur
656 1518 670 1536 a
688 1511 752 1537 Deo.
767 1510 811 1538 Vel
828 1512 878 1538 hoc
892 1520 913 1549 (ς

89 1555 184 1589 ipsum
197 1554 252 1589 (95)
265 1555 387 1587 omnino,
399 1555 470 1589 qttod
484 1554 511 1582 111
527 1554 649 1582 Hebraeis
666 1557 727 1590 quis
744 1557 875 1590 ttascitur,

88 1602 164 1635 apud
180 1608 248 1634 quos
268 1600 449 1627 eruditionem
465 1601 563 1628 divina:
576 1601 790 1634 legisinveniat;
807 1602 878 1629 alius

88 1654 158 1674 vero
176 1646 247 1679 apud
261 1645 371 1673 Grtecos
387 1646 497 1680 etips‘os
512 1646 661 1680 sapientes,
678 1652 705 1674 et
719 1655 771 1674 non
785 1655 875 1681 parva:

88 1691 255 1718 eruditionis
288 1691 412 1717 homines
430 1709 437 1723 ,
468 1690 524 1725 99
545 1691 600 1725 jatn
627 1699 693 1718 vero
711 1691 781 1718 alius
805 1693 876 1726 apud

88 1736 249 1770 Ethiopes,
281 1737 381 1770 quibus
410 1737 481 1763 vesci
509 1736 565 1772 (96)
597 1736 723 1764 humanis
749 1738 877 1764 carnibus

88 1791 157 1812 usus
171 1788 233 1817 est;
252 1787 300 1809 aut
312 1783 384 1818 apud
399 1782 514 1817 Scythas
536 1783 605 1816 apud
621 1790 689 1817 quos
703 1783 875 1817 parricidium

88 1831 170 1864 quasi
187 1836 221 1856 ex
238 1829 298 1863 lege
324 1828 449 1863 geritur;
468 1828 512 1854 vel
538 1828 608 1863 apttd
625 1828 743 1859 Tauros.
761 1829 806 1855 ubi
827 1829 875 1855 ho-

87 1875 176 1909 spites
193 1873 381 1900 immolantur.
396 1872 479 1898 Aiunt
495 1878 561 1906 ergo
577 1872 655 1899 nobis
671 1880 678 1899 :
694 1872 722 1899 Si
742 1873 799 1899 haec
818 1877 875 1899 tan-

89 1928 115 1948 ta
133 1928 227 1947 rerum
248 1919 407 1951 diversitas,
428 1919 611 1953 nascendique
627 1919 745 1946 conditio
763 1924 816 1945 tant
830 1926 875 1945 va-

88 1967 141 1999 ria,
168 1970 282 1999 tamque
305 1965 422 1998 diversa,
441 1965 468 1991 in
482 1972 535 1999 qna
550 1971 632 1991 causa
649 1965 743 1999 utique
761 1964 875 1991 facultas

87 2012 169 2039 liberi
183 2011 290 2038 arbitrii
306 2010 395 2037 locum
414 2017 467 2036 non
483 2010 564 2037 habet
576 2012 640 2042 (non
658 2010 729 2036 enim
742 2010 802 2044 quis
818 2009 875 2043 ipse

87 2059 141 2086 sibi
160 2058 247 2093 eligit,
262 2057 305 2084 vel
323 2057 378 2090 ubi,
395 2056 436 2083 vel
451 2056 520 2090 apud
546 2063 625 2091 quos,
638 2055 680 2083 vel
697 2063 751 2089 qua
775 2055 871 2083 condi-

89 2105 166 2132 tione
194 2101 339 2137 nascatur)
352 2102 393 2136 ',si
410 2110 485 2136 ergo,
503 2102 638 2136 inquiunt,
656 2101 706 2128 hoc
728 2100 875 2128 nonJacit

87 2155 196 2178 natura:
220 2149 366 2177 diversitas
386 2149 537 2175 animarum
555 2146 622 2183 (97),
634 2147 661 2174 id
680 2151 732 2179 est,
753 2150 783 2173 ut
796 2144 867 2173 mala

122 2233 146 2250 ³⁸
163 2232 247 2267 I_Cor.
259 2239 305 2264 xv,
321 2231 365 2259 41.
402 2231 425 2247 ⁸⁸
440 2231 507 2259 Gen.
521 2232 594 2257 xxv.‘
622 2230 645 2247 ⁵³⁸
663 2230 750 2259 lCor.
764 2238 794 2264 It,
809 2230 855 2258 40.‘

123 2304 181 2339 (9'2)
197 2303 235 2339 [ta
253 2310 321 2330 mss.
333 2303 417 2334 Alias,
435 2312 445 2328 1
460 2306 598 2329 asserunt.
612 2311 622 2339 1

122 2336 182 2375 (95)
197 2338 429 2377 Prwslet,___verum
446 2339 534 2377 etin":
552 2337 663 2377 gradum
677 2337 793 2377 aliquem
808 2336 868 2377 'cel-

88 2372 185 2402 autem
210 2373 480 2411 lpdclqbilioremque.
507 2372 552 2399 Sic
573 2373 650 2405 tussi;
677 2373 703 2398 in
730 2372 868 2411 prioribus

88 2409 257 2436 cditionibus
280 2409 357 2435 deest
376 2416 385 2433 t
397 2406 516 2441 pra-stet,
530 2416 539 2432 1
553 2411 580 2434 et
604 2415 651 2441 pro
673 2416 681 2432 1
694 2406 868 2441 spectabilio-

90 2452 183 2481 rem_,__|
200 2443 299 2481 legitur
315 2443 549 2481 «spectaculum.»
627 2479 632 2481 Δ
801 2476 806 2481 _

125 2477 183 2513 (91)
199 2475 244 2504 sa:
269 2485 336 2504 mss.
359 2477 442 2513 Alias,
460 2486 469 2502 1
482 2481 508 2504 et
528 2476 634 2513 luceant
648 2483 654 2502 :
666 2476 727 2513 aliis
748 2475 869 2513 (rutilan-

90 2511 210 2543 tiamfet
221 2516 368 2539 coruscent
394 2511 496 2545 fulgore
513 2511 629 2538 sidereo.
647 2511 707 2538 Alia
731 2512 767 2538 sit
783 2511 868 2545 gloria

89 2549 166 2578 solis,
183 2547 234 2586 alia
248 2547 329 2586 lunae,
347 2546 565 2586 alia-stellarum...
576 2554 586 2571 1
688 2581 694 2586 _
705 2581 713 2586 I
733 2580 739 2586 Ι
814 2580 820 2586 1

124 2583 181 2617 (95)
197 2581 255 2617 [loc
267 2582 366 2617 ipsum.
383 2580 428 2617 Sic
444 2589 508 2617 mss.
526 2580 610 2617 Alias,
628 2589 638 2605 1
649 2581 713 2617 quid
727 2580 784 2617 hoc
800 2580 843 2607 sit.
857 2589 867 2617 1

123 2615 180 2651 (96)
209 2616 293 2642 νειεὶ.
317 2616 396 2643 Deest
414 2616 441 2642 in
466 2615 601 2650 prioribus
621 2616 797 2646 editionibus,
823 2615 870 2642 sed

89 2652 203 2690 habetur
210 2652 249 2690 _in-
259 2658 326 2679 mss.
399 2686 405 2690 _
417 2685 423 2690 _
520 2684 541 2690 η
738 2684 746 2690 1
819 2688 824 2690 Α
843 2683 849 2690 ⁸

123 2687 178 2722 (97)
199 2686 374 2722 Animarum,
396 2685 423 2722 id
448 2690 495 2712 est.
520 2684 581 2722 Haec
603 2691 712 2722 quoque
727 2684 827 2722 desunt
843 2684 869 2711 in

88 2719 152 2750 libb.
164 2719 244 2748 antea
255 2721 348 2752 editis,
360 2721 405 2748 sed
417 2720 553 2747 habentur
563 2721 588 2746 in
600 2727 664 2746 mss.
677 2719 777 2746 lhideut
792 2727 867 2750 mss.,

91 2767 100 2783 1
118 2757 186 2784 bona
200 2760 293 2782 autem
311 2756 345 2782 ad
362 2757 456 2783 bonas.
474 2764 483 2780 1
499 2755 585 2792 Alias,
598 2762 620 2789 ‘I
643 2755 712 2782 bona
730 2759 819 2781 autent
836 2753 868 2781 ad

89 2791 179 2819 bonos.
195 2799 205 2816 1

122 2827 176 2861 (98)
191 2824 259 2853 Vide
275 2826 294 2851 1.
309 2833 327 2852 Il
342 2824 506 2860 0rigenian.,
523 2832 550 2857 q.
568 2823 613 2857 12,
630 2831 656 2850 n.
675 2824 703 2851 2.

942 737 1048 768 derunt,
1067 737 1117 764 hoc
1138 739 1217 764 modo
1234 740 1465 772 respondebimus.
1491 740 1592 768 Bonum
1621 750 1681 770 esse
1699 748 1727 771 et

937 780 1038 814 justum
1055 787 1081 808 et
1093 783 1306 817 omnipotentem
1325 783 1409 810 Deutn
1438 790 1588 814 creatorem
1610 781 1724 816 ‘ttniver-

940 835 1042 858 serum,
1060 828 1158 862 quibus
1178 828 1312 856 valuimus
1333 837 1365 856 ex
1388 829 1486 858 divinis
1507 832 1655 868 Seripntris
1678 842 1724 861 as-

939 874 1103 900 sertionibus
1132 874 1288 909 frequenter
1321 877 1497 904 ostendimus.
1530 878 1577 905 Hie
1605 887 1667 906 cum
1695 880 1723 907 in

937 919 1070 953 principio
1092 926 1197 947 crearet
1219 929 1249 947 ea
1272 929 1333 955 qum
1351 931 1444 950 creare
1461 924 1542 951 voluit
1559 925 1624 959 (98),
1641 926 1666 953 id
1680 932 1723 954 est

938 965 1113 993 rationabiles
1127 972 1247 998 naturas,
1270 968 1370 994 nullam
1397 969 1491 996 ltabnit
1506 971 1586 997 aliam
1611 974 1721 1000 creandi

936 1018 1044 1037 causam
1058 1011 1107 1037 nisi
1125 1017 1234 1045 propter
1249 1013 1366 1047 seipsum
1381 1014 1450 1048 (99),
1470 1015 1494 1041 id
1513 1020 1554 1042 est
1570 1015 1718 1045 bonitatem

936 1063 1023 1082 suam.
1039 1055 1105 1088 Quia
1125 1064 1188 1091 ergo
1212 1064 1305 1084 eorum
1326 1066 1386 1092 quae
1409 1060 1524 1086 creanda
1549 1065 1634 1092 erattt,
1664 1062 1721 1097 ipse

936 1101 1039 1127 exstitit
1054 1109 1134 1129 causa
1152 1111 1159 1129 :
1177 1103 1202 1128 in
1219 1110 1273 1136 quo
1298 1111 1384 1137 neque
1408 1104 1526 1131 varietas
1545 1106 1646 1140 aliqua,
1670 1115 1719 1134 ne-

934 1154 987 1180 que
1001 1147 1174 1180 permutatio,
1192 1154 1280 1181 neque
1291 1148 1491 1182 intpossibilitas
1507 1150 1607 1183 inerat,
1628 1159 1720 1186 mqua-

933 1191 972 1218 les
1001 1192 1106 1218 creavit
1129 1192 1171 1226 (l)
1198 1200 1294 1220 omnes
1317 1201 1349 1220 ac
1386 1194 1488 1221 similes
1515 1203 1583 1229 quos
1604 1198 1716 1228 creavit.

933 1238 1032 1272 quippe
1045 1246 1105 1264 cum
1124 1239 1196 1264 nulla
1219 1239 1243 1265 ei
1259 1246 1339 1266 causa
1355 1240 1495 1267 varietatis
1509 1249 1540 1267 ac
1553 1242 1719 1271 diversitatis

933 1284 1089 1310 exsisteret.
1106 1283 1207 1310 Verum
1224 1284 1350 1318 quoniam
1365 1286 1541 1313 rationabiles
1558 1287 1621 1321 ipsa:
1641 1296 1718 1315 crea-

933 1331 1012 1359 tum,
1036 1328 1105 1355 sicut
1126 1327 1283 1362 frequenter
1311 1331 1488 1362 ostendimus,
1510 1335 1537 1357 et
1552 1332 1578 1358 in
1594 1332 1651 1359 loco
1667 1339 1717 1359 suo

933 1372 1112 1399 nihilominus
1141 1375 1323 1407 ostendemus,
1341 1375 1447 1401 arbitrii
1468 1375 1596 1403 facultate
1611 1377 1717 1404 (1011111111

932 1422 1012 1449 sunt;
1028 1418 1137 1446 libertas
1148 1427 1368 1454 unumquemque
1386 1421 1424 1456 (ἓ)
1442 1421 1588 1449 voluntatis
1603 1430 1657 1450 sua:
1671 1424 1715 1450 vel

931 1463 964 1489 ad
978 1464 1126 1497 profectum
1143 1472 1190 1499 per
1211 1465 1387 1493 imitationem
1413 1467 1457 1493 Dei
1480 1469 1637 1501 provocavit
1663 1468 1715 1504 (5),

930 1509 972 1536 vel
987 1509 1019 1535 ad
1039 1510 1172 1537 defectum
1193 1518 1241 1545 per
1270 1512 1464 1546 negligentiam
1492 1513 1583 1539 traxit.
1604 1514 1636 1540 Et
1658 1515 1715 1542 haec

930 1555 1034 1582 exstitit
1046 1562 1139 1586 causa,
1153 1555 1223 1585 sicut
1237 1560 1264 1582 et
1280 1561 1358 1583 antea
1375 1557 1430 1591 jam
1455 1558 1587 1589 diximus,
1603 1559 1715 1586 diversi-

931 1600 1074 1627 tatisittter
1090 1600 1265 1627 rationabiles
1291 1605 1441 1634 creaturas,
1466 1609 1519 1628 tton
1542 1609 1575 1629 ex
1592 1603 1715 1629 condito-

931 1646 969 1672 ris
981 1646 1120 1673 voluntate
1133 1646 1173 1673 vel
1189 1646 1292 1680 judicio
1309 1647 1442 1681 originettt
1460 1647 1579 1679 trahens,
1593 1649 1639 1675 sed
1653 1656 1715 1682 pto-

929 1690 996 1724 priae
1009 1690 1143 1717 libertatis
1156 1692 1281 1718 arbitrio.
1301 1691 1373 1718 Deus
1393 1700 1460 1719 vero
1474 1693 1516 1719 cui
1533 1693 1588 1727 jam
1605 1700 1714 1720 creatu—

930 1743 986 1762 nam
1001 1743 1078 1763 suam
1094 1744 1143 1770 pro
1160 1738 1255 1764 merito
1272 1737 1430 1771 dispensare
1442 1738 1545 1772 justntn
1561 1740 1713 1774 videbatur,

929 1781 1101 1809 diversitates
1115 1783 1245 1809 mentium
1261 1784 1287 1810 111
1307 1785 1386 1811 unius
1402 1786 1493 1811 tnttndi
1506 1788 1713 1814 consonantiam

929 1826 1020 1856 traxit,
1035 1834 1088 1860 quo
1100 1827 1172 1853 velut
1186 1834 1266 1853 unam
1291 1829 1399 1854 domttttt
1418 1828 1443 1854 in
1458 1836 1510 1862 qua
1527 1828 1616 1855 inesse
1633 1831 1713 1858 debe-

928 1875 990 1897 rent
1012 1879 1063 1898 non
1090 1872 1175 1898 solum
1202 1879 1264 1898 vasa
1279 1880 1360 1898 attrea
1383 1877 1409 1899 et
1431 1877 1557 1907 argentea
1572 1894 1579 1906 ,
1610 1876 1656 1901 sed
1686 1879 1714 1903 et

928 1916 1015 1950 lignea
1031 1922 1058 1943 et
1071 1917 1172 1949 ﬁctilia,
1193 1921 1219 1944 et
1239 1917 1291 1943 alia
1308 1918 1416 1951 quidem
1444 1918 1477 1944 ad
1502 1919 1643 1952 honorem,
1658 1920 1712 1947 alia

928 1966 1016 1988 autent
1029 1962 1061 1988 ad
1078 1962 1280 1994 contumeliam,
1302 1970 1335 1989 ex
1358 1963 1418 1990 istis
1436 1963 1474 1997 (4)
1492 1963 1609 1991 diversis
1626 1966 1710 1999 vasis,

928 2007 967 2033 vel
983 2007 1091 2039 animis,
1105 2007 1146 2034 vel
1162 2008 1296 2034 mentibus
1310 2013 1432 2041 ornaret,
1449 2014 1476 2035 et
1491 2009 1538 2035 has
1555 2016 1663 2043 causas,
1683 2015 1712 2037 ut

928 2062 979 2089 ego
994 2055 1123 2088 arbitror,
1141 2055 1258 2082 mundus
1285 2055 1334 2082 iste
1354 2063 1409 2083 suae
1442 2056 1609 2084 diversitatis
1631 2065 1712 2085 acce-

928 2102 978 2135 pit,
1007 2101 1069 2128 dum
1086 2108 1305 2135 unumquemque
1317 2101 1406 2128 divina
1423 2101 1589 2136 providentia
1609 2103 1650 2138 (5)
1662 2111 1711 2137 pro

928 2146 1060 2173 varietate
1077 2150 1198 2173 ntotuum
1217 2154 1341 2179 suorum,
1354 2147 1396 2174 vel
1410 2148 1562 2174 anintorunt
1586 2148 1711 2184 proposi-

961 2300 1016 2337 (99)
1029 2300 1115 2327 Aliam
1130 2299 1235 2338 creandi
1254 2307 1378 2338 causam,
1397 2299 1448 2338 nisi
1464 2302 1573 2338 propter
1584 2297 1708 2332 “ipsum.

924 2333 970 2363 Sic
984 2333 1080 2361 omnes
1099 2335 1176 2361 codd.
1194 2342 1259 2361 mss.
1273 2334 1300 2360 111
1315 2335 1394 2373 editis
1409 2334 1484 2373 deest
1506 2342 1515 2358 1
1539 2333 1631 2365 aliam,
1653 2339 1707 2373 {et

922 2378 971 2404 pro
990 2379 999 2395 1
1019 2369 1068 2396 nisi
1081 2375 1191 2403 propter
1204 2371 1321 2403 seipsunt
1339 2378 1347 2395 I
1367 2369 1467 2402 legitur
1489 2377 1498 2393 1
1522 2372 1621 2401 praeter
1635 2369 1707 2402 seip-

921 2412 992 2431 sum.
1013 2414 1022 2429 1

958 2439 995 2474 (1)
1011 2439 1090 2467 Libh.
1108 2437 1184 2471 editi,
1208 2446 1218 2464 1
1239 2438 1356 2473 aequales
1380 2437 1501 2469 creavit,
1527 2446 1537 2462 1
1557 2437 1604 2465 sed
1629 2444 1706 2468 mss.,

925 2482 935 2500 1
951 2474 1102 2501 :eoualiter.
1119 2482 1128 2498 1

959 2505 997 2544 (Ξ)
1013 2509 1058 2535 Sic
1071 2515 1136 2535 mss.
1155 2507 1242 2545 Alias,
1258 2516 1268 2534 1
1284 2506 1506 2545 unumquodque.
1524 2505 1632 2545 Δ111³111110
1647 2509 1709 2539 post

923 2540 1002 2576 mssi,
1017 2552 1026 2568 1
1047 2551 1098 2570 11011
1113 2549 1146 2569 eu
1165 2543 1314 2574 conditoris
1328 2540 1477 2569 voluntate.
1492 2549 1500 2566 1
1517 2540 1601 2572 Alias,
1621 2549 1631 2566 1
1653 2547 1706 2567 11011

924 2586 956 2605 ex
975 2578 1107 2609 creatoris
1125 2577 1274 2606 voluntate.
1290 2586 1300 2603 1

959 2613 997 2648 (5)
1013 2608 1081 2648 Yide
1096 2611 1262 2646 0rigenian.,
1280 2612 1326 2648 lib.
1338 2618 1374 2642 11,
1391 2609 1464 2648 q._'l,
1479 2617 1505 2635 n.
1520 2608 1564 2635 12.

960 2644 998 2688 (4)
1011 2647 1089 2688 Libb.
1106 2644 1182 2688 editi,
1203 2656 1211 2672 1
1235 2644 1358 2688 quaedam
1378 2645 1411 2688 ad
1423 2644 1608 2688 honor-eun...
1627 2647 1656 2670 nt
1672 2651 1706 2671 ex

924 2682 993 2714 istis,
1013 2692 1032 2719 L
1045 2687 1108 2710 etc.,
1125 2684 1171 2708 sed
1189 2686 1297 2719 Ills’S.ulll
1311 2689 1336 2719 tu
1354 2684 1446 2719 nostro
1461 2683 1559 2719 texuth

958 2718 996 2752 (5)
1011 2716 1223 2750 Unumquemque
1243 2716 1333 2741 divina
1348 2713 1519 2752 pri/videatut.
1534 2713 1579 2738 Sic
1595 2719 1662 2740 mss.
1674 2713 1705 2739 In

926 2746 1008 2779 antea
1022 2746 1160 2787 editis'pro
1177 2746 1186 2775 ἆ
1203 2756 1421 2787 unumquemque
1439 2746 1561 2787 [1111111111-
1577 2755 1586 2772 1
1609 2755 1708 2787 111111111-

924 2788 1059 2821 qnodque,
1077 2795 1086 2811 1
1103 2780 1130 2821 et
1144 2785 1219 2821 deest
1234 2780 1351 2821 (1111111111
1369 2780 1560 2821 provideant}.
1587 2791 1596 2807 1
1620 2781 1706 2809 Paulo

924 2819 985 2856 post
1005 2819 1070 2848 libb.
1087 2820 1162 2852 editi,
1183 2828 1191 2844 t
1211 2819 1257 2847 sed
1274 2819 1422 2846 secundum
1438 2819 1624 2856 praecedentes
1639 2823 1710 2846 cauum
