1860 3073
133 92 183 122 QII

768 82 928 112 ORIGENIS
948 83 1027 109 ΠΕΡΙ
1043 81 1157 109 ΑΡΧΩΝ

1701 74 1755 102 232

135 151 212 184 tique
223 148 372 181 dispensat.
385 145 446 179 Qua
458 145 562 173 ratione
576 151 665 178 neque
677 143 793 170 Creator
805 143 922 177 injustus
937 142 959 169 A
973 141 1118 172 creaturis,
1145 139 1168 165 si
1192 138 1365 165 advertamns
1380 136 1443 171 quia
1466 135 1518 162 ista
1539 132 1686 184 diversitas
1703 139 1759 182 non

136 195 272 224 videbitur
293 193 341 229 (6),
365 199 425 219 cum
441 191 589 219 secundum
616 190 800 224 praecedentes
824 195 921 216 causas

139 249 190 277 pro
204 241 299 268 merito
319 244 540 272 unumquemque
555 236 709 268 distribuit;
723 243 811 270 neque
826 235 922 262 fortui-

140 294 166 315 ta
182 284 392 322 uniuscujusque
408 283 535 311 nascendi
558 283 600 309 vel
625 281 740 308 felicitas
752 281 795 309 vel
808 281 922 308 infelici-

141 339 181 361 tas
192 332 341 367 putabitur,
358 332 396 358 vel
417 330 614 364 qualiscunque
639 327 771 354 acciderit
790 326 831 353 illa
856 334 922 353 con-

123 399 125 402 ‹
140 380 220 410 ditio.
252 384 340 411 neque
359 375 461 404 diversi
474 379 624 407 creatores,
638 373 679 401 vel
691 373 804 400 diversae
821 377 924 399 naturae

140 425 285 452 credentur
298 423 449 450 animarum
463 421 512 457 (7).

177 492 204 519 ’1.
218 491 320 518 Verum
334 497 367 516 ne
378 488 519 522 Scriptura
534 487 643 521 quidem
659 491 752 514 sancta
766 485 874 513 videtur
885 484 925 520 (8)

142 538 207 566 mihi
232 537 339 571 penitus
365 535 457 562 arcani
472 534 509 569 (9)
526 534 605 568 hujus
635 534 753 560 tacuisse
778 533 925 565 rationem;

142 585 214 611 sicut
229 591 288 610 cum
305 581 445 617 apostolus
465 581 564 608 Paulus
579 581 612 607 de
631 579 713 607 Iacob
740 584 768 606 et
785 579 854 606 Esau
870 579 928 605 dis-

142 635 240 664 putans
261 629 298 655 ait
323 636 330 655 :
351 637 359 653 t
387 627 453 654 Cum
475 627 547 653 enim
571 626 688 653 nondum
716 625 772 652 nati
802 624 928 656 fuissent,

144 683 231 709 neque
245 675 364 709 egissent
382 673 481 707 aliquid
497 672 559 698 boui
575 672 616 698 vel
632 671 705 704 mali,
722 676 750 698 ut
764 670 928 705 propositum

144 722 215 756 quod
240 721 387 748 secundum
403 719 561 745 electionem
575 719 619 745 Dei
635 718 736 744 factum
750 722 802 749 est,
822 723 928 751 perma-

145 771 233 797 neret,
249 774 300 793 non
313 773 346 791 ex
359 765 498 799 operibus.
513 764 558 790 sed
575 772 609 790 ex
624 772 657 790 eo
672 764 719 798 qui
742 763 859 795 vocavit,
876 762 930 788 dic-

974 192 1106 214 crralnm
1121 185 1294 220 principium,
1311 183 1357 210 sed
1371 190 1403 209 ex
1427 178 1640 216 prtecedeutibus
1669 176 1758 204 causis

974 241 1023 268 pro
1042 233 1119 267 100
1135 232 1224 258 meriti
1241 230 1374 265 dignitate
1384 229 1520 256 diversqu
1534 225 1648 260 singulis
1662 231 1678 250 ι
1693 230 1761 250 con-

976 280 1062 307 ditore
1077 277 1219 305 ministerii
1245 281 1357 311 paratur
1380 274 1508 304 officium,
1533 280 1565 298 ex
1589 278 1622 297 eo
1638 269 1763 304 profecto

976 324 1047 359 quod
1068 324 1253 357 unusquisque
1273 323 1298 348 in
1316 329 1348 348 eo
1365 320 1435 354 quod
1458 326 1533 346 mens
1548 321 1660 344 creatus
1675 323 1689 341 a
1707 314 1762 341 Deo

977 375 1018 397 est
1032 369 1087 404 (H)
1102 369 1143 395 vel
1164 367 1331 394 rationabilis
1347 366 1469 401 spiritus,
1485 372 1534 399 pro
1557 361 1674 388 motibus
1687 366 1765 385 meu-

980 416 1012 442 tis
1025 403 1051 442 et
1064 414 1188 442 sensibus
1200 414 1366 444 animorum,
1388 410 1431 438 vel
1447 410 1507 444 plus
1530 407 1572 435 vel
1596 407 1688 434 minus
1711 403 1764 430 sibi

980 462 1067 488 meriti
1083 460 1229 495 paraverit,
1244 458 1285 485 vel
1298 457 1424 485 amabilis
1439 456 1506 487 Deo,
1520 455 1562 481 vel
1575 453 1657 480 etiam
1671 450 1763 478 odibi-

979 508 1014 533 lis
1031 506 1185 537 exstiterit;
1201 513 1262 532 eutn
1277 510 1365 530 tamen
1388 501 1469 536 aliqui
1493 507 1526 528 ex
1547 500 1588 527 his
1609 499 1655 534 qui
1673 496 1770 525 meliov

981 552 1057 579 ribus
1069 551 1173 578 meritis
1201 554 1263 577 sunt
1285 550 1317 575 ad
1334 548 1519 575 exornandum
1545 544 1638 572 mumli
1663 547 1767 570 statmn

983 596 1099 630 compati
1119 595 1241 630 reliquis,
1261 598 1288 621 et
1302 592 1419 619 officium
1445 590 1564 625 praebere
1590 587 1770 615 inferioribus

982 643 1143 669 ordinentur
1159 640 1228 675 (15),
1241 647 1294 674 quo
1309 646 1356 672 per
1372 639 1424 665 hoc
1440 636 1494 671 (l6)
1510 640 1538 662 et
1551 635 1601 668 ipsi
1617 633 1771 668 participes

983 689 1115 715 exsistant
1129 686 1269 721 patientia:
1280 685 1434 717 Creatoris;
1447 681 1594 710 secundum
1611 678 1685 713 quod
1700 678 1770 710 Apo-

983 735 1068 762 stolus
1082 734 1137 768 ipse
1153 732 1220 759 dicit
1237 741 1243 758 :
1259 741 1268 757 1
1284 730 1402 758 Vauitati
1420 730 1492 756 enim
1507 731 1632 754 creatura
1648 723 1772 757 subjecta

986 784 1027 807 cst
1042 788 1094 806 nou
1108 779 1209 810 volens.
1236 777 1281 804 sed
1299 781 1409 811 propter
1424 782 1485 805 emn
1504 773 1549 808 qui
1578 770 1725 805 sultjecerit
1743 769 1770 797 in

146 819 201 841 tum
214 813 328 846 estquia
342 811 429 844 major
450 812 550 837 serviet
573 810 681 841 minori,
704 809 777 836 sicut
800 809 930 842 scriptum
949 821 969 848 Β
984 835 1058 861 spem
1087 827 1124 853 ⁸,.
1144 835 1153 851 ἱ
1182 809 1364 852 Observa'me's
1387 823 1469 853 Mn",
1497 821 1575 847 istam
1608 816 1773 845 sententiam

145 864 187 885 est
204 857 306 884 :Iacob
320 857 413 889 dilexi,
436 856 506 883 Esau
522 860 610 882 autem
625 856 686 882 odio
707 855 788 882 habui
811 854 844 881 ⁸⁷.
871 864 880 880 1
900 854 933 880 Et

146 908 207 938 post
222 903 279 929 lucc
297 902 349 929 sibi
377 903 433 936 ipse
449 902 592 936 respondet
609 907 635 928 et
656 901 739 928 dicit:
759 909 768 925 1
786 900 856 933 Quid
869 907 934 934 ergo

147 948 287 976 dicemus?
312 948 439 981 Nunquid
462 948 592 981 iujustitia
613 953 656 974 est
682 946 752 980 apud
776 945 905 972 Deum"?
921 955 930 970 1

146 993 181 1022 Ει
198 998 226 1019 ut
242 993 319 1020 nobis
331 993 501 1020 occasionem
515 997 657 1027 prtcslaret
675 991 826 1026 inquirendi
844 992 877 1017 de
894 991 935 1018 liis

148 1045 176 1067 et
192 1039 383 1074 perscrutandi
399 1039 533 1071 quomodo
558 1037 614 1064 haec
635 1045 688 1063 non
705 1042 783 1063 extra
801 1035 934 1063 rationem

149 1085 224 1118 ﬁant,
240 1086 384 1120 respondet
400 1086 451 1112 sibi
467 1085 528 1119 ipsi,
540 1090 567 1112 et
578 1085 795 1121 ait(9‘).Eadem
808 1090 935 1118 namque,

143 1129 254 1159 Διιι1111111
270 1132 456 1166 videtur,qua.-
471 1130 503 1157 de
518 1130 601 1157 Iacob
613 1135 639 1156 et
656 1130 726 1156 Esau
742 1129 855 1164 qumstio
875 1136 937 1161 pro-

150 1180 271 1214 ponitur,
297 1180 392 1207 baberi
420 1180 502 1206 etiam
526 1180 558 1206 de
585 1179 741 1206 caelestibus
764 1179 889 1206 omnibus
911 1182 938 1204 et

150 1226 328 1252 terrestribus
348 1226 482 1252 creaturis
495 1231 521 1251 et
534 1225 568 1252 de
588 1225 703 1252 infernis
722 1225 778 1260 (10)
794 1229 894 1259 potest.
906 1223 940 1250 Et

151 1272 276 1299 similiter
292 1271 358 1298 1111111
375 1271 491 1303 videtur,
518 1272 588 1298 sicut
611 1271 647 1297 ibi
665 1272 702 1297 ait
719 1280 725 1298 :
744 1280 753 1296 1
772 1271 840 1298 Cum
867 1271 938 1298 enim

153 1317 273 1344 uoudmu
288 1317 342 1344 uati
360 1316 485 1349 fuissent,
504 1324 591 1351 neque
610 1317 712 1351 aliquid
735 1317 854 1351 egissent
877 1317 939 1344 boni

154 1364 194 1390 vel
212 1363 285 1396 mali,
307 1372 316 1389 1
335 1364 370 1390 ita
383 1364 466 1390 etiam
479 1364 511 1390 de
520 1364 626 1390 czeteris
640 1363 767 1390 omnibus
779 1364 831 1390 dici
845 1371 938 1398 posse.

155 1419 165 1435 1
181 1418 240 1436 eum
259 1410 329 1436 enim
347 1410 464 1436 nondum
477 1413 568 1435 creata
583 1413 684 1439 eSSent,
700 1416 788 1444 neque
822 1411 941 1444 egissent

144 1453 257 1491 'aliquid
273 1457 334 1484 boui
355 1457 397 1483 vel
414 1457 476 1483 mali
491 1456 546 1491 (11)
563 1462 592 1483 ut
608 1457 754 1483 secundutn
780 1456 940 1484 electionem

155 1502 323 1538 propositum
348 1501 394 1528 Dei
418 1507 550 1528 maneat)
569 1502 654 1535 (sicut
682 1506 780 1537 putant
805 1501 939 1536 quidam),

156 1547 229 1574 facta
246 1552 309 1574 sunt
326 1547 369 1573 illa
382 1547 490 1581 quidem
503 1547 637 1579 ccelestia,
651 1547 709 1574 haec
740 1552 829 1574 autem
855 1552 942 1575 terre-

157 1593 236 1626 stria,
255 1599 282 1622 et
292 1593 344 1621 alia
356 1593 460 1620 inferna
473 1594 542 1628 (1'2)t
550 1601 603 1621 non
613 1601 646 1620 ex
656 1594 783 1628 operibus
794 1595 835 1627 (ut
849 1599 943 1628 putant

158 1637 220 1671 illi),
233 1638 281 1664 sed
298 1646 332 1664 ex
344 1645 376 1664 eo
390 1638 435 1672 qui
454 1638 570 1664 vocavit.
598 1637 666 1670 Quid
691 1646 756 1673 ergo
777 1639 911 1672 dicemus,
933 1651 941 1666 1

159 1685 180 1710 si
198 1684 255 1710 haec
271 1684 306 1710 ita
324 1683 403 1709 sunt?
418 1693 427 1708 1
449 1683 517 1718 Ergo
542 1683 674 1717 iujustitia
692 1689 732 1711 est
748 1685 818 1719 apud
846 1685 946 1713 Deum?

160 1729 248 1757 Absit.
268 1740 277 1756 1
292 1729 378 1764 Igitur
401 1730 472 1757 sicut
488 1731 521 1757 de
537 1730 609 1757 Esau
635 1736 662 1758 et
682 1730 768 1759 Iacob
793 1732 946 1766 diligentius

160 1776 337 1810 perscrutatis
356 1775 504 1809 Scripturis
524 1776 671 1808 invenitur,
689 1778 752 1810 quia
769 1785 823 1804 non
840 1783 881 1805 est
906 1779 948 1805 in-

157 1820 261 1854 justitia
277 1821 345 1854 apud
362 1820 460 1852 Deum,
475 1825 504 1847 ut
515 1826 660 1855 antequam
683 1829 872 1855 nascerentur,
904 1823 948 1852 vel

162 1871 275 1900 agerent
288 1866 389 1900 aliquid
404 1866 431 1892 iu
447 1867 502 1893 vita
518 1867 579 1898 hac.
596 1868 735 1895 diceretur
749 1877 758 1894 1
776 1870 838 1903 quia
855 1869 944 1904 major

161 1913 262 1940 serviet
278 1913 394 1945 minori;
414 1922 423 1938 1
439 1917 467 1939 et
492 1918 520 1940 ut
544 1914 682 1941 invenitur
695 1923 748 1942 uon
764 1922 829 1944 esse.
841 1916 949 1950 injusti-

163 1959 211 1992 Iia,
229 1960 299 1994 quod
314 1964 341 1986 et
359 1960 385 1986 in
408 1965 503 1987 ventre
523 1960 634 1987 fratrem
662 1969 741 1988 suum
767 1962 949 1996 supplantavit

161 2005 255 2037 Iacob,
271 2006 293 2032 si
310 2014 343 2032 ex
361 2007 540 2040 praecedentis
555 2007 612 2042 (15)
628 2006 755 2037 videlicet
769 2008 830 2034 vita:
843 2009 949 2035 meritis

163 2052 243 2084 digne
253 2059 314 2078 eum
329 2052 455 2079 dilectqu
474 2059 535 2079 esse
557 2053 706 2079 sentiamus
726 2060 741 2078 a
767 2052 831 2084 Deo,
855 2054 891 2080 ita
922 2059 950 2080 ut

984 881 1064 908 quam
1084 871 1228 904 Apostolus
1245 871 1278 897 de
1294 871 1438 897 nativitate
1452 868 1522 895 Esau
1540 871 1566 894 et
1586 865 1672 892 Iacob
1685 870 1773 908 expet

987 907 1054 946 nens
1067 919 1134 946 dixit
1155 927 1162 945 :
1184 928 1194 944 1
1215 916 1341 951 Nunquid
1363 913 1496 949 iniustitia
1516 917 1558 940 est
1576 911 1647 945 apud
1667 907 1775 936 Deum!

985 965 1063 991 Absit
1076 965 1116 998 9°;
1134 973 1143 990 1
1161 964 1244 991 etiam
1262 963 1288 989 in
1306 961 1432 989 omnibus
1456 959 1589 986 creaturis
1606 961 1715 984 rectum
1729 963 1774 982 ar-

985 1010 1074 1038 bitror
1093 1010 1164 1036 lianc
1179 1008 1302 1035 eamdem
1322 1007 1422 1034 debere
1439 1004 1603 1032 sententiam
1624 1001 1776 1034 custodiri;

986 1056 1126 1090 quoniam,
1150 1054 1220 1082 sicut
1249 1052 1375 1087 superius
1405 1051 1536 1081 diximus,
1560 1048 1667 1083 iustitia
1695 1049 1779 1075 debet

988 1100 1127 1129 Creatoris
1142 1100 1167 1127 111
1182 1099 1310 1126 onmibus
1327 1104 1473 1132 apparere.
1495 1095 1571 1128 Quae,
1599 1099 1627 1121 ut
1649 1093 1717 1121 mihi
1738 1093 1780 1120 vi-

989 1148 1077 1179 detur,
1101 1147 1137 1174 ita
1159 1146 1267 1173 demum
1293 1144 1411 1172 lucidius
1436 1142 1607 1173 ostendetur,
1631 1140 1653 1167 si
1678 1147 1780 1167 causas

989 1192 1157 1220 diversitatis
1173 1192 1362 1226 unusquisque
1379 1191 1421 1218 vel
1436 1189 1601 1222 ctelestium,
1614 1189 1659 1216 vel
1692 1193 1782 1216 terre-

990 1239 1099 1269 strium,
1119 1238 1161 1264 vel
1191 1237 1356 1264 inferuorum
1384 1237 1410 1264 in
1428 1236 1574 1270 semetipso
1595 1235 1782 1269 praecedentes
1811 1252 1814 1253 ν

990 1284 1160 1311 nativitatem
1174 1291 1332 1317 corpoream
1345 1283 1447 1310 habere
1461 1282 1578 1309 dicatur.
1598 1281 1690 1308 Verbo
1705 1280 1779 1309 enim

993 1330 1039 1356 Dei
1056 1334 1083 1356 et
1098 1329 1231 1363 sapientia
1247 1329 1306 1363 ejus
1322 1328 1380 1363 (l7)
1398 1333 1490 1355 creata
1517 1332 1580 1355 sunt
1598 1327 1737 1358 universa,
1754 1331 1783 1352 et

991 1382 1040 1409 per
1063 1375 1148 1409 ipsius
1171 1375 1297 1401 ordinata
1319 1378 1384 1400 sunt
1407 1373 1550 1408 justitiam.
1581 1371 1635 1399 Per
1663 1371 1781 1405 gratiam

992 1427 1057 1447 vero
1072 1419 1127 1454 (l8)
1147 1419 1341 1447 misericordias
1358 1427 1414 1446 suae
1428 1419 1556 1446 omnibus
1577 1417 1720 1451 providet.
1737 1421 1778 1442 at-

994 1473 1046 1498 que
1061 1473 1154 1492 omnes
1176 1465 1381 1499 quilmsennque
1403 1464 1494 1492 curari
1519 1467 1631 1497 possunt
1653 1461 1782 1489 remediis

996 1511 1132 1541 hortatur,
1146 1515 1171 1537 et
1187 1515 1316 1544 provocat
1330 1511 1363 1537 ad
1379 1510 1506 1537 salutem.

1030 1556 1056 1583 8.
1070 1556 1146 1582 Sicut
1161 1563 1226 1589 ergo
1238 1555 1350 1582 dubium
1368 1564 1421 1583 non
1437 1560 1478 1583 est
1496 1555 1521 1581 in
1540 1555 1584 1581 die
1595 1553 1693 1588 iudicii
1709 1553 1782 1581 futu-

996 1608 1054 1627 ruin
1068 1601 1139 1635 quod
1158 1605 1318 1635 separentur
1334 1600 1399 1628 boui
1420 1609 1434 1628 a
1454 1600 1542 1631 malis,
1564 1604 1592 1626 et
1612 1599 1678 1632 justi
1693 1599 1728 1625 ab
1745 1599 1784 1624 in-

993 1647 1084 1680 justis,
1112 1651 1138 1673 et
1164 1646 1264 1680 singuli
1283 1646 1384 1680 quique
1407 1653 1457 1680 pro
1475 1646 1573 1672 merito
1589 1652 1639 1678 per
1661 1651 1693 1670 ea
1726 1643 1783 1670 loca
1805 1635 1807 1637 ’

997 1693 1094 1726 quibus
1109 1691 1182 1726 digni
1198 1697 1272 1723 sunt,
1297 1692 1496 1718 distribuantur
1519 1690 1623 1724 judicio
1638 1689 1697 1722 Dei,
1714 1690 1786 1715 sicut

999 1738 1054 1764 Deo
1077 1738 1181 1765 volente
1204 1738 1230 1764 in
1253 1737 1484 1771 consequentibus
1507 1735 1702 1767 ostendemus;
1733 1733 1786 1760 tale

999 1784 1098 1818 aliquid
1111 1785 1207 1818 opinor
1223 1784 1305 1810 etiam
1326 1789 1389 1810 ante
1404 1783 1460 1818 (19)
1481 1782 1536 1816 jam
1556 1781 1668 1808 factum.
1686 1780 1784 1807 Omnia

999 1830 1072 1856 enim
1089 1830 1158 1857 Deus
1171 1834 1197 1857 et
1212 1829 1439 1864 semperjudicio
1467 1835 1548 1862 agere
1572 1835 1605 1854 ac
1630 1826 1788 1860 dispensare

1000 1875 1152 1903 credendus
1166 1880 1218 1902 est.
1236 1874 1303 1901 lllud
1321 1881 1429 1908 quoque
1446 1874 1517 1907 quod
1534 1872 1682 1906 Apostolus
1693 1872 1786 1902 docet.

1001 1921 1095 1947 dicens
1113 1929 1118 1946 :
1138 1929 1148 1945 1
1165 1919 1194 1946 111
1214 1920 1292 1946 domo
1322 1927 1419 1954 magna
1443 1927 1496 1945 non
1517 1924 1579 1945 sunt
1602 1917 1789 1944 tantummodo

1002 1973 1069 1993 Vasa
1085 1973 1169 1992 aurea
1187 1970 1213 1992 et
1230 1969 1369 1999 argentea.
1385 1965 1431 1991 sed
1443 1970 1469 1991 et
1481 1964 1567 1998 lignea
1592 1967 1619 1989 et
1637 1962 1742 1992 fictilia.
1759 1967 1788 1990 et

992 2011 1052 2038 alia
1067 2010 1176 2044 quidem
1193 2010 1225 2037 ad
1247 2010 1391 2042 honorem,
1412 2009 1464 2036 alia
1481 2015 1572 2036 autem
1599 2008 1632 2035 ad
1648 2013 1792 2035 contume-

1004 2056 1067 2082 liam
1079 2056 1094 2091 g:
1119 2065 1129 2082 1
1153 2060 1182 2083 et
1202 2055 1274 2089 quod
1297 2055 1372 2082 addit
1391 2055 1483 2082 dicens
1499 2065 1507 2082 ι
1523 2063 1532 2080 1
1552 2053 1619 2087 Quia
1636 2053 1661 2080 si
1676 2053 1738 2087 quis
1763 2060 1791 2081 se

166 2097 242 2122 fratri
259 2097 377 2131 prmpoui
397 2102 565 2129 mereretur;
590 2097 625 2123 ita
644 2097 726 2124 etiam
743 2097 776 2124 de
793 2098 942 2125 omlestibu:

1047 2100 1208 2136 iurgaverit,
1220 2100 1273 2128 erit
1297 2107 1345 2128 vas
1362 2099 1388 2126 in
1410 2099 1542 2127 honorem
1561 2099 1617 2134 (‘20)
1637 2097 1793 2126 sanctiﬁca-

201 2176 221 2192 "’
236 2175 314 2203 Rom.
328 2185 366 2209 ix,
393 2177 436 2207 11,
453 2176 499 2203 12.
535 2176 636 2203 “ibid.
650 2177 694 2202 111.
731 2176 753 2192 ⁸⁸
782 2176 861 2203 Rom.
879 2185 936 2209 vut,

1047 2179 1055 2195 ν
1074 2178 1153 2208 Rom.
1174 2165 1281 2212 1ι,ί1ι1.,

170 2254 213 2273 sas
228 2253 276 2279 pro
297 2245 394 2271 merito
408 2244 565 2278 unicuique
591 2244 743 2272 distribuit.
761 2254 770 2270 1
790 2252 855 2273 mss.
877 2249 907 2272 ut
925 2245 951 2272 in

170 2286 262 2307 nostro
278 2284 362 2306 textu.

207 2317 244 2349 ((1)
261 2315 327 2341 Vide
347 2315 363 2341 l.
378 2322 395 2341 ll
412 2314 616 2349 0rt’genian.,q.
632 2315 658 2347 7,
671 2323 698 2341 n.
716 2314 759 2341 Η.

207 2348 245 2383 (⁸7)
263 2348 308 2376 Sic
322 2355 394 2377 recte
418 2358 483 2375 mss.
506 2349 578 2375 Alias
601 2350 741 2380 mendose,
763 2358 771 2374 1
792 2349 835 2375 illa
860 2350 954 2378 condi-

173 2385 245 2411 tione
269 2393 321 2418 qua
345 2384 447 2411 diversi
468 2390 607 2412 creatores
631 2390 658 2412 et
677 2385 792 2412 diversa:
821 2390 954 2413 creatura:

159 2421 162 2424 ’
170 2421 318 2447 creduntur
333 2421 493 2446 animarum.
515 2428 525 2443 1

208 2455 245 2490 (8)
262 2454 326 2482 Vide
340 2456 357 2481 l.
375 2463 392 2481 u
407 2454 576 2490 Orrigettian"
591 2461 618 2488 q.
634 2454 661 2487 7,
676 2463 702 2482 n.
715 2453 742 2481 8.

207 2489 245 2526 (9)
272 2490 308 2516 Ita
331 2498 398 2518 mss.
425 2489 502 2516 Libb.
528 2489 605 2526 editi,
635 2499 653 2526 «7
671 2498 810 2519 arcanam.
827 2501 836 2517 ι
854 2490 954 2518 Ibidem

174 2523 251 2554 mss',
270 2534 278 2549 1
297 2526 439 2558 tli5putar:s
456 2525 503 2550 ait.
519 2533 528 2550 1
545 2523 573 2551 111
591 2525 671 2551 editis
684 2525 769 2556 deest,
786 2534 795 2549 1
818 2526 867 2552 ait.
887 2535 896 2551 1

208 2561 257 2597 (9¹)
278 2561 371 2597 Marica
384 2559 492 2597 plirasis
511 2560 626 2587 videtur.
643 2559 723 2587 Forte
737 2560 789 2594 leg.
801 2575 836 2580 ——
849 2567 872 2587 et
893 2562 930 2588 ait
947 2569 956 2587 :

176 2595 291 2628 ulbsilq
310 2595 390 2622 Ευιτ.
407 2595 527 2621 Ρλτιιοι..

207 2630 264 2691 l(l0)
280 2631 319 2670 De
331 2630 453 2664 mfernil.
470 2635 543 2657 recte
557 2638 621 2663 mss,
642 2630 775 2665 Corrupte
794 2639 859 2659 vero
880 2631 956 2663 editi,

218 2674 311 2691 nt'llllﬁ.
330 2674 339 2690 ι

177 2675 186 2691 1
207 2674 311 2691 lttl'llllﬁ.
330 2674 339 2690 ἱ

211 2690 265 2734 (lit)
279 2700 322 2726 Ha
333 2701 413 2726 etiam
429 2700 459 2727 de
471 2701 571 2727 caueri:
589 2701 709 2728 omnibus
725 2701 776 2728 dici
787 2690 862 2735 posse
875 2709 884 2728 :
900 2709 959 2728 cum

175 2743 244 2762 enim
262 2737 377 2771 nondum
398 2740 487 2771 creata
507 2741 600 2767 essent,
626 2745 708 2770 neque
721 2738 832 2770 egissent
858 2737 958 2771 aliquid

177 2770 236 2796 boui
253 2770 289 2795 uel
313 2770 386 2796 ntali.
410 2770 472 2797 Haec
486 2772 676 2798 desiderantur
704 2773 728 2797 iu
749 2772 886 2804 prioribus
901 2770 959 2799 edi-

179 2805 309 2838 tion.bus,
326 2806 387 2832 licet
407 2806 579 2840 reperiantur
595 2807 621 2833 in
635 2806 761 2833 omnibus
780 2814 844 2833 mss.

988 2486 991 2489 _
1010 2455 1098 2484 tamen
1123 2455 1221 2489 aliquis

1046 2246 1102 2281 (I2)
1120 2246 1157 2273 lta
1174 2251 1249 2275 recte
1265 2253 1332 2273 mss.
1359 2245 1439 2273 Libb.
1466 2248 1559 2272 autent
1576 2243 1652 2277 editi,
1669 2252 1679 2269 1
1697 2249 1793 2274 sancta

1007 2287 1068 2307 sunt
1083 2299 1127 2309 ....
1143 2287 1170 2308 et
1185 2281 1341 2308 infernalia.
1363 2291 1371 2307 I

1044 2316 1099 2351 (15)
1113 2316 1144 2343 Si
1161 2325 1193 2342 ea:
1209 2317 1388 2349 pra’cedentis,
1406 2320 1459 2342 etc.
1476 2314 1513 2341 ita
1529 2321 1595 2341 mss.
1613 2313 1700 2347 Alias,
1719 2322 1730 2340 1
1748 2315 1794 2343 sed

1008 2359 1040 2378 ex
1058 2351 1249 2385 przecedentis,
1266 2360 1275 2376 1
1296 2356 1349 2377 etc.

1044 2384 1100 2420 (11)
1115 2387 1153 2412 tta
1173 2394 1239 2412 mss.
1256 2385 1339 2416 Alias,
1352 2384 1407 2410 (vel
1422 2391 1498 2411 meus
1510 2392 1523 2420 a
1537 2384 1591 2410 Deo
1605 2387 1714 2410 creatus
1728 2388 1795 2410 est.»

1047 2421 1103 2456 (15)
1118 2420 1164 2447 Sic
1178 2425 1253 2448 recte
1271 2428 1336 2447 mss.
1355 2421 1431 2447 Libb.
1457 2419 1523 2456 editi
1547 2420 1684 2456 mendose,
1704 2427 1713 2444 1
1737 2426 1798 2445 eam

1304 2456 1336 2482 ad
1365 2454 1552 2481 exornamlunt
1579 2453 1670 2479 tnuudi
1697 2457 1797 2478 statum

1009 2499 1120 2525 compar
1147 2487 1256 2525 reliquis
1282 2495 1310 2518 et
1329 2490 1447 2517 ollicium
1473 2488 1595 2524 praebere
1625 2487 1798 2515 inferioribus

1009 2526 1164 2559 opinentur.
1185 2535 1194 2550 I

1062 2560 1102 2594 16)
1117 2559 1184 2587 Vide
1201 2559 1220 2586 l.
1238 2567 1255 2587 11
1275 2559 1441 2594 0rigenian.,
1460 2567 1486 2594 q.
1503 2558 1530 2591 8,
1545 2566 1574 2585 n.
1594 2558 1620 2589 1.

1060 2591 1101 2630 17)
1118 2595 1194 2628 Ejus.
1212 2596 1290 2622 Deest
1306 2591 1334 2621 1ιῖ
1350 2591 1445 2629 editis,
1469 2591 1517 2620 sed
1541 2593 1655 2630 habetur
1681 2591 1708 2619 in
1732 2600 1798 2630 mss.

1013 2627 1097 2657 Paulo
1116 2627 1177 2665 post
1188 2630 1248 2656 libri
1264 2630 1339 2661 editi,
1351 2627 1368 2655 ’1
1387 2630 1511 2656 hortatur
1527 2629 1591 2662 quia
1616 2633 1748 2662 provocat
1767 2627 1798 2654 at’

1013 2665 1140 2697 salutem;
1161 2674 1171 2690 1
1191 2673 1256 2692 mss.
1275 2669 1303 2691 ut
1321 2666 1346 2691 in
1362 2670 1453 2690 nostro
1466 2669 1550 2690 textu.

1064 2700 1106 2733 18)
1123 2700 1189 2727 Vide
1202 2700 1221 2727 I.
1241 2707 1260 2726 11
1281 2699 1447 2733 011911111111..
1462 2706 1489 2731 q.
1508 2699 1534 2728 '1,
1552 2706 1577 2724 n.
1599 2696 1641 2724 l6.

1063 2732 1105 2764 19)
1117 2735 1193 2761 Aule.
1205 2735 1284 2761 Deest
1293 2735 1318 2760 in
1329 2732 1406 2762 antea
1417 2733 1507 2764 editis,
1517 2735 1564 2760 sed
1575 2733 1691 2759 habetur
1700 2732 1725 2758 in
1736 2738 1800 2758 mss.

1049 2767 1106 2803 (20)
1121 2769 1131 2795 1
1138 2779 1152 2795 11
1168 2771 1303 2796 honorent.
1321 2769 1347 2795 ld
1365 2776 1472 2805 quoque
1490 2769 1566 2796 deest
1578 2769 1603 2795 in
1616 2768 1698 2795 ante‘a
1709 2767 1800 2800 editis.

1013 2803 1077 2833 licet
1091 2805 1241 2839 reperiatur
1258 2804 1284 2831 in
1300 2811 1364 2832 mss.
