1860 3073
102 103 156 132 253

755 104 856 133 LIBER
876 105 1070 134 SECUNDUS.

1670 107 1724 136 234

106 167 172 193 tum.
187 160 304 189 Domino
318 162 384 190 utile
399 162 431 190 ad
444 169 524 190 omne
544 170 612 198 opus
628 163 728 190 bonum
739 164 780 197 ";
800 173 809 189 ι
831 164 889 191 sine
903 166 927 194 Α
941 164 1025 192 rectio
1040 163 1076 192 sit
1099 168 1277 195 mortuorum.
1302 163 1483 198 respondeant
1508 163 1584 191 nobis
1601 165 1666 199 quid
1681 170 1723 193 est

103 205 187 232 dubio
202 205 267 232 illud
294 206 426 238 ostendit,
449 206 511 241 quia
535 206 623 240 quise
642 206 832 241 expurgaverit
862 206 887 232 iu

105 250 157 278 hac
169 250 224 278 vita
236 251 355 284 positus,
373 251 405 278 ad
417 259 499 279 omne
513 252 613 279 bonum
628 258 698 286 opus
712 251 764 279 erit
777 255 888 286 paratus

105 296 131 323 in
151 295 261 326 futuro:
275 296 321 331 qui
339 301 427 323 autem
442 304 494 324 non
512 304 542 323 se
559 296 725 332 purgaverit,
741 296 888 324 secundum

104 341 284 376 quantitatem
301 341 478 377 iuimunditiie
491 349 547 369 sua:
557 342 610 370 erit
627 349 674 370 vas
694 341 726 368 ad
748 346 889 368 contume-

104 387 181 418 liam,
193 386 220 414 id
232 391 284 420 est,
298 386 449 422 indignum.
469 387 508 414 lta
525 395 590 421 ergo
605 386 733 422 possibile
747 391 789 414 est
811 386 890 414 intel-

104 433 149 467 ligi
167 433 252 460 etiam
263 437 342 460 antea
359 432 445 460 fuisse
462 440 525 460 vasa
542 433 715 460 rationabilia
734 433 775 460 vel
792 440 890 468 purga-

105 482 144 511 ta,
155 477 201 505 vel
214 478 304 505 minus
319 483 444 514 purgata,
462 478 488 506 id
507 482 550 506 est
568 486 627 514 qirae
644 478 734 513 seipsa
758 477 800 506 vel
823 485 890 512 pur-

102 524 241 558 gaverint,
268 525 310 551 vel
334 532 387 552 non
403 525 596 560 purgaverint;
623 529 649 552 et
666 532 698 552 ex
716 524 768 552 hoc
791 531 890 551 untim-

102 569 232 603 quodque
255 576 303 596 vas
324 570 471 596 secundum
500 576 655 596 mensuram
681 568 736 604 (il)
762 567 889 604 puritatis

101 618 148 640 aut
164 613 331 648 impuritatis
342 621 398 642 suae
420 614 508 642 locum
524 614 566 642 vel
588 614 739 650 regionem,
763 613 805 641 vel
825 620 889 640 con-

101 658 235 686 ditionem
262 660 388 687 nascendi
421 660 462 688 vel
491 660 618 695 explendi
650 660 751 695 aliquid
784 659 810 686 in
837 660 889 687 hoc

101 705 206 733 mundo
222 706 375 740 accepisse:
401 713 460 740 qua:
486 706 578 734 omnia
597 706 667 734 Deus
684 713 768 740 usque
785 707 817 733 ad
836 705 888 732 Ini-

101 749 207 777 nimum
220 750 277 785 (22)
297 751 398 779 virtute
411 752 553 787 sapientia:
570 760 625 779 sua:
648 752 792 787 providens
807 754 888 786 atque

101 796 274 832 dignosceus,
293 797 477 825 moderamine
496 797 593 832 judicii
616 797 658 824 sui
677 797 830 832 aequissima
846 803 888 824 re-

102 843 253 871 tributione
268 844 393 872 universa
424 845 553 879 disponit,
577 849 710 879 quatenus
740 845 887 880 unicuique

100 897 152 924 pro
167 889 266 917 merito
282 889 323 917 vel
339 890 461 917 succurri
476 891 517 918 vel
534 891 637 918 consuli
654 891 764 919 deberet
776 890 843 927 (25).
860 891 888 918 ln

101 942 156 970 quo
171 935 297 970 proiecto
312 935 400 962 omnis
413 936 482 962 ratio
494 936 630 970 aequitatis
645 936 808 969 ostenditur,
825 936 886 963 dum

101 981 277 1015 inaequalitas
301 988 392 1008 rerum
419 981 609 1009 retributionis
646 982 806 1010 meritorum
830 982 886 1018 (ΞΑ)

101 1031 194 1054 servat
206 1027 374 1062 aequitatem.
390 1028 512 1060 Quorum
527 1028 688 1056 meritorum
707 1028 830 1056 rationes
840 1035 888 1063 per

101 1072 225 1108 singulos
240 1080 363 1108 quosque
375 1073 520 1100 secundum
546 1073 687 1100 veritatem
710 1077 737 1101 et
756 1073 790 1100 ad
806 1073 888 1108 liqui-

101 1118 166 1146 dum
182 1118 257 1145 solus
277 1119 334 1152 ipse
350 1125 411 1145 cum
430 1118 570 1153 unigenito
590 1118 680 1146 Verbo
700 1126 732 1146 ac
754 1119 887 1154 sapientia

101 1172 152 1192 sua
169 1169 196 1192 et
208 1163 313 1199 Spiritu
328 1168 421 1192 sancto
436 1164 615 1200 recognoscit.

409 1231 521 1260 CAPUT
547 1231 584 1260 X.

136 1289 178 1316 De
204 1290 393 1317 resurrectione
419 1295 443 1317 et
461 1289 581 1331 judicio,
610 1289 642 1317 de
666 1290 725 1325 igne
748 1289 848 1325 inferni

429 1330 454 1352 el
474 1333 567 1359 pinnis.

137 1381 166 1409 l.
183 1381 237 1409 Sed
251 1382 378 1417 quoniam
393 1389 441 1410 nos
459 1390 548 1411 sermo
560 1383 727 1411 commonuit
738 1383 770 1410 de
784 1381 887 1417 judicio

102 1427 206 1460 futuro,
218 1429 288 1455 etde
302 1430 490 1458 retributione.
506 1437 538 1457 ac
553 1429 691 1465 suppliciis
702 1434 887 1464 peccatorum,

102 1477 253 1504 secundum
269 1475 340 1510 quod
352 1476 554 1503 comminantur
564 1481 667 1504 sanctae
684 1475 842 1509 Scriptum,
859 1480 885 1503 et

102 1521 289 1549 ecclesiastica
311 1521 468 1555 praedicatio
491 1520 623 1552 continet,
651 1528 685 1547 eo
699 1520 771 1555 quod
787 1519 884 1554 judicii

102 1572 224 1602 tempore
268 1567 337 1602 ignis
374 1571 493 1594 aiternus
524 1571 551 1594 et
587 1566 706 1594 tenebrie
736 1566 885 1594 exteriores

102 1617 130 1640 et
157 1619 253 1639 carcer
283 1616 310 1639 et
333 1612 465 1644 caminus,
494 1615 521 1639 et
545 1611 597 1638 alia
623 1611 666 1638 his
696 1611 796 1639 simiiia
821 1618 885 1646 pec-

100 1660 242 1688 catoribus
267 1665 417 1694 praeparata
447 1660 516 1693 sint;
552 1660 692 1687 videamus
716 1659 782 1693 quid
803 1659 885 1687 etiam

101 1707 136 1734 de
167 1707 210 1734 his
232 1707 337 1734 sentire
367 1710 500 1742 oporteat.
536 1706 588 1734 Sed
614 1711 643 1733 ut
667 1706 700 1733 ad
728 1706 785 1733 hace
812 1713 887 1733 com»

103 1754 206 1788 petenti
232 1753 328 1780 ordine
360 1753 497 1786 veniatur,
521 1753 596 1787 prius
623 1748 688 1779 mihi
717 1751 824 1779 videtur
852 1752 885 1778 de

103 1800 305 1826 resurrectione
336 1805 425 1826 sermo
444 1799 603 1830 movendus,
627 1802 657 1825 ut
678 1797 796 1825 sciamus
820 1797 885 1831 quid

102 1851 144 1874 est
173 1846 239 1873 illud
270 1845 342 1880 quod
371 1845 413 1873 vel
441 1845 474 1872 ad
499 1844 678 1879 supplicium,
709 1843 751 1870 vel
775 1843 809 1870 ad
843 1850 887 1870 re-

102 1892 206 1927 quiem,
219 1891 261 1918 vel
277 1892 310 1918 ad
327 1890 518 1918 beatitudinem
532 1890 635 1922 veniet;
656 1889 689 1917 de
707 1896 762 1924 quo
778 1889 803 1916 in
826 1888 887 1915 aliis

102 1939 212 1973 quidem
232 1937 310 1965 libris
334 1944 401 1972 quos
426 1936 459 1964 de
488 1935 689 1963 resurrectione
716 1933 885 1968 scripsimus,

101 1984 210 2019 plenius
226 1983 436 2017 disputavimus,
449 1985 474 2009 et
490 1981 555 2017 quid
569 1981 647 2008 nobis
664 1979 697 2006 de
714 1979 765 2007 hoc
781 1979 887 2006 videre-

103 2035 158 2063 tur,
173 2030 350 2056 ostendimus.
371 2028 422 2055 Sed
438 2032 466 2054 et
489 2034 561 2054 nunc
588 2030 699 2061 propter
716 2032 887 2059 consequen-

103 2076 169 2103 tiam
188 2079 320 2103 tractatus
334 2081 417 2108 pauca
432 2073 494 2100 inde
509 2077 631 2106 repetere
654 2079 706 2098 non
721 2071 826 2098 videtur
838 2071 885 2097 ab-

101 2121 216 2147 surdum
240 2129 247 2147 :
269 2119 386 2147 maxime
412 2122 522 2152 propter
547 2118 597 2144 hoc
619 2116 689 2150 quod
716 2115 887 2143 olfenduntur

940 210 1010 244 quod
1030 215 1163 236 mortuum
1185 213 1236 236 est.
1251 208 1346 236 Nonne
1369 210 1485 244 corpus?
1503 209 1630 244 Corporis
1654 217 1723 245 ergo

939 254 1103 282 resurrectio
1115 253 1169 281 tlel.
1183 253 1251 281 Tum
1267 254 1362 281 deinde
1380 254 1472 281 dicant
1494 254 1516 281 si
1533 255 1662 281 utendum
1675 262 1724 282 no-

940 299 981 326 bis
996 303 1092 333 putant
1109 298 1164 335 (26)
1179 306 1238 326 esse
1262 299 1419 333 corporibus
1444 307 1477 327 an
1502 300 1576 327 non?
1597 300 1724 328 Arbitror

940 344 1062 379 apostolo
1082 343 1165 371 Paulo
1192 344 1297 372 dicente
1321 345 1385 379 quia
1411 353 1422 370 ι
1445 345 1598 372 seminatur
1622 353 1722 379 corpus

940 389 1068 422 animale,
1093 393 1217 424 resurget
1240 396 1338 424 corpus
1363 389 1485 424 spiritale
1500 391 1535 422 ",
1555 400 1565 417 ι
1584 391 1651 420 istos
1675 399 1723 419 ne-

940 441 1003 469 gare
1018 442 1068 461 non
1081 441 1158 469 posse
1172 435 1241 469 quod
1252 442 1350 469 corpus
1362 439 1494 470 resurgat,
1509 436 1550 463 vel
1563 437 1624 471 quia
1639 437 1665 464 in
1679 445 1723 465 re-

940 479 1108 507 surrectione
1126 479 1284 514 carperibus
1307 485 1424 507 utamur.
1443 480 1512 514 Quid
1522 481 1603 516 ergo?
1621 482 1647 510 Si
1657 490 1720 510 eer-

941 529 996 552 tuin
1025 529 1067 552 est
1095 525 1166 560 quod
1192 525 1350 559 corporibus
1377 525 1454 553 nobis
1484 527 1611 554 utendqu
1634 528 1722 560 sit,et

940 576 1053 604 corpora
1073 577 1132 605 quae
1144 569 1310 604 ceciderunt,
1321 577 1460 605 resurgere
1467 571 1647 606 praedicantur
1656 573 1720 607 (non

939 614 1012 641 enim
1030 614 1138 650 proprie
1157 621 1300 649 resurgere
1321 614 1431 648 dicitur,
1448 615 1499 642 nisi
1522 615 1547 643 id
1570 616 1642 650 quod
1660 621 1723 645 ante

939 659 1091 693 ceciderit).
1109 659 1174 687 nulli
1193 660 1303 687 dubium
1330 665 1370 688 est
1390 660 1490 688 idcirco
1504 669 1536 689 ea
1564 669 1721 697 resurgere,

939 709 967 732 ut
981 706 1023 733 his
1038 705 1136 732 iterum
1155 713 1186 733 ex
1206 706 1405 734 resurrectione
1423 707 1576 734 induantur.
1599 707 1721 735 Alterum

939 758 1003 786 ergo
1012 751 1093 778 lueret
1109 758 1141 778 ex
1152 751 1244 778 altero.
1257 752 1333 786 101
1346 752 1410 779 Nam
1422 757 1448 780 et
1463 753 1485 780 si
1504 758 1647 789 resurgunt
1665 753 1722 789 (17}

939 804 1063 832 corpora.
1079 797 1139 824 sine
1159 797 1240 824 dubio
1258 798 1291 825 ad
1311 798 1498 826 indumentum
1521 799 1606 826 nostri
1628 806 1722 827 resur-

937 848 1024 877 gum;
1044 847 1071 870 et
1100 843 1122 870 si
1141 851 1252 871 necesse
1274 848 1316 871 est
1338 851 1387 872 nos
1412 851 1474 872 esse
1498 845 1525 872 iu
1549 846 1722 880 corporibus.

939 888 1010 916 sicut
1025 894 1101 915 certe
1115 896 1227 917 necesse
1242 894 1292 923 est,
1307 897 1359 917 non
1373 890 1398 916 in
1416 890 1478 918 aliis
1489 898 1567 925 quam
1583 891 1609 918 in
1622 891 1723 919 nostris

938 932 1094 966 corporibus
1109 940 1167 960 esse
1179 933 1308 961 debemus
1334 933 1399 966 Qua:
1411 933 1432 960 si
1441 941 1536 961 verum
1546 935 1667 972 estquod
1680 942 1722 962 rc-

938 982 1051 1012 surguut
1060 983 1087 1004 et
1100 979 1232 1013 spiritalia
1249 984 1406 1014 resurgunt,
1417 979 1526 1006 dubium
1539 987 1591 1007 non
1600 984 1641 1007 est
1655 980 1721 1014 quin

938 1022 1041 1057 objecta
1057 1024 1242 1058 corruptione,
1256 1029 1284 1051 et
1302 1025 1423 1059 deposita
1448 1024 1615 1052 mortalitate
1629 1032 1720 1054 resur-

938 1075 1002 1101 gere
1014 1068 1169 1096 dicantura
1195 1071 1325 1103 mortuis;
1348 1070 1466 1105 alioquin
1493 1078 1592 1098 vanum
1615 1070 1720 1098 videbi-

940 1118 983 1140 tur
996 1118 1022 1141 et
1035 1114 1199 1148 superﬂuum
1218 1122 1363 1149 resurgere
1378 1123 1541 1151 quemquam
1565 1123 1580 1143 a
1595 1117 1719 1149 mortuis,

939 1163 968 1185 ut
984 1159 1081 1187 iterum
1095 1160 1235 1186 moriatur.
1255 1159 1331 1193 Quod
1347 1161 1382 1187 ita
1398 1160 1505 1188 demum
1526 1161 1636 1197 intelligi
1660 1162 1720 1190 evi-

938 1203 1045 1232 dentius
1062 1209 1159 1240 potest,
1177 1205 1198 1233 si
1215 1206 1275 1240 quis
1288 1205 1430 1242 diligenter
1445 1207 1569 1234 advertat
1579 1207 1647 1244 (‘28),
1660 1216 1719 1244 qua:

938 1250 974 1277 sit
987 1250 1110 1278 animalis
1124 1252 1244 1286 corporis
1256 1251 1384 1286 qualitas,
1400 1259 1460 1286 quae
1479 1252 1506 1279 in
1522 1258 1622 1280 terram
1636 1255 1720 1281 semi-

939 1300 1000 1322 nata
1027 1295 1157 1330 spiritalis
1191 1297 1314 1331 corporis
1337 1302 1447 1331 reparet
1478 1298 1648 1332 qualitatem.
1680 1299 1720 1328 Ex

939 1341 1048 1368 animali
1076 1349 1193 1376 namque
1215 1349 1329 1376 corpore
1351 1343 1407 1376 ipsa
1423 1342 1479 1377 (29)
1501 1343 1586 1371 virtus
1601 1351 1720 1372 resurre-

938 1387 1036 1414 ctionis
1050 1391 1077 1414 et
1096 1387 1182 1422 gratia
1195 1388 1319 1422 spiritale
1341 1396 1438 1423 corpus
1451 1389 1551 1422 educit,
1563 1397 1624 1418 cum
1645 1391 1671 1418 id
1686 1390 1721 1418 ab

938 1432 1097 1467 indignitate
1111 1438 1273 1462 transmutat
1288 1435 1319 1461 ad
1339 1434 1464 1469 gloriam,

972 1478 1000 1505 2.
1018 1478 1148 1512 Quoniam
1165 1487 1230 1514 ergo
1254 1480 1373 1508 liicretici
1400 1481 1576 1508 eruditissimi
1600 1482 1653 1509 sibi
1679 1482 1720 1509 vi-

937 1523 1036 1551 dentur
1063 1529 1090 1552 et
1116 1525 1325 1560 sapientissimi,
1361 1525 1589 1562 interrogabimus
1619 1535 1675 1559 eos,
1696 1529 1719 1556 si

937 1576 1017 1597 omne
1031 1577 1132 1605 corpus
1155 1571 1264 1598 schema
1289 1571 1396 1606 aliquod
1422 1571 1514 1605 habet,
1529 1572 1555 1600 id
1570 1577 1611 1600 est
1626 1573 1718 1600 habitu

937 1614 1027 1649 aliquo
1051 1614 1106 1651 (50;
1127 1615 1305 1643 deformetur.
1322 1615 1356 1642 Et
1368 1616 1390 1642 si
1405 1616 1513 1651 quidem
1530 1617 1648 1645 dixerint
1660 1625 1720 1645 esse

937 1667 1034 1695 corpus
1045 1662 1117 1695 quod
1134 1669 1185 1688 non
1198 1662 1289 1696 aliquo
1306 1661 1401 1689 habitu
1414 1662 1592 1695 deformetur.
1610 1663 1720 1698 imperi-

937 1706 1033 1734 tissimi
1056 1707 1177 1734 omnium
1202 1713 1283 1742 atque
1306 1708 1519 1743 insipientissimi
1544 1708 1718 1736 videbuntur.

937 1752 1032 1780 Nullus
1054 1753 1127 1780 enim
1144 1753 1196 1781 hoc
1219 1754 1337 1789 negabit,
1355 1754 1406 1782 nisi
1430 1754 1466 1782 sit
1489 1754 1524 1781 ab
1538 1754 1612 1781 omni
1626 1755 1721 1782 erudi-

937 1797 1010 1825 tione
1032 1798 1141 1832 penitus
1165 1799 1279 1826 alienus.
1296 1798 1324 1826 Si
1348 1806 1413 1826 vero
1438 1799 1587 1826 secundum
1607 1799 1633 1826 id
1647 1799 1719 1833 quod

936 1850 1106 1878 consequens
1129 1849 1169 1871 est
1191 1844 1320 1877 dixerint,
1338 1844 1401 1878 quia
1417 1851 1496 1872 omne
1522 1851 1620 1878 corpus
1643 1849 1720 1871 certo

937 1888 1026 1923 aliquo
1044 1887 1098 1925 (3|)
1117 1889 1209 1915 habitu
1222 1889 1400 1921 deformatur,
1416 1889 1586 1922 requiremus
1597 1888 1631 1915 ab
1642 1888 1682 1915 eis
1696 1889 1719 1915 si

936 1938 1050 1967 possunt
1072 1934 1151 1961 nobis
1174 1934 1303 1968 spiritalis
1322 1934 1443 1968 corporis
1466 1933 1587 1962 habitum
1606 1933 1718 1960 demon-

937 1984 1024 2007 strare
1046 1983 1128 2014 atque
1144 1980 1313 2012 describere;
1340 1979 1412 2012 quod
1434 1978 1526 2013 utique
1548 1978 1621 2006 nullo
1639 1979 1720 2006 modo

937 2025 1028 2052 facere
1042 2029 1178 2059 poterunt.
1197 2024 1249 2051 Sed
1264 2029 1290 2051 ct
1312 2024 1482 2051 dill‘erentias
1499 2031 1594 2052 eorum
1614 2023 1661 2058 qui
1676 2030 1720 2050 re-

938 2074 1052 2105 surgunt
1065 2070 1231 2104 inquiremus
1246 2071 1280 2097 ab
1293 2071 1344 2097 eis.
1358 2069 1499 2103 Quomodo
1514 2069 1656 2096 ostendent
1673 2075 1720 2096 ve-

939 2124 997 2142 rum
1014 2123 1074 2143 esse
1088 2115 1151 2142 illud
1167 2116 1238 2149 quod
1251 2115 1352 2142 dictum
1368 2118 1409 2141 est
1423 2114 1485 2148 quia
1504 2122 1513 2139 ε
1526 2114 1578 2140 alia
1595 2120 1659 2141 caro
1674 2120 1721 2140 vo-

102 2166 215 2201 quidam
231 2166 257 2192 in
271 2165 454 2193 ecclesiastica
481 2164 542 2197 lide,
564 2163 643 2198 quasi
666 2162 739 2188 velut
759 2161 840 2188 stulte
860 2165 888 2187 et
904 2163 925 2190 D
941 2159 1056 2193 lucrum,
1068 2160 1119 2186 alia
1134 2160 1257 2194 piscium,
1270 2163 1295 2185 et
1307 2166 1420 2193 corpora
1432 2158 1553 2185 cmlcstia
1565 2163 1593 2186 et
1606 2165 1722 2192 corpora

103 2213 211 2248 penitus
226 2211 384 2245 insipienter
399 2210 431 2237 de
446 2209 646 2237 resurrectione
657 2208 802 2235 credamus
817 2206 886 2242 (25);

102 2257 240 2292 praecipue
262 2255 394 2287 haeretici,
411 2255 509 2290 quibus
533 2254 585 2280 hoc
610 2253 689 2279 modo
706 2252 823 2278 arbitror
848 2258 891 2277 re-

103 2301 300 2337 spondendum.
322 2301 351 2328 Si
370 2301 531 2327 confitentur
558 2299 639 2326 etiam
654 2298 702 2331 ipsi
721 2296 784 2331 quia
799 2303 890 2323 resur-

137 2350 189 2377 "ll
204 2348 276 2376 Tim.
290 2356 320 2382 ii,
331 2348 376 2379 ‘20.
389 2348 435 2375 2|.
471 2348 493 2363 "
510 2347 595 2375 lCor.
611 2354 656 2378 xv.
675 2345 719 2373 ﬂ.

140 2397 198 2432 (9.1)
211 2397 248 2424 lta
260 2404 327 2424 mss.
342 2396 426 2429 Alias,
444 2405 454 2421 σ
471 2400 609 2422 naturam.
631 2403 641 2420 ι

139 2431 196 2465 (22)
211 2431 255 2458 Sic
268 2439 332 2458 mss.
350 2431 432 2462 Alias,
453 2440 462 2457 ι
478 2437 640 2465 ιιιιηιειΊιῐιὶΣ
651 2438 660 2455 ι

139 2462 198 2502 (ὶδ)
213 2467 278 2502 Vide
293 2466 456 2502 0rigenian..
473 2465 518 2502 lib.
535 2472 564 2496 ll,
582 2472 610 2502 _q.
624 2464 652 2502 ξ.
667 2472 693 2490 n.
710 2462 753 2502 Hi.
767 2497 772 2502 .
814 2497 818 2502 '

139 2496 199 2538 (Ἡ)
211 2496 376 2538 Meritorum.
397 2500 475 2538 Deest
498 2499 524 2525 iu
549 2496 683 2533 prioribus
708 2496 884 2528 editionibus,

105 2536 169 2564 licet
187 2538 213 2563 in
229 2536 358 2562 omnibus
375 2536 524 2568 reperiatur
538 2541 602 2560 mss.

139 2572 197 2607 (25)
214 2571 297 2604 Ωιιαεί
315 2570 382 2607 velut
394 2567 619 2607 eiuueetpenilus
631 2567 782 2607 insipienter
797 2567 829 2592 de
843 2573 884 2607 re-

105 2601 267 2635 surrectione
286 2605 435 2632 credamus.
464 2601 531 2637 Quid
553 2604 587 2634 de
609 2602 807 2637 resurrectione
836 2601 884 2626 du-

105 2643 192 2669 cuerit
217 2641 368 2674 Origenes,
400 2639 458 2666 fuse
479 2636 638 2673 disputatur
662 2636 885 2671 Origeniunorum

106 2677 175 2705 libro
192 2684 225 2707 ιι.
242 2675 393 2710 quaestione
408 2681 488 2700 noua.

139 2703 364 2749 (i6)_biéa_nl,__ti
389 2709 523 2749 mentiunt-
538 2707 610 2749 nobis
634 2703 888 2749 putant'.__lta.recte

105 2741 170 2775 mss.
187 2741 226 2774 'ln
245 2744 566 2780 prioribusrcditionibus
592 2742 667 2769 deest
688 2750 698 2766 ς
716 2741 818 2772 dicunt,
838 2747 847 2764 ι
861 2742 889 2765 et

106 2788 152 2815 pro
168 2791 179 2808 ‹
197 2779 296 2816 putant
317 2788 327 2805 ι
346 2779 443 2816 legitur
463 2786 472 2802 ‹
492 2782 611 2816 putatur.
633 2785 643 2801 ι

137 2807 262 2853 ξίέιίὸἰο
280 2821 346 2842 mss.
363 2807 469 2853 ιῖιὶιιελε
489 2807 594 2853 etiamsi
609 2814 759 2845 resurgant.
779 2818 788 2835 ι
803 2807 890 2835 Paulo

279 2853 418 2883 Pareoc.
435 2850 491 2881 Gn.
510 2852 567 2883 Xl.

944 2204 1094 2236 terrestria,
1118 2205 1165 2231 sed
1187 2204 1238 2231 alia
1261 2204 1368 2239 quidem
1387 2203 1539 2230 caelestium
1559 2202 1654 2237 gloria,
1669 2202 1721 2229 alia

943 2259 1009 2278 vero
1024 2251 1205 2283 terrestrium,
1221 2251 1272 2277 alia
1298 2250 1382 2284 gloria
1404 2249 1479 2281 solis,
1498 2248 1550 2274 alia
1574 2248 1654 2280 lunze,
1669 2247 1722 2274 alia

944 2295 1102 2328 stellarum;
1119 2296 1196 2323 stella
1213 2304 1226 2322 a
1253 2296 1331 2322 stella
1354 2293 1444 2321 dili'ert
1460 2293 1486 2320 in
1512 2293 1609 2328 gloria,
1635 2293 1671 2320 ita
1694 2297 1722 2320 et

940 2394 1011 2424 post,
1032 2388 1130 2424 igsicut
1144 2392 1217 2424 certe
1234 2393 1343 2414 necesse
1359 2389 1411 2424 est,
1432 2394 1442 2411 ι
1462 2385 1519 2424 haec
1534 2383 1674 2424 desun_t_i'n_
1689 2383 1722 2410 li-

940 2417 1102 2454 bris'editis,
1115 2423 1178 2449 licet
1194 2422 1342 2448 habeantur
1359 2421 1384 2446 in
1396 2417 1522 2446 omnibus
1541 2425 1607 2446 mss.
1618 2417 1722 2454 Ibidem

940 2466 1016 2490 niss.,
1033 2467 1043 2483 ‹
1059 2451 1124 2497 Qua:
1137 2458 1159 2484 si
1181 2464 1274 2484 verum
1299 2460 1341 2483 est
1354 2455 1425 2489 quod
1440 2457 1593 2488 resurgunt.
1611 2461 1621 2477 ι
1637 2451 1722 2482 Alias.

942 2501 951 2518 ⁴
968 2494 1093 2562 ῗὲἓῗὲἒε
1109 2497 1268 2554 ἶιιξξῗίίδδ.
1288 2524 1366 2556 editi.
1385 2533 1395 2549 ς
1421 2524 1444 2550 si
1456 2523 1501 2557 qui
1517 2522 1660 2556 diligenter
1675 2520 1721 2547 atl-

938 2566 1111 2632 νθῖὲῗὶῖἧὶρέα.
1129 2596 1209 2632 Deest
1222 2594 1246 2620 in
1257 2594 1322 2632 libb.
1333 2592 1424 2632 editis,
1435 2592 1481 2619 sed
1492 2590 1610 2632 habetur
1621 2589 1647 2615 in
1658 2596 1723 2632 mss:

983 2597 1111 2632 ‘29)_Ipsa.
1129 2597 1209 2623 Deest
1222 2597 1246 2620 in
1257 2597 1322 2621 libb.
1333 2597 1424 2626 editis,
1435 2597 1481 2619 sed
1497 2597 1610 2632 nanetur
1621 2597 1647 2615 In
1658 2597 1722 2628 mss.

973 2599 1030 2668 £50)
1049 2631 1152 2665 Aliquo.
1172 2630 1258 2668 Deest
1314 2628 1451 2662 prioribus
1466 2625 1643 2668 editionibus,
1654 2623 1722 2668 licet

939 2659 1072 2695 habeatur
1098 2659 1123 2692 in
1152 2673 1217 2692 mss.
1241 2659 1342 2691 lbideiu
1370 2670 1448 2694 mss.,
1475 2669 1484 2686 ι
1510 2666 1537 2687 et
1562 2660 1585 2686 si
1614 2659 1722 2693 quidem

940 2700 1058 2730 dixerint
1072 2707 1132 2727 esse
1153 2706 1263 2733 corpus.
1282 2706 1292 2723 ι
1311 2697 1340 2724 In
1357 2697 1423 2726 libb.
1441 2695 1521 2724 editis
1539 2702 1587 2729 pro
1603 2703 1611 2719 ι
1628 2700 1690 2720 esse
1711 2701 1722 2718 ι

940 2737 1037 2771 legitur
1055 2744 1065 2760 ε
1080 2735 1206 2771 etiam.»
1223 2767 1229 2771 _
1242 2767 1248 2771 _
1359 2766 1365 2771 η
1431 2765 1438 2771 .
1474 2764 1490 2771 η
1653 2762 1658 2768 _

988 2771 1034 2805 51)
1051 2770 1156 2805 Aliquo.
1170 2767 1343 2794 Desideratur
1359 2766 1385 2793 in
1398 2764 1534 2801 prioribus
1546 2762 1724 2796 editionibus,

942 2803 990 2834 sed
1005 2803 1119 2833 habetur
1137 2803 1165 2831 in
1184 2809 1249 2830 mss.
1549 2833 1569 2863 8
