1860 3073
205 120 262 148 9.35

824 115 984 144 ORIGENIS

1050 117 1083 143 PI
1101 117 1218 143 APXDN
1783 116 1829 143 256

206 178 371 205 resurrectio
388 181 556 204 mortuorum
571 177 616 204 "‘2
633 186 641 202 ι
661 175 814 203 Secundum
830 176 910 202 istam
926 183 991 210 ergo
1006 178 1029 205 Α
1045 175 1070 202 in
1095 183 1147 209 qua
1176 175 1234 202 siue
1259 174 1340 202 dubio
1366 174 1474 210 dignum
1502 174 1602 209 aliquid
1630 173 1724 200 divina
1748 176 1828 209 gratia

206 223 427 257 causequentiam
449 221 602 249 emlestium
625 228 768 254 corporum
782 221 928 248 ostendant
942 228 992 248 no-

207 269 249 296 bis
267 267 434 295 differentias
450 266 543 302 gloria:
555 266 611 301 (52)
623 273 717 292 eorum
737 266 783 300 qui
799 270 952 300 resurgunt,
965 270 993 293 et

205 317 227 343 si
246 316 300 342 ullo
314 322 412 350 genere
428 314 518 341 conati
542 314 642 340 fuerim
664 313 814 341 secundum
839 313 990 340 cmlestittm

205 368 349 395 corporum
363 359 532 387 differentias
548 359 664 394 aliquam
676 359 832 393 excogitare
847 358 990 390 rationem,

204 413 357 440 queremus
375 406 409 432 ab
430 405 470 432 eis
491 409 519 431 ut
545 406 626 432 etiam
654 405 803 431 secundum
822 407 990 430 terrenorum

206 459 352 486 corporum
372 450 605 484 comparationem
626 449 796 476 differentias
813 449 990 476 resurrectio-

204 496 246 524 nis
258 496 399 530 assignent
417 496 482 531 (55).
503 495 557 522 Nos
574 502 638 521 vero
653 495 689 521 ita
715 494 902 528 intelligimus,
918 493 990 528 quod

203 542 298 570 volens
310 542 454 576 Aposmlus
470 541 625 568 describere
637 545 738 575 quanta
753 546 823 567 esset
835 540 989 567 differentia

204 596 298 616 eorum
321 588 366 622 qui
386 592 528 621 resurgent
545 588 570 614 in
594 587 689 621 gloria,
715 587 741 613 id
764 592 806 613 est
821 591 988 619 sanctorum,

203 634 435 668 comparationem
461 633 613 660 ccelestium
642 639 786 666 corrorum
811 632 926 666 sumpsit
950 632 991 657 di-

206 687 293 706 cens:
313 689 322 704 ι
349 679 408 706 Alia
432 677 516 714 gloria
541 678 617 709 solis,
642 678 694 704 alia
718 677 803 713 gloria
831 677 911 708 quat.
937 676 989 703 alia

203 725 289 760 gloria
321 724 459 752 stellarum
477 724 510 750 ’⁵.
538 733 547 750 ι
575 723 608 750 Et
633 723 730 750 iterum
747 722 840 749 volens
863 721 990 748 dﬂ‘eren-

203 771 255 797 tias
268 777 361 797 eorum
373 769 471 796 docere
489 769 556 803 (3t),
573 768 618 802 qui
639 769 664 795 in
681 768 731 794 hac
749 768 803 794 vita
822 775 874 794 non
890 774 990 801 expur-

203 814 258 849 gati
277 814 310 841 ad
334 814 561 841 resurrectionem
579 813 701 844 venient,
723 812 749 838 id
765 816 807 838 est
820 815 988 846 peccatores,

1046 226 1157 253 sperare
1182 227 1230 246 nos
1258 220 1383 246 convenit
1410 220 1483 254 (56);
1501 221 1572 254 quod
1598 220 1721 247 futurum
1745 222 1827 247 credi-

1047 271 1107 289 mus
1126 264 1174 291 hoc
1187 264 1282 290 ordine
1298 272 1350 299 quo
1366 274 1374 290 ι
1393 265 1492 292 nudum
1512 273 1623 300 granum
1640 265 1772 292 frumenti
1786 270 1827 292 aut

1046 309 1162 341 alicujus
1178 315 1341 336 caeterorum
1362 320 1371 336 ι
1394 311 1502 337 interra
1517 311 1682 338 seminatum
1703 310 1829 338 describit

1044 353 1199 388 Apostolus.
1211 355 1253 382 ctti
1263 364 1272 380 ι
1284 355 1352 382 Deus
1369 355 1414 382 dat
1427 363 1524 390 corpus
1542 355 1597 391 (57)
1611 361 1692 390 prout
1710 356 1764 382 vult
1775 356 1824 390 ",i

1045 407 1107 427 cum
1131 401 1247 434 primum
1275 409 1388 436 granum
1421 402 1507 436 ipsum
1536 402 1662 429 frumenti
1695 407 1826 429 mortuum

1045 445 1136 472 fuerit.
1154 446 1190 472 lia
1215 455 1329 481 namque
1343 448 1425 474 eziam
1445 452 1535 475 nostra
1551 455 1666 482 corpora
1685 448 1758 474 \‘L’Illl
1771 456 1827 483 gra-

1045 500 1108 518 num
1127 494 1225 520 cadere
1243 494 1268 519 in
1295 499 1394 520 terram
1415 493 1532 528 putanda
1559 484 1639 525 sunt;
1668 494 1770 528 quibus
1791 495 1827 520 in-

1044 538 1094 564 sita
1115 539 1183 565 ratio
1199 539 1253 574 (58)
1269 547 1299 567 ea
1315 548 1374 574 quae
1387 540 1568 567 substantiam
1584 541 1710 567 continet
1736 546 1826 574 corpo-

1044 583 1141 616 ralem,
1157 585 1282 618 quamvis
1299 590 1421 612 emortua
1437 584 1536 611 fuerint
1561 592 1675 618 corpora
1698 589 1725 611 et
1739 592 1826 611 corru-

1044 634 1087 663 pta
1102 636 1184 663 atqttc
1199 630 1334 664 dispersa,
1351 631 1435 658 verbo
1458 636 1548 658 tamen
1563 630 1608 657 Dei
1626 630 1700 656 ratio
1713 629 1757 656 illa
1775 630 1824 664 ipsa

1043 682 1103 708 qum.
1119 682 1224 710 semper
1240 677 1266 702 iu
1282 677 1435 704 substantia
1459 677 1583 710 corporis
1605 675 1679 702 salva
1705 681 1756 707 est,
1777 677 1825 702 eri-

1044 726 1089 755 gat
1109 728 1141 747 ea
1165 724 1198 748 de
1221 725 1303 750 terra.
1319 728 1347 748 ct
1365 723 1490 749 restituat
1515 729 1546 748 ac
1570 726 1689 756 reparet,
1712 721 1781 747 sicut
1798 728 1824 747 ea

1043 765 1129 791 virtus
1148 773 1206 799 qua:
1226 771 1273 795 est.
1291 766 1316 792 in
1333 775 1420 801 grano
1442 767 1580 798 frumenti,
1603 774 1636 800 po
1655 772 1665 792 t
1678 767 1824 800 corruptio-

1044 818 1104 837 nem
1123 810 1180 844 ejus
1205 817 1232 838 et
1255 817 1369 838 mortem
1392 818 1500 847 reparat
1519 820 1551 839 ac
1570 812 1691 839 restituit
1719 819 1822 846 granum

203 859 238 886 de
256 859 371 886 terrenis
386 858 468 886 sumit
489 858 654 892 exemplum,
681 859 773 884 dicens
790 866 797 883 :
816 866 824 882 ι
845 857 904 883 Alia
928 864 988 883 cor-
1005 852 1026 882 Β
1041 855 1067 882 in
1084 856 1164 883 culmi
1189 864 1287 891 corpus
1309 862 1335 884 et
1361 859 1442 891 spicae
1460 858 1526 893 (7-9).
1544 858 1575 884 Et
1599 858 1635 884 ita
1660 858 1702 884 his
1723 857 1822 892 (ιιιξόιιιιι

203 913 267 940 pora
289 905 440 936 volucrum,
468 904 520 930 alia
547 904 662 937 piscium
678 903 712 930 ".
741 913 750 929 ι
779 903 862 938 Digne
887 902 988 930 etenim

203 950 306 978 sanctis
328 950 461 982 caelestia,
491 955 597 976 terrena
615 949 805 983 peccatoribus
828 955 990 982 comparan-

202 999 256 1023 tur.
279 995 341 1022 Ilaec
353 995 461 1030 quidem
487 994 556 1021 dicta
579 994 634 1021 sint
658 993 790 1021 adversus
806 1001 853 1020 eos
874 994 919 1028 qui
944 1000 989 1020 rc-

201 1041 399 1068 surrectionem
425 1044 606 1072 mortuorum,
634 1039 660 1066 id
683 1043 726 1066 est
762 1039 988 1066 resurrectionem

201 1094 346 1121 corporum
361 1090 473 1121 negant.

236 1133 264 1159 5.
312 1131 390 1158 Nune
430 1137 494 1157 vero
536 1136 689 1156 sermonem
732 1129 916 1156 convertimus
955 1128 989 1155 ad

202 1177 346 1205 nonnullos
381 1181 554 1207 nostrorum,
591 1176 636 1210 qui
670 1175 712 1201 vel
746 1182 794 1209 pro
835 1175 990 1202 intellectus

202 1223 360 1258 exiguitate,
386 1222 428 1250 vel
456 1221 657 1256 explanationis
683 1222 784 1256 inopia,
807 1221 884 1248 valde
908 1221 988 1248 vilem

202 1273 231 1295 et
263 1267 397 1302 abiectum
430 1274 540 1294 sensum
572 1266 606 1293 de
635 1265 835 1293 resurrectione
868 1267 989 1300 corporis

202 1313 387 1341 introducunt.
426 1313 499 1345 Quos
536 1313 754 1346 interrogamus,
786 1312 920 1346 quomodo
949 1311 990 1338 in-

203 1359 327 1393 telligant
341 1358 456 1385 animale
481 1364 579 1391 corpus
595 1357 682 1392 gratia
707 1357 916 1384 resurrectionis
939 1357 990 1384 im-

202 1404 381 1435 mutandum,
413 1407 440 1430 et
472 1402 595 1438 spiritale
626 1401 764 1434 futurum;
797 1407 825 1428 et
854 1401 990 1436 quomodo

202 1450 273 1485 quod
290 1450 316 1476 in
340 1448 497 1476 infirmitate
511 1448 672 1480 seminatur,
685 1453 903 1475 resurrecturum
925 1455 988 1474 scn-

201 1495 273 1522 tiant
297 1495 323 1521 in
345 1494 464 1525 virtute;
490 1493 561 1528 quod
588 1493 615 1520 in
646 1493 827 1528 ignobilitate,
852 1493 988 1528 quomodo

202 1543 330 1574 resurgat
351 1539 376 1565 in
393 1537 492 1572 gloria;
520 1543 548 1564 et
573 1538 644 1572 quod
662 1527 697 1564 in
714 1527 899 1573 corruptione,
916 1547 988 1573 quo-
1001 1527 1024 1558 ε

203 1584 284 1612 modo
298 1584 331 1611 ad
348 1584 581 1617 incorruptionem
599 1583 790 1611 transferatur.
803 1584 879 1617 Quod
895 1585 987 1620 utique

203 1628 226 1656 si
250 1628 365 1655 credunt
381 1627 520 1662 Apostolo,
536 1627 600 1662 quia
615 1635 715 1662 corpus
735 1629 761 1654 in
781 1629 867 1663 gloria
888 1633 915 1656 et
933 1629 988 1656 vir-

203 1678 262 1701 tute
277 1678 305 1700 et
330 1673 589 1707 incorruptibilitate
611 1679 766 1708 resurgens,
790 1674 913 1708 spiritale
931 1675 987 1709 jam

201 1717 330 1745 effectum
354 1717 400 1751 sit,
419 1718 566 1745 absurdum
581 1718 688 1745 videtur
705 1723 732 1744 et
759 1724 852 1745 contra
877 1726 988 1746 sensum

202 1762 324 1796 Apostoli
340 1761 432 1788 dicere
447 1761 474 1788 id
491 1768 597 1788 rursum
614 1761 706 1788 carnis
721 1767 746 1788 et
766 1762 908 1797 sanguinis
925 1770 989 1796 pas-

202 1807 326 1834 sionibus
343 1806 489 1841 implicari,
506 1814 566 1833 cum
580 1807 722 1834 manifeste
738 1806 809 1833 dicat
824 1807 987 1841 Apostolus:

204 1862 215 1880 ι
235 1853 450 1887 Quoniam'caro
471 1857 499 1880 et
519 1854 629 1887 sanguis
643 1860 754 1887 regnum
770 1852 817 1879 Dei
834 1860 886 1879 non
902 1854 988 1887 possi-

201 1899 320 1932 debunt;
333 1906 423 1934 neque
437 1899 573 1934 corruptio
586 1899 818 1934 incorruptionem
834 1898 891 1934 (55)
904 1898 990 1932 possi-

202 1945 318 1973 debit“.
336 1955 345 1971 ι
361 1945 416 1972 Sed
439 1946 504 1972 illud
524 1945 660 1979 quomodo
685 1945 823 1978 accipiunt
836 1947 907 1979 quod
923 1945 990 1971 dicit

202 1989 348 2024 Apostolus
370 1997 377 2016 :
402 1998 412 2015 ‹
441 1988 542 2017 Omnes
566 1994 658 2017 autem
682 1989 888 2016 immulabimttr
907 1989 951 2015 '7?
977 1998 986 2015 ι

199 2034 268 2067 Quae
301 2034 394 2069 utique
432 2035 587 2062 immutatio
629 2035 777 2062 secundum
810 2031 886 2062 illum
917 2035 990 2062 ordi-

202 2087 276 2112 nem,
301 2087 380 2114 quem
407 2081 531 2115 superius
554 2081 706 2114 docuimus,
730 2081 913 2116 exspectanda
926 2086 988 2113 est;

237 2125 261 2161 ’ξ
277 2125 285 2152 I
304 2126 371 2153 Cor.
394 2134 439 2159 xv,
456 2127 500 2160 59,
515 2127 561 2159 40,
577 2126 622 2159 41,
640 2127 684 2154 42.
723 2128 744 2144 ⁸⁸
756 2129 837 2161 Ibid.,
850 2128 895 2155 41.

203 2160 228 2176 ⁹¹
249 2160 302 2188 Isa.
317 2168 343 2192 ι..
361 2161 404 2189 11.
435 2161 450 2176 -“
468 2161 478 2187 I
493 2162 555 2188 Cor.
573 2169 611 2194 tu,
635 2162 677 2188 12.

238 2204 294 2241 (52)
313 2204 420 2231 Glome.
434 2205 514 2232 Deest
528 2206 609 2232 etiam
624 2206 650 2232 in
663 2206 800 2241 prioribus
813 2207 987 2241 editiouibus,
1004 2210 1026 2238 D

202 2243 250 2267 sed
262 2240 380 2266 habetur
397 2241 423 2266 in
441 2248 506 2267 mss.

251 2274 296 2308 33)
314 2273 360 2301 Sic
386 2279 459 2301 recte
481 2282 574 2302 omnes
599 2274 678 2301 codd.
708 2283 771 2303 mss.
799 2276 870 2303 Editi
896 2284 985 2303 vero:

207 2317 217 2334 ε
233 2309 392 2346 ρυωιθιιιιιε
405 2310 440 2335 ab
455 2309 502 2346 eis_
510 2314 539 2336 ut
554 2309 635 2346 etiam
659 2315 829 2338 tcrrenorum
844 2319 986 2346 corporum

202 2343 436 2378 comparationum
453 2344 620 2371 diﬂ'erentias
638 2345 784 2378 assigneut.
807 2355 816 2371 ι

236 2378 295 2413 ,(54)
313 2377 350 2404 Ita
365 2386 429 2405 mss.
444 2379 528 2410 Alias,
547 2387 555 2403 ι
575 2377 728 2406 Ostendere.
746 2388 756 2404 ι

239 2413 295 2450 (55)
389 2420 466 2450 mss.
481 2413 560 2440 Libb.
585 2414 660 2444 editi,
681 2423 689 2439 ι
720 2415 940 2450 incorruptelam.
974 2424 983 2441 ι

203 2447 387 2483 ιὴιιιειιινιιω).
402 2448 479 2483 editi,
496 2457 505 2472 ι
526 2449 661 2483 quoutodo
677 2447 837 2483 accipiunti
854 2451 900 2476 sed
927 2458 983 2476 non

201 2482 605 2522 onmesimmutabimur.7Qu£
627 2482 789 2512 immutatio.
810 2494 819 2509 ι
842 2485 896 2512 Sed
919 2493 984 2512 mss.

203 2522 234 2544 ιιι
248 2525 274 2544 ιιι
290 2522 385 2544 nostro
400 2522 484 2543 textu.

239 2551 440 2589 (36)_Meudos_e
464 2552 489 2578 in
518 2556 597 2589 antea
619 2552 699 2580 editis
721 2553 827 2589 legitur,
847 2563 857 2580 ι
876 2554 985 2588 dignum

203 2586 305 2622 aliquid
319 2594 353 2613 ex
369 2586 465 2622 divina
476 2587 562 2621 gratia
580 2593 721 2621 sperantes
736 2586 788 2616 u'on
808 2586 948 2616 convenit.
974 2598 983 2614 ι

203 2621 257 2649 Sed
271 2628 335 2648 mss.
355 2627 446 2647 veram
459 2621 600 2648 lectionem
614 2623 777 2650 restituunt.

204 2689 210 2695 _
238 2655 295 2691 (37)
317 2655 428 2690 Corpus.
447 2656 529 2683 Deest
550 2656 578 2683 iu
599 2663 676 2684 antea
692 2659 783 2689 editis,
800 2658 847 2686 sed
872 2657 987 2685 habetur

203 2698 230 2719 III
247 2697 313 2717 IIISS.

237 2723 295 2760 (58)
312 2725 357 2752 Sic
372 2732 437 2752 mss.
452 2724 530 2753 Libb.
547 2725 627 2759 editi,
643 2736 652 2752 ι
672 2727 788 2755 ratione.
807 2735 817 2752 ι

237 2760 294 2794 (39)
312 2761 357 2787 Sic
377 2761 478 2795 optime
504 2769 598 2788 omnes
626 2762 706 2789 codd.
733 2769 818 2794 mss.;
855 2763 986 2788 mendose

201 2799 292 2835 autem
315 2795 381 2824 libb.
406 2796 487 2829 editi,
526 2804 536 2821 ‹
566 2797 687 2825 restituit
713 2797 803 2824 vivum
832 2804 931 2831 corpus
957 2802 985 2824 et

202 2836 293 2864 spica.
309 2839 320 2855 ι

939 2129 962 2145 ⁸⁸
977 2129 1054 2160 Ibid.,
1069 2128 1113 2156 39.
1149 2129 1172 2144 "
1186 2129 1262 2161 Ibid.,
1279 2129 1323 2156 50.

1043 901 1088 934 qui
1115 902 1189 936 regui
1213 902 1344 929 ccclornm
1373 903 1558 929 lnrreditatem
1587 902 1719 936 consequi
1745 910 1822 928 merc-

1043 947 1154 979 buntttr,
1171 947 1240 974 ratio
1263 947 1306 974 illa
1326 949 1467 982 reparandi
1491 948 1614 982 corporis
1639 955 1724 981 quam
1748 955 1820 982 supra

1043 992 1171 1024 diximus,
1188 992 1232 1019 Dei
1253 992 1330 1026 jussu
1348 1000 1381 1020 ex
1408 999 1515 1020 terreno
1536 999 1563 1021 et
1586 994 1698 1020 animali
1716 1000 1821 1027 corpore

1042 1044 1140 1071 corpus
1164 1043 1270 1071 reparat
1291 1038 1424 1072 spiritale,
1448 1038 1519 1072 quod
1545 1039 1670 1066 habitare
1695 1038 1777 1072 possit
1798 1038 1819 1064 in

1043 1083 1141 1116 ctelis;
1158 1083 1200 1110 his
1221 1091 1286 1110 rero
1304 1084 1349 1118 qui
1371 1084 1508 1111 inferioris
1532 1084 1621 1111 meriti
1649 1083 1760 1116 fuerint,
1786 1082 1820 1108 rel

1043 1129 1216 1162 abjectioris,
1247 1129 1289 1156 vel
1325 1129 1405 1156 etiam
1441 1129 1527 1156 ultimi
1556 1134 1584 1157 et
1613 1129 1753 1161 abstrusi,
1779 1137 1820 1164 pra

1043 1175 1256 1209 uniuscujusque
1280 1175 1342 1202 vita:
1368 1181 1449 1210 atque
1472 1176 1571 1203 animze
1586 1175 1730 1210 dignitate,
1747 1175 1819 1202 etiam

1042 1221 1128 1255 gloria
1153 1222 1277 1256 corporis
1303 1226 1330 1249 et
1353 1222 1473 1257 dignitas
1500 1222 1597 1254 datur;
1623 1223 1659 1248 ita
1690 1227 1775 1248 tamen
1796 1226 1820 1247 ut

1045 1267 1122 1301 102
1138 1267 1218 1293 ctiam
1235 1274 1327 1294 eorum
1345 1268 1389 1301 qui
1408 1268 1441 1294 ad
1457 1268 1544 1302 ignem
1561 1273 1704 1299 aeternum,
1731 1267 1770 1294 vel
1792 1266 1819 1292 ad

1042 1312 1175 1346 supplicia
1191 1313 1343 1340 destinandi
1358 1317 1431 1345 sunt,
1448 1321 1496 1347 per
1512 1314 1598 1347 ipsum
1621 1312 1818 1340 resurrectionis

1043 1357 1270 1390 permutationem
1310 1358 1346 1384 ita
1370 1365 1468 1392 corpus
1490 1358 1675 1392 incorruptum
1700 1358 1736 1385 sit
1758 1357 1818 1392 quod

1043 1402 1159 1436 resurgit
1175 1402 1242 1437 (40),
1258 1407 1286 1429 ιιι
1305 1410 1337 1430 ne
1348 1404 1487 1438 suppliciis
1506 1404 1613 1438 quidem
1629 1402 1764 1437 corrumpi
1779 1409 1816 1428 va-

1043 1444 1096 1472 leat
1110 1450 1137 1472 et
1154 1446 1274 1472 dissolvi.
1299 1447 1328 1474 Si
1347 1454 1411 1482 ergo
1429 1448 1466 1474 ita
1487 1455 1516 1474 se
1536 1447 1615 1474 habet
1631 1447 1749 1482 qualitas
1769 1445 1817 1480 ejus

1042 1491 1167 1524 corporis
1182 1493 1253 1526 quod
1270 1497 1394 1527 resurget
1410 1500 1423 1520 a
1449 1494 1574 1526 mortuis,
1599 1493 1741 1520 videamus
1755 1497 1816 1519 nunc

1040 1536 1103 1569 quid
1118 1537 1169 1564 sibi
1189 1537 1253 1564 velit
1271 1537 1339 1573 ignis
1353 1539 1448 1565 :eterni
1463 1537 1643 1565 c’omminatio
1661 1537 1729 1573 (41).

1076 1582 1132 1618 (μὶ)
1150 1582 1175 1609 4.
1201 1582 1357 1611 Invenimus
1372 1591 1486 1618 namque
1503 1584 1529 1610 in
1552 1583 1621 1611 Isaia
1639 1584 1766 1619 propheta
1779 1581 1818 1609 de-

1041 1628 1142 1663 signari
1168 1628 1381 1664 uniuscujusque
1406 1630 1544 1664 proprimn
1571 1637 1632 1656 esse
1660 1630 1747 1664 ignem
1771 1635 1816 1662 qtto

1040 1674 1169 1707 punitur;
1193 1674 1231 1699 ait
1256 1675 1327 1701 enim
1355 1675 1411 1709 (45)
1433 1683 1439 1701 :
1464 1684 1473 1700 ι
1501 1675 1647 1703 Ambulate
1678 1676 1704 1702 in
1729 1673 1817 1701 lumine

1039 1718 1111 1752 ignis
1126 1718 1218 1750 vestri,
1236 1723 1259 1746 et
1285 1719 1311 1745 in
1336 1719 1444 1746 ﬂamma
1470 1727 1551 1754 quam
1567 1720 1732 1747 accendistis
1747 1719 1776 1744 ³⁵.
1804 1726 1811 1742 ι

1040 1762 1094 1790 Per
1119 1770 1188 1797 quos
1216 1771 1357 1791 sermones
1387 1764 1438 1792 hoc
1466 1765 1573 1792 videtur
1606 1765 1732 1797 indicari,
1754 1762 1814 1799 quod

1040 1807 1226 1842 unusquisque
1252 1813 1426 1841 peccatorum
1451 1809 1587 1837 ﬂammam
1612 1809 1669 1846 (ί4)
1695 1810 1744 1837 sibi
1766 1808 1814 1842 ipse

1041 1853 1142 1886 proprii
1171 1853 1241 1887 ignis
1269 1854 1400 1882 accendat
1426 1854 1500 1890 (45),
1525 1860 1552 1881 et
1578 1862 1630 1882 nou
1657 1855 1683 1882 in
1710 1854 1813 1888 aliquem

1042 1898 1143 1933 ignem,
1162 1899 1209 1933 qui
1226 1903 1304 1926 antea
1317 1899 1373 1933 jam
1399 1901 1480 1927 fuerit
1496 1908 1626 1928 accensus
1648 1902 1682 1928 ab
1707 1901 1765 1932 alio,
1780 1897 1812 1924 Vel

1041 1949 1105 1971 ante
1131 1945 1218 1978 ipsum
1243 1945 1413 1978 substiterit,
1437 1947 1621 1980 demergatur.
1647 1947 1730 1982 Cujus
1756 1943 1813 1979 ignis

1042 1990 1155 2017 materia
1181 1994 1261 2025 alqm‘.
1279 1998 1340 2018 esca
1362 1998 1453 2019 nostra
1479 1997 1542 2019 sunt
1564 1996 1686 2028 peccata,
1709 1998 1765 2026 qua!
1784 1990 1812 2015 alt

1042 2035 1164 2069 apostolo
1189 2034 1272 2063 Paulo
1299 2035 1372 2070 ligna
1389 2041 1416 2063 et
1443 2036 1534 2064 fenum
1559 2042 1587 2064 et
1613 2038 1711 2072 stipula
1736 2033 1812 2062 norni-

1044 2085 1143 2108 nautur
1161 2081 1182 2108 ¹.
1202 2081 1234 2108 Ει
1252 2082 1370 2109 arbitror
1387 2083 1459 2116 quod
1476 2083 1547 2109 sicut
1572 2083 1598 2109 in
1622 2089 1733 2117 corpore
1753 2085 1812 2108 escae

1361 2130 1382 2146 ⁹⁷
1395 2130 1474 2163 Ibid.,
1494 2130 1538 2157 51.
1591 2129 1613 2145 ⁸⁸
1629 2129 1705 2164 Ibid.,
1720 2128 1760 2160 57,
1773 2125 1810 2153 58.

1149 2208 1200 2246 S‘ic‘
1211 2216 1277 2246 mss.
1294 2209 1380 2242 Alias,
1398 2218 1406 2234 ι
1426 2214 1455 2237 ιιι
1470 2214 1602 2245 resurgat.
1620 2219 1629 2236 ι
1665 2245 1670 2246 γ
1695 2243 1704 2246 _
1749 2242 1755 2246 _
1773 2241 1778 2246 _

1076 2243 1132 2278 (41)
1156 2243 1280 2278 Origenis
1306 2245 1468 2272 sententiam
1493 2246 1526 2271 de
1549 2242 1639 2278 poenis
1663 2242 1755 2272 inferni
1772 2242 1808 2278 itt-

1039 2275 1154 2314 vestigat
1168 2275 1280 2305 Hu'etius
1294 2279 1513 2313 Origeuiunorum
1537 2275 1583 2306 ιιι).
1605 2287 1635 2311 ιι,
1663 2275 1806 2314 quazst._I_I.

1039 2309 1240 2339 Illunfvidesis.
1267 2309 1374 2340 Interim
1402 2322 1499 2341 Iuoneo
1523 2314 1581 2341 haec
1603 2309 1706 2341 verba:
1725 2321 1733 2337 α
1749 2309 1807 2343 Quid

1038 2347 1089 2373 sibi
1109 2347 1175 2374 velit
1198 2348 1267 2382 ignis
1293 2350 1387 2375 aeterni
1407 2349 1592 2381 comminatio,
1612 2358 1621 2374 ι
1638 2350 1664 2375 ιιι
1683 2347 1806 2382 prioribus

1039 2381 1308 2410 editionibus’linem
1333 2390 1393 2410 esse
1404 2383 1501 2418 capitis
1517 2384 1626 2415 decimi.
1649 2381 1690 2410 cui
1713 2381 1808 2418 ιιιιιιεειτ

1039 2424 1111 2442 mutu
1125 2418 1296 2453 subnectitur
1310 2426 1371 2444 cum
1391 2414 1444 2445 hoc
1454 2419 1531 2445 titulo
1547 2427 1553 2444 :
1572 2428 1581 2444 ι
1598 2419 1635 2445 De
1647 2418 1707 2453 igne
1720 2414 1806 2442 inferni

1038 2455 1065 2477 et
1083 2452 1169 2485 poenis
1183 2451 1300 2485 ejusdem
1313 2460 1320 2483 ;
1336 2461 1346 2478 ι
1360 2453 1406 2479 sed
1420 2453 1445 2479 iu
1462 2453 1588 2480 omnibus
1604 2451 1670 2480 mss:
1685 2453 1807 2484 sequentur

1038 2486 1130 2522 verba,
1164 2495 1173 2511 ι
1196 2488 1348 2514 invenimus
1371 2495 1486 2521 namque
1511 2489 1535 2514 iu
1559 2488 1628 2514 Isaia
1653 2486 1804 2522 propheta.)

1039 2516 1166 2546 continua
1175 2522 1244 2548 serie
1261 2527 1320 2555 post
1330 2532 1338 2547 ι
1351 2516 1524 2549 conuuinatio
1535 2532 1545 2548 ι
1554 2516 1689 2554 υοιιιιιιιύι
1698 2516 1751 2547 sine
1760 2516 1806 2542 ullo

1039 2555 1138 2592 pr:e_v_io
1151 2556 1238 2592 titulo,
1255 2554 1334 2590 quem
1347 2558 1447 2584 idcirco
1459 2558 1664 2592 expungendum
1677 2563 1732 2583 esse
1741 2554 1804 2580 du“-

1075 2589 1131 2623 (42)
1149 2590 1232 2620 Alias.
1249 2589 1310 2624 cap.
1323 2591 1367 2618 Μ.

1075 2621 1131 2660 (45)
1149 2625 1191 2651 Ait
1208 2621 1292 2651 enim:
1305 2626 1386 2653 Deest
1400 2626 1523 2654 in-antea
1547 2626 1638 2659 editis,
1662 2625 1707 2654 sed
1721 2623 1756 2651 sic
1765 2621 1805 2648 Ita-

1040 2657 1241 2697 bcturﬁnmss.
1590 2696 1595 2697 γ
1630 2657 1636 2659 ⁷
1704 2695 1710 2697 _
1739 2691 1752 2697 ..
1784 2687 1801 2697 με

1074 2693 1129 2728 (44)
1149 2693 1194 2721 Sic
1220 2699 1294 2722 recte
1315 2703 1380 2722 mss.
1407 2695 1495 2728 Alias,
1519 2696 1657 2728 mendose,
1675 2705 1684 2722 ι
1704 2693 1802 2722 Indicarl

1037 2734 1165 2761 peccator
1192 2734 1220 2755 ιιι
1245 2729 1392 2760 ﬂammam.
1421 2740 1430 2756 ι
1449 2736 1503 2758 etc.
1530 2731 1630 2758 Ibidem
1653 2730 1714 2757 libb.
1736 2730 1802 2762 alii?“

1038 2763 1115 2794 editi,
1139 2773 1147 2788 ε
1174 2765 1220 2799 qui
1243 2766 1332 2792 fuerat
1353 2773 1484 2794 accensus
1505 2767 1540 2795 ab
1554 2766 1616 2794 alio.
1637 2775 1647 2791 ι
1663 2765 1723 2793 Mss.
1743 2765 1768 2788 ut
1781 2764 1800 2786 ιιι

1037 2803 1130 2825 11051,Γο
1145 2804 1230 2826 textu.
1596 2819 1599 2822 ~

1075 2833 1130 2868 (ιδ)
1146 2834 1228 2862 Cave.
