  <div class='ocr_page' id='page_1' title='image "/cluster/home/n/w/nwhite01/storage/ocr_20150623/11/njp.32101077772414/136.png"; bbox 0 0 1860 3073; ppageno 0'>
   <div class='ocr_carea' id='block_1_1' title="bbox 68 105 1029 135">
    <p class='ocr_par' dir='ltr' id='par_1_1' title="bbox 68 105 1029 135">
     <span class='ocr_line' id='line_1_1' title="bbox 68 105 1029 135; baseline -0.002 0"><span class='ocrx_word' id='word_1_1' title='bbox 68 106 111 135; x_wconf 58' lang='lat' dir='ltr'><strong>EI</strong></span> <span class='ocrx_word' id='word_1_2' title='bbox 711 105 812 133; x_wconf 79' lang='lat' dir='ltr'><strong>LIBER</strong></span> <span class='ocrx_word' id='word_1_3' title='bbox 835 105 1029 134; x_wconf 81' lang='lat' dir='ltr'><strong>SECUNDUS.</strong></span> 
     </span>
    </p>
   </div>
   <div class='ocr_carea' id='block_1_2' title="bbox 1637 111 1691 140">
    <p class='ocr_par' dir='ltr' id='par_1_2' title="bbox 1637 111 1691 140">
     <span class='ocr_line' id='line_1_2' title="bbox 1637 111 1691 140; baseline 0.056 -3"><span class='ocrx_word' id='word_1_4' title='bbox 1637 111 1691 140; x_wconf 66' lang='grc' dir='ltr'><strong>εδδ</strong></span> 
     </span>
    </p>
   </div>
   <div class='ocr_carea' id='block_1_3' title="bbox 68 164 1685 206">
    <p class='ocr_par' dir='ltr' id='par_1_3' title="bbox 68 164 1685 206">
     <span class='ocr_line' id='line_1_3' title="bbox 68 164 1685 206; baseline 0.004 -13"><span class='ocrx_word' id='word_1_5' title='bbox 68 164 223 194; x_wconf 78' lang='lat' dir='ltr'><strong>abundantia</strong></span> <span class='ocrx_word' id='word_1_6' title='bbox 249 169 280 192; x_wconf 88' lang='lat' dir='ltr'><strong>et</strong></span> <span class='ocrx_word' id='word_1_7' title='bbox 305 165 423 199; x_wconf 74' lang='lat' dir='ltr'><strong>qualitas</strong></span> <span class='ocrx_word' id='word_1_8' title='bbox 441 169 467 191; x_wconf 90' lang='lat' dir='ltr'><strong>et</strong></span> <span class='ocrx_word' id='word_1_9' title='bbox 481 164 618 200; x_wconf 75' lang='lat' dir='ltr'><strong>quantitas</strong></span> <span class='ocrx_word' id='word_1_10' title='bbox 633 165 684 192; x_wconf 85' lang='lat' dir='ltr'><strong>cibi</strong></span> <span class='ocrx_word' id='word_1_11' title='bbox 710 165 845 192; x_wconf 88' lang='lat' dir='ltr'><strong>contraria</strong></span> <span class='ocrx_word' id='word_1_12' title='bbox 863 168 882 194; x_wconf 77' lang='grc' dir='ltr'>Α</span> <span class='ocrx_word' id='word_1_13' title='bbox 897 171 956 197; x_wconf 84' lang='lat' dir='ltr'><strong>cst;</strong></span> <span class='ocrx_word' id='word_1_14' title='bbox 983 174 1016 193; x_wconf 86' lang='lat' dir='ltr'><strong>an</strong></span> <span class='ocrx_word' id='word_1_15' title='bbox 1045 167 1088 194; x_wconf 85' lang='lat' dir='ltr'><strong>his</strong></span> <span class='ocrx_word' id='word_1_16' title='bbox 1112 166 1254 195; x_wconf 71' lang='lat' dir='ltr'><strong>affectibus</strong></span> <span class='ocrx_word' id='word_1_17' title='bbox 1275 168 1425 196; x_wconf 91' lang='lat' dir='ltr'><strong>immutatis</strong></span> <span class='ocrx_word' id='word_1_18' title='bbox 1443 170 1580 203; x_wconf 71' lang='lat' dir='ltr'><strong>generalis</strong></span> <span class='ocrx_word' id='word_1_19' title='bbox 1596 179 1685 206; x_wconf 66' lang='lat' dir='ltr'><strong>potate</strong></span> 
     </span>
    </p>
   </div>
   <div class='ocr_carea' id='block_1_4' title="bbox 68 210 845 248">
    <p class='ocr_par' dir='ltr' id='par_1_4' title="bbox 68 210 845 248">
     <span class='ocr_line' id='line_1_4' title="bbox 68 210 845 248; baseline -0.003 -10"><span class='ocrx_word' id='word_1_20' title='bbox 68 211 115 248; x_wconf 72' lang='grc' dir='ltr'>(ιϐ)</span> <span class='ocrx_word' id='word_1_21' title='bbox 135 211 225 238; x_wconf 73' lang='lat' dir='ltr'><strong>febres</strong></span> <span class='ocrx_word' id='word_1_22' title='bbox 252 215 398 246; x_wconf 76' lang='lat' dir='ltr'><strong>generant,</strong></span> <span class='ocrx_word' id='word_1_23' title='bbox 422 214 449 238; x_wconf 90' lang='lat' dir='ltr'><strong>et</strong></span> <span class='ocrx_word' id='word_1_24' title='bbox 474 210 564 238; x_wconf 81' lang='lat' dir='ltr'><strong>febres</strong></span> <span class='ocrx_word' id='word_1_25' title='bbox 590 211 690 237; x_wconf 76' lang='lat' dir='ltr'><strong>diversi</strong></span> <span class='ocrx_word' id='word_1_26' title='bbox 715 211 785 237; x_wconf 90' lang='lat' dir='ltr'><strong>modi</strong></span> <span class='ocrx_word' id='word_1_27' title='bbox 804 210 845 236; x_wconf 86' lang='lat' dir='ltr'><strong>vel</strong></span> 
     </span>
    </p>
   </div>
   <div class='ocr_carea' id='block_1_5' title="bbox 68 256 846 292">
    <p class='ocr_par' dir='ltr' id='par_1_5' title="bbox 68 256 846 292">
     <span class='ocr_line' id='line_1_5' title="bbox 68 256 846 292; baseline -0.004 -7"><span class='ocrx_word' id='word_1_28' title='bbox 68 256 186 292; x_wconf 79' lang='lat' dir='ltr'><strong>temporis</strong></span> <span class='ocrx_word' id='word_1_29' title='bbox 201 257 353 284; x_wconf 87' lang='lat' dir='ltr'><strong>secundum</strong></span> <span class='ocrx_word' id='word_1_30' title='bbox 379 263 438 284; x_wconf 86' lang='lat' dir='ltr'><strong>eam</strong></span> <span class='ocrx_word' id='word_1_31' title='bbox 465 263 619 284; x_wconf 82' lang='lat' dir='ltr'><strong>mensuram</strong></span> <span class='ocrx_word' id='word_1_32' title='bbox 638 263 690 290; x_wconf 90' lang='lat' dir='ltr'><strong>qua</strong></span> <span class='ocrx_word' id='word_1_33' title='bbox 714 256 846 290; x_wconf 89' lang='lat' dir='ltr'><strong>intempe-</strong></span> 
     </span>
    </p>
   </div>
   <div class='ocr_carea' id='block_1_6' title="bbox 68 301 845 338">
    <p class='ocr_par' dir='ltr' id='par_1_6' title="bbox 68 301 845 338">
     <span class='ocr_line' id='line_1_6' title="bbox 68 301 845 338; baseline -0.001 -8"><span class='ocrx_word' id='word_1_34' title='bbox 68 304 115 330; x_wconf 84' lang='lat' dir='ltr'><strong>ries</strong></span> <span class='ocrx_word' id='word_1_35' title='bbox 127 302 238 330; x_wconf 86' lang='lat' dir='ltr'><strong>collecta</strong></span> <span class='ocrx_word' id='word_1_36' title='bbox 256 302 399 329; x_wconf 81' lang='lat' dir='ltr'><strong>materiam</strong></span> <span class='ocrx_word' id='word_1_37' title='bbox 421 302 589 338; x_wconf 83' lang='lat' dir='ltr'><strong>suggesserit</strong></span> <span class='ocrx_word' id='word_1_38' title='bbox 612 309 644 329; x_wconf 86' lang='lat' dir='ltr'><strong>ac</strong></span> <span class='ocrx_word' id='word_1_39' title='bbox 661 301 783 330; x_wconf 81' lang='lat' dir='ltr'><strong>fomitem</strong></span> <span class='ocrx_word' id='word_1_40' title='bbox 805 302 845 329; x_wconf 87' lang='lat' dir='ltr'><strong>fe-</strong></span> 
     </span>
    </p>
   </div>
   <div class='ocr_carea' id='block_1_7' title="bbox 67 347 845 382">
    <p class='ocr_par' dir='ltr' id='par_1_7' title="bbox 67 347 845 382">
     <span class='ocr_line' id='line_1_7' title="bbox 67 347 845 382; baseline -0.001 -7"><span class='ocrx_word' id='word_1_41' title='bbox 67 348 162 380; x_wconf 87' lang='lat' dir='ltr'><strong>brium;</strong></span> <span class='ocrx_word' id='word_1_42' title='bbox 176 355 237 382; x_wconf 72' lang='lat' dir='ltr'><strong>qnze</strong></span> <span class='ocrx_word' id='word_1_43' title='bbox 258 347 380 374; x_wconf 71' lang='lat' dir='ltr'><strong>materim</strong></span> <span class='ocrx_word' id='word_1_44' title='bbox 393 347 514 381; x_wconf 89' lang='lat' dir='ltr'><strong>qualitas</strong></span> <span class='ocrx_word' id='word_1_45' title='bbox 528 354 560 374; x_wconf 82' lang='lat' dir='ltr'><strong>ex</strong></span> <span class='ocrx_word' id='word_1_46' title='bbox 585 347 692 374; x_wconf 89' lang='lat' dir='ltr'><strong>diversa</strong></span> <span class='ocrx_word' id='word_1_47' title='bbox 711 348 845 382; x_wconf 86' lang='lat' dir='ltr'><strong>intempe-</strong></span> 
     </span>
    </p>
   </div>
   <div class='ocr_carea' id='block_1_8' title="bbox 68 391 846 427">
    <p class='ocr_par' dir='ltr' id='par_1_8' title="bbox 68 391 846 427">
     <span class='ocr_line' id='line_1_8' title="bbox 68 391 846 427; baseline -0.001 -8"><span class='ocrx_word' id='word_1_48' title='bbox 68 393 102 419; x_wconf 89' lang='lat' dir='ltr'><strong>rie</strong></span> <span class='ocrx_word' id='word_1_49' title='bbox 123 396 296 427; x_wconf 80' lang='lat' dir='ltr'><strong>congregata,</strong></span> <span class='ocrx_word' id='word_1_50' title='bbox 323 399 405 419; x_wconf 86' lang='lat' dir='ltr'><strong>causa</strong></span> <span class='ocrx_word' id='word_1_51' title='bbox 434 391 474 418; x_wconf 84' lang='lat' dir='ltr'><strong>vel</strong></span> <span class='ocrx_word' id='word_1_52' title='bbox 506 391 655 420; x_wconf 88' lang='lat' dir='ltr'><strong>acerbioris</strong></span> <span class='ocrx_word' id='word_1_53' title='bbox 678 392 777 423; x_wconf 86' lang='lat' dir='ltr'><strong>morbi,</strong></span> <span class='ocrx_word' id='word_1_54' title='bbox 803 391 846 419; x_wconf 86' lang='lat' dir='ltr'><strong>vel</strong></span> 
     </span>
    </p>
   </div>
   <div class='ocr_carea' id='block_1_9' title="bbox 67 436 846 472">
    <p class='ocr_par' dir='ltr' id='par_1_9' title="bbox 67 436 846 472">
     <span class='ocr_line' id='line_1_9' title="bbox 67 436 846 472; baseline -0.001 -8"><span class='ocrx_word' id='word_1_55' title='bbox 67 436 208 472; x_wconf 76' lang='lat' dir='ltr'><strong>prolixioris</strong></span> <span class='ocrx_word' id='word_1_56' title='bbox 226 436 354 467; x_wconf 79' lang='lat' dir='ltr'><strong>exsistit;</strong></span> <span class='ocrx_word' id='word_1_57' title='bbox 384 437 419 462; x_wconf 91' lang='lat' dir='ltr'><strong>ita</strong></span> <span class='ocrx_word' id='word_1_58' title='bbox 442 436 531 463; x_wconf 90' lang='lat' dir='ltr'><strong>anima</strong></span> <span class='ocrx_word' id='word_1_59' title='bbox 560 444 621 464; x_wconf 87' lang='lat' dir='ltr'><strong>cum</strong></span> <span class='ocrx_word' id='word_1_60' title='bbox 644 436 846 464; x_wconf 77' lang='lat' dir='ltr'><strong>multitudinem</strong></span> 
     </span>
    </p>
   </div>
   <div class='ocr_carea' id='block_1_10' title="bbox 70 480 848 516">
    <p class='ocr_par' dir='ltr' id='par_1_10' title="bbox 70 480 848 516">
     <span class='ocr_line' id='line_1_10' title="bbox 70 480 848 516; baseline 0 -8"><span class='ocrx_word' id='word_1_61' title='bbox 70 482 192 508; x_wconf 89' lang='lat' dir='ltr'><strong>malorum</strong></span> <span class='ocrx_word' id='word_1_62' title='bbox 212 489 328 516; x_wconf 89' lang='lat' dir='ltr'><strong>operttm</strong></span> <span class='ocrx_word' id='word_1_63' title='bbox 352 480 408 515; x_wconf 73' lang='grc'>(47)</span> <span class='ocrx_word' id='word_1_64' title='bbox 434 486 461 508; x_wconf 80' lang='lat' dir='ltr'><strong>et</strong></span> <span class='ocrx_word' id='word_1_65' title='bbox 478 482 671 508; x_wconf 76' lang='lat' dir='ltr'><strong>abundantiam</strong></span> <span class='ocrx_word' id='word_1_66' title='bbox 689 482 715 509; x_wconf 95' lang='lat' dir='ltr'><strong>in</strong></span> <span class='ocrx_word' id='word_1_67' title='bbox 731 490 759 509; x_wconf 91' lang='lat' dir='ltr'><strong>se</strong></span> <span class='ocrx_word' id='word_1_68' title='bbox 783 489 848 508; x_wconf 86' lang='lat' dir='ltr'><strong>cou-</strong></span> 
     </span>
    </p>
   </div>
   <div class='ocr_carea' id='block_1_11' title="bbox 66 528 847 562">
    <p class='ocr_par' dir='ltr' id='par_1_11' title="bbox 66 528 847 562">
     <span class='ocr_line' id='line_1_11' title="bbox 66 528 847 562; baseline 0 -8"><span class='ocrx_word' id='word_1_69' title='bbox 66 528 211 562; x_wconf 79' lang='lat' dir='ltr'><strong>gregaverit</strong></span> <span class='ocrx_word' id='word_1_70' title='bbox 232 532 422 562; x_wconf 81' lang='lat' dir='ltr'><strong>peccatorum,</strong></span> <span class='ocrx_word' id='word_1_71' title='bbox 437 529 601 562; x_wconf 87' lang='lat' dir='ltr'><strong>competenti</strong></span> <span class='ocrx_word' id='word_1_72' title='bbox 619 533 742 561; x_wconf 84' lang='lat' dir='ltr'><strong>tempore</strong></span> <span class='ocrx_word' id='word_1_73' title='bbox 758 528 847 554; x_wconf 89' lang='lat' dir='ltr'><strong>omnis</strong></span> 
     </span>
    </p>
   </div>
   <div class='ocr_carea' id='block_1_12' title="bbox 67 573 843 610">
    <p class='ocr_par' dir='ltr' id='par_1_12' title="bbox 67 573 843 610">
     <span class='ocr_line' id='line_1_12' title="bbox 67 573 843 610; baseline 0 -10"><span class='ocrx_word' id='word_1_74' title='bbox 67 575 104 601; x_wconf 88' lang='lat' dir='ltr'><strong>illa</strong></span> <span class='ocrx_word' id='word_1_75' title='bbox 118 574 248 600; x_wconf 79' lang='lat' dir='ltr'><strong>malorum</strong></span> <span class='ocrx_word' id='word_1_76' title='bbox 259 574 438 610; x_wconf 72' lang='lat' dir='ltr'><strong>congregatio</strong></span> <span class='ocrx_word' id='word_1_77' title='bbox 449 573 604 601; x_wconf 79' lang='lat' dir='ltr'><strong>effervescit</strong></span> <span class='ocrx_word' id='word_1_78' title='bbox 618 575 652 600; x_wconf 85' lang='lat' dir='ltr'><strong>ad</strong></span> <span class='ocrx_word' id='word_1_79' title='bbox 669 574 843 609; x_wconf 84' lang='lat' dir='ltr'><strong>supplicium,</strong></span> 
     </span>
    </p>
   </div>
   <div class='ocr_carea' id='block_1_13' title="bbox 66 619 847 656">
    <p class='ocr_par' dir='ltr' id='par_1_13' title="bbox 66 619 847 656">
     <span class='ocr_line' id='line_1_13' title="bbox 66 619 847 656; baseline -0.001 -8"><span class='ocrx_word' id='word_1_80' title='bbox 66 627 137 655; x_wconf 85' lang='lat' dir='ltr'><strong>atque</strong></span> <span class='ocrx_word' id='word_1_81' title='bbox 151 619 338 647; x_wconf 78' lang='lat' dir='ltr'><strong>inﬂammatur</strong></span> <span class='ocrx_word' id='word_1_82' title='bbox 354 620 410 656; x_wconf 65' lang='grc'>(48)</span> <span class='ocrx_word' id='word_1_83' title='bbox 426 620 460 647; x_wconf 90' lang='lat' dir='ltr'><strong>ad</strong></span> <span class='ocrx_word' id='word_1_84' title='bbox 475 627 588 655; x_wconf 66' lang='lat' dir='ltr'><strong>poenas;</strong></span> <span class='ocrx_word' id='word_1_85' title='bbox 606 627 667 646; x_wconf 88' lang='lat' dir='ltr'><strong>cum</strong></span> <span class='ocrx_word' id='word_1_86' title='bbox 686 628 761 647; x_wconf 87' lang='lat' dir='ltr'><strong>mens</strong></span> <span class='ocrx_word' id='word_1_87' title='bbox 777 620 847 654; x_wconf 89' lang='lat' dir='ltr'><strong>ipsa,</strong></span> 
     </span>
    </p>
   </div>
   <div class='ocr_carea' id='block_1_14' title="bbox 67 665 846 700">
    <p class='ocr_par' dir='ltr' id='par_1_14' title="bbox 67 665 846 700">
     <span class='ocr_line' id='line_1_14' title="bbox 67 665 846 700; baseline 0 -8"><span class='ocrx_word' id='word_1_88' title='bbox 67 667 101 694; x_wconf 83' lang='lat' dir='ltr'><strong>vel</strong></span> <span class='ocrx_word' id='word_1_89' title='bbox 121 666 290 694; x_wconf 82' lang='lat' dir='ltr'><strong>conscientia</strong></span> <span class='ocrx_word' id='word_1_90' title='bbox 319 673 367 700; x_wconf 85' lang='lat' dir='ltr'><strong>per</strong></span> <span class='ocrx_word' id='word_1_91' title='bbox 396 666 516 692; x_wconf 81' lang='lat' dir='ltr'><strong>divinant</strong></span> <span class='ocrx_word' id='word_1_92' title='bbox 547 665 676 694; x_wconf 72' lang='lat' dir='ltr'><strong>virtutem</strong></span> <span class='ocrx_word' id='word_1_93' title='bbox 702 666 794 693; x_wconf 84' lang='lat' dir='ltr'><strong>omnia</strong></span> <span class='ocrx_word' id='word_1_94' title='bbox 819 666 846 692; x_wconf 94' lang='lat' dir='ltr'><strong>in</strong></span> 
     </span>
    </p>
   </div>
   <div class='ocr_carea' id='block_1_15' title="bbox 68 710 847 746">
    <p class='ocr_par' dir='ltr' id='par_1_15' title="bbox 68 710 847 746">
     <span class='ocr_line' id='line_1_15' title="bbox 68 710 847 746; baseline -0.001 -8"><span class='ocrx_word' id='word_1_95' title='bbox 68 711 216 738; x_wconf 87' lang='lat' dir='ltr'><strong>memoriam</strong></span> <span class='ocrx_word' id='word_1_96' title='bbox 239 711 387 745; x_wconf 83' lang='lat' dir='ltr'><strong>recipiens,</strong></span> <span class='ocrx_word' id='word_1_97' title='bbox 401 718 516 745; x_wconf 91' lang='lat' dir='ltr'><strong>quorum</strong></span> <span class='ocrx_word' id='word_1_98' title='bbox 542 710 570 737; x_wconf 95' lang='lat' dir='ltr'><strong>in</strong></span> <span class='ocrx_word' id='word_1_99' title='bbox 598 712 747 745; x_wconf 88' lang='lat' dir='ltr'><strong>semetipsa</strong></span> <span class='ocrx_word' id='word_1_100' title='bbox 771 711 847 746; x_wconf 86' lang='lat' dir='ltr'><strong>signa</strong></span> 
     </span>
    </p>
   </div>
   <div class='ocr_carea' id='block_1_16' title="bbox 67 755 849 791">
    <p class='ocr_par' dir='ltr' id='par_1_16' title="bbox 67 755 849 791">
     <span class='ocr_line' id='line_1_16' title="bbox 67 755 849 791; baseline 0 -9"><span class='ocrx_word' id='word_1_101' title='bbox 67 756 179 791; x_wconf 68' lang='lat' dir='ltr'><strong>qumdam</strong></span> <span class='ocrx_word' id='word_1_102' title='bbox 195 761 222 784; x_wconf 87' lang='lat' dir='ltr'><strong>et</strong></span> <span class='ocrx_word' id='word_1_103' title='bbox 235 755 352 788; x_wconf 77' lang='lat' dir='ltr'><strong>formas,</strong></span> <span class='ocrx_word' id='word_1_104' title='bbox 378 763 439 783; x_wconf 90' lang='lat' dir='ltr'><strong>cum</strong></span> <span class='ocrx_word' id='word_1_105' title='bbox 460 760 599 791; x_wconf 81' lang='lat' dir='ltr'><strong>peccaret,</strong></span> <span class='ocrx_word' id='word_1_106' title='bbox 620 761 804 790; x_wconf 78' lang='lat' dir='ltr'><strong>expresserat,</strong></span> <span class='ocrx_word' id='word_1_107' title='bbox 821 762 849 783; x_wconf 87' lang='lat' dir='ltr'><strong>et</strong></span> 
     </span>
    </p>
   </div>
   <div class='ocr_carea' id='block_1_17' title="bbox 66 801 848 837">
    <p class='ocr_par' dir='ltr' id='par_1_17' title="bbox 66 801 848 837">
     <span class='ocr_line' id='line_1_17' title="bbox 66 801 848 837; baseline -0.001 -8"><span class='ocrx_word' id='word_1_108' title='bbox 66 801 224 837; x_wconf 85' lang='lat' dir='ltr'><strong>singulorum</strong></span> <span class='ocrx_word' id='word_1_109' title='bbox 243 809 305 836; x_wconf 71' lang='lat' dir='ltr'><strong>quae</strong></span> <span class='ocrx_word' id='word_1_110' title='bbox 319 801 363 828; x_wconf 89' lang='lat' dir='ltr'><strong>vel</strong></span> <span class='ocrx_word' id='word_1_111' title='bbox 384 801 455 828; x_wconf 58' lang='lat' dir='ltr'><strong>laede</strong></span> <span class='ocrx_word' id='word_1_112' title='bbox 478 809 509 828; x_wconf 90' lang='lat' dir='ltr'><strong>ac</strong></span> <span class='ocrx_word' id='word_1_113' title='bbox 527 802 642 836; x_wconf 89' lang='lat' dir='ltr'><strong>turpiter</strong></span> <span class='ocrx_word' id='word_1_114' title='bbox 655 806 788 835; x_wconf 75' lang='lat' dir='ltr'><strong>gesserat,</strong></span> <span class='ocrx_word' id='word_1_115' title='bbox 806 802 848 829; x_wconf 88' lang='lat' dir='ltr'><strong>vel</strong></span> 
     </span>
    </p>
   </div>
   <div class='ocr_carea' id='block_1_18' title="bbox 899 213 1690 252">
    <p class='ocr_par' dir='ltr' id='par_1_18' title="bbox 899 213 1690 252">
     <span class='ocr_line' id='line_1_18' title="bbox 899 213 1690 252; baseline 0.01 -14"><span class='ocrx_word' id='word_1_116' title='bbox 899 213 1016 239; x_wconf 84' lang='lat' dir='ltr'><strong>stimulis</strong></span> <span class='ocrx_word' id='word_1_117' title='bbox 1031 214 1210 240; x_wconf 84' lang='lat' dir='ltr'><strong>vexabuntur.</strong></span> <span class='ocrx_word' id='word_1_118' title='bbox 1239 214 1291 241; x_wconf 86' lang='lat' dir='ltr'><strong>Sed</strong></span> <span class='ocrx_word' id='word_1_119' title='bbox 1310 219 1337 242; x_wconf 91' lang='lat' dir='ltr'><strong>et</strong></span> <span class='ocrx_word' id='word_1_120' title='bbox 1360 215 1439 242; x_wconf 89' lang='lat' dir='ltr'><strong>aliam</strong></span> <span class='ocrx_word' id='word_1_121' title='bbox 1464 216 1520 252; x_wconf 82' lang='grc'>(51)</span> <span class='ocrx_word' id='word_1_122' title='bbox 1544 218 1690 252; x_wconf 86' lang='lat' dir='ltr'><strong>supplicio-</strong></span> 
     </span>
    </p>
   </div>
   <div class='ocr_carea' id='block_1_19' title="bbox 901 260 1690 300">
    <p class='ocr_par' dir='ltr' id='par_1_19' title="bbox 901 260 1690 300">
     <span class='ocr_line' id='line_1_19' title="bbox 901 260 1690 300; baseline 0.011 -15"><span class='ocrx_word' id='word_1_123' title='bbox 901 267 959 286; x_wconf 88' lang='lat' dir='ltr'><strong>rum</strong></span> <span class='ocrx_word' id='word_1_124' title='bbox 984 260 1101 294; x_wconf 82' lang='lat' dir='ltr'><strong>speciem</strong></span> <span class='ocrx_word' id='word_1_125' title='bbox 1128 260 1242 296; x_wconf 87' lang='lat' dir='ltr'><strong>intelligi</strong></span> <span class='ocrx_word' id='word_1_126' title='bbox 1272 262 1392 289; x_wconf 89' lang='lat' dir='ltr'><strong>arbitror</strong></span> <span class='ocrx_word' id='word_1_127' title='bbox 1416 271 1504 297; x_wconf 88' lang='lat' dir='ltr'><strong>posse,</strong></span> <span class='ocrx_word' id='word_1_128' title='bbox 1529 265 1592 300; x_wconf 83' lang='lat' dir='ltr'><strong>quia</strong></span> <span class='ocrx_word' id='word_1_129' title='bbox 1618 266 1690 294; x_wconf 88' lang='lat' dir='ltr'><strong>sicut</strong></span> 
     </span>
    </p>
   </div>
   <div class='ocr_carea' id='block_1_20' title="bbox 900 306 1689 346">
    <p class='ocr_par' dir='ltr' id='par_1_20' title="bbox 900 306 1689 346">
     <span class='ocr_line' id='line_1_20' title="bbox 900 306 1689 346; baseline 0.009 -15"><span class='ocrx_word' id='word_1_130' title='bbox 900 306 1009 339; x_wconf 87' lang='lat' dir='ltr'><strong>quidem</strong></span> <span class='ocrx_word' id='word_1_131' title='bbox 1027 306 1161 333; x_wconf 87' lang='lat' dir='ltr'><strong>sentimus</strong></span> <span class='ocrx_word' id='word_1_132' title='bbox 1177 307 1264 334; x_wconf 89' lang='lat' dir='ltr'><strong>soluta</strong></span> <span class='ocrx_word' id='word_1_133' title='bbox 1281 308 1407 342; x_wconf 89' lang='lat' dir='ltr'><strong>corporis</strong></span> <span class='ocrx_word' id='word_1_134' title='bbox 1431 310 1551 337; x_wconf 89' lang='lat' dir='ltr'><strong>membra</strong></span> <span class='ocrx_word' id='word_1_135' title='bbox 1576 316 1656 346; x_wconf 90' lang='lat' dir='ltr'><strong>atque</strong></span> <span class='ocrx_word' id='word_1_136' title='bbox 1674 319 1689 338; x_wconf 87' lang='lat' dir='ltr'><strong>a</strong></span> 
     </span>
    </p>
   </div>
   <div class='ocr_carea' id='block_1_21' title="bbox 901 351 1691 386">
    <p class='ocr_par' dir='ltr' id='par_1_21' title="bbox 901 351 1691 386">
     <span class='ocr_line' id='line_1_21' title="bbox 901 351 1691 386; baseline 0.006 -8"><span class='ocrx_word' id='word_1_137' title='bbox 901 353 957 378; x_wconf 87' lang='lat' dir='ltr'><strong>suis</strong></span> <span class='ocrx_word' id='word_1_138' title='bbox 978 352 1093 378; x_wconf 88' lang='lat' dir='ltr'><strong>invicem</strong></span> <span class='ocrx_word' id='word_1_139' title='bbox 1117 351 1221 378; x_wconf 85' lang='lat' dir='ltr'><strong>divulsa</strong></span> <span class='ocrx_word' id='word_1_140' title='bbox 1244 353 1421 386; x_wconf 75' lang='lat' dir='ltr'><strong>compagibus</strong></span> <span class='ocrx_word' id='word_1_141' title='bbox 1444 354 1569 382; x_wconf 81' lang='lat' dir='ltr'><strong>immensi</strong></span> <span class='ocrx_word' id='word_1_142' title='bbox 1588 355 1691 384; x_wconf 80' lang='lat' dir='ltr'><strong>doloris</strong></span> 
     </span>
    </p>
   </div>
   <div class='ocr_carea' id='block_1_22' title="bbox 902 396 1689 432">
    <p class='ocr_par' dir='ltr' id='par_1_22' title="bbox 902 396 1689 432">
     <span class='ocr_line' id='line_1_22' title="bbox 902 396 1689 432; baseline 0.009 -10"><span class='ocrx_word' id='word_1_143' title='bbox 902 404 1035 432; x_wconf 81' lang='lat' dir='ltr'><strong>generare</strong></span> <span class='ocrx_word' id='word_1_144' title='bbox 1054 396 1218 428; x_wconf 83' lang='lat' dir='ltr'><strong>cruciatum,</strong></span> <span class='ocrx_word' id='word_1_145' title='bbox 1237 397 1274 423; x_wconf 89' lang='lat' dir='ltr'><strong>ita</strong></span> <span class='ocrx_word' id='word_1_146' title='bbox 1289 405 1350 424; x_wconf 90' lang='lat' dir='ltr'><strong>cttm</strong></span> <span class='ocrx_word' id='word_1_147' title='bbox 1369 399 1458 426; x_wconf 90' lang='lat' dir='ltr'><strong>anima</strong></span> <span class='ocrx_word' id='word_1_148' title='bbox 1476 405 1552 427; x_wconf 83' lang='lat' dir='ltr'><strong>extra</strong></span> <span class='ocrx_word' id='word_1_149' title='bbox 1567 401 1689 429; x_wconf 87' lang='lat' dir='ltr'><strong>ordinem</strong></span> 
     </span>
    </p>
   </div>
   <div class='ocr_carea' id='block_1_23' title="bbox 902 441 1690 479">
    <p class='ocr_par' dir='ltr' id='par_1_23' title="bbox 902 441 1690 479">
     <span class='ocr_line' id='line_1_23' title="bbox 902 441 1690 479; baseline 0.005 -10"><span class='ocrx_word' id='word_1_150' title='bbox 902 447 983 476; x_wconf 89' lang='lat' dir='ltr'><strong>atque</strong></span> <span class='ocrx_word' id='word_1_151' title='bbox 999 449 1170 477; x_wconf 79' lang='lat' dir='ltr'><strong>compagem,</strong></span> <span class='ocrx_word' id='word_1_152' title='bbox 1184 441 1225 468; x_wconf 88' lang='lat' dir='ltr'><strong>vel</strong></span> <span class='ocrx_word' id='word_1_153' title='bbox 1238 449 1297 468; x_wconf 83' lang='lat' dir='ltr'><strong>eam</strong></span> <span class='ocrx_word' id='word_1_154' title='bbox 1317 442 1487 469; x_wconf 84' lang='lat' dir='ltr'><strong>harmoniam</strong></span> <span class='ocrx_word' id='word_1_155' title='bbox 1501 452 1552 479; x_wconf 76' lang='lat' dir='ltr'><strong>qua</strong></span> <span class='ocrx_word' id='word_1_156' title='bbox 1570 446 1602 472; x_wconf 90' lang='lat' dir='ltr'><strong>ad</strong></span> <span class='ocrx_word' id='word_1_157' title='bbox 1620 446 1690 473; x_wconf 87' lang='lat' dir='ltr'><strong>bene</strong></span> 
     </span>
    </p>
   </div>
   <div class='ocr_carea' id='block_1_24' title="bbox 901 487 1688 524">
    <p class='ocr_par' dir='ltr' id='par_1_24' title="bbox 901 487 1688 524">
     <span class='ocr_line' id='line_1_24' title="bbox 901 487 1688 524; baseline 0.006 -10"><span class='ocrx_word' id='word_1_158' title='bbox 901 488 1037 523; x_wconf 84' lang='lat' dir='ltr'><strong>agendum</strong></span> <span class='ocrx_word' id='word_1_159' title='bbox 1055 493 1082 515; x_wconf 90' lang='lat' dir='ltr'><strong>et</strong></span> <span class='ocrx_word' id='word_1_160' title='bbox 1099 487 1199 514; x_wconf 82' lang='lat' dir='ltr'><strong>util&#39;ter</strong></span> <span class='ocrx_word' id='word_1_161' title='bbox 1217 487 1389 514; x_wconf 88' lang='lat' dir='ltr'><strong>sentiendum</strong></span> <span class='ocrx_word' id='word_1_162' title='bbox 1415 495 1429 514; x_wconf 87' lang='lat' dir='ltr'><strong>a</strong></span> <span class='ocrx_word' id='word_1_163' title='bbox 1453 488 1506 517; x_wconf 90' lang='lat' dir='ltr'><strong>Deo</strong></span> <span class='ocrx_word' id='word_1_164' title='bbox 1529 496 1617 517; x_wconf 64' lang='lat' dir='ltr'><strong>creata</strong></span> <span class='ocrx_word' id='word_1_165' title='bbox 1634 497 1688 524; x_wconf 85' lang='lat' dir='ltr'><strong>est.</strong></span> 
     </span>
    </p>
   </div>
   <div class='ocr_carea' id='block_1_25' title="bbox 903 533 1689 568">
    <p class='ocr_par' dir='ltr' id='par_1_25' title="bbox 903 533 1689 568">
     <span class='ocr_line' id='line_1_25' title="bbox 903 533 1689 568; baseline 0.006 -9"><span class='ocrx_word' id='word_1_166' title='bbox 903 533 984 561; x_wconf 85' lang='lat' dir='ltr'><strong>fuerit</strong></span> <span class='ocrx_word' id='word_1_167' title='bbox 1007 534 1128 565; x_wconf 85' lang='lat' dir='ltr'><strong>inventa,</strong></span> <span class='ocrx_word' id='word_1_168' title='bbox 1149 541 1198 560; x_wconf 91' lang='lat' dir='ltr'><strong>nec</strong></span> <span class='ocrx_word' id='word_1_169' title='bbox 1220 533 1381 568; x_wconf 87' lang='lat' dir='ltr'><strong>sibimetipsi</strong></span> <span class='ocrx_word' id='word_1_170' title='bbox 1404 535 1604 562; x_wconf 75' lang='lat' dir='ltr'><strong>rationabilium</strong></span> <span class='ocrx_word' id='word_1_171' title='bbox 1630 545 1689 564; x_wconf 85' lang='lat' dir='ltr'><strong>tuo-</strong></span> 
     </span>
    </p>
   </div>
   <div class='ocr_carea' id='block_1_26' title="bbox 902 580 1690 617">
    <p class='ocr_par' dir='ltr' id='par_1_26' title="bbox 902 580 1690 617">
     <span class='ocr_line' id='line_1_26' title="bbox 902 580 1690 617; baseline 0.005 -12"><span class='ocrx_word' id='word_1_172' title='bbox 902 583 976 606; x_wconf 89' lang='lat' dir='ltr'><strong>tuutn</strong></span> <span class='ocrx_word' id='word_1_173' title='bbox 998 580 1157 614; x_wconf 70' lang='lat' dir='ltr'><strong>compagine</strong></span> <span class='ocrx_word' id='word_1_174' title='bbox 1180 586 1340 610; x_wconf 83' lang='lat' dir='ltr'><strong>consonare,</strong></span> <span class='ocrx_word' id='word_1_175' title='bbox 1358 586 1466 613; x_wconf 86' lang='lat' dir='ltr'><strong>poenam</strong></span> <span class='ocrx_word' id='word_1_176' title='bbox 1484 581 1690 617; x_wconf 86' lang='lat' dir='ltr'><strong>cruciatumque</strong></span> 
     </span>
    </p>
   </div>
   <div class='ocr_carea' id='block_1_27' title="bbox 901 624 1691 660">
    <p class='ocr_par' dir='ltr' id='par_1_27' title="bbox 901 624 1691 660">
     <span class='ocr_line' id='line_1_27' title="bbox 901 624 1691 660; baseline 0.005 -9"><span class='ocrx_word' id='word_1_177' title='bbox 901 625 1022 659; x_wconf 87' lang='lat' dir='ltr'><strong>putanda</strong></span> <span class='ocrx_word' id='word_1_178' title='bbox 1046 625 1081 652; x_wconf 86' lang='lat' dir='ltr'><strong>sit</strong></span> <span class='ocrx_word' id='word_1_179' title='bbox 1103 625 1289 659; x_wconf 84' lang='lat' dir='ltr'><strong>suimelipsius</strong></span> <span class='ocrx_word' id='word_1_180' title='bbox 1309 624 1381 652; x_wconf 84' lang='lat' dir='ltr'><strong>ferre</strong></span> <span class='ocrx_word' id='word_1_181' title='bbox 1406 625 1520 660; x_wconf 83' lang='lat' dir='ltr'><strong>tlissidii,</strong></span> <span class='ocrx_word' id='word_1_182' title='bbox 1545 631 1572 654; x_wconf 77' lang='lat' dir='ltr'><strong>et</strong></span> <span class='ocrx_word' id='word_1_183' title='bbox 1599 627 1691 655; x_wconf 86' lang='lat' dir='ltr'><strong>incon—</strong></span> 
     </span>
    </p>
   </div>
   <div class='ocr_carea' id='block_1_28' title="bbox 901 670 1689 707">
    <p class='ocr_par' dir='ltr' id='par_1_28' title="bbox 901 670 1689 707">
     <span class='ocr_line' id='line_1_28' title="bbox 901 670 1689 707; baseline 0.005 -10"><span class='ocrx_word' id='word_1_184' title='bbox 901 672 1007 697; x_wconf 74' lang='lat' dir='ltr'><strong>stantia:</strong></span> <span class='ocrx_word' id='word_1_185' title='bbox 1016 678 1080 703; x_wconf 67' lang='lat' dir='ltr'><strong>sum,</strong></span> <span class='ocrx_word' id='word_1_186' title='bbox 1091 675 1172 705; x_wconf 91' lang='lat' dir='ltr'><strong>atque</strong></span> <span class='ocrx_word' id='word_1_187' title='bbox 1182 670 1390 698; x_wconf 88' lang='lat' dir='ltr'><strong>inordmationis</strong></span> <span class='ocrx_word' id='word_1_188' title='bbox 1406 672 1506 698; x_wconf 86' lang='lat' dir='ltr'><strong>sentire</strong></span> <span class='ocrx_word' id='word_1_189' title='bbox 1515 672 1689 707; x_wconf 84' lang='lat' dir='ltr'><strong>supplicium.</strong></span> 
     </span>
    </p>
   </div>
   <div class='ocr_carea' id='block_1_29' title="bbox 902 715 1691 751">
    <p class='ocr_par' dir='ltr' id='par_1_29' title="bbox 902 715 1691 751">
     <span class='ocr_line' id='line_1_29' title="bbox 902 715 1691 751; baseline 0.005 -9"><span class='ocrx_word' id='word_1_190' title='bbox 902 715 968 749; x_wconf 72' lang='lat' dir='ltr'><strong>Qua:</strong></span> <span class='ocrx_word' id='word_1_191' title='bbox 984 716 1081 743; x_wconf 76' lang='lat' dir='ltr'><strong>anima:</strong></span> <span class='ocrx_word' id='word_1_192' title='bbox 1096 716 1238 743; x_wconf 89' lang='lat' dir='ltr'><strong>dissolutio</strong></span> <span class='ocrx_word' id='word_1_193' title='bbox 1252 721 1333 751; x_wconf 85' lang='lat' dir='ltr'><strong>atque</strong></span> <span class='ocrx_word' id='word_1_194' title='bbox 1358 717 1473 744; x_wconf 85' lang='lat' dir='ltr'><strong>divulsio</strong></span> <span class='ocrx_word' id='word_1_195' title='bbox 1497 725 1558 744; x_wconf 89' lang='lat' dir='ltr'><strong>cum</strong></span> <span class='ocrx_word' id='word_1_196' title='bbox 1575 718 1691 746; x_wconf 79' lang='lat' dir='ltr'><strong>adhibiti</strong></span> 
     </span>
    </p>
   </div>
   <div class='ocr_carea' id='block_1_30' title="bbox 902 760 1692 796">
    <p class='ocr_par' dir='ltr' id='par_1_30' title="bbox 902 760 1692 796">
     <span class='ocr_line' id='line_1_30' title="bbox 902 760 1692 796; baseline 0.003 -9"><span class='ocrx_word' id='word_1_197' title='bbox 902 760 971 795; x_wconf 75' lang='lat' dir='ltr'><strong>ignis</strong></span> <span class='ocrx_word' id='word_1_198' title='bbox 989 761 1093 788; x_wconf 85' lang='lat' dir='ltr'><strong>ratione</strong></span> <span class='ocrx_word' id='word_1_199' title='bbox 1122 761 1203 788; x_wconf 90' lang='lat' dir='ltr'><strong>fuerit</strong></span> <span class='ocrx_word' id='word_1_200' title='bbox 1225 761 1379 796; x_wconf 76' lang='lat' dir='ltr'><strong>explorata,</strong></span> <span class='ocrx_word' id='word_1_201' title='bbox 1405 762 1464 788; x_wconf 86' lang='lat' dir='ltr'><strong>sine</strong></span> <span class='ocrx_word' id='word_1_202' title='bbox 1488 762 1569 789; x_wconf 88' lang='lat' dir='ltr'><strong>dubio</strong></span> <span class='ocrx_word' id='word_1_203' title='bbox 1586 763 1620 790; x_wconf 90' lang='lat' dir='ltr'><strong>ad</strong></span> <span class='ocrx_word' id='word_1_204' title='bbox 1645 763 1692 789; x_wconf 88' lang='lat' dir='ltr'><strong>lir-</strong></span> 
     </span>
    </p>
   </div>
   <div class='ocr_carea' id='block_1_31' title="bbox 903 806 1692 841">
    <p class='ocr_par' dir='ltr' id='par_1_31' title="bbox 903 806 1692 841">
     <span class='ocr_line' id='line_1_31' title="bbox 903 806 1692 841; baseline 0.004 -9"><span class='ocrx_word' id='word_1_205' title='bbox 903 806 1017 833; x_wconf 87' lang='lat' dir='ltr'><strong>tniorem</strong></span> <span class='ocrx_word' id='word_1_206' title='bbox 1043 806 1083 833; x_wconf 90' lang='lat' dir='ltr'><strong>sui</strong></span> <span class='ocrx_word' id='word_1_207' title='bbox 1107 806 1295 841; x_wconf 82' lang='lat' dir='ltr'><strong>compaginem</strong></span> <span class='ocrx_word' id='word_1_208' title='bbox 1322 806 1603 841; x_wconf 78' lang='lat' dir='ltr'><strong>instauratimiemque</strong></span> <span class='ocrx_word' id='word_1_209' title='bbox 1627 808 1692 835; x_wconf 88' lang='lat' dir='ltr'><strong>soli-</strong></span> 
     </span>
    </p>
   </div>
   <div class='ocr_carea' id='block_1_32' title="bbox 67 837 989 883">
    <p class='ocr_par' dir='ltr' id='par_1_32' title="bbox 67 837 989 883">
     <span class='ocr_line' id='line_1_32' title="bbox 67 837 989 883; baseline -0.001 -7"><span class='ocrx_word' id='word_1_210' title='bbox 67 849 140 876; x_wconf 86' lang='lat' dir='ltr'><strong>etiam</strong></span> <span class='ocrx_word' id='word_1_211' title='bbox 157 848 237 883; x_wconf 87' lang='lat' dir='ltr'><strong>impie</strong></span> <span class='ocrx_word' id='word_1_212' title='bbox 254 848 443 880; x_wconf 87' lang='lat' dir='ltr'><strong>commiserat,</strong></span> <span class='ocrx_word' id='word_1_213' title='bbox 460 847 601 875; x_wconf 86' lang='lat' dir='ltr'><strong>historiam</strong></span> <span class='ocrx_word' id='word_1_214' title='bbox 625 848 770 882; x_wconf 85' lang='lat' dir='ltr'><strong>quamdam</strong></span> <span class='ocrx_word' id='word_1_215' title='bbox 788 855 847 875; x_wconf 82' lang='lat' dir='ltr'><strong>sce—</strong></span> <span class='ocrx_word' id='word_1_216' title='bbox 862 837 884 874; x_wconf 80' lang='grc' dir='ltr'><strong>Β</strong></span> <span class='ocrx_word' id='word_1_217' title='bbox 899 851 989 880; x_wconf 69' lang='lat' dir='ltr'><strong>datur.</strong></span> 
     </span>
    </p>
   </div>
   <div class='ocr_carea' id='block_1_33' title="bbox 68 893 845 928">
    <p class='ocr_par' dir='ltr' id='par_1_33' title="bbox 68 893 845 928">
     <span class='ocr_line' id='line_1_33' title="bbox 68 893 845 928; baseline -0.001 -7"><span class='ocrx_word' id='word_1_218' title='bbox 68 895 143 922; x_wconf 91' lang='lat' dir='ltr'><strong>lerum</strong></span> <span class='ocrx_word' id='word_1_219' title='bbox 159 902 271 922; x_wconf 91' lang='lat' dir='ltr'><strong>suorum</strong></span> <span class='ocrx_word' id='word_1_220' title='bbox 289 898 353 921; x_wconf 86' lang='lat' dir='ltr'><strong>ante</strong></span> <span class='ocrx_word' id='word_1_221' title='bbox 369 894 463 921; x_wconf 91' lang='lat' dir='ltr'><strong>oculos</strong></span> <span class='ocrx_word' id='word_1_222' title='bbox 476 901 540 921; x_wconf 89' lang='lat' dir='ltr'><strong>suos</strong></span> <span class='ocrx_word' id='word_1_223' title='bbox 556 893 659 921; x_wconf 84' lang='lat' dir='ltr'><strong>videbit</strong></span> <span class='ocrx_word' id='word_1_224' title='bbox 676 894 845 928; x_wconf 83' lang='lat' dir='ltr'><strong>expositam;</strong></span> 
     </span>
    </p>
   </div>
   <div class='ocr_carea' id='block_1_34' title="bbox 69 939 848 976">
    <p class='ocr_par' dir='ltr' id='par_1_34' title="bbox 69 939 848 976">
     <span class='ocr_line' id='line_1_34' title="bbox 69 939 848 976; baseline -0.001 -8"><span class='ocrx_word' id='word_1_225' title='bbox 69 945 125 968; x_wconf 91' lang='lat' dir='ltr'><strong>tunc</strong></span> <span class='ocrx_word' id='word_1_226' title='bbox 137 945 164 968; x_wconf 89' lang='lat' dir='ltr'><strong>et</strong></span> <span class='ocrx_word' id='word_1_227' title='bbox 177 941 232 976; x_wconf 90' lang='lat' dir='ltr'><strong>ipsa</strong></span> <span class='ocrx_word' id='word_1_228' title='bbox 249 939 423 968; x_wconf 85' lang='lat' dir='ltr'><strong>conscientia</strong></span> <span class='ocrx_word' id='word_1_229' title='bbox 445 940 564 975; x_wconf 89' lang='lat' dir='ltr'><strong>propriis</strong></span> <span class='ocrx_word' id='word_1_230' title='bbox 586 940 706 966; x_wconf 90' lang='lat' dir='ltr'><strong>stimulis</strong></span> <span class='ocrx_word' id='word_1_231' title='bbox 729 940 848 975; x_wconf 79' lang='lat' dir='ltr'><strong>agitatur</strong></span> 
     </span>
    </p>
   </div>
   <div class='ocr_carea' id='block_1_35' title="bbox 69 985 847 1021">
    <p class='ocr_par' dir='ltr' id='par_1_35' title="bbox 69 985 847 1021">
     <span class='ocr_line' id='line_1_35' title="bbox 69 985 847 1021; baseline 0 -9"><span class='ocrx_word' id='word_1_232' title='bbox 69 991 140 1021; x_wconf 91' lang='lat' dir='ltr'><strong>atque</strong></span> <span class='ocrx_word' id='word_1_233' title='bbox 153 987 358 1021; x_wconf 78' lang='lat' dir='ltr'><strong>compungitur,</strong></span> <span class='ocrx_word' id='word_1_234' title='bbox 376 990 404 1013; x_wconf 92' lang='lat' dir='ltr'><strong>et</strong></span> <span class='ocrx_word' id='word_1_235' title='bbox 427 986 468 1012; x_wconf 86' lang='lat' dir='ltr'><strong>sui</strong></span> <span class='ocrx_word' id='word_1_236' title='bbox 486 986 542 1020; x_wconf 91' lang='lat' dir='ltr'><strong>ipsa</strong></span> <span class='ocrx_word' id='word_1_237' title='bbox 559 985 676 1012; x_wconf 77' lang='lat' dir='ltr'><strong>efﬁcitur</strong></span> <span class='ocrx_word' id='word_1_238' title='bbox 692 986 847 1012; x_wconf 81' lang='lat' dir='ltr'><strong>accusatrix</strong></span> 
     </span>
    </p>
   </div>
   <div class='ocr_carea' id='block_1_36' title="bbox 68 1029 846 1066">
    <p class='ocr_par' dir='ltr' id='par_1_36' title="bbox 68 1029 846 1066">
     <span class='ocr_line' id='line_1_36' title="bbox 68 1029 846 1066; baseline -0.003 -6"><span class='ocrx_word' id='word_1_239' title='bbox 68 1037 91 1060; x_wconf 86' lang='lat' dir='ltr'><strong>et</strong></span> <span class='ocrx_word' id='word_1_240' title='bbox 112 1033 193 1060; x_wconf 85' lang='lat' dir='ltr'><strong>testis.</strong></span> <span class='ocrx_word' id='word_1_241' title='bbox 223 1029 307 1066; x_wconf 72' lang='lat' dir='ltr'><strong>Quod</strong></span> <span class='ocrx_word' id='word_1_242' title='bbox 333 1032 368 1059; x_wconf 92' lang='lat' dir='ltr'><strong>ita</strong></span> <span class='ocrx_word' id='word_1_243' title='bbox 397 1031 517 1059; x_wconf 86' lang='lat' dir='ltr'><strong>sensisse</strong></span> <span class='ocrx_word' id='word_1_244' title='bbox 541 1037 604 1066; x_wconf 86' lang='lat' dir='ltr'><strong>puto</strong></span> <span class='ocrx_word' id='word_1_245' title='bbox 625 1032 707 1058; x_wconf 87' lang='lat' dir='ltr'><strong>etiam</strong></span> <span class='ocrx_word' id='word_1_246' title='bbox 734 1031 846 1058; x_wconf 83' lang='lat' dir='ltr'><strong>Paulum</strong></span> 
     </span>
    </p>
   </div>
   <div class='ocr_carea' id='block_1_37' title="bbox 68 1076 850 1112">
    <p class='ocr_par' dir='ltr' id='par_1_37' title="bbox 68 1076 850 1112">
     <span class='ocr_line' id='line_1_37' title="bbox 68 1076 850 1112; baseline -0.001 -8"><span class='ocrx_word' id='word_1_247' title='bbox 68 1078 205 1112; x_wconf 89' lang='lat' dir='ltr'><strong>apostolum</strong></span> <span class='ocrx_word' id='word_1_248' title='bbox 219 1085 283 1105; x_wconf 89' lang='lat' dir='ltr'><strong>cum</strong></span> <span class='ocrx_word' id='word_1_249' title='bbox 302 1076 368 1104; x_wconf 87' lang='lat' dir='ltr'><strong>dicit</strong></span> <span class='ocrx_word' id='word_1_250' title='bbox 396 1085 402 1103; x_wconf 91' lang='lat'><strong>:</strong></span> <span class='ocrx_word' id='word_1_251' title='bbox 422 1086 431 1102; x_wconf 75' lang='grc' dir='ltr'><strong>ε</strong></span> <span class='ocrx_word' id='word_1_252' title='bbox 451 1076 524 1103; x_wconf 88' lang='lat' dir='ltr'><strong>Inter</strong></span> <span class='ocrx_word' id='word_1_253' title='bbox 549 1084 578 1104; x_wconf 90' lang='lat' dir='ltr'><strong>se</strong></span> <span class='ocrx_word' id='word_1_254' title='bbox 602 1077 718 1104; x_wconf 83' lang='lat' dir='ltr'><strong>invicem</strong></span> <span class='ocrx_word' id='word_1_255' title='bbox 744 1077 850 1112; x_wconf 72' lang='lat' dir='ltr'><strong>cogita-</strong></span> 
     </span>
    </p>
   </div>
   <div class='ocr_carea' id='block_1_38' title="bbox 69 1122 847 1154">
    <p class='ocr_par' dir='ltr' id='par_1_38' title="bbox 69 1122 847 1154">
     <span class='ocr_line' id='line_1_38' title="bbox 69 1122 847 1154; baseline -0.001 -4"><span class='ocrx_word' id='word_1_256' title='bbox 69 1123 175 1151; x_wconf 88' lang='lat' dir='ltr'><strong>tionibus</strong></span> <span class='ocrx_word' id='word_1_257' title='bbox 189 1122 394 1154; x_wconf 88' lang='lat' dir='ltr'><strong>accusantibus,</strong></span> <span class='ocrx_word' id='word_1_258' title='bbox 412 1127 461 1149; x_wconf 91' lang='lat' dir='ltr'><strong>aut</strong></span> <span class='ocrx_word' id='word_1_259' title='bbox 478 1122 561 1149; x_wconf 85' lang='lat' dir='ltr'><strong>etiam</strong></span> <span class='ocrx_word' id='word_1_260' title='bbox 586 1122 796 1150; x_wconf 85' lang='lat' dir='ltr'><strong>defendentibus</strong></span> <span class='ocrx_word' id='word_1_261' title='bbox 819 1123 847 1149; x_wconf 90' lang='lat' dir='ltr'><strong>in</strong></span> 
     </span>
    </p>
   </div>
   <div class='ocr_carea' id='block_1_39' title="bbox 68 1168 848 1204">
    <p class='ocr_par' dir='ltr' id='par_1_39' title="bbox 68 1168 848 1204">
     <span class='ocr_line' id='line_1_39' title="bbox 68 1168 848 1204; baseline 0 -8"><span class='ocrx_word' id='word_1_262' title='bbox 68 1169 106 1197; x_wconf 88' lang='lat' dir='ltr'><strong>die</strong></span> <span class='ocrx_word' id='word_1_263' title='bbox 126 1178 174 1204; x_wconf 89' lang='lat' dir='ltr'><strong>qua</strong></span> <span class='ocrx_word' id='word_1_264' title='bbox 193 1169 330 1204; x_wconf 88' lang='lat' dir='ltr'><strong>judicabit</strong></span> <span class='ocrx_word' id='word_1_265' title='bbox 354 1169 425 1196; x_wconf 92' lang='lat' dir='ltr'><strong>Deus</strong></span> <span class='ocrx_word' id='word_1_266' title='bbox 454 1168 560 1196; x_wconf 89' lang='lat' dir='ltr'><strong>occulta</strong></span> <span class='ocrx_word' id='word_1_267' title='bbox 579 1169 730 1201; x_wconf 89' lang='lat' dir='ltr'><strong>hominum,</strong></span> <span class='ocrx_word' id='word_1_268' title='bbox 750 1176 848 1196; x_wconf 88' lang='lat' dir='ltr'><strong>secun-</strong></span> 
     </span>
    </p>
   </div>
   <div class='ocr_carea' id='block_1_40' title="bbox 69 1212 849 1250">
    <p class='ocr_par' dir='ltr' id='par_1_40' title="bbox 69 1212 849 1250">
     <span class='ocr_line' id='line_1_40' title="bbox 69 1212 849 1250; baseline 0 -8"><span class='ocrx_word' id='word_1_269' title='bbox 69 1215 123 1242; x_wconf 90' lang='lat' dir='ltr'><strong>dum</strong></span> <span class='ocrx_word' id='word_1_270' title='bbox 141 1215 317 1250; x_wconf 85' lang='lat' dir='ltr'><strong>Evangelium</strong></span> <span class='ocrx_word' id='word_1_271' title='bbox 333 1221 421 1241; x_wconf 89' lang='lat' dir='ltr'><strong>meum</strong></span> <span class='ocrx_word' id='word_1_272' title='bbox 437 1221 485 1248; x_wconf 89' lang='lat' dir='ltr'><strong>per</strong></span> <span class='ocrx_word' id='word_1_273' title='bbox 499 1212 592 1241; x_wconf 83' lang='lat' dir='ltr'><strong>Jesum</strong></span> <span class='ocrx_word' id='word_1_274' title='bbox 606 1214 771 1242; x_wconf 77' lang='lat' dir='ltr'><strong>Christum&#39;.</strong></span> <span class='ocrx_word' id='word_1_275' title='bbox 786 1223 796 1240; x_wconf 72' lang='grc' dir='ltr'><strong><em>ι</em></strong></span> <span class='ocrx_word' id='word_1_276' title='bbox 809 1214 849 1242; x_wconf 86' lang='lat' dir='ltr'><strong>Ex</strong></span> 
     </span>
    </p>
   </div>
   <div class='ocr_carea' id='block_1_41' title="bbox 67 1259 850 1295">
    <p class='ocr_par' dir='ltr' id='par_1_41' title="bbox 67 1259 850 1295">
     <span class='ocr_line' id='line_1_41' title="bbox 67 1259 850 1295; baseline 0.004 -9"><span class='ocrx_word' id='word_1_277' title='bbox 67 1266 114 1295; x_wconf 86' lang='lat' dir='ltr'><strong>quo</strong></span> <span class='ocrx_word' id='word_1_278' title='bbox 127 1260 284 1294; x_wconf 83' lang='lat' dir='ltr'><strong>intelligitur</strong></span> <span class='ocrx_word' id='word_1_279' title='bbox 301 1260 374 1294; x_wconf 85' lang='lat' dir='ltr'><strong>quod</strong></span> <span class='ocrx_word' id='word_1_280' title='bbox 397 1259 470 1287; x_wconf 91' lang='lat' dir='ltr'><strong>circa</strong></span> <span class='ocrx_word' id='word_1_281' title='bbox 497 1261 583 1294; x_wconf 91' lang='lat' dir='ltr'><strong>ipsam</strong></span> <span class='ocrx_word' id='word_1_282' title='bbox 599 1260 697 1287; x_wconf 68' lang='lat' dir='ltr'><strong>animas</strong></span> <span class='ocrx_word' id='word_1_283' title='bbox 719 1261 850 1288; x_wconf 88' lang='lat' dir='ltr'><strong>substan-</strong></span> 
     </span>
    </p>
   </div>
   <div class='ocr_carea' id='block_1_42' title="bbox 70 1304 851 1340">
    <p class='ocr_par' dir='ltr' id='par_1_42' title="bbox 70 1304 851 1340">
     <span class='ocr_line' id='line_1_42' title="bbox 70 1304 851 1340; baseline 0.001 -8"><span class='ocrx_word' id='word_1_284' title='bbox 70 1305 125 1332; x_wconf 84' lang='lat' dir='ltr'><strong>tiam</strong></span> <span class='ocrx_word' id='word_1_285' title='bbox 142 1310 274 1332; x_wconf 84' lang='lat' dir='ltr'><strong>tormenta</strong></span> <span class='ocrx_word' id='word_1_286' title='bbox 293 1304 417 1340; x_wconf 71' lang='lat' dir='ltr'><strong>quaedam</strong></span> <span class='ocrx_word' id='word_1_287' title='bbox 437 1311 471 1332; x_wconf 81' lang='lat' dir='ltr'><strong>ex</strong></span> <span class='ocrx_word' id='word_1_288' title='bbox 489 1305 555 1340; x_wconf 83' lang='lat' dir='ltr'><strong>ipsis</strong></span> <span class='ocrx_word' id='word_1_289' title='bbox 570 1310 743 1340; x_wconf 87' lang='lat' dir='ltr'><strong>peccatorum</strong></span> <span class='ocrx_word' id='word_1_290' title='bbox 761 1306 851 1334; x_wconf 80' lang='lat' dir='ltr'><strong>noxiis</strong></span> 
     </span>
    </p>
   </div>
   <div class='ocr_carea' id='block_1_43' title="bbox 69 1350 394 1386">
    <p class='ocr_par' dir='ltr' id='par_1_43' title="bbox 69 1350 394 1386">
     <span class='ocr_line' id='line_1_43' title="bbox 69 1350 394 1386; baseline 0.003 -9"><span class='ocrx_word' id='word_1_291' title='bbox 69 1350 197 1379; x_wconf 79' lang='lat' dir='ltr'><strong>affectibus</strong></span> <span class='ocrx_word' id='word_1_292' title='bbox 213 1356 394 1386; x_wconf 78' lang='lat' dir='ltr'><strong>generantur.</strong></span> 
     </span>
    </p>
   </div>
   <div class='ocr_carea' id='block_1_44' title="bbox 99 1405 847 1441">
    <p class='ocr_par' dir='ltr' id='par_1_44' title="bbox 99 1405 847 1441">
     <span class='ocr_line' id='line_1_44' title="bbox 99 1405 847 1441; baseline 0.001 -8"><span class='ocrx_word' id='word_1_293' title='bbox 99 1405 122 1433; x_wconf 79' lang='lat'><strong>5.</strong></span> <span class='ocrx_word' id='word_1_294' title='bbox 138 1405 170 1433; x_wconf 81' lang='lat' dir='ltr'><strong>Et</strong></span> <span class='ocrx_word' id='word_1_295' title='bbox 182 1413 216 1433; x_wconf 89' lang='lat' dir='ltr'><strong>ne</strong></span> <span class='ocrx_word' id='word_1_296' title='bbox 240 1406 311 1434; x_wconf 89' lang='lat' dir='ltr'><strong>satis</strong></span> <span class='ocrx_word' id='word_1_297' title='bbox 328 1406 376 1434; x_wconf 89' lang='lat' dir='ltr'><strong>tibi</strong></span> <span class='ocrx_word' id='word_1_298' title='bbox 391 1406 471 1441; x_wconf 87' lang='lat' dir='ltr'><strong>hujus</strong></span> <span class='ocrx_word' id='word_1_299' title='bbox 488 1407 527 1433; x_wconf 87' lang='lat' dir='ltr'><strong>rei</strong></span> <span class='ocrx_word' id='word_1_300' title='bbox 554 1407 709 1435; x_wconf 84' lang='lat' dir='ltr'><strong>intellectus</strong></span> <span class='ocrx_word' id='word_1_301' title='bbox 725 1406 847 1435; x_wconf 78' lang='lat' dir='ltr'><strong>difﬁcilis</strong></span> 
     </span>
    </p>
   </div>
   <div class='ocr_carea' id='block_1_45' title="bbox 68 1452 846 1488">
    <p class='ocr_par' dir='ltr' id='par_1_45' title="bbox 68 1452 846 1488">
     <span class='ocr_line' id='line_1_45' title="bbox 68 1452 846 1488; baseline 0.004 -10"><span class='ocrx_word' id='word_1_302' title='bbox 68 1457 194 1486; x_wconf 82' lang='lat' dir='ltr'><strong>appareat,</strong></span> <span class='ocrx_word' id='word_1_303' title='bbox 219 1452 392 1480; x_wconf 88' lang='lat' dir='ltr'><strong>considerari</strong></span> <span class='ocrx_word' id='word_1_304' title='bbox 415 1453 545 1486; x_wconf 87' lang='lat' dir='ltr'><strong>possibile</strong></span> <span class='ocrx_word' id='word_1_305' title='bbox 563 1457 605 1480; x_wconf 88' lang='lat' dir='ltr'><strong>est</strong></span> <span class='ocrx_word' id='word_1_306' title='bbox 622 1460 656 1480; x_wconf 80' lang='lat' dir='ltr'><strong>ex</strong></span> <span class='ocrx_word' id='word_1_307' title='bbox 680 1453 723 1480; x_wconf 86' lang='lat' dir='ltr'><strong>his</strong></span> <span class='ocrx_word' id='word_1_308' title='bbox 740 1453 846 1488; x_wconf 88' lang='lat' dir='ltr'><strong>passio-</strong></span> 
     </span>
    </p>
   </div>
   <div class='ocr_carea' id='block_1_46' title="bbox 934 908 1691 944">
    <p class='ocr_par' dir='ltr' id='par_1_46' title="bbox 934 908 1691 944">
     <span class='ocr_line' id='line_1_46' title="bbox 934 908 1691 944; baseline 0.003 -9"><span class='ocrx_word' id='word_1_309' title='bbox 934 908 961 935; x_wconf 80' lang='grc' dir='ltr'><strong>(Ξ.</strong></span> <span class='ocrx_word' id='word_1_310' title='bbox 980 908 1061 935; x_wconf 84' lang='lat' dir='ltr'><strong>Multa</strong></span> <span class='ocrx_word' id='word_1_311' title='bbox 1085 913 1149 935; x_wconf 90' lang='lat' dir='ltr'><strong>sunt</strong></span> <span class='ocrx_word' id='word_1_312' title='bbox 1164 909 1246 936; x_wconf 86' lang='lat' dir='ltr'><strong>etiam</strong></span> <span class='ocrx_word' id='word_1_313' title='bbox 1262 909 1314 935; x_wconf 87' lang='lat' dir='ltr'><strong>alia</strong></span> <span class='ocrx_word' id='word_1_314' title='bbox 1329 916 1388 943; x_wconf 70' lang='lat' dir='ltr'><strong>qua:</strong></span> <span class='ocrx_word' id='word_1_315' title='bbox 1403 916 1453 936; x_wconf 92' lang='lat' dir='ltr'><strong>nos</strong></span> <span class='ocrx_word' id='word_1_316' title='bbox 1464 908 1562 942; x_wconf 80' lang='lat' dir='ltr'><strong>latent,</strong></span> <span class='ocrx_word' id='word_1_317' title='bbox 1577 917 1637 944; x_wconf 69' lang='lat' dir='ltr'><strong>quae</strong></span> <span class='ocrx_word' id='word_1_318' title='bbox 1653 910 1691 937; x_wconf 91' lang='lat' dir='ltr'><strong>illi</strong></span> 
     </span>
    </p>
   </div>
   <div class='ocr_carea' id='block_1_47' title="bbox 899 953 1692 989">
    <p class='ocr_par' dir='ltr' id='par_1_47' title="bbox 899 953 1692 989">
     <span class='ocr_line' id='line_1_47' title="bbox 899 953 1692 989; baseline 0.001 -8"><span class='ocrx_word' id='word_1_319' title='bbox 899 954 949 981; x_wconf 90' lang='lat' dir='ltr'><strong>soli</strong></span> <span class='ocrx_word' id='word_1_320' title='bbox 970 954 1076 988; x_wconf 84' lang='lat' dir='ltr'><strong>cognita</strong></span> <span class='ocrx_word' id='word_1_321' title='bbox 1105 959 1179 986; x_wconf 84' lang='lat' dir='ltr'><strong>sunt,</strong></span> <span class='ocrx_word' id='word_1_322' title='bbox 1196 955 1241 989; x_wconf 91' lang='lat' dir='ltr'><strong>qui</strong></span> <span class='ocrx_word' id='word_1_323' title='bbox 1261 959 1303 982; x_wconf 89' lang='lat' dir='ltr'><strong>est</strong></span> <span class='ocrx_word' id='word_1_324' title='bbox 1323 953 1444 981; x_wconf 71' lang='lat' dir='ltr'><strong>medicus</strong></span> <span class='ocrx_word' id='word_1_325' title='bbox 1465 955 1618 982; x_wconf 87' lang='lat' dir='ltr'><strong>animarum</strong></span> <span class='ocrx_word' id='word_1_326' title='bbox 1640 962 1692 982; x_wconf 91' lang='lat' dir='ltr'><strong>n0-</strong></span> 
     </span>
    </p>
   </div>
   <div class='ocr_carea' id='block_1_48' title="bbox 899 999 1692 1035">
    <p class='ocr_par' dir='ltr' id='par_1_48' title="bbox 899 999 1692 1035">
     <span class='ocr_line' id='line_1_48' title="bbox 899 999 1692 1035; baseline 0.001 -9"><span class='ocrx_word' id='word_1_327' title='bbox 899 1005 1031 1026; x_wconf 89' lang='lat' dir='ltr'><strong>strarom.</strong></span> <span class='ocrx_word' id='word_1_328' title='bbox 1052 999 1081 1026; x_wconf 89' lang='lat' dir='ltr'><strong>Si</strong></span> <span class='ocrx_word' id='word_1_329' title='bbox 1100 1000 1171 1027; x_wconf 92' lang='lat' dir='ltr'><strong>enim</strong></span> <span class='ocrx_word' id='word_1_330' title='bbox 1198 1001 1231 1027; x_wconf 87' lang='lat' dir='ltr'><strong>ad</strong></span> <span class='ocrx_word' id='word_1_331' title='bbox 1257 1001 1381 1034; x_wconf 86' lang='lat' dir='ltr'><strong>corporis</strong></span> <span class='ocrx_word' id='word_1_332' title='bbox 1404 1001 1549 1028; x_wconf 87' lang='lat' dir='ltr'><strong>sanitatem</strong></span> <span class='ocrx_word' id='word_1_333' title='bbox 1580 1007 1629 1035; x_wconf 74' lang='lat' dir='ltr'><strong>pro</strong></span> <span class='ocrx_word' id='word_1_334' title='bbox 1649 1001 1692 1028; x_wconf 92' lang='lat' dir='ltr'><strong>his</strong></span> 
     </span>
    </p>
   </div>
   <div class='ocr_carea' id='block_1_49' title="bbox 900 1045 1692 1080">
    <p class='ocr_par' dir='ltr' id='par_1_49' title="bbox 900 1045 1692 1080">
     <span class='ocr_line' id='line_1_49' title="bbox 900 1045 1692 1080; baseline 0 -8"><span class='ocrx_word' id='word_1_335' title='bbox 900 1045 972 1072; x_wconf 83' lang='lat' dir='ltr'><strong>vitiis</strong></span> <span class='ocrx_word' id='word_1_336' title='bbox 986 1052 1045 1079; x_wconf 70' lang='lat' dir='ltr'><strong>qua:</strong></span> <span class='ocrx_word' id='word_1_337' title='bbox 1062 1052 1110 1079; x_wconf 87' lang='lat' dir='ltr'><strong>per</strong></span> <span class='ocrx_word' id='word_1_338' title='bbox 1126 1053 1216 1072; x_wconf 90' lang='lat' dir='ltr'><strong>escam</strong></span> <span class='ocrx_word' id='word_1_339' title='bbox 1242 1052 1390 1080; x_wconf 90' lang='lat' dir='ltr'><strong>potumque</strong></span> <span class='ocrx_word' id='word_1_340' title='bbox 1411 1045 1579 1080; x_wconf 76' lang='lat' dir='ltr'><strong>collegimus,</strong></span> <span class='ocrx_word' id='word_1_341' title='bbox 1595 1051 1692 1072; x_wconf 77' lang='lat' dir='ltr'><strong>neces~</strong></span> 
     </span>
    </p>
   </div>
   <div class='ocr_carea' id='block_1_50' title="bbox 901 1091 1691 1119">
    <p class='ocr_par' dir='ltr' id='par_1_50' title="bbox 901 1091 1691 1119">
     <span class='ocr_line' id='line_1_50' title="bbox 901 1091 1691 1119; baseline 0 -1"><span class='ocrx_word' id='word_1_342' title='bbox 901 1092 1000 1119; x_wconf 87' lang='lat' dir='ltr'><strong>sariam</strong></span> <span class='ocrx_word' id='word_1_343' title='bbox 1029 1092 1161 1118; x_wconf 83' lang='lat' dir='ltr'><strong>habemus</strong></span> <span class='ocrx_word' id='word_1_344' title='bbox 1184 1091 1320 1119; x_wconf 91' lang='lat' dir='ltr'><strong>interdum</strong></span> <span class='ocrx_word' id='word_1_345' title='bbox 1344 1092 1504 1119; x_wconf 89' lang='lat' dir='ltr'><strong>austerioris</strong></span> <span class='ocrx_word' id='word_1_346' title='bbox 1531 1099 1563 1119; x_wconf 91' lang='lat' dir='ltr'><strong>ac</strong></span> <span class='ocrx_word' id='word_1_347' title='bbox 1582 1093 1691 1119; x_wconf 88' lang='lat' dir='ltr'><strong>morda-</strong></span> 
     </span>
    </p>
   </div>
   <div class='ocr_carea' id='block_1_51' title="bbox 901 1136 1691 1172">
    <p class='ocr_par' dir='ltr' id='par_1_51' title="bbox 901 1136 1691 1172">
     <span class='ocr_line' id='line_1_51' title="bbox 901 1136 1691 1172; baseline 0.001 -8"><span class='ocrx_word' id='word_1_348' title='bbox 901 1137 983 1164; x_wconf 87' lang='lat' dir='ltr'><strong>cioris</strong></span> <span class='ocrx_word' id='word_1_349' title='bbox 1001 1136 1057 1172; x_wconf 77' lang='lat'><strong>(52)</strong></span> <span class='ocrx_word' id='word_1_350' title='bbox 1073 1136 1263 1164; x_wconf 87' lang='lat' dir='ltr'><strong>medicamenti</strong></span> <span class='ocrx_word' id='word_1_351' title='bbox 1278 1144 1390 1169; x_wconf 91' lang='lat' dir='ltr'><strong>curam;</strong></span> <span class='ocrx_word' id='word_1_352' title='bbox 1406 1144 1599 1172; x_wconf 87' lang='lat' dir='ltr'><strong>nonnunquam</strong></span> <span class='ocrx_word' id='word_1_353' title='bbox 1614 1145 1691 1169; x_wconf 88' lang='lat' dir='ltr'><strong>vero,</strong></span> 
     </span>
    </p>
   </div>
   <div class='ocr_carea' id='block_1_52' title="bbox 901 1182 1692 1218">
    <p class='ocr_par' dir='ltr' id='par_1_52' title="bbox 901 1182 1692 1218">
     <span class='ocr_line' id='line_1_52' title="bbox 901 1182 1692 1218; baseline 0 -8"><span class='ocrx_word' id='word_1_354' title='bbox 901 1182 923 1210; x_wconf 91' lang='lat' dir='ltr'><strong>si</strong></span> <span class='ocrx_word' id='word_1_355' title='bbox 950 1182 975 1209; x_wconf 91' lang='lat' dir='ltr'><strong>id</strong></span> <span class='ocrx_word' id='word_1_356' title='bbox 1002 1183 1061 1209; x_wconf 82' lang='lat' dir='ltr'><strong>vitii</strong></span> <span class='ocrx_word' id='word_1_357' title='bbox 1086 1182 1202 1217; x_wconf 83' lang='lat' dir='ltr'><strong>qualitas</strong></span> <span class='ocrx_word' id='word_1_358' title='bbox 1224 1183 1425 1217; x_wconf 87' lang='lat' dir='ltr'><strong>depoposcerit,</strong></span> <span class='ocrx_word' id='word_1_359' title='bbox 1458 1183 1548 1218; x_wconf 86' lang='lat' dir='ltr'><strong>rigore</strong></span> <span class='ocrx_word' id='word_1_360' title='bbox 1573 1182 1638 1210; x_wconf 85' lang='lat' dir='ltr'><strong>ferri</strong></span> <span class='ocrx_word' id='word_1_361' title='bbox 1663 1189 1692 1211; x_wconf 92' lang='lat' dir='ltr'><strong>et</strong></span> 
     </span>
    </p>
   </div>
   <div class='ocr_carea' id='block_1_53' title="bbox 901 1229 1694 1265">
    <p class='ocr_par' dir='ltr' id='par_1_53' title="bbox 901 1229 1694 1265">
     <span class='ocr_line' id='line_1_53' title="bbox 901 1229 1694 1265; baseline 0.003 -10"><span class='ocrx_word' id='word_1_362' title='bbox 901 1229 1030 1256; x_wconf 83' lang='lat' dir='ltr'><strong>sectionis</strong></span> <span class='ocrx_word' id='word_1_363' title='bbox 1051 1229 1199 1264; x_wconf 88' lang='lat' dir='ltr'><strong>asperitate</strong></span> <span class='ocrx_word' id='word_1_364' title='bbox 1214 1229 1382 1262; x_wconf 76' lang='lat' dir='ltr'><strong>indigemus;</strong></span> <span class='ocrx_word' id='word_1_365' title='bbox 1407 1230 1478 1265; x_wconf 89' lang='lat' dir='ltr'><strong>quod</strong></span> <span class='ocrx_word' id='word_1_366' title='bbox 1498 1231 1520 1258; x_wconf 89' lang='lat' dir='ltr'><strong>si</strong></span> <span class='ocrx_word' id='word_1_367' title='bbox 1535 1230 1618 1257; x_wconf 88' lang='lat' dir='ltr'><strong>etiam</strong></span> <span class='ocrx_word' id='word_1_368' title='bbox 1635 1230 1694 1257; x_wconf 74' lang='lat' dir='ltr'><strong>ltazc</strong></span> 
     </span>
    </p>
   </div>
   <div class='ocr_carea' id='block_1_54' title="bbox 902 1274 1692 1309">
    <p class='ocr_par' dir='ltr' id='par_1_54' title="bbox 902 1274 1692 1309">
     <span class='ocr_line' id='line_1_54' title="bbox 902 1274 1692 1309; baseline 0 -8"><span class='ocrx_word' id='word_1_369' title='bbox 902 1281 1094 1309; x_wconf 78' lang='lat' dir='ltr'><strong>supergressus</strong></span> <span class='ocrx_word' id='word_1_370' title='bbox 1124 1274 1208 1300; x_wconf 86' lang='lat' dir='ltr'><strong>fuerit</strong></span> <span class='ocrx_word' id='word_1_371' title='bbox 1239 1275 1326 1302; x_wconf 88' lang='lat' dir='ltr'><strong>morbi</strong></span> <span class='ocrx_word' id='word_1_372' title='bbox 1358 1274 1470 1307; x_wconf 84' lang='lat' dir='ltr'><strong>modus,</strong></span> <span class='ocrx_word' id='word_1_373' title='bbox 1495 1275 1529 1302; x_wconf 89' lang='lat' dir='ltr'><strong>ad</strong></span> <span class='ocrx_word' id='word_1_374' title='bbox 1564 1274 1692 1302; x_wconf 92' lang='lat' dir='ltr'><strong>ultimum</strong></span> 
     </span>
    </p>
   </div>
   <div class='ocr_carea' id='block_1_55' title="bbox 901 1318 1693 1355">
    <p class='ocr_par' dir='ltr' id='par_1_55' title="bbox 901 1318 1693 1355">
     <span class='ocr_line' id='line_1_55' title="bbox 901 1318 1693 1355; baseline -0.001 -7"><span class='ocrx_word' id='word_1_375' title='bbox 901 1325 1063 1354; x_wconf 88' lang='lat' dir='ltr'><strong>conceptum</strong></span> <span class='ocrx_word' id='word_1_376' title='bbox 1076 1318 1173 1346; x_wconf 90' lang='lat' dir='ltr'><strong>vitium</strong></span> <span class='ocrx_word' id='word_1_377' title='bbox 1189 1319 1272 1347; x_wconf 88' lang='lat' dir='ltr'><strong>etiam</strong></span> <span class='ocrx_word' id='word_1_378' title='bbox 1293 1319 1363 1354; x_wconf 74' lang='lat' dir='ltr'><strong>ignis</strong></span> <span class='ocrx_word' id='word_1_379' title='bbox 1381 1321 1494 1353; x_wconf 81' lang='lat' dir='ltr'><strong>exurit;</strong></span> <span class='ocrx_word' id='word_1_380' title='bbox 1517 1325 1618 1355; x_wconf 86' lang='lat' dir='ltr'><strong>quanto</strong></span> <span class='ocrx_word' id='word_1_381' title='bbox 1635 1328 1693 1347; x_wconf 90' lang='lat' dir='ltr'><strong>ma-</strong></span> 
     </span>
    </p>
   </div>
   <div class='ocr_carea' id='block_1_56' title="bbox 902 1365 1692 1402">
    <p class='ocr_par' dir='ltr' id='par_1_56' title="bbox 902 1365 1692 1402">
     <span class='ocr_line' id='line_1_56' title="bbox 902 1365 1692 1402; baseline 0 -9"><span class='ocrx_word' id='word_1_382' title='bbox 902 1366 944 1402; x_wconf 86' lang='lat' dir='ltr'><strong>gis</strong></span> <span class='ocrx_word' id='word_1_383' title='bbox 969 1365 1175 1400; x_wconf 80' lang='lat' dir='ltr'><strong>intelligendum</strong></span> <span class='ocrx_word' id='word_1_384' title='bbox 1200 1370 1242 1392; x_wconf 84' lang='lat' dir='ltr'><strong>est</strong></span> <span class='ocrx_word' id='word_1_385' title='bbox 1261 1371 1289 1392; x_wconf 86' lang='lat' dir='ltr'><strong>et</strong></span> <span class='ocrx_word' id='word_1_386' title='bbox 1315 1366 1387 1393; x_wconf 90' lang='lat' dir='ltr'><strong>hunc</strong></span> <span class='ocrx_word' id='word_1_387' title='bbox 1412 1366 1546 1393; x_wconf 90' lang='lat' dir='ltr'><strong>medicum</strong></span> <span class='ocrx_word' id='word_1_388' title='bbox 1568 1371 1692 1394; x_wconf 87' lang='lat' dir='ltr'><strong>nostrum</strong></span> 
     </span>
    </p>
   </div>
   <div class='ocr_carea' id='block_1_57' title="bbox 903 1411 1691 1444">
    <p class='ocr_par' dir='ltr' id='par_1_57' title="bbox 903 1411 1691 1444">
     <span class='ocr_line' id='line_1_57' title="bbox 903 1411 1691 1444; baseline -0.001 -5"><span class='ocrx_word' id='word_1_389' title='bbox 903 1412 986 1440; x_wconf 89' lang='lat' dir='ltr'><strong>Deum</strong></span> <span class='ocrx_word' id='word_1_390' title='bbox 1002 1411 1137 1439; x_wconf 87' lang='lat' dir='ltr'><strong>volentem</strong></span> <span class='ocrx_word' id='word_1_391' title='bbox 1153 1411 1258 1438; x_wconf 89' lang='lat' dir='ltr'><strong>diluere</strong></span> <span class='ocrx_word' id='word_1_392' title='bbox 1272 1411 1337 1438; x_wconf 86' lang='lat' dir='ltr'><strong>vitia</strong></span> <span class='ocrx_word' id='word_1_393' title='bbox 1354 1411 1506 1438; x_wconf 88' lang='lat' dir='ltr'><strong>animarum</strong></span> <span class='ocrx_word' id='word_1_394' title='bbox 1523 1415 1691 1444; x_wconf 87' lang='lat' dir='ltr'><strong>nostrarum,</strong></span> 
     </span>
    </p>
   </div>
   <div class='ocr_carea' id='block_1_58' title="bbox 903 1455 1694 1492">
    <p class='ocr_par' dir='ltr' id='par_1_58' title="bbox 903 1455 1694 1492">
     <span class='ocr_line' id='line_1_58' title="bbox 903 1455 1694 1492; baseline 0 -8"><span class='ocrx_word' id='word_1_395' title='bbox 903 1465 963 1492; x_wconf 68' lang='lat' dir='ltr'><strong>quae</strong></span> <span class='ocrx_word' id='word_1_396' title='bbox 977 1464 1011 1484; x_wconf 78' lang='lat' dir='ltr'><strong>ex</strong></span> <span class='ocrx_word' id='word_1_397' title='bbox 1030 1460 1203 1491; x_wconf 89' lang='lat' dir='ltr'><strong>peccatorum</strong></span> <span class='ocrx_word' id='word_1_398' title='bbox 1227 1461 1255 1483; x_wconf 88' lang='lat' dir='ltr'><strong>et</strong></span> <span class='ocrx_word' id='word_1_399' title='bbox 1276 1456 1410 1483; x_wconf 82' lang='lat' dir='ltr'><strong>scelerum</strong></span> <span class='ocrx_word' id='word_1_400' title='bbox 1428 1456 1586 1484; x_wconf 86' lang='lat' dir='ltr'><strong>diversitate</strong></span> <span class='ocrx_word' id='word_1_401' title='bbox 1611 1455 1694 1484; x_wconf 85' lang='lat' dir='ltr'><strong>colle-</strong></span> 
     </span>
    </p>
   </div>
   <div class='ocr_carea' id='block_1_59' title="bbox 69 1497 1692 1542">
    <p class='ocr_par' dir='ltr' id='par_1_59' title="bbox 69 1497 1692 1542">
     <span class='ocr_line' id='line_1_59' title="bbox 69 1497 1692 1542; baseline 0 -13"><span class='ocrx_word' id='word_1_402' title='bbox 69 1504 125 1524; x_wconf 72' lang='lat' dir='ltr'><strong>num</strong></span> <span class='ocrx_word' id='word_1_403' title='bbox 138 1497 220 1530; x_wconf 70' lang='lat' dir='ltr'><strong>Villis.</strong></span> <span class='ocrx_word' id='word_1_404' title='bbox 235 1505 299 1532; x_wconf 73' lang='grc' dir='ltr'><strong>ειυεε</strong></span> <span class='ocrx_word' id='word_1_405' title='bbox 314 1497 458 1525; x_wconf 70' lang='lat' dir='ltr'><strong>animabus</strong></span> <span class='ocrx_word' id='word_1_406' title='bbox 480 1497 605 1525; x_wconf 63' lang='lat' dir='ltr'><strong>“comere</strong></span> <span class='ocrx_word' id='word_1_407' title='bbox 629 1497 728 1530; x_wconf 70' lang='grc' dir='ltr'><strong>δοιθηι»</strong></span> <span class='ocrx_word' id='word_1_408' title='bbox 752 1498 779 1525; x_wconf 77' lang='lat' dir='ltr'><strong>id</strong></span> <span class='ocrx_word' id='word_1_409' title='bbox 794 1502 847 1529; x_wconf 68' lang='lat'><strong>851.</strong></span> <span class='ocrx_word' id='word_1_410' title='bbox 863 1514 884 1541; x_wconf 70' lang='grc' dir='ltr'><strong>ρ</strong></span> <span class='ocrx_word' id='word_1_411' title='bbox 904 1510 1012 1538; x_wconf 76' lang='lat' dir='ltr'><strong>gerant,</strong></span> <span class='ocrx_word' id='word_1_412' title='bbox 1029 1502 1066 1529; x_wconf 95' lang='lat' dir='ltr'><strong>uti</strong></span> <span class='ocrx_word' id='word_1_413' title='bbox 1091 1501 1275 1537; x_wconf 86' lang='lat' dir='ltr'><strong>hujuscemodi</strong></span> <span class='ocrx_word' id='word_1_414' title='bbox 1294 1502 1449 1535; x_wconf 68' lang='lat' dir='ltr'><strong>poenalibus</strong></span> <span class='ocrx_word' id='word_1_415' title='bbox 1472 1502 1555 1542; x_wconf 88' lang='lat' dir='ltr'><strong>curis,</strong></span> <span class='ocrx_word' id='word_1_416' title='bbox 1580 1502 1692 1535; x_wconf 88' lang='lat' dir='ltr'><strong>insuper</strong></span> 
     </span>
    </p>
   </div>
   <div class='ocr_carea' id='block_1_60' title="bbox 68 1541 848 1578">
    <p class='ocr_par' dir='ltr' id='par_1_60' title="bbox 68 1541 848 1578">
     <span class='ocr_line' id='line_1_60' title="bbox 68 1541 848 1578; baseline 0.004 -10"><span class='ocrx_word' id='word_1_417' title='bbox 68 1548 122 1568; x_wconf 87' lang='lat' dir='ltr'><strong>cum</strong></span> <span class='ocrx_word' id='word_1_418' title='bbox 140 1542 179 1569; x_wconf 91' lang='lat' dir='ltr'><strong>vel</strong></span> <span class='ocrx_word' id='word_1_419' title='bbox 201 1542 323 1569; x_wconf 86' lang='lat' dir='ltr'><strong>flammis</strong></span> <span class='ocrx_word' id='word_1_420' title='bbox 345 1542 447 1569; x_wconf 89' lang='lat' dir='ltr'><strong>amoris</strong></span> <span class='ocrx_word' id='word_1_421' title='bbox 458 1542 594 1577; x_wconf 44' lang='lat' dir='ltr'><strong>Lexuritur</strong></span> <span class='ocrx_word' id='word_1_422' title='bbox 615 1541 671 1578; x_wconf 72' lang='grc'>(49)</span> <span class='ocrx_word' id='word_1_423' title='bbox 689 1543 789 1577; x_wconf 86' lang='lat' dir='ltr'><strong>anima,</strong></span> <span class='ocrx_word' id='word_1_424' title='bbox 805 1543 848 1571; x_wconf 90' lang='lat' dir='ltr'><strong>vel</strong></span> 
     </span>
    </p>
   </div>
   <div class='ocr_carea' id='block_1_61' title="bbox 71 1587 848 1624">
    <p class='ocr_par' dir='ltr' id='par_1_61' title="bbox 71 1587 848 1624">
     <span class='ocr_line' id='line_1_61' title="bbox 71 1587 848 1624; baseline 0.003 -10"><span class='ocrx_word' id='word_1_425' title='bbox 71 1587 125 1622; x_wconf 81' lang='lat' dir='ltr'><strong>zeli,</strong></span> <span class='ocrx_word' id='word_1_426' title='bbox 147 1588 188 1615; x_wconf 91' lang='lat' dir='ltr'><strong>vel</strong></span> <span class='ocrx_word' id='word_1_427' title='bbox 211 1588 308 1616; x_wconf 85' lang='lat' dir='ltr'><strong>livoris</strong></span> <span class='ocrx_word' id='word_1_428' title='bbox 336 1588 446 1624; x_wconf 76' lang='lat' dir='ltr'><strong>ignibus</strong></span> <span class='ocrx_word' id='word_1_429' title='bbox 462 1592 633 1622; x_wconf 86' lang='lat' dir='ltr'><strong>maceratur;</strong></span> <span class='ocrx_word' id='word_1_430' title='bbox 657 1593 705 1616; x_wconf 87' lang='lat' dir='ltr'><strong>aut</strong></span> <span class='ocrx_word' id='word_1_431' title='bbox 729 1596 790 1616; x_wconf 92' lang='lat' dir='ltr'><strong>cum</strong></span> <span class='ocrx_word' id='word_1_432' title='bbox 807 1589 848 1616; x_wconf 90' lang='lat' dir='ltr'><strong>ira</strong></span> 
     </span>
    </p>
   </div>
   <div class='ocr_carea' id='block_1_62' title="bbox 69 1634 849 1669">
    <p class='ocr_par' dir='ltr' id='par_1_62' title="bbox 69 1634 849 1669">
     <span class='ocr_line' id='line_1_62' title="bbox 69 1634 849 1669; baseline 0.003 -9"><span class='ocrx_word' id='word_1_433' title='bbox 69 1634 187 1669; x_wconf 73' lang='lat' dir='ltr'><strong>agitatur,</strong></span> <span class='ocrx_word' id='word_1_434' title='bbox 201 1634 242 1662; x_wconf 89' lang='lat' dir='ltr'><strong>vel</strong></span> <span class='ocrx_word' id='word_1_435' title='bbox 253 1642 318 1662; x_wconf 90' lang='lat' dir='ltr'><strong>cum</strong></span> <span class='ocrx_word' id='word_1_436' title='bbox 333 1635 457 1669; x_wconf 72' lang='lat' dir='ltr'><strong>insaniae,</strong></span> <span class='ocrx_word' id='word_1_437' title='bbox 470 1635 513 1662; x_wconf 89' lang='lat' dir='ltr'><strong>vel</strong></span> <span class='ocrx_word' id='word_1_438' title='bbox 530 1634 649 1662; x_wconf 72' lang='lat' dir='ltr'><strong>tristitire</strong></span> <span class='ocrx_word' id='word_1_439' title='bbox 663 1634 849 1662; x_wconf 87' lang='lat' dir='ltr'><strong>immensitate</strong></span> 
     </span>
    </p>
   </div>
   <div class='ocr_carea' id='block_1_63' title="bbox 68 1680 849 1715">
    <p class='ocr_par' dir='ltr' id='par_1_63' title="bbox 68 1680 849 1715">
     <span class='ocr_line' id='line_1_63' title="bbox 68 1680 849 1715; baseline 0.004 -9"><span class='ocrx_word' id='word_1_440' title='bbox 68 1680 236 1714; x_wconf 78' lang='lat' dir='ltr'><strong>consumitur,</strong></span> <span class='ocrx_word' id='word_1_441' title='bbox 257 1680 396 1715; x_wconf 86' lang='lat' dir='ltr'><strong>quomodo</strong></span> <span class='ocrx_word' id='word_1_442' title='bbox 411 1680 508 1707; x_wconf 88' lang='lat' dir='ltr'><strong>horttm</strong></span> <span class='ocrx_word' id='word_1_443' title='bbox 533 1680 666 1707; x_wconf 85' lang='lat' dir='ltr'><strong>malorum</strong></span> <span class='ocrx_word' id='word_1_444' title='bbox 693 1680 849 1709; x_wconf 84' lang='lat' dir='ltr'><strong>nimietates</strong></span> 
     </span>
    </p>
   </div>
   <div class='ocr_carea' id='block_1_64' title="bbox 69 1725 848 1761">
    <p class='ocr_par' dir='ltr' id='par_1_64' title="bbox 69 1725 848 1761">
     <span class='ocr_line' id='line_1_64' title="bbox 69 1725 848 1761; baseline 0.001 -9"><span class='ocrx_word' id='word_1_445' title='bbox 69 1725 188 1761; x_wconf 83' lang='lat' dir='ltr'><strong>aliquanti</strong></span> <span class='ocrx_word' id='word_1_446' title='bbox 212 1726 426 1754; x_wconf 86' lang='lat' dir='ltr'><strong>intolerabiliter</strong></span> <span class='ocrx_word' id='word_1_447' title='bbox 450 1725 582 1760; x_wconf 87' lang='lat' dir='ltr'><strong>ferentes,</strong></span> <span class='ocrx_word' id='word_1_448' title='bbox 603 1733 719 1754; x_wconf 90' lang='lat' dir='ltr'><strong>mortem</strong></span> <span class='ocrx_word' id='word_1_449' title='bbox 745 1727 848 1759; x_wconf 85' lang='lat' dir='ltr'><strong>subire,</strong></span> 
     </span>
    </p>
   </div>
   <div class='ocr_carea' id='block_1_65' title="bbox 69 1771 849 1808">
    <p class='ocr_par' dir='ltr' id='par_1_65' title="bbox 69 1771 849 1808">
     <span class='ocr_line' id='line_1_65' title="bbox 69 1771 849 1808; baseline 0.004 -10"><span class='ocrx_word' id='word_1_450' title='bbox 69 1777 140 1806; x_wconf 86' lang='lat' dir='ltr'><strong>quam</strong></span> <span class='ocrx_word' id='word_1_451' title='bbox 155 1771 211 1808; x_wconf 82' lang='lat'><strong>(50)</strong></span> <span class='ocrx_word' id='word_1_452' title='bbox 225 1773 416 1808; x_wconf 87' lang='lat' dir='ltr'><strong>hujuscemodi</strong></span> <span class='ocrx_word' id='word_1_453' title='bbox 434 1774 571 1801; x_wconf 81' lang='lat' dir='ltr'><strong>cruciatus</strong></span> <span class='ocrx_word' id='word_1_454' title='bbox 585 1774 701 1808; x_wconf 86' lang='lat' dir='ltr'><strong>perpeti,</strong></span> <span class='ocrx_word' id='word_1_455' title='bbox 722 1771 849 1801; x_wconf 85' lang='lat' dir='ltr'><strong>tolerabi-</strong></span> 
     </span>
    </p>
   </div>
   <div class='ocr_carea' id='block_1_66' title="bbox 70 1815 849 1853">
    <p class='ocr_par' dir='ltr' id='par_1_66' title="bbox 70 1815 849 1853">
     <span class='ocr_line' id='line_1_66' title="bbox 70 1815 849 1853; baseline 0.005 -10"><span class='ocrx_word' id='word_1_456' title='bbox 70 1815 115 1844; x_wconf 84' lang='lat' dir='ltr'><strong>lius</strong></span> <span class='ocrx_word' id='word_1_457' title='bbox 130 1818 256 1846; x_wconf 86' lang='lat' dir='ltr'><strong>babuere.</strong></span> <span class='ocrx_word' id='word_1_458' title='bbox 283 1818 420 1853; x_wconf 85' lang='lat' dir='ltr'><strong>chuircs</strong></span> <span class='ocrx_word' id='word_1_459' title='bbox 444 1827 512 1847; x_wconf 87' lang='lat' dir='ltr'><strong>sane</strong></span> <span class='ocrx_word' id='word_1_460' title='bbox 532 1819 554 1846; x_wconf 92' lang='lat' dir='ltr'><strong>si</strong></span> <span class='ocrx_word' id='word_1_461' title='bbox 581 1819 624 1847; x_wconf 83' lang='lat' dir='ltr'><strong>his</strong></span> <span class='ocrx_word' id='word_1_462' title='bbox 644 1819 690 1853; x_wconf 92' lang='lat' dir='ltr'><strong>qui</strong></span> <span class='ocrx_word' id='word_1_463' title='bbox 719 1819 849 1847; x_wconf 91' lang='lat' dir='ltr'><strong>vitiorum</strong></span> 
     </span>
    </p>
   </div>
   <div class='ocr_carea' id='block_1_67' title="bbox 70 1863 850 1900">
    <p class='ocr_par' dir='ltr' id='par_1_67' title="bbox 70 1863 850 1900">
     <span class='ocr_line' id='line_1_67' title="bbox 70 1863 850 1900; baseline 0.005 -11"><span class='ocrx_word' id='word_1_464' title='bbox 70 1863 139 1891; x_wconf 86' lang='lat' dir='ltr'><strong>malis</strong></span> <span class='ocrx_word' id='word_1_465' title='bbox 155 1864 211 1892; x_wconf 86' lang='lat' dir='ltr'><strong>istis</strong></span> <span class='ocrx_word' id='word_1_466' title='bbox 234 1872 298 1900; x_wconf 64' lang='lat' dir='ltr'><strong>qua;</strong></span> <span class='ocrx_word' id='word_1_467' title='bbox 321 1872 403 1900; x_wconf 91' lang='lat' dir='ltr'><strong>supra</strong></span> <span class='ocrx_word' id='word_1_468' title='bbox 427 1865 557 1898; x_wconf 81' lang='lat' dir='ltr'><strong>diximus,</strong></span> <span class='ocrx_word' id='word_1_469' title='bbox 576 1865 673 1893; x_wconf 88' lang='lat' dir='ltr'><strong>irretiti</strong></span> <span class='ocrx_word' id='word_1_470' title='bbox 701 1870 775 1898; x_wconf 83' lang='lat' dir='ltr'><strong>sunt,</strong></span> <span class='ocrx_word' id='word_1_471' title='bbox 798 1873 850 1893; x_wconf 86' lang='lat' dir='ltr'><strong>nec</strong></span> 
     </span>
    </p>
   </div>
   <div class='ocr_carea' id='block_1_68' title="bbox 70 1910 850 1946">
    <p class='ocr_par' dir='ltr' id='par_1_68' title="bbox 70 1910 850 1946">
     <span class='ocr_line' id='line_1_68' title="bbox 70 1910 850 1946; baseline 0.003 -11"><span class='ocrx_word' id='word_1_472' title='bbox 70 1910 256 1938; x_wconf 87' lang='lat' dir='ltr'><strong>emendationis</strong></span> <span class='ocrx_word' id='word_1_473' title='bbox 268 1910 376 1945; x_wconf 88' lang='lat' dir='ltr'><strong>aliquid</strong></span> <span class='ocrx_word' id='word_1_474' title='bbox 391 1910 417 1937; x_wconf 91' lang='lat' dir='ltr'><strong>in</strong></span> <span class='ocrx_word' id='word_1_475' title='bbox 431 1910 483 1938; x_wconf 87' lang='lat' dir='ltr'><strong>hac</strong></span> <span class='ocrx_word' id='word_1_476' title='bbox 497 1911 552 1938; x_wconf 90' lang='lat' dir='ltr'><strong>vita</strong></span> <span class='ocrx_word' id='word_1_477' title='bbox 567 1911 656 1938; x_wconf 88' lang='lat' dir='ltr'><strong>adhuc</strong></span> <span class='ocrx_word' id='word_1_478' title='bbox 670 1911 752 1946; x_wconf 89' lang='lat' dir='ltr'><strong>positi</strong></span> <span class='ocrx_word' id='word_1_479' title='bbox 774 1918 850 1938; x_wconf 93' lang='lat' dir='ltr'><strong>com-</strong></span> 
     </span>
    </p>
   </div>
   <div class='ocr_carea' id='block_1_69' title="bbox 71 1956 848 1991">
    <p class='ocr_par' dir='ltr' id='par_1_69' title="bbox 71 1956 848 1991">
     <span class='ocr_line' id='line_1_69' title="bbox 71 1956 848 1991; baseline 0.001 -11"><span class='ocrx_word' id='word_1_480' title='bbox 71 1960 156 1988; x_wconf 81' lang='lat' dir='ltr'><strong>parare</strong></span> <span class='ocrx_word' id='word_1_481' title='bbox 180 1957 290 1984; x_wconf 84' lang='lat' dir='ltr'><strong>sibimet</strong></span> <span class='ocrx_word' id='word_1_482' title='bbox 311 1961 469 1991; x_wconf 88' lang='lat' dir='ltr'><strong>potuerunt,</strong></span> <span class='ocrx_word' id='word_1_483' title='bbox 495 1961 524 1984; x_wconf 91' lang='lat' dir='ltr'><strong>et</strong></span> <span class='ocrx_word' id='word_1_484' title='bbox 547 1957 583 1984; x_wconf 85' lang='lat' dir='ltr'><strong>ita</strong></span> <span class='ocrx_word' id='word_1_485' title='bbox 607 1963 641 1983; x_wconf 76' lang='lat' dir='ltr'><strong>ex</strong></span> <span class='ocrx_word' id='word_1_486' title='bbox 667 1957 719 1984; x_wconf 90' lang='lat' dir='ltr'><strong>hoc</strong></span> <span class='ocrx_word' id='word_1_487' title='bbox 747 1956 848 1983; x_wconf 91' lang='lat' dir='ltr'><strong>mundo</strong></span> 
     </span>
    </p>
   </div>
   <div class='ocr_carea' id='block_1_70' title="bbox 71 2001 849 2038">
    <p class='ocr_par' dir='ltr' id='par_1_70' title="bbox 71 2001 849 2038">
     <span class='ocr_line' id='line_1_70' title="bbox 71 2001 849 2038; baseline 0 -9"><span class='ocrx_word' id='word_1_488' title='bbox 71 2001 261 2037; x_wconf 83' lang='lat' dir='ltr'><strong>abscesserunt,</strong></span> <span class='ocrx_word' id='word_1_489' title='bbox 289 2002 407 2031; x_wconf 69' lang='lat' dir='ltr'><strong>sufﬁciat</strong></span> <span class='ocrx_word' id='word_1_490' title='bbox 430 2003 484 2031; x_wconf 89' lang='lat' dir='ltr'><strong>illis</strong></span> <span class='ocrx_word' id='word_1_491' title='bbox 508 2003 542 2030; x_wconf 88' lang='lat' dir='ltr'><strong>ad</strong></span> <span class='ocrx_word' id='word_1_492' title='bbox 566 2009 674 2038; x_wconf 76' lang='lat' dir='ltr'><strong>pt‘enam</strong></span> <span class='ocrx_word' id='word_1_493' title='bbox 699 2002 770 2037; x_wconf 88' lang='lat' dir='ltr'><strong>quod</strong></span> <span class='ocrx_word' id='word_1_494' title='bbox 795 2002 849 2029; x_wconf 89' lang='lat' dir='ltr'><strong>illis</strong></span> 
     </span>
    </p>
   </div>
   <div class='ocr_carea' id='block_1_71' title="bbox 72 2046 849 2083">
    <p class='ocr_par' dir='ltr' id='par_1_71' title="bbox 72 2046 849 2083">
     <span class='ocr_line' id='line_1_71' title="bbox 72 2046 849 2083; baseline 0.003 -10"><span class='ocrx_word' id='word_1_495' title='bbox 72 2046 129 2082; x_wconf 86' lang='lat' dir='ltr'><strong>ipsis</strong></span> <span class='ocrx_word' id='word_1_496' title='bbox 141 2050 352 2083; x_wconf 87' lang='lat' dir='ltr'><strong>perdurantibus</strong></span> <span class='ocrx_word' id='word_1_497' title='bbox 372 2050 399 2077; x_wconf 94' lang='lat' dir='ltr'><strong>in</strong></span> <span class='ocrx_word' id='word_1_498' title='bbox 422 2057 451 2077; x_wconf 91' lang='lat' dir='ltr'><strong>se</strong></span> <span class='ocrx_word' id='word_1_499' title='bbox 465 2050 553 2077; x_wconf 86' lang='lat' dir='ltr'><strong>noxiis</strong></span> <span class='ocrx_word' id='word_1_500' title='bbox 569 2048 710 2076; x_wconf 73' lang='lat' dir='ltr'><strong>affectibus</strong></span> <span class='ocrx_word' id='word_1_501' title='bbox 724 2048 849 2075; x_wconf 90' lang='lat' dir='ltr'><strong>crucian-</strong></span> 
     </span>
    </p>
   </div>
   <div class='ocr_carea' id='block_1_72' title="bbox 72 2093 848 2128">
    <p class='ocr_par' dir='ltr' id='par_1_72' title="bbox 72 2093 848 2128">
     <span class='ocr_line' id='line_1_72' title="bbox 72 2093 848 2128; baseline 0 -8"><span class='ocrx_word' id='word_1_502' title='bbox 72 2096 118 2126; x_wconf 87' lang='lat' dir='ltr'><strong>tur,</strong></span> <span class='ocrx_word' id='word_1_503' title='bbox 140 2095 165 2122; x_wconf 92' lang='lat' dir='ltr'><strong>id</strong></span> <span class='ocrx_word' id='word_1_504' title='bbox 185 2099 236 2128; x_wconf 87' lang='lat' dir='ltr'><strong>est,</strong></span> <span class='ocrx_word' id='word_1_505' title='bbox 253 2095 297 2123; x_wconf 90' lang='lat' dir='ltr'><strong>vel</strong></span> <span class='ocrx_word' id='word_1_506' title='bbox 322 2096 381 2128; x_wconf 76' lang='lat' dir='ltr'><strong>irae,</strong></span> <span class='ocrx_word' id='word_1_507' title='bbox 404 2095 445 2123; x_wconf 87' lang='lat' dir='ltr'><strong>vel</strong></span> <span class='ocrx_word' id='word_1_508' title='bbox 470 2095 581 2126; x_wconf 83' lang='lat' dir='ltr'><strong>furoris,</strong></span> <span class='ocrx_word' id='word_1_509' title='bbox 597 2094 641 2121; x_wconf 85' lang='lat' dir='ltr'><strong>vel</strong></span> <span class='ocrx_word' id='word_1_510' title='bbox 661 2093 784 2127; x_wconf 63' lang='lat' dir='ltr'><strong>insanias,</strong></span> <span class='ocrx_word' id='word_1_511' title='bbox 806 2093 848 2120; x_wconf 88' lang='lat' dir='ltr'><strong>vel</strong></span> 
     </span>
    </p>
   </div>
   <div class='ocr_carea' id='block_1_73' title="bbox 73 2138 848 2177">
    <p class='ocr_par' dir='ltr' id='par_1_73' title="bbox 73 2138 848 2177">
     <span class='ocr_line' id='line_1_73' title="bbox 73 2138 848 2177; baseline -0.001 -10"><span class='ocrx_word' id='word_1_512' title='bbox 73 2142 195 2174; x_wconf 65' lang='lat' dir='ltr'><strong>maeroris,</strong></span> <span class='ocrx_word' id='word_1_513' title='bbox 210 2149 329 2177; x_wconf 90' lang='lat' dir='ltr'><strong>quorum</strong></span> <span class='ocrx_word' id='word_1_514' title='bbox 351 2141 445 2175; x_wconf 89' lang='lat' dir='ltr'><strong>utique</strong></span> <span class='ocrx_word' id='word_1_515' title='bbox 476 2139 648 2167; x_wconf 87' lang='lat' dir='ltr'><strong>mortiferum</strong></span> <span class='ocrx_word' id='word_1_516' title='bbox 674 2140 750 2166; x_wconf 89' lang='lat' dir='ltr'><strong>virus</strong></span> <span class='ocrx_word' id='word_1_517' title='bbox 773 2138 848 2166; x_wconf 87' lang='lat' dir='ltr'><strong>nullo</strong></span> 
     </span>
    </p>
   </div>
   <div class='ocr_carea' id='block_1_74' title="bbox 73 2184 847 2219">
    <p class='ocr_par' dir='ltr' id='par_1_74' title="bbox 73 2184 847 2219">
     <span class='ocr_line' id='line_1_74' title="bbox 73 2184 847 2219; baseline -0.003 -7"><span class='ocrx_word' id='word_1_518' title='bbox 73 2185 96 2213; x_wconf 94' lang='lat' dir='ltr'><strong>in</strong></span> <span class='ocrx_word' id='word_1_519' title='bbox 109 2187 156 2215; x_wconf 88' lang='lat' dir='ltr'><strong>bac</strong></span> <span class='ocrx_word' id='word_1_520' title='bbox 176 2188 228 2215; x_wconf 84' lang='lat' dir='ltr'><strong>vita</strong></span> <span class='ocrx_word' id='word_1_521' title='bbox 246 2188 450 2215; x_wconf 87' lang='lat' dir='ltr'><strong>emendationis</strong></span> <span class='ocrx_word' id='word_1_522' title='bbox 474 2186 674 2214; x_wconf 88' lang='lat' dir='ltr'><strong>medicamento</strong></span> <span class='ocrx_word' id='word_1_523' title='bbox 697 2184 847 2219; x_wconf 86' lang='lat' dir='ltr'><strong>mitigatum</strong></span> 
     </span>
    </p>
   </div>
   <div class='ocr_carea' id='block_1_75' title="bbox 101 2256 639 2289">
    <p class='ocr_par' dir='ltr' id='par_1_75' title="bbox 101 2256 639 2289">
     <span class='ocr_line' id='line_1_75' title="bbox 101 2256 639 2289; baseline -0.002 -6"><span class='ocrx_word' id='word_1_524' title='bbox 101 2256 111 2271; x_wconf 80' lang='grc'>¹</span> <span class='ocrx_word' id='word_1_525' title='bbox 125 2256 243 2289; x_wconf 81' lang='lat' dir='ltr'><strong>Rom.n,</strong></span> <span class='ocrx_word' id='word_1_526' title='bbox 258 2257 304 2289; x_wconf 82' lang='lat' dir='ltr'><strong>t3,</strong></span> <span class='ocrx_word' id='word_1_527' title='bbox 323 2257 368 2286; x_wconf 77' lang='grc'><strong>16.</strong></span> <span class='ocrx_word' id='word_1_528' title='bbox 416 2257 426 2273; x_wconf 87' lang='grc'><em>³</em></span> <span class='ocrx_word' id='word_1_529' title='bbox 448 2257 526 2284; x_wconf 84' lang='lat' dir='ltr'><strong>Deut.</strong></span> <span class='ocrx_word' id='word_1_530' title='bbox 544 2263 639 2283; x_wconf 77' lang='lat' dir='ltr'><strong>uvnt.</strong></span> 
     </span>
    </p>
   </div>
   <div class='ocr_carea' id='block_1_76' title="bbox 100 2323 845 2387">
    <p class='ocr_par' dir='ltr' id='par_1_76' title="bbox 100 2323 845 2387">
     <span class='ocr_line' id='line_1_76' title="bbox 100 2323 845 2387; baseline -0.005 -33"><span class='ocrx_word' id='word_1_531' title='bbox 100 2326 153 2387; x_wconf 51' lang='lat' dir='ltr'><strong>3L6)</strong></span> <span class='ocrx_word' id='word_1_532' title='bbox 175 2326 328 2354; x_wconf 82' lang='lat' dir='ltr'><strong>Contraria.</strong></span> <span class='ocrx_word' id='word_1_533' title='bbox 355 2327 435 2353; x_wconf 74' lang='lat' dir='ltr'><strong>Deest</strong></span> <span class='ocrx_word' id='word_1_534' title='bbox 460 2325 486 2352; x_wconf 91' lang='lat' dir='ltr'><strong>in</strong></span> <span class='ocrx_word' id='word_1_535' title='bbox 510 2325 646 2360; x_wconf 88' lang='lat' dir='ltr'><strong>prioribus</strong></span> <span class='ocrx_word' id='word_1_536' title='bbox 668 2323 845 2356; x_wconf 84' lang='lat' dir='ltr'><strong>editionibus,</strong></span> 
     </span>
     <span class='ocr_line' id='line_1_77' title="bbox 127 2359 845 2387; baseline -0.001 0"><span class='ocrx_word' id='word_1_537' title='bbox 127 2361 237 2387; x_wconf 84' lang='lat' dir='ltr'><strong>habetur</strong></span> <span class='ocrx_word' id='word_1_538' title='bbox 251 2363 278 2387; x_wconf 91' lang='lat' dir='ltr'><strong>in</strong></span> <span class='ocrx_word' id='word_1_539' title='bbox 294 2369 360 2387; x_wconf 86' lang='lat' dir='ltr'><strong>mss.</strong></span> <span class='ocrx_word' id='word_1_540' title='bbox 377 2362 459 2387; x_wconf 85' lang='lat' dir='ltr'><strong>Paulo</strong></span> <span class='ocrx_word' id='word_1_541' title='bbox 472 2365 531 2387; x_wconf 89' lang='lat' dir='ltr'><strong>oost</strong></span> <span class='ocrx_word' id='word_1_542' title='bbox 548 2367 626 2387; x_wconf 84' lang='lat' dir='ltr'><strong>mss..</strong></span> <span class='ocrx_word' id='word_1_543' title='bbox 645 2369 654 2384; x_wconf 76' lang='grc' dir='ltr'><strong><em>ι</em></strong></span> <span class='ocrx_word' id='word_1_544' title='bbox 673 2359 845 2387; x_wconf 78' lang='lat' dir='ltr'><strong>intemperies</strong></span> 
     </span>
    </p>
   </div>
   <div class='ocr_carea' id='block_1_77' title="bbox 75 2359 846 2394">
    <p class='ocr_par' dir='ltr' id='par_1_77' title="bbox 75 2359 846 2394">
     <span class='ocr_line' id='line_1_78' title="bbox 75 2359 846 2394; baseline 0 -8"><span class='ocrx_word' id='word_1_545' title='bbox 75 2359 114 2387; x_wconf 85' lang='lat' dir='ltr'><strong>sed</strong></span> <span class='ocrx_word' id='word_1_546' title='bbox 127 2361 237 2389; x_wconf 88' lang='lat' dir='ltr'><strong>habetur</strong></span> <span class='ocrx_word' id='word_1_547' title='bbox 251 2363 278 2389; x_wconf 93' lang='lat' dir='ltr'><strong>in</strong></span> <span class='ocrx_word' id='word_1_548' title='bbox 294 2369 360 2389; x_wconf 85' lang='lat' dir='ltr'><strong>mss.</strong></span> <span class='ocrx_word' id='word_1_549' title='bbox 377 2362 459 2388; x_wconf 85' lang='lat' dir='ltr'><strong>Paulo</strong></span> <span class='ocrx_word' id='word_1_550' title='bbox 472 2359 531 2394; x_wconf 83' lang='lat' dir='ltr'><strong>post</strong></span> <span class='ocrx_word' id='word_1_551' title='bbox 548 2367 626 2392; x_wconf 89' lang='lat' dir='ltr'><strong>mss.,</strong></span> <span class='ocrx_word' id='word_1_552' title='bbox 645 2369 654 2384; x_wconf 75' lang='grc' dir='ltr'><strong><em>ι</em></strong></span> <span class='ocrx_word' id='word_1_553' title='bbox 673 2359 846 2392; x_wconf 89' lang='lat' dir='ltr'><strong>intemperies</strong></span> 
     </span>
    </p>
   </div>
   <div class='ocr_carea' id='block_1_78' title="bbox 75 2394 847 2432">
    <p class='ocr_par' dir='ltr' id='par_1_78' title="bbox 75 2394 847 2432">
     <span class='ocr_line' id='line_1_79' title="bbox 75 2394 847 2432; baseline -0.001 -10"><span class='ocrx_word' id='word_1_554' title='bbox 75 2396 173 2432; x_wconf 78' lang='lat' dir='ltr'><strong>collecta</strong></span> <span class='ocrx_word' id='word_1_555' title='bbox 196 2398 340 2424; x_wconf 86' lang='lat' dir='ltr'><strong>materiam</strong></span> <span class='ocrx_word' id='word_1_556' title='bbox 367 2397 543 2432; x_wconf 80' lang='lat' dir='ltr'><strong>suggesserit.</strong></span> <span class='ocrx_word' id='word_1_557' title='bbox 576 2404 585 2419; x_wconf 72' lang='grc' dir='ltr'>ι</span> <span class='ocrx_word' id='word_1_558' title='bbox 610 2394 685 2421; x_wconf 83' lang='lat' dir='ltr'><strong>Alias</strong></span> <span class='ocrx_word' id='word_1_559' title='bbox 697 2402 747 2429; x_wconf 84' lang='lat' dir='ltr'><strong>pro</strong></span> <span class='ocrx_word' id='word_1_560' title='bbox 762 2403 771 2418; x_wconf 79' lang='grc' dir='ltr'>ι</span> <span class='ocrx_word' id='word_1_561' title='bbox 791 2394 847 2421; x_wconf 89' lang='lat' dir='ltr'><strong>col-</strong></span> 
     </span>
    </p>
   </div>
   <div class='ocr_carea' id='block_1_79' title="bbox 76 2430 500 2466">
    <p class='ocr_par' dir='ltr' id='par_1_79' title="bbox 76 2430 500 2466">
     <span class='ocr_line' id='line_1_80' title="bbox 76 2430 500 2466; baseline 0.005 -10"><span class='ocrx_word' id='word_1_562' title='bbox 76 2430 134 2457; x_wconf 85' lang='lat' dir='ltr'><strong>lecta</strong></span> <span class='ocrx_word' id='word_1_563' title='bbox 151 2441 160 2457; x_wconf 82' lang='grc'><strong>›</strong></span> <span class='ocrx_word' id='word_1_564' title='bbox 175 2432 274 2466; x_wconf 85' lang='lat' dir='ltr'><strong>legitur</strong></span> <span class='ocrx_word' id='word_1_565' title='bbox 290 2441 299 2457; x_wconf 84' lang='grc'><strong>«</strong></span> <span class='ocrx_word' id='word_1_566' title='bbox 319 2430 471 2458; x_wconf 65' lang='lat' dir='ltr'><strong>collectam.</strong></span> <span class='ocrx_word' id='word_1_567' title='bbox 491 2439 500 2455; x_wconf 76' lang='grc' dir='ltr'>ι</span> 
     </span>
    </p>
   </div>
   <div class='ocr_carea' id='block_1_80' title="bbox 105 2463 848 2502">
    <p class='ocr_par' dir='ltr' id='par_1_80' title="bbox 105 2463 848 2502">
     <span class='ocr_line' id='line_1_81' title="bbox 105 2463 848 2502; baseline -0.005 -9"><span class='ocrx_word' id='word_1_568' title='bbox 105 2466 156 2502; x_wconf 71' lang='grc'>(47)</span> <span class='ocrx_word' id='word_1_569' title='bbox 177 2463 334 2502; x_wconf 18' lang='lat' dir='ltr'><strong>Ituianimra</strong></span> <span class='ocrx_word' id='word_1_570' title='bbox 357 2474 414 2493; x_wconf 84' lang='lat' dir='ltr'><strong>cum</strong></span> <span class='ocrx_word' id='word_1_571' title='bbox 429 2464 621 2492; x_wconf 83' lang='lat' dir='ltr'><strong>multitudinem</strong></span> <span class='ocrx_word' id='word_1_572' title='bbox 637 2463 772 2502; x_wconf 55' lang='lat' dir='ltr'><strong>palorum</strong></span> <span class='ocrx_word' id='word_1_573' title='bbox 789 2471 848 2497; x_wconf 74' lang='lat' dir='ltr'><strong>ope-</strong></span> 
     </span>
    </p>
   </div>
   <div class='ocr_carea' id='block_1_81' title="bbox 76 2498 848 2533">
    <p class='ocr_par' dir='ltr' id='par_1_81' title="bbox 76 2498 848 2533">
     <span class='ocr_line' id='line_1_82' title="bbox 76 2498 848 2533; baseline -0.003 -7"><span class='ocrx_word' id='word_1_574' title='bbox 76 2498 202 2533; x_wconf 64' lang='lat' dir='ltr'><strong>nm,etc.</strong></span> <span class='ocrx_word' id='word_1_575' title='bbox 217 2501 296 2529; x_wconf 83' lang='lat' dir='ltr'><strong>Hunc</strong></span> <span class='ocrx_word' id='word_1_576' title='bbox 317 2501 407 2528; x_wconf 91' lang='lat' dir='ltr'><strong>locum</strong></span> <span class='ocrx_word' id='word_1_577' title='bbox 429 2501 585 2528; x_wconf 72' lang='lat' dir='ltr'><strong>summatim</strong></span> <span class='ocrx_word' id='word_1_578' title='bbox 604 2499 686 2525; x_wconf 83' lang='lat' dir='ltr'><strong>refert</strong></span> <span class='ocrx_word' id='word_1_579' title='bbox 712 2498 848 2532; x_wconf 83' lang='lat' dir='ltr'><strong>Hierony-</strong></span> 
     </span>
    </p>
   </div>
   <div class='ocr_carea' id='block_1_82' title="bbox 78 2533 849 2571">
    <p class='ocr_par' dir='ltr' id='par_1_82' title="bbox 78 2533 849 2571">
     <span class='ocr_line' id='line_1_83' title="bbox 78 2533 849 2571; baseline -0.003 -10"><span class='ocrx_word' id='word_1_580' title='bbox 78 2541 127 2562; x_wconf 89' lang='lat' dir='ltr'><strong>mus</strong></span> <span class='ocrx_word' id='word_1_581' title='bbox 138 2537 212 2571; x_wconf 85' lang='lat' dir='ltr'><strong>cpist.</strong></span> <span class='ocrx_word' id='word_1_582' title='bbox 226 2537 262 2564; x_wconf 68' lang='grc'><strong>94</strong></span> <span class='ocrx_word' id='word_1_583' title='bbox 276 2537 310 2562; x_wconf 87' lang='lat' dir='ltr'><strong>ad</strong></span> <span class='ocrx_word' id='word_1_584' title='bbox 323 2535 431 2563; x_wconf 82' lang='lat' dir='ltr'><strong>Avitum</strong></span> <span class='ocrx_word' id='word_1_585' title='bbox 447 2536 489 2571; x_wconf 75' lang='lat' dir='ltr'><strong>his</strong></span> <span class='ocrx_word' id='word_1_586' title='bbox 500 2534 588 2571; x_wconf 82' lang='lat' dir='ltr'><strong>verbis</strong></span> <span class='ocrx_word' id='word_1_587' title='bbox 600 2542 607 2560; x_wconf 91' lang='lat'><strong>:</strong></span> <span class='ocrx_word' id='word_1_588' title='bbox 624 2543 633 2559; x_wconf 88' lang='grc'><em>‹</em></span> <span class='ocrx_word' id='word_1_589' title='bbox 653 2533 730 2568; x_wconf 81' lang='lat' dir='ltr'><strong>ignes</strong></span> <span class='ocrx_word' id='word_1_590' title='bbox 741 2541 849 2567; x_wconf 86' lang='lat' dir='ltr'><strong>quoque</strong></span> 
     </span>
    </p>
   </div>
   <div class='ocr_carea' id='block_1_83' title="bbox 78 2570 847 2604">
    <p class='ocr_par' dir='ltr' id='par_1_83' title="bbox 78 2570 847 2604">
     <span class='ocr_line' id='line_1_84' title="bbox 78 2570 847 2604; baseline -0.003 -8"><span class='ocrx_word' id='word_1_591' title='bbox 78 2570 192 2603; x_wconf 62' lang='lat' dir='ltr'><strong>gehennae</strong></span> <span class='ocrx_word' id='word_1_592' title='bbox 204 2577 231 2599; x_wconf 89' lang='lat' dir='ltr'><strong>et</strong></span> <span class='ocrx_word' id='word_1_593' title='bbox 245 2575 380 2598; x_wconf 89' lang='lat' dir='ltr'><strong>tormenta</strong></span> <span class='ocrx_word' id='word_1_594' title='bbox 401 2578 460 2604; x_wconf 77' lang='lat' dir='ltr'><strong>qua:</strong></span> <span class='ocrx_word' id='word_1_595' title='bbox 474 2570 615 2603; x_wconf 88' lang='lat' dir='ltr'><strong>Scriptura</strong></span> <span class='ocrx_word' id='word_1_596' title='bbox 637 2573 847 2604; x_wconf 19' lang='lat' dir='ltr'><strong>sanctarpecca-</strong></span> 
     </span>
    </p>
   </div>
   <div class='ocr_carea' id='block_1_84' title="bbox 78 2603 849 2639">
    <p class='ocr_par' dir='ltr' id='par_1_84' title="bbox 78 2603 849 2639">
     <span class='ocr_line' id='line_1_85' title="bbox 78 2603 849 2639; baseline -0.003 -9"><span class='ocrx_word' id='word_1_597' title='bbox 78 2606 170 2639; x_wconf 82' lang='lat' dir='ltr'><strong>toribus</strong></span> <span class='ocrx_word' id='word_1_598' title='bbox 195 2607 387 2638; x_wconf 86' lang='lat' dir='ltr'><strong>comminatur,</strong></span> <span class='ocrx_word' id='word_1_599' title='bbox 406 2603 457 2632; x_wconf 83' lang='lat' dir='ltr'><strong>non</strong></span> <span class='ocrx_word' id='word_1_600' title='bbox 475 2604 550 2638; x_wconf 88' lang='lat' dir='ltr'><strong>ponit</strong></span> <span class='ocrx_word' id='word_1_601' title='bbox 563 2603 715 2639; x_wconf 78' lang='lat' dir='ltr'><strong>(Origenes)</strong></span> <span class='ocrx_word' id='word_1_602' title='bbox 737 2603 763 2639; x_wconf 86' lang='lat' dir='ltr'><strong>in</strong></span> <span class='ocrx_word' id='word_1_603' title='bbox 785 2610 849 2639; x_wconf 39' lang='lat' dir='ltr'><strong>sup:</strong></span> 
     </span>
    </p>
   </div>
   <div class='ocr_carea' id='block_1_85' title="bbox 79 2637 847 2674">
    <p class='ocr_par' dir='ltr' id='par_1_85' title="bbox 79 2637 847 2674">
     <span class='ocr_line' id='line_1_86' title="bbox 79 2637 847 2674; baseline 0 -9"><span class='ocrx_word' id='word_1_604' title='bbox 79 2638 164 2672; x_wconf 85' lang='lat' dir='ltr'><strong>pliciis,</strong></span> <span class='ocrx_word' id='word_1_605' title='bbox 181 2642 225 2669; x_wconf 87' lang='lat' dir='ltr'><strong>sed</strong></span> <span class='ocrx_word' id='word_1_606' title='bbox 239 2642 266 2668; x_wconf 91' lang='lat' dir='ltr'><strong>in</strong></span> <span class='ocrx_word' id='word_1_607' title='bbox 283 2637 450 2668; x_wconf 81' lang='lat' dir='ltr'><strong>conscientia</strong></span> <span class='ocrx_word' id='word_1_608' title='bbox 473 2637 658 2674; x_wconf 75' lang='lat' dir='ltr'><strong>peccatorum,</strong></span> <span class='ocrx_word' id='word_1_609' title='bbox 671 2637 784 2673; x_wconf 85' lang='lat' dir='ltr'><strong>quando,</strong></span> <span class='ocrx_word' id='word_1_610' title='bbox 799 2637 847 2665; x_wconf 88' lang='lat' dir='ltr'><strong>Dei</strong></span> 
     </span>
    </p>
   </div>
   <div class='ocr_carea' id='block_1_86' title="bbox 78 2674 847 2711">
    <p class='ocr_par' dir='ltr' id='par_1_86' title="bbox 78 2674 847 2711">
     <span class='ocr_line' id='line_1_87' title="bbox 78 2674 847 2711; baseline 0.001 -12"><span class='ocrx_word' id='word_1_611' title='bbox 78 2674 167 2702; x_wconf 84' lang='lat' dir='ltr'><strong>virtute</strong></span> <span class='ocrx_word' id='word_1_612' title='bbox 183 2681 210 2703; x_wconf 92' lang='lat' dir='ltr'><strong>et</strong></span> <span class='ocrx_word' id='word_1_613' title='bbox 227 2677 347 2711; x_wconf 87' lang='lat' dir='ltr'><strong>potentia</strong></span> <span class='ocrx_word' id='word_1_614' title='bbox 362 2675 452 2703; x_wconf 88' lang='lat' dir='ltr'><strong>omnis</strong></span> <span class='ocrx_word' id='word_1_615' title='bbox 468 2675 597 2711; x_wconf 81' lang='lat' dir='ltr'><strong>memoria</strong></span> <span class='ocrx_word' id='word_1_616' title='bbox 611 2674 770 2711; x_wconf 78' lang='lat' dir='ltr'><strong>delictorum</strong></span> <span class='ocrx_word' id='word_1_617' title='bbox 783 2677 847 2700; x_wconf 84' lang='lat' dir='ltr'><strong>ante</strong></span> 
     </span>
    </p>
   </div>
   <div class='ocr_carea' id='block_1_87' title="bbox 78 2707 846 2745">
    <p class='ocr_par' dir='ltr' id='par_1_87' title="bbox 78 2707 846 2745">
     <span class='ocr_line' id='line_1_88' title="bbox 78 2707 846 2745; baseline 0 -11"><span class='ocrx_word' id='word_1_618' title='bbox 78 2710 159 2745; x_wconf 79' lang='lat' dir='ltr'><strong>oculos</strong></span> <span class='ocrx_word' id='word_1_619' title='bbox 170 2707 276 2738; x_wconf 76' lang='lat' dir='ltr'><strong>nostros</strong></span> <span class='ocrx_word' id='word_1_620' title='bbox 296 2711 414 2745; x_wconf 86' lang='lat' dir='ltr'><strong>ponitur,</strong></span> <span class='ocrx_word' id='word_1_621' title='bbox 427 2715 453 2737; x_wconf 89' lang='lat' dir='ltr'><strong>et</strong></span> <span class='ocrx_word' id='word_1_622' title='bbox 477 2709 561 2745; x_wconf 84' lang='lat' dir='ltr'><strong>veluti</strong></span> <span class='ocrx_word' id='word_1_623' title='bbox 572 2717 606 2736; x_wconf 77' lang='lat' dir='ltr'><strong>ex</strong></span> <span class='ocrx_word' id='word_1_624' title='bbox 621 2707 782 2745; x_wconf 80' lang='lat' dir='ltr'><strong>quibusdam</strong></span> <span class='ocrx_word' id='word_1_625' title='bbox 802 2715 846 2734; x_wconf 90' lang='lat' dir='ltr'><strong>se-</strong></span> 
     </span>
    </p>
   </div>
   <div class='ocr_carea' id='block_1_88' title="bbox 80 2743 848 2778">
    <p class='ocr_par' dir='ltr' id='par_1_88' title="bbox 80 2743 848 2778">
     <span class='ocr_line' id='line_1_89' title="bbox 80 2743 848 2778; baseline 0.001 -10"><span class='ocrx_word' id='word_1_626' title='bbox 80 2743 182 2773; x_wconf 88' lang='lat' dir='ltr'><strong>minibus</strong></span> <span class='ocrx_word' id='word_1_627' title='bbox 200 2747 226 2773; x_wconf 89' lang='lat' dir='ltr'><strong>in</strong></span> <span class='ocrx_word' id='word_1_628' title='bbox 240 2743 332 2773; x_wconf 83' lang='lat' dir='ltr'><strong>anima</strong></span> <span class='ocrx_word' id='word_1_629' title='bbox 353 2745 502 2778; x_wconf 86' lang='lat' dir='ltr'><strong>derelictis,</strong></span> <span class='ocrx_word' id='word_1_630' title='bbox 518 2744 643 2771; x_wconf 89' lang='lat' dir='ltr'><strong>universa</strong></span> <span class='ocrx_word' id='word_1_631' title='bbox 659 2743 789 2771; x_wconf 87' lang='lat' dir='ltr'><strong>vitiorum</strong></span> <span class='ocrx_word' id='word_1_632' title='bbox 805 2749 848 2778; x_wconf 44' lang='lat' dir='ltr'><strong>se:</strong></span> 
     </span>
    </p>
   </div>
   <div class='ocr_carea' id='block_1_89' title="bbox 79 2776 849 2815">
    <p class='ocr_par' dir='ltr' id='par_1_89' title="bbox 79 2776 849 2815">
     <span class='ocr_line' id='line_1_90' title="bbox 79 2776 849 2815; baseline -0.003 -10"><span class='ocrx_word' id='word_1_633' title='bbox 79 2784 119 2811; x_wconf 80' lang='lat' dir='ltr'><strong>ges</strong></span> <span class='ocrx_word' id='word_1_634' title='bbox 137 2781 272 2814; x_wconf 73' lang='lat' dir='ltr'><strong>exoritur,</strong></span> <span class='ocrx_word' id='word_1_635' title='bbox 298 2785 326 2808; x_wconf 88' lang='lat' dir='ltr'><strong>et</strong></span> <span class='ocrx_word' id='word_1_636' title='bbox 346 2779 477 2815; x_wconf 90' lang='lat' dir='ltr'><strong>quidquid</strong></span> <span class='ocrx_word' id='word_1_637' title='bbox 495 2776 654 2815; x_wconf 80' lang='lat' dir='ltr'><strong>feceramus</strong></span> <span class='ocrx_word' id='word_1_638' title='bbox 678 2778 705 2805; x_wconf 89' lang='lat' dir='ltr'><strong>in</strong></span> <span class='ocrx_word' id='word_1_639' title='bbox 727 2778 783 2805; x_wconf 87' lang='lat' dir='ltr'><strong>vita</strong></span> <span class='ocrx_word' id='word_1_640' title='bbox 806 2776 849 2804; x_wconf 86' lang='lat' dir='ltr'><strong>vel</strong></span> 
     </span>
    </p>
   </div>
   <div class='ocr_carea' id='block_1_90' title="bbox 81 2814 857 2855">
    <p class='ocr_par' dir='ltr' id='par_1_90' title="bbox 81 2814 857 2855">
     <span class='ocr_line' id='line_1_91' title="bbox 81 2814 857 2855; baseline 0.001 -17"><span class='ocrx_word' id='word_1_641' title='bbox 81 2816 148 2848; x_wconf 81' lang='lat' dir='ltr'><strong>turpe</strong></span> <span class='ocrx_word' id='word_1_642' title='bbox 160 2816 200 2843; x_wconf 88' lang='lat' dir='ltr'><strong>vel</strong></span> <span class='ocrx_word' id='word_1_643' title='bbox 214 2816 336 2852; x_wconf 87' lang='lat' dir='ltr'><strong>impiutn,</strong></span> <span class='ocrx_word' id='word_1_644' title='bbox 350 2814 438 2843; x_wconf 68' lang='lat' dir='ltr'><strong>Omnis</strong></span> <span class='ocrx_word' id='word_1_645' title='bbox 450 2822 545 2843; x_wconf 89' lang='lat' dir='ltr'><strong>eorum</strong></span> <span class='ocrx_word' id='word_1_646' title='bbox 556 2814 583 2842; x_wconf 89' lang='lat' dir='ltr'><strong>in</strong></span> <span class='ocrx_word' id='word_1_647' title='bbox 594 2817 741 2849; x_wconf 88' lang='lat' dir='ltr'><strong>conspectu</strong></span> <span class='ocrx_word' id='word_1_648' title='bbox 755 2816 857 2855; x_wconf 32' lang='lat' dir='ltr'><strong>nostro.</strong></span> 
     </span>
    </p>
   </div>
   <div class='ocr_carea' id='block_1_91' title="bbox 902 1545 1692 1582">
    <p class='ocr_par' dir='ltr' id='par_1_91' title="bbox 902 1545 1692 1582">
     <span class='ocr_line' id='line_1_92' title="bbox 902 1545 1692 1582; baseline -0.005 -7"><span class='ocrx_word' id='word_1_649' title='bbox 902 1547 984 1575; x_wconf 87' lang='lat' dir='ltr'><strong>etiam</strong></span> <span class='ocrx_word' id='word_1_650' title='bbox 1002 1547 1072 1582; x_wconf 79' lang='lat' dir='ltr'><strong>ignis</strong></span> <span class='ocrx_word' id='word_1_651' title='bbox 1087 1546 1190 1573; x_wconf 87' lang='lat' dir='ltr'><strong>inferre</strong></span> <span class='ocrx_word' id='word_1_652' title='bbox 1216 1545 1380 1580; x_wconf 88' lang='lat' dir='ltr'><strong>supplicium</strong></span> <span class='ocrx_word' id='word_1_653' title='bbox 1406 1545 1449 1573; x_wconf 89' lang='lat' dir='ltr'><strong>bis</strong></span> <span class='ocrx_word' id='word_1_654' title='bbox 1471 1545 1517 1579; x_wconf 74' lang='lat' dir='ltr'><strong>Qui</strong></span> <span class='ocrx_word' id='word_1_655' title='bbox 1545 1545 1692 1572; x_wconf 86' lang='lat' dir='ltr'><strong>sanitatem</strong></span> 
     </span>
    </p>
   </div>
   <div class='ocr_carea' id='block_1_92' title="bbox 902 1588 1694 1627">
    <p class='ocr_par' dir='ltr' id='par_1_92' title="bbox 902 1588 1694 1627">
     <span class='ocr_line' id='line_1_93' title="bbox 902 1588 1694 1627; baseline -0.004 -7"><span class='ocrx_word' id='word_1_656' title='bbox 902 1593 1000 1620; x_wconf 68' lang='lat' dir='ltr'><strong>animas</strong></span> <span class='ocrx_word' id='word_1_657' title='bbox 1038 1591 1234 1627; x_wconf 84' lang='lat' dir='ltr'><strong>perdiderunt?</strong></span> <span class='ocrx_word' id='word_1_658' title='bbox 1265 1588 1347 1624; x_wconf 86' lang='lat' dir='ltr'><strong>Cujus</strong></span> <span class='ocrx_word' id='word_1_659' title='bbox 1372 1590 1411 1618; x_wconf 90' lang='lat' dir='ltr'><strong>rei</strong></span> <span class='ocrx_word' id='word_1_660' title='bbox 1445 1590 1524 1626; x_wconf 83' lang='lat'><strong>103</strong></span> <span class='ocrx_word' id='word_1_661' title='bbox 1559 1590 1694 1625; x_wconf 74' lang='lat' dir='ltr'><strong>imagines</strong></span> 
     </span>
    </p>
   </div>
   <div class='ocr_carea' id='block_1_93' title="bbox 903 1636 1692 1673">
    <p class='ocr_par' dir='ltr' id='par_1_93' title="bbox 903 1636 1692 1673">
     <span class='ocr_line' id='line_1_94' title="bbox 903 1636 1692 1673; baseline -0.004 -7"><span class='ocrx_word' id='word_1_662' title='bbox 903 1639 984 1667; x_wconf 86' lang='lat' dir='ltr'><strong>etiam</strong></span> <span class='ocrx_word' id='word_1_663' title='bbox 1000 1639 1026 1665; x_wconf 90' lang='lat' dir='ltr'><strong>in</strong></span> <span class='ocrx_word' id='word_1_664' title='bbox 1045 1637 1193 1673; x_wconf 88' lang='lat' dir='ltr'><strong>Scripturis</strong></span> <span class='ocrx_word' id='word_1_665' title='bbox 1213 1637 1317 1664; x_wconf 87' lang='lat' dir='ltr'><strong>sanctis</strong></span> <span class='ocrx_word' id='word_1_666' title='bbox 1341 1636 1507 1664; x_wconf 85' lang='lat' dir='ltr'><strong>referuntur.</strong></span> <span class='ocrx_word' id='word_1_667' title='bbox 1527 1636 1648 1671; x_wconf 87' lang='lat' dir='ltr'><strong>Denique</strong></span> <span class='ocrx_word' id='word_1_668' title='bbox 1665 1636 1692 1662; x_wconf 91' lang='lat' dir='ltr'><strong>in</strong></span> 
     </span>
    </p>
   </div>
   <div class='ocr_carea' id='block_1_94' title="bbox 902 1681 1694 1716">
    <p class='ocr_par' dir='ltr' id='par_1_94' title="bbox 902 1681 1694 1716">
     <span class='ocr_line' id='line_1_95' title="bbox 902 1681 1694 1716; baseline -0.005 -5"><span class='ocrx_word' id='word_1_669' title='bbox 902 1684 1112 1711; x_wconf 87' lang='lat' dir='ltr'><strong>Deuteronomio</strong></span> <span class='ocrx_word' id='word_1_670' title='bbox 1134 1689 1224 1710; x_wconf 89' lang='lat' dir='ltr'><strong>sermo</strong></span> <span class='ocrx_word' id='word_1_671' title='bbox 1241 1682 1349 1710; x_wconf 87' lang='lat' dir='ltr'><strong>divinus</strong></span> <span class='ocrx_word' id='word_1_672' title='bbox 1369 1681 1556 1716; x_wconf 84' lang='lat' dir='ltr'><strong>peccatoribus</strong></span> <span class='ocrx_word' id='word_1_673' title='bbox 1579 1681 1694 1709; x_wconf 92' lang='lat' dir='ltr'><strong>commi-</strong></span> 
     </span>
    </p>
   </div>
   <div class='ocr_carea' id='block_1_95' title="bbox 904 1728 1693 1764">
    <p class='ocr_par' dir='ltr' id='par_1_95' title="bbox 904 1728 1693 1764">
     <span class='ocr_line' id='line_1_96' title="bbox 904 1728 1693 1764; baseline -0.001 -7"><span class='ocrx_word' id='word_1_674' title='bbox 904 1730 1013 1762; x_wconf 80' lang='lat' dir='ltr'><strong>natur&#39;,</strong></span> <span class='ocrx_word' id='word_1_675' title='bbox 1025 1729 1095 1764; x_wconf 91' lang='lat' dir='ltr'><strong>quod</strong></span> <span class='ocrx_word' id='word_1_676' title='bbox 1112 1728 1234 1757; x_wconf 81' lang='lat' dir='ltr'><strong>febribus</strong></span> <span class='ocrx_word' id='word_1_677' title='bbox 1251 1734 1278 1757; x_wconf 90' lang='lat' dir='ltr'><strong>et</strong></span> <span class='ocrx_word' id='word_1_678' title='bbox 1293 1729 1441 1763; x_wconf 84' lang='lat' dir='ltr'><strong>frigoribus</strong></span> <span class='ocrx_word' id='word_1_679' title='bbox 1456 1733 1484 1755; x_wconf 89' lang='lat' dir='ltr'><strong>et</strong></span> <span class='ocrx_word' id='word_1_680' title='bbox 1500 1728 1623 1763; x_wconf 83' lang='lat' dir='ltr'><strong>aurigine</strong></span> <span class='ocrx_word' id='word_1_681' title='bbox 1642 1735 1693 1763; x_wconf 85' lang='lat' dir='ltr'><strong>pu-</strong></span> 
     </span>
    </p>
   </div>
   <div class='ocr_carea' id='block_1_96' title="bbox 903 1773 1694 1808">
    <p class='ocr_par' dir='ltr' id='par_1_96' title="bbox 903 1773 1694 1808">
     <span class='ocr_line' id='line_1_97' title="bbox 903 1773 1694 1808; baseline -0.004 -5"><span class='ocrx_word' id='word_1_682' title='bbox 903 1776 1022 1808; x_wconf 85' lang='lat' dir='ltr'><strong>nientur,</strong></span> <span class='ocrx_word' id='word_1_683' title='bbox 1032 1779 1061 1802; x_wconf 90' lang='lat' dir='ltr'><strong>et</strong></span> <span class='ocrx_word' id='word_1_684' title='bbox 1076 1774 1216 1802; x_wconf 92' lang='lat' dir='ltr'><strong>oculorum</strong></span> <span class='ocrx_word' id='word_1_685' title='bbox 1229 1774 1457 1805; x_wconf 90' lang='lat' dir='ltr'><strong>vacillationibus,</strong></span> <span class='ocrx_word' id='word_1_686' title='bbox 1471 1777 1499 1800; x_wconf 87' lang='lat' dir='ltr'><strong>et</strong></span> <span class='ocrx_word' id='word_1_687' title='bbox 1515 1773 1613 1801; x_wconf 81' lang='lat' dir='ltr'><strong>mentis</strong></span> <span class='ocrx_word' id='word_1_688' title='bbox 1628 1773 1694 1800; x_wconf 87' lang='lat' dir='ltr'><strong>alie-</strong></span> 
     </span>
    </p>
   </div>
   <div class='ocr_carea' id='block_1_97' title="bbox 903 1818 1693 1856">
    <p class='ocr_par' dir='ltr' id='par_1_97' title="bbox 903 1818 1693 1856">
     <span class='ocr_line' id='line_1_98' title="bbox 903 1818 1693 1856; baseline -0.004 -8"><span class='ocrx_word' id='word_1_689' title='bbox 903 1822 1025 1853; x_wconf 88' lang='lat' dir='ltr'><strong>natione,</strong></span> <span class='ocrx_word' id='word_1_690' title='bbox 1048 1825 1076 1848; x_wconf 89' lang='lat' dir='ltr'><strong>et</strong></span> <span class='ocrx_word' id='word_1_691' title='bbox 1102 1820 1270 1856; x_wconf 81' lang='lat' dir='ltr'><strong>paraplexia,</strong></span> <span class='ocrx_word' id='word_1_692' title='bbox 1287 1824 1313 1847; x_wconf 92' lang='lat' dir='ltr'><strong>et</strong></span> <span class='ocrx_word' id='word_1_693' title='bbox 1339 1819 1472 1849; x_wconf 67' lang='lat' dir='ltr'><strong>caecitate.</strong></span> <span class='ocrx_word' id='word_1_694' title='bbox 1498 1826 1530 1847; x_wconf 91' lang='lat' dir='ltr'><strong>ac</strong></span> <span class='ocrx_word' id='word_1_695' title='bbox 1553 1818 1693 1846; x_wconf 89' lang='lat' dir='ltr'><strong>debilitate</strong></span> 
     </span>
    </p>
   </div>
   <div class='ocr_carea' id='block_1_98' title="bbox 903 1864 1692 1900">
    <p class='ocr_par' dir='ltr' id='par_1_98' title="bbox 903 1864 1692 1900">
     <span class='ocr_line' id='line_1_99' title="bbox 903 1864 1692 1900; baseline -0.004 -5"><span class='ocrx_word' id='word_1_696' title='bbox 903 1875 1000 1895; x_wconf 88' lang='lat' dir='ltr'><strong>renum</strong></span> <span class='ocrx_word' id='word_1_697' title='bbox 1010 1867 1150 1894; x_wconf 88' lang='lat' dir='ltr'><strong>cruciandi</strong></span> <span class='ocrx_word' id='word_1_698' title='bbox 1162 1867 1227 1894; x_wconf 91' lang='lat' dir='ltr'><strong>sint.</strong></span> <span class='ocrx_word' id='word_1_699' title='bbox 1237 1866 1265 1894; x_wconf 90' lang='lat' dir='ltr'><strong>Si</strong></span> <span class='ocrx_word' id='word_1_700' title='bbox 1279 1865 1341 1900; x_wconf 88' lang='lat' dir='ltr'><strong>quis</strong></span> <span class='ocrx_word' id='word_1_701' title='bbox 1355 1865 1438 1900; x_wconf 83' lang='lat' dir='ltr'><strong>igitur</strong></span> <span class='ocrx_word' id='word_1_702' title='bbox 1450 1872 1484 1892; x_wconf 80' lang='lat' dir='ltr'><strong>ex</strong></span> <span class='ocrx_word' id='word_1_703' title='bbox 1498 1865 1553 1892; x_wconf 89' lang='lat' dir='ltr'><strong>otio</strong></span> <span class='ocrx_word' id='word_1_704' title='bbox 1568 1865 1602 1892; x_wconf 93' lang='lat' dir='ltr'><strong>de</strong></span> <span class='ocrx_word' id='word_1_705' title='bbox 1616 1864 1692 1892; x_wconf 87' lang='lat' dir='ltr'><strong>omni</strong></span> 
     </span>
    </p>
   </div>
   <div class='ocr_carea' id='block_1_99' title="bbox 902 1912 1692 1948">
    <p class='ocr_par' dir='ltr' id='par_1_99' title="bbox 902 1912 1692 1948">
     <span class='ocr_line' id='line_1_100' title="bbox 902 1912 1692 1948; baseline -0.004 -8"><span class='ocrx_word' id='word_1_706' title='bbox 902 1913 1044 1948; x_wconf 84' lang='lat' dir='ltr'><strong>Scriptura</strong></span> <span class='ocrx_word' id='word_1_707' title='bbox 1064 1917 1209 1947; x_wconf 83' lang='lat' dir='ltr'><strong>congreget</strong></span> <span class='ocrx_word' id='word_1_708' title='bbox 1229 1920 1324 1939; x_wconf 86' lang='lat' dir='ltr'><strong>omnes</strong></span> <span class='ocrx_word' id='word_1_709' title='bbox 1338 1912 1499 1946; x_wconf 69' lang='lat' dir='ltr'><strong>languor-um</strong></span> <span class='ocrx_word' id='word_1_710' title='bbox 1521 1917 1692 1938; x_wconf 88' lang='lat' dir='ltr'><strong>commemo-</strong></span> 
     </span>
    </p>
   </div>
   <div class='ocr_carea' id='block_1_100' title="bbox 905 1955 1692 1993">
    <p class='ocr_par' dir='ltr' id='par_1_100' title="bbox 905 1955 1692 1993">
     <span class='ocr_line' id='line_1_101' title="bbox 905 1955 1692 1993; baseline -0.005 -7"><span class='ocrx_word' id='word_1_711' title='bbox 905 1959 1108 1993; x_wconf 74' lang='lat' dir='ltr'><strong>rationes,qua:</strong></span> <span class='ocrx_word' id='word_1_712' title='bbox 1137 1958 1164 1984; x_wconf 91' lang='lat' dir='ltr'><strong>in</strong></span> <span class='ocrx_word' id='word_1_713' title='bbox 1195 1957 1405 1985; x_wconf 87' lang='lat' dir='ltr'><strong>comminatione</strong></span> <span class='ocrx_word' id='word_1_714' title='bbox 1420 1955 1475 1992; x_wconf 75' lang='grc'>(55)</span> <span class='ocrx_word' id='word_1_715' title='bbox 1501 1955 1692 1990; x_wconf 85' lang='lat' dir='ltr'><strong>peccatoribus</strong></span> 
     </span>
    </p>
   </div>
   <div class='ocr_carea' id='block_1_101' title="bbox 903 2002 1692 2038">
    <p class='ocr_par' dir='ltr' id='par_1_101' title="bbox 903 2002 1692 2038">
     <span class='ocr_line' id='line_1_102' title="bbox 903 2002 1692 2038; baseline 0.001 -9"><span class='ocrx_word' id='word_1_716' title='bbox 903 2003 977 2030; x_wconf 89' lang='lat' dir='ltr'><strong>velut</strong></span> <span class='ocrx_word' id='word_1_717' title='bbox 1005 2010 1199 2038; x_wconf 86' lang='lat' dir='ltr'><strong>corporearum</strong></span> <span class='ocrx_word' id='word_1_718' title='bbox 1236 2002 1426 2038; x_wconf 61' lang='lat' dir='ltr'><strong>aegritudinum</strong></span> <span class='ocrx_word' id='word_1_719' title='bbox 1463 2002 1692 2037; x_wconf 84' lang='lat' dir='ltr'><strong>appellationibus</strong></span> 
     </span>
    </p>
   </div>
   <div class='ocr_carea' id='block_1_102' title="bbox 903 2047 1692 2083">
    <p class='ocr_par' dir='ltr' id='par_1_102' title="bbox 903 2047 1692 2083">
     <span class='ocr_line' id='line_1_103' title="bbox 903 2047 1692 2083; baseline -0.003 -6"><span class='ocrx_word' id='word_1_720' title='bbox 903 2053 1104 2081; x_wconf 82' lang='lat' dir='ltr'><strong>memorantur,</strong></span> <span class='ocrx_word' id='word_1_721' title='bbox 1121 2049 1242 2076; x_wconf 88' lang='lat' dir='ltr'><strong>inveniet</strong></span> <span class='ocrx_word' id='word_1_722' title='bbox 1256 2048 1326 2083; x_wconf 90' lang='lat' dir='ltr'><strong>quod</strong></span> <span class='ocrx_word' id='word_1_723' title='bbox 1342 2048 1493 2076; x_wconf 89' lang='lat' dir='ltr'><strong>animarum</strong></span> <span class='ocrx_word' id='word_1_724' title='bbox 1508 2047 1550 2076; x_wconf 87' lang='lat' dir='ltr'><strong>vel</strong></span> <span class='ocrx_word' id='word_1_725' title='bbox 1565 2048 1640 2080; x_wconf 89' lang='lat' dir='ltr'><strong>vitia,</strong></span> <span class='ocrx_word' id='word_1_726' title='bbox 1650 2049 1692 2076; x_wconf 91' lang='lat' dir='ltr'><strong>vel</strong></span> 
     </span>
    </p>
   </div>
   <div class='ocr_carea' id='block_1_103' title="bbox 903 2094 1690 2131">
    <p class='ocr_par' dir='ltr' id='par_1_103' title="bbox 903 2094 1690 2131">
     <span class='ocr_line' id='line_1_104' title="bbox 903 2094 1690 2131; baseline -0.001 -8"><span class='ocrx_word' id='word_1_727' title='bbox 903 2096 1033 2131; x_wconf 84' lang='lat' dir='ltr'><strong>supplicia</strong></span> <span class='ocrx_word' id='word_1_728' title='bbox 1056 2103 1105 2130; x_wconf 91' lang='lat' dir='ltr'><strong>per</strong></span> <span class='ocrx_word' id='word_1_729' title='bbox 1128 2095 1180 2122; x_wconf 92' lang='lat' dir='ltr'><strong>hoc</strong></span> <span class='ocrx_word' id='word_1_730' title='bbox 1197 2094 1347 2129; x_wconf 76' lang='lat' dir='ltr'><strong>figuraliter</strong></span> <span class='ocrx_word' id='word_1_731' title='bbox 1364 2095 1530 2122; x_wconf 90' lang='lat' dir='ltr'><strong>iudicentur.</strong></span> <span class='ocrx_word' id='word_1_732' title='bbox 1547 2094 1582 2122; x_wconf 91' lang='lat' dir='ltr'><strong>Ut</strong></span> <span class='ocrx_word' id='word_1_733' title='bbox 1599 2098 1690 2122; x_wconf 86' lang='lat' dir='ltr'><strong>autem</strong></span> 
     </span>
    </p>
   </div>
   <div class='ocr_carea' id='block_1_104' title="bbox 903 2138 1691 2175">
    <p class='ocr_par' dir='ltr' id='par_1_104' title="bbox 903 2138 1691 2175">
     <span class='ocr_line' id='line_1_105' title="bbox 903 2138 1691 2175; baseline -0.003 -7"><span class='ocrx_word' id='word_1_734' title='bbox 903 2140 1086 2175; x_wconf 73' lang='lat' dir='ltr'><strong>intelligamus</strong></span> <span class='ocrx_word' id='word_1_735' title='bbox 1110 2140 1172 2175; x_wconf 89' lang='lat' dir='ltr'><strong>quia</strong></span> <span class='ocrx_word' id='word_1_736' title='bbox 1190 2147 1221 2166; x_wconf 87' lang='lat' dir='ltr'><strong>ea</strong></span> <span class='ocrx_word' id='word_1_737' title='bbox 1239 2139 1345 2166; x_wconf 87' lang='lat' dir='ltr'><strong>ratione</strong></span> <span class='ocrx_word' id='word_1_738' title='bbox 1362 2146 1414 2173; x_wconf 88' lang='lat' dir='ltr'><strong>qua</strong></span> <span class='ocrx_word' id='word_1_739' title='bbox 1433 2138 1531 2165; x_wconf 90' lang='lat' dir='ltr'><strong>medici</strong></span> <span class='ocrx_word' id='word_1_740' title='bbox 1556 2138 1691 2172; x_wconf 87' lang='lat' dir='ltr'><strong>adjutoria</strong></span> 
     </span>
    </p>
   </div>
   <div class='ocr_carea' id='block_1_105' title="bbox 867 2185 1692 2220">
    <p class='ocr_par' dir='ltr' id='par_1_105' title="bbox 867 2185 1692 2220">
     <span class='ocr_line' id='line_1_106' title="bbox 867 2185 1692 2220; baseline 0.001 -9"><span class='ocrx_word' id='word_1_741' title='bbox 867 2193 889 2220; x_wconf 75' lang='grc' dir='ltr'>ι)</span> <span class='ocrx_word' id='word_1_742' title='bbox 905 2185 1092 2220; x_wconf 86' lang='lat' dir='ltr'><strong>languentibus</strong></span> <span class='ocrx_word' id='word_1_743' title='bbox 1112 2185 1252 2218; x_wconf 86' lang='lat' dir='ltr'><strong>adhibent,</strong></span> <span class='ocrx_word' id='word_1_744' title='bbox 1269 2188 1298 2211; x_wconf 93' lang='lat' dir='ltr'><strong>ut</strong></span> <span class='ocrx_word' id='word_1_745' title='bbox 1313 2191 1361 2219; x_wconf 89' lang='lat' dir='ltr'><strong>per</strong></span> <span class='ocrx_word' id='word_1_746' title='bbox 1377 2191 1458 2211; x_wconf 90' lang='lat' dir='ltr'><strong>curas</strong></span> <span class='ocrx_word' id='word_1_747' title='bbox 1478 2189 1603 2219; x_wconf 84' lang='lat' dir='ltr'><strong>reparent</strong></span> <span class='ocrx_word' id='word_1_748' title='bbox 1618 2186 1692 2212; x_wconf 84' lang='lat' dir='ltr'><strong>sani-</strong></span> 
     </span>
    </p>
   </div>
   <div class='ocr_carea' id='block_1_106' title="bbox 901 2317 1691 2356">
    <p class='ocr_par' dir='ltr' id='par_1_106' title="bbox 901 2317 1691 2356">
     <span class='ocr_line' id='line_1_107' title="bbox 901 2317 1691 2356; baseline -0.006 -8"><span class='ocrx_word' id='word_1_749' title='bbox 901 2321 1007 2356; x_wconf 88' lang='lat' dir='ltr'><strong>pictura</strong></span> <span class='ocrx_word' id='word_1_750' title='bbox 1022 2320 1196 2356; x_wconf 78' lang='lat' dir='ltr'><strong>describitur,</strong></span> <span class='ocrx_word' id='word_1_751' title='bbox 1213 2326 1245 2346; x_wconf 90' lang='lat' dir='ltr'><strong>ac</strong></span> <span class='ocrx_word' id='word_1_752' title='bbox 1261 2318 1416 2356; x_wconf 65' lang='lat' dir='ltr'><strong>praeteritas</strong></span> <span class='ocrx_word' id='word_1_753' title='bbox 1440 2317 1593 2356; x_wconf 77' lang='lat' dir='ltr'><strong>voluptates</strong></span> <span class='ocrx_word' id='word_1_754' title='bbox 1615 2324 1691 2356; x_wconf 79' lang='lat' dir='ltr'><strong>mens</strong></span> 
     </span>
    </p>
   </div>
   <div class='ocr_carea' id='block_1_107' title="bbox 901 2352 1691 2389">
    <p class='ocr_par' dir='ltr' id='par_1_107' title="bbox 901 2352 1691 2389">
     <span class='ocr_line' id='line_1_108' title="bbox 901 2352 1691 2389; baseline -0.006 -6"><span class='ocrx_word' id='word_1_755' title='bbox 901 2352 1010 2384; x_wconf 82' lang='lat' dir='ltr'><strong>intuens</strong></span> <span class='ocrx_word' id='word_1_756' title='bbox 1027 2355 1200 2382; x_wconf 72' lang='lat' dir='ltr'><strong>conscientiae</strong></span> <span class='ocrx_word' id='word_1_757' title='bbox 1216 2352 1326 2389; x_wconf 85' lang='lat' dir='ltr'><strong>punitur</strong></span> <span class='ocrx_word' id='word_1_758' title='bbox 1339 2354 1448 2386; x_wconf 86' lang='lat' dir='ltr'><strong>ardore,</strong></span> <span class='ocrx_word' id='word_1_759' title='bbox 1467 2357 1494 2380; x_wconf 92' lang='lat' dir='ltr'><strong>et</strong></span> <span class='ocrx_word' id='word_1_760' title='bbox 1513 2352 1691 2387; x_wconf 69' lang='lat' dir='ltr'><strong>paenitudinis</strong></span> 
     </span>
    </p>
   </div>
   <div class='ocr_carea' id='block_1_108' title="bbox 902 2390 1231 2419">
    <p class='ocr_par' dir='ltr' id='par_1_108' title="bbox 902 2390 1231 2419">
     <span class='ocr_line' id='line_1_109' title="bbox 902 2390 1231 2419; baseline -0.012 -1"><span class='ocrx_word' id='word_1_761' title='bbox 902 2390 1021 2419; x_wconf 85' lang='lat' dir='ltr'><strong>stimulis</strong></span> <span class='ocrx_word' id='word_1_762' title='bbox 1037 2390 1201 2417; x_wconf 87' lang='lat' dir='ltr'><strong>confoditur.</strong></span> <span class='ocrx_word' id='word_1_763' title='bbox 1222 2399 1231 2414; x_wconf 73' lang='grc' dir='ltr'><strong><em>ι</em></strong></span> 
     </span>
    </p>
   </div>
   <div class='ocr_carea' id='block_1_109' title="bbox 937 2421 1690 2460">
    <p class='ocr_par' dir='ltr' id='par_1_109' title="bbox 937 2421 1690 2460">
     <span class='ocr_line' id='line_1_110' title="bbox 937 2421 1690 2460; baseline -0.005 -8"><span class='ocrx_word' id='word_1_764' title='bbox 937 2426 994 2460; x_wconf 71' lang='lat'><strong>(48‘,</strong></span> <span class='ocrx_word' id='word_1_765' title='bbox 1020 2425 1066 2453; x_wconf 90' lang='lat' dir='ltr'><strong>Sic</strong></span> <span class='ocrx_word' id='word_1_766' title='bbox 1084 2432 1149 2452; x_wconf 90' lang='lat' dir='ltr'><strong>mss.</strong></span> <span class='ocrx_word' id='word_1_767' title='bbox 1175 2425 1258 2456; x_wconf 87' lang='lat' dir='ltr'><strong>Alias,</strong></span> <span class='ocrx_word' id='word_1_768' title='bbox 1276 2433 1285 2449; x_wconf 75' lang='grc' dir='ltr'><strong><em>ι</em></strong></span> <span class='ocrx_word' id='word_1_769' title='bbox 1304 2427 1384 2458; x_wconf 86' lang='lat' dir='ltr'><strong>atque</strong></span> <span class='ocrx_word' id='word_1_770' title='bbox 1405 2422 1566 2457; x_wconf 89' lang='lat' dir='ltr'><strong>supplicium</strong></span> <span class='ocrx_word' id='word_1_771' title='bbox 1584 2421 1690 2449; x_wconf 78' lang='lat' dir='ltr'><strong>inflant-</strong></span> 
     </span>
    </p>
   </div>
   <div class='ocr_carea' id='block_1_110' title="bbox 903 2465 1034 2488">
    <p class='ocr_par' dir='ltr' id='par_1_110' title="bbox 903 2465 1034 2488">
     <span class='ocr_line' id='line_1_111' title="bbox 903 2465 1034 2488; baseline -0.023 0"><span class='ocrx_word' id='word_1_772' title='bbox 903 2465 1003 2488; x_wconf 87' lang='lat' dir='ltr'><strong>matur.</strong></span> <span class='ocrx_word' id='word_1_773' title='bbox 1025 2469 1034 2485; x_wconf 66' lang='grc' dir='ltr'><em>ι</em></span> 
     </span>
    </p>
   </div>
   <div class='ocr_carea' id='block_1_111' title="bbox 937 2491 1690 2531">
    <p class='ocr_par' dir='ltr' id='par_1_111' title="bbox 937 2491 1690 2531">
     <span class='ocr_line' id='line_1_112' title="bbox 937 2491 1690 2531; baseline -0.004 -10"><span class='ocrx_word' id='word_1_774' title='bbox 937 2493 1070 2531; x_wconf 18' lang='grc' dir='ltr'><strong>(49)γνει</strong></span> <span class='ocrx_word' id='word_1_775' title='bbox 1094 2494 1210 2528; x_wconf 76' lang='lat' dir='ltr'><strong>ﬂammis</strong></span> <span class='ocrx_word' id='word_1_776' title='bbox 1234 2494 1333 2531; x_wconf 73' lang='lat' dir='ltr'><strong>artioris</strong></span> <span class='ocrx_word' id='word_1_777' title='bbox 1356 2492 1486 2519; x_wconf 68' lang='lat' dir='ltr'><strong>exuritur.</strong></span> <span class='ocrx_word' id='word_1_778' title='bbox 1509 2491 1638 2519; x_wconf 81' lang='lat' dir='ltr'><strong>Itamss.</strong></span> <span class='ocrx_word' id='word_1_779' title='bbox 1662 2492 1690 2518; x_wconf 91' lang='lat' dir='ltr'><strong>ln</strong></span> 
     </span>
    </p>
   </div>
   <div class='ocr_carea' id='block_1_112' title="bbox 901 2529 1290 2558">
    <p class='ocr_par' dir='ltr' id='par_1_112' title="bbox 901 2529 1290 2558">
     <span class='ocr_line' id='line_1_113' title="bbox 901 2529 1290 2558; baseline -0.013 0"><span class='ocrx_word' id='word_1_780' title='bbox 901 2529 982 2558; x_wconf 83' lang='lat' dir='ltr'><strong>editis</strong></span> <span class='ocrx_word' id='word_1_781' title='bbox 997 2530 1072 2557; x_wconf 88' lang='lat' dir='ltr'><strong>deest</strong></span> <span class='ocrx_word' id='word_1_782' title='bbox 1087 2530 1128 2555; x_wconf 83' lang='lat' dir='ltr'><strong>vel</strong></span> <span class='ocrx_word' id='word_1_783' title='bbox 1141 2534 1167 2556; x_wconf 91' lang='lat' dir='ltr'><strong>et</strong></span> <span class='ocrx_word' id='word_1_784' title='bbox 1180 2529 1290 2555; x_wconf 82' lang='lat' dir='ltr'><strong>amoris.</strong></span> 
     </span>
    </p>
   </div>
   <div class='ocr_carea' id='block_1_113' title="bbox 935 2561 1690 2600">
    <p class='ocr_par' dir='ltr' id='par_1_113' title="bbox 935 2561 1690 2600">
     <span class='ocr_line' id='line_1_114' title="bbox 935 2561 1690 2600; baseline -0.007 -9"><span class='ocrx_word' id='word_1_785' title='bbox 935 2564 992 2600; x_wconf 81' lang='grc'>(50)</span> <span class='ocrx_word' id='word_1_786' title='bbox 1013 2564 1052 2591; x_wconf 90' lang='lat' dir='ltr'><strong>lla</strong></span> <span class='ocrx_word' id='word_1_787' title='bbox 1080 2564 1252 2600; x_wconf 17' lang='lat' dir='ltr'><strong>mss.rAlias,</strong></span> <span class='ocrx_word' id='word_1_788' title='bbox 1276 2573 1285 2589; x_wconf 68' lang='grc' dir='ltr'><strong>ε</strong></span> <span class='ocrx_word' id='word_1_789' title='bbox 1314 2565 1362 2600; x_wconf 62' lang='lat' dir='ltr'><strong>ira;</strong></span> <span class='ocrx_word' id='word_1_790' title='bbox 1383 2561 1504 2595; x_wconf 86' lang='lat' dir='ltr'><strong>agitatur</strong></span> <span class='ocrx_word' id='word_1_791' title='bbox 1518 2561 1632 2600; x_wconf 70' lang='lat' dir='ltr'><strong>insapia</strong></span> <span class='ocrx_word' id='word_1_792' title='bbox 1648 2561 1690 2587; x_wconf 89' lang='lat' dir='ltr'><strong>vel</strong></span> 
     </span>
    </p>
   </div>
   <div class='ocr_carea' id='block_1_114' title="bbox 902 2595 1688 2629">
    <p class='ocr_par' dir='ltr' id='par_1_114' title="bbox 902 2595 1688 2629">
     <span class='ocr_line' id='line_1_115' title="bbox 902 2595 1688 2629; baseline -0.008 -3"><span class='ocrx_word' id='word_1_793' title='bbox 902 2595 1020 2627; x_wconf 51' lang='lat' dir='ltr'><strong>triStit’ite</strong></span> <span class='ocrx_word' id='word_1_794' title='bbox 1033 2599 1215 2626; x_wconf 88' lang='lat' dir='ltr'><strong>immensitate</strong></span> <span class='ocrx_word' id='word_1_795' title='bbox 1236 2598 1419 2627; x_wconf 87' lang='lat' dir='ltr'><strong>consumitur.</strong></span> <span class='ocrx_word' id='word_1_796' title='bbox 1443 2596 1569 2629; x_wconf 85' lang='lat' dir='ltr'><strong>quoniam</strong></span> <span class='ocrx_word' id='word_1_797' title='bbox 1591 2595 1688 2627; x_wconf 81' lang='lat' dir='ltr'><strong>horum</strong></span> 
     </span>
    </p>
   </div>
   <div class='ocr_carea' id='block_1_115' title="bbox 900 2630 1689 2668">
    <p class='ocr_par' dir='ltr' id='par_1_115' title="bbox 900 2630 1689 2668">
     <span class='ocr_line' id='line_1_116' title="bbox 900 2630 1689 2668; baseline -0.006 -7"><span class='ocrx_word' id='word_1_798' title='bbox 900 2636 1034 2662; x_wconf 88' lang='lat' dir='ltr'><strong>malorum</strong></span> <span class='ocrx_word' id='word_1_799' title='bbox 1054 2634 1167 2661; x_wconf 87' lang='lat' dir='ltr'><strong>durities</strong></span> <span class='ocrx_word' id='word_1_800' title='bbox 1184 2634 1314 2668; x_wconf 87' lang='lat' dir='ltr'><strong>aliquanti</strong></span> <span class='ocrx_word' id='word_1_801' title='bbox 1340 2631 1549 2659; x_wconf 83' lang='lat' dir='ltr'><strong>intolerabiliter</strong></span> <span class='ocrx_word' id='word_1_802' title='bbox 1572 2630 1689 2657; x_wconf 88' lang='lat' dir='ltr'><strong>ferentes</strong></span> 
     </span>
    </p>
   </div>
   <div class='ocr_carea' id='block_1_116' title="bbox 900 2670 1176 2704">
    <p class='ocr_par' dir='ltr' id='par_1_116' title="bbox 900 2670 1176 2704">
     <span class='ocr_line' id='line_1_117' title="bbox 900 2670 1176 2704; baseline -0.004 -8"><span class='ocrx_word' id='word_1_803' title='bbox 900 2670 968 2697; x_wconf 93' lang='lat' dir='ltr'><strong>mori</strong></span> <span class='ocrx_word' id='word_1_804' title='bbox 983 2676 1074 2704; x_wconf 87' lang='lat' dir='ltr'><strong>quam,</strong></span> <span class='ocrx_word' id='word_1_805' title='bbox 1093 2678 1103 2694; x_wconf 73' lang='grc' dir='ltr'><strong><em>ι</em></strong></span> <span class='ocrx_word' id='word_1_806' title='bbox 1123 2673 1176 2695; x_wconf 88' lang='lat' dir='ltr'><strong>etc.</strong></span> 
     </span>
    </p>
   </div>
   <div class='ocr_carea' id='block_1_117' title="bbox 937 2702 1447 2740">
    <p class='ocr_par' dir='ltr' id='par_1_117' title="bbox 937 2702 1447 2740">
     <span class='ocr_line' id='line_1_118' title="bbox 937 2702 1447 2740; baseline -0.01 -9"><span class='ocrx_word' id='word_1_807' title='bbox 937 2702 1000 2740; x_wconf 49' lang='lat' dir='ltr'><strong>(fil)—</strong></span> <span class='ocrx_word' id='word_1_808' title='bbox 1015 2704 1061 2740; x_wconf 78' lang='lat' dir='ltr'><strong>Sic</strong></span> <span class='ocrx_word' id='word_1_809' title='bbox 1077 2711 1141 2731; x_wconf 86' lang='lat' dir='ltr'><strong>mss.</strong></span> <span class='ocrx_word' id='word_1_810' title='bbox 1161 2703 1244 2740; x_wconf 84' lang='lat' dir='ltr'><strong>Alias,</strong></span> <span class='ocrx_word' id='word_1_811' title='bbox 1265 2711 1275 2728; x_wconf 83' lang='lat'><strong>(</strong></span> <span class='ocrx_word' id='word_1_812' title='bbox 1293 2702 1423 2740; x_wconf 61' lang='lat' dir='ltr'><strong>aliorum.</strong></span> <span class='ocrx_word' id='word_1_813' title='bbox 1438 2710 1447 2726; x_wconf 76' lang='grc' dir='ltr'><strong><em>ι</em></strong></span> 
     </span>
    </p>
   </div>
   <div class='ocr_carea' id='block_1_118' title="bbox 938 2736 1675 2775">
    <p class='ocr_par' dir='ltr' id='par_1_118' title="bbox 938 2736 1675 2775">
     <span class='ocr_line' id='line_1_119' title="bbox 938 2736 1675 2775; baseline -0.009 -8"><span class='ocrx_word' id='word_1_814' title='bbox 938 2736 996 2775; x_wconf 75' lang='lat'><strong>(5&#39;2)</strong></span> <span class='ocrx_word' id='word_1_815' title='bbox 1012 2739 1058 2775; x_wconf 17' lang='lat' dir='ltr'><strong>rita</strong></span> <span class='ocrx_word' id='word_1_816' title='bbox 1077 2746 1143 2775; x_wconf 84' lang='lat' dir='ltr'><strong>mss.</strong></span> <span class='ocrx_word' id='word_1_817' title='bbox 1159 2738 1245 2775; x_wconf 62' lang='lat' dir='ltr'><strong>Alias,</strong></span> <span class='ocrx_word' id='word_1_818' title='bbox 1263 2736 1494 2775; x_wconf 75' lang='lat' dir='ltr'><strong>t_tnoderatiori_s.</strong></span> <span class='ocrx_word' id='word_1_819' title='bbox 1510 2744 1520 2761; x_wconf 70' lang='grc' dir='ltr'><strong><em>ι</em></strong></span> <span class='ocrx_word' id='word_1_820' title='bbox 1603 2774 1607 2775; x_wconf 18' lang='lat'><em>7</em></span> <span class='ocrx_word' id='word_1_821' title='bbox 1626 2769 1631 2775; x_wconf 43' lang='grc' dir='ltr'><strong>Ι</strong></span> <span class='ocrx_word' id='word_1_822' title='bbox 1669 2769 1675 2775; x_wconf 76' lang='lat'><strong>_</strong></span> 
     </span>
    </p>
   </div>
   <div class='ocr_carea' id='block_1_119' title="bbox 938 2741 1692 2810">
    <p class='ocr_par' dir='ltr' id='par_1_119' title="bbox 938 2741 1692 2810">
     <span class='ocr_line' id='line_1_120' title="bbox 938 2741 1520 2774; baseline -0.01 -7"><span class='ocrx_word' id='word_1_823' title='bbox 938 2741 985 2774; x_wconf 75' lang='lat'><strong>(5&#39;2</strong></span> <span class='ocrx_word' id='word_1_824' title='bbox 1020 2741 1058 2766; x_wconf 90' lang='lat' dir='ltr'><strong>lta</strong></span> <span class='ocrx_word' id='word_1_825' title='bbox 1077 2746 1143 2765; x_wconf 85' lang='lat' dir='ltr'><strong>mss.</strong></span> <span class='ocrx_word' id='word_1_826' title='bbox 1160 2741 1245 2770; x_wconf 85' lang='lat' dir='ltr'><strong>Alias,</strong></span> <span class='ocrx_word' id='word_1_827' title='bbox 1263 2747 1272 2762; x_wconf 77' lang='grc' dir='ltr'>ι</span> <span class='ocrx_word' id='word_1_828' title='bbox 1291 2741 1494 2764; x_wconf 83' lang='lat' dir='ltr'><strong>moderatiorts.</strong></span> <span class='ocrx_word' id='word_1_829' title='bbox 1510 2744 1520 2761; x_wconf 70' lang='grc' dir='ltr'><strong><em>ι</em></strong></span> 
     </span>
     <span class='ocr_line' id='line_1_121' title="bbox 938 2741 1692 2810; baseline -0.008 -8"><span class='ocrx_word' id='word_1_830' title='bbox 938 2741 996 2810; x_wconf 48' lang='lat'><strong>(55;</strong></span> <span class='ocrx_word' id='word_1_831' title='bbox 1010 2774 1038 2801; x_wconf 92' lang='lat' dir='ltr'><strong>In</strong></span> <span class='ocrx_word' id='word_1_832' title='bbox 1056 2774 1135 2800; x_wconf 90' lang='lat' dir='ltr'><strong>editis</strong></span> <span class='ocrx_word' id='word_1_833' title='bbox 1150 2773 1227 2799; x_wconf 87' lang='lat' dir='ltr'><strong>deest</strong></span> <span class='ocrx_word' id='word_1_834' title='bbox 1244 2773 1301 2810; x_wconf 80' lang='lat' dir='ltr'><strong>(__in</strong></span> <span class='ocrx_word' id='word_1_835' title='bbox 1318 2771 1538 2803; x_wconf 80' lang='lat' dir='ltr'><strong>comminatione,</strong></span> <span class='ocrx_word' id='word_1_836' title='bbox 1555 2779 1565 2796; x_wconf 77' lang='grc' dir='ltr'><strong>ι</strong></span> <span class='ocrx_word' id='word_1_837' title='bbox 1584 2774 1610 2798; x_wconf 89' lang='lat' dir='ltr'><strong>et</strong></span> <span class='ocrx_word' id='word_1_838' title='bbox 1625 2769 1692 2804; x_wconf 73' lang='lat' dir='ltr'><strong>lI-gi-</strong></span> 
     </span>
    </p>
   </div>
   <div class='ocr_carea' id='block_1_120' title="bbox 904 2808 1354 2845">
    <p class='ocr_par' dir='ltr' id='par_1_120' title="bbox 904 2808 1354 2845">
     <span class='ocr_line' id='line_1_122' title="bbox 904 2808 1354 2845; baseline -0.016 -7"><span class='ocrx_word' id='word_1_839' title='bbox 904 2808 960 2844; x_wconf 86' lang='lat' dir='ltr'><strong>tur,</strong></span> <span class='ocrx_word' id='word_1_840' title='bbox 977 2808 989 2836; x_wconf 62' lang='grc' dir='ltr'><em>ὁ</em></span> <span class='ocrx_word' id='word_1_841' title='bbox 1003 2816 1064 2845; x_wconf 84' lang='lat' dir='ltr'><strong>quae</strong></span> <span class='ocrx_word' id='word_1_842' title='bbox 1076 2809 1110 2836; x_wconf 85' lang='lat' dir='ltr'><strong>de</strong></span> <span class='ocrx_word' id='word_1_843' title='bbox 1125 2808 1325 2844; x_wconf 87' lang='lat' dir='ltr'><strong>peccatoribus.</strong></span> <span class='ocrx_word' id='word_1_844' title='bbox 1343 2815 1354 2831; x_wconf 71' lang='grc' dir='ltr'><strong><em>ι</em></strong></span> 
     </span>
    </p>
   </div>
  </div>
