1860 3073
230 109 285 147 959

846 105 1005 134 ORIGENIS
1024 108 1103 134 ΠΕΡί
1123 108 1239 136 ΛΡΧΩΝ

1798 109 1845 137 2&0

233 173 327 201 tatem,
347 168 428 196 etiam
448 167 518 194 Deus
532 167 589 202 agit
603 167 676 195 circa
695 175 744 196 eos
759 167 805 203 qui
821 167 890 203 lapsi
905 174 980 199 sunt,
991 172 1019 195 et
1033 171 1056 199 Α
1072 169 1199 202 puritatis
1213 173 1348 204 assumpta
1359 172 1411 203 est,
1420 175 1480 204 qua:
1491 169 1583 204 utique
1595 177 1657 204 pars
1668 173 1762 205 utpote
1770 169 1846 199 amica

232 216 392 243 deciderunt
418 215 444 241 in
475 220 595 249 peccata,
622 215 723 242 indicio
745 219 786 242 est
809 219 837 242 et
860 214 924 242 illud
947 215 1015 250 (54),

231 261 303 296 quod
318 269 367 296 per
381 259 527 288 Jeremiam
550 261 710 296 prophetam
731 261 843 295 jubetur
855 260 924 288 calix
941 261 1014 288 furo-

231 307 270 334 ris
284 306 341 342 (55)
360 306 405 333 Dei
429 306 564 341 propinari
583 306 710 334 omnibus
724 306 849 341 gentibus
866 311 896 333 ut
911 306 1015 338 bibant,

228 357 256 379 et
284 352 433 385 insaniant,
457 357 484 380 et
512 352 669 380 evomant‘.
691 352 718 380 In
750 361 805 388 quo
836 353 1016 380 comminatur

229 398 353 429 dicens',
370 398 432 433 quia
444 398 467 425 si
481 399 543 433 quis
565 399 680 426 noluerit
700 398 804 431 bibere,
823 406 876 425 non
903 399 1016 425 munda-

228 443 311 470 bitur.
334 443 372 470 Ex
399 451 453 478 quo
475 445 570 480 utique
593 444 753 478 intelligitur
766 446 837 479 quod
864 444 941 472 furor
956 445 1016 471 vin-

228 488 306 515 dicta:
325 487 370 515 Dei
388 489 421 515 ad
440 488 627 524 purgationem
644 489 754 524 proﬁcit
767 489 929 517 animarum.
944 489 1015 522 Quo-

230 534 302 560 niam
321 539 411 560 autem
423 534 478 569 (56)
490 540 516 561 et
530 542 562 562 ea
579 542 658 569 paena
673 542 732 569 qua:
752 543 800 569 per
813 535 901 570 ignem
921 535 1014 563 inferri

228 579 326 606 dicitur
350 580 419 616 (57),
445 588 493 614 pro
514 581 649 615 adjutorio
686 581 846 616 intelligitur
877 581 1011 613 adhiberi,

229 625 312 652 Isaias
327 624 472 660 docet,qui
487 625 519 652 de
533 625 616 653 Israel
630 627 738 660 quidem
753 627 792 653 sic
804 626 886 654 dicit:
899 626 1018 656 «Ablnet.

229 670 359 699 Dominus
374 671 468 698 sordes
484 671 612 704 ﬁliorum,
629 672 670 699 vel
687 672 801 699 filiarum
820 672 896 705 Sion,
909 677 936 700 et
952 681 1013 700 san-

228 717 336 752 guinem
359 717 519 752 expurgabit
538 725 552 744 e
570 718 660 744 medio
676 717 796 752 ipsorum
810 718 906 753 spiritu
918 719 1013 752 judicii

227 768 254 789 et
273 763 370 797 spiritu
392 764 506 790 ustionis
518 764 538 790 ⁵.
560 773 569 789 ι
590 764 627 791 De
641 763 777 791 Chaldaeis
803 768 893 791 autem
909 765 948 792 sic
975 765 1013 792 di-

226 809 263 836 cit
286 808 341 843 (58)
356 815 363 835 :
379 818 388 835 ι
407 808 494 836 Ilabes
517 810 650 836 carbones
676 810 756 843 ignis,
770 810 833 837 sede
856 818 937 845 super
954 819 1011 844 eos,

226 855 252 880 hi
280 860 360 881 erunt
385 855 432 881 tibi
460 855 487 881 in
517 854 678 888 adjutorio’.
694 865 703 881 ι
723 856 755 882 Et
782 857 808 882 in
833 856 895 883 aliis
921 857 1010 884 dicit:

228 909 238 926 ι
256 899 444 928 Sanctiﬁcabit
460 901 588 928 Dominus
603 901 629 928 in
638 901 698 936 igne
729 902 842 928 ardenti.
858 902 890 929 Et
913 903 939 929 in
955 902 1012 930 Ma-

227 945 316 972 lachia
333 946 463 981 propheta
480 947 546 973 dicit
562 955 569 974 :
589 955 597 972 ι
615 946 718 974 Sedens
732 946 861 975 Dominus
876 948 932 983 (59)
948 956 1012 975 con-

225 990 347 1023 IIabit,et
361 992 498 1026 purgahit,
518 997 545 1019 et
562 991 655 1019 fundet
669 999 795 1028 purgatos
805 993 874 1020 filios
889 993 957 1020 J-tda
965 994 985 1021 ³.
1000 1003 1009 1019 ι

260 1036 286 1064 7.
305 1036 357 1064 Sed
370 1041 396 1064 et
407 1038 472 1064 illud
486 1038 556 1071 quod
570 1038 602 1065 de
616 1038 851 1072 dispensatoribus
865 1047 916 1066 nou
931 1040 1011 1067 bonis

225 1083 252 1109 in
267 1083 411 1118 Evangelio
431 1085 531 1111 dictutn
559 1084 629 1116 est',
645 1084 690 1118 qui
716 1084 852 1111 dividendi
872 1085 1009 1117 dicuntur,

223 1132 251 1155 et
272 1136 335 1162 pars
359 1136 451 1155 eontm
470 1137 531 1155 cum
554 1129 708 1156 inﬁdelibus
734 1130 807 1164 poni,
826 1134 953 1165 tanquam
978 1138 1009 1158 ea

224 1181 289 1207 pars
303 1182 363 1208 qua:
374 1173 494 1208 ipsorum
507 1175 613 1209 propria
629 1182 682 1201 non
695 1175 740 1207 sit,
754 1175 884 1202 aliorsum
900 1177 936 1203 sit
948 1177 1012 1203 mit-

225 1219 305 1246 tenda
317 1219 391 1254 (60),
407 1219 466 1246 sine
483 1219 564 1246 dubio
581 1227 666 1254 genus
685 1220 792 1254 aliquod
809 1222 908 1249 indicat
925 1229 1011 1257 preme

222 1273 327 1298 eorum,
355 1272 481 1299 quorum,
502 1269 531 1291 ut
560 1265 624 1292 mihi
652 1265 952 1301 videtur,separandus
976 1269 1010 1296 ab

222 1310 314 1338 anima
342 1310 453 1345 spiritus
484 1310 630 1338 indicatur.
653 1310 703 1343 Qui
725 1311 836 1346 spiritus
856 1313 878 1339 si
899 1313 1008 1345 quidem

223 1357 321 1385 divina:
337 1363 452 1389 naturae,
467 1357 492 1384 id
506 1361 547 1384 est
564 1356 683 1391 Spiritus
696 1363 808 1384 sanctus
821 1358 1009 1393 intelligendus

222 1407 279 1435 est,
298 1404 448 1429 sentiemus
465 1403 516 1429 hoc
530 1403 632 1429 dictum
647 1403 678 1430 de
695 1403 766 1430 dono
778 1403 893 1438 Spiritus
906 1403 1008 1438 sancti;

221 1450 304 1484 quod.
318 1449 375 1476 sive
388 1456 435 1483 per
453 1449 627 1483 baptismum,
641 1448 698 1476 sive
708 1456 755 1483 per
766 1449 881 1482 gratiam
889 1449 1008 1484 Spiritus

1067 218 1094 240 et
1116 213 1200 241 chara
1227 215 1347 242 materiae
1366 222 1427 241 cum
1443 213 1591 242 infidelium
1610 218 1683 242 sorte
1701 215 1844 243 mulctatur.

1069 260 1166 287 Potest
1187 264 1277 287 autem
1293 265 1320 287 et
1339 261 1421 288 tertio
1435 267 1515 288 sensu
1534 260 1599 287 illud
1613 260 1727 295 intelligi
1741 260 1773 288 de
1787 261 1846 288 divi-

1068 304 1144 332 sione
1155 305 1277 340 ista(62),
1287 310 1315 332 ut
1324 305 1450 339 quoniam
1460 305 1607 340 unicuique
1618 305 1740 332 ﬁdelium
1750 305 1846 334 etiamsi

1067 350 1195 377 minimus
1210 350 1245 377 sit
1262 351 1289 378 in
1307 351 1437 384 Ecclesia,
1459 351 1556 378 adesse
1571 351 1688 386 angelus
1702 351 1797 378 dicitur
1807 352 1845 385 qui

1066 397 1148 423 etiam
1165 404 1272 431 semper
1286 397 1378 423 videre
1392 396 1488 424 facient
1510 397 1557 424 Dei
1574 396 1666 424 Patris
1683 405 1699 424 a
1718 396 1846 425 Salvatore

1066 441 1226 476 perhibetur
1241 442 1274 474 ¹⁶,
1292 446 1319 469 et
1335 441 1378 469 hic
1393 442 1487 477 utique
1499 449 1583 470 unum
1597 447 1656 470 erat
1679 450 1741 470 cum
1763 450 1794 470 eo
1808 444 1845 478 qui

1066 491 1193 521 praeerat,
1213 487 1235 514 si
1264 487 1287 514 is
1315 494 1362 521 per
1391 487 1602 514 inobedientiam
1628 487 1764 514 cﬁlciatur
1785 488 1845 514 indi-

1066 539 1145 567 gnus,
1158 531 1258 558 auferri
1271 531 1307 558 ab
1319 538 1352 559 eo
1366 531 1411 558 Dei
1422 531 1479 567 (65)
1489 531 1602 566 angelus
1617 531 1737 564 dicatur,
1754 536 1780 558 et
1792 536 1844 558 tunc

1068 585 1132 613 pars
1148 579 1218 612 ejus,
1237 577 1263 604 id
1275 582 1316 605 est
1328 577 1454 604 humana:
1469 581 1572 604 natura:
1587 585 1650 612 pars
1659 577 1758 604 avulsa
1773 585 1786 603 a
1802 577 1841 604 Dei

1068 628 1145 658 parte
1160 631 1222 651 cum
1242 623 1395 651 inﬁdelibus
1415 623 1572 658 deputetur,
1586 624 1716 658 quoniam
1732 630 1841 651 commo-

1065 670 1183 697 nitiones
1210 669 1325 704 appositi
1353 668 1404 696 sibi
1429 676 1444 695 a
1470 669 1526 696 Deo
1551 669 1639 704 angeli
1658 677 1714 696 non
1738 669 1840 696 ﬁdeliter

1064 715 1224 743 custodivit.

1099 771 1125 798 8.
1139 771 1191 799 Sed
1204 775 1231 799 et
1247 771 1400 799 exteriores
1418 770 1556 803 tenebras,
1567 774 1596 796 ut
1610 777 1660 804 ego
1682 769 1788 804 opinor,
1799 776 1840 796 non

1065 822 1117 844 tam
1138 824 1229 844 aerem
1251 817 1368 853 aliquem
1394 818 1540 844 obscurum
1555 820 1582 843 et
1598 815 1657 843 sine
1678 815 1733 842 ullo
1755 815 1840 842 lumine

1065 861 1266 896 intelligendum
1299 867 1375 896 puto,
1401 869 1482 896 quam
1516 861 1549 888 de
1581 861 1624 888 his
1643 861 1691 895 qui
1717 860 1839 896 profunda:

1063 906 1223 941 ignorantia:
1238 909 1358 936 tenebris
1373 908 1492 935 immersi
1509 911 1584 934 extra
1603 914 1685 934 omne
1703 906 1838 941 intelligen-

1064 953 1107 980 tia:
1129 954 1219 981 lumen
1237 954 1293 989 (64)
1313 954 1402 982 cﬁ‘ecti
1420 958 1491 981 sunt.
1506 953 1656 981 Videndum
1676 961 1781 987 quoque
1795 957 1835 985 est,

1063 1007 1096 1026 ne
1119 999 1187 1026 forte
1216 999 1299 1027 etiam
1327 1000 1392 1026 illud
1421 1000 1472 1026 iste
1502 1006 1590 1026 sermo
1618 999 1764 1034 signiﬁcet,
1781 998 1837 1033 quod

1063 1046 1133 1074 sicut
1159 1047 1245 1074 sancti
1269 1054 1381 1081 corpora
1401 1054 1458 1079 sua,
1476 1047 1501 1074 in
1521 1047 1619 1081 quibus
1631 1050 1726 1073 sancte
1741 1051 1766 1072 et
1784 1052 1837 1079 pure

1062 1091 1088 1118 in
1115 1091 1198 1127 hujus
1225 1092 1287 1126 vita:
1316 1092 1532 1119 habitationibus
1557 1091 1696 1123 vixerunt,
1720 1090 1801 1117 lucida
1816 1094 1837 1116 et

1062 1135 1177 1171 gloriosa
1190 1144 1221 1163 ex
1236 1137 1436 1164 resurrectione
1446 1137 1605 1171 suscipient,
1615 1137 1650 1163 ita
1663 1141 1692 1163 et
1710 1135 1780 1170 impii
1793 1134 1836 1169 qui-

1062 1189 1114 1215 que
1132 1182 1176 1216 qui
1196 1182 1222 1209 in
1236 1183 1288 1210 hac
1301 1183 1355 1209 vita
1368 1190 1490 1209 errorum
1504 1183 1630 1210 tenebras
1638 1187 1667 1209 et
1684 1186 1784 1208 noctem
1791 1180 1835 1214 (65)

1062 1227 1223 1262 ignorantiae
1244 1229 1409 1262 dilexerunt,
1423 1229 1548 1256 obscuris
1564 1234 1591 1256 ct
1607 1229 1675 1256 atris
1687 1233 1748 1262 post
1763 1235 1834 1255 resur-

1064 1273 1211 1299 rectionem
1239 1273 1398 1308 corporibus
1416 1273 1575 1306 induantur,
1594 1280 1665 1300 utea
1687 1274 1743 1308 ipsa
1761 1272 1834 1305 caligo

1097 1315 1246 1345 IlIEnomut
1260 1326 1363 1347 νειιςιο,
1384 1318 1446 1346 Nisi
1483 1319 1641 1354 ignorantiae
1665 1327 1726 1354 qua:
1750 1319 1773 1345 in
1795 1318 1833 1344 hoc

1061 1362 1128 1396 forte
1141 1371 1234 1396 corpus
1253 1364 1301 1390 hoc
1309 1364 1364 1399 (66)
1373 1366 1432 1399 pin-
1471 1365 1571 1392 mundo
1587 1365 1734 1392 interiores
1754 1371 1832 1391 corum

1060 1414 1108 1440 gue
1118 1413 1194 1442 atque
1205 1413 1336 1436 terrenum
1348 1410 1434 1444 caligo
1472 1414 1579 1437 mentes
1605 1411 1753 1437 obsederat
1777 1408 1830 1443 (σῖ).

1060 1459 1083 1480 et
1121 1454 1235 1482 teneer
1267 1456 1436 1483 nominanda:
1472 1456 1498 1483 in
1533 1456 1624 1483 futuro
1652 1463 1704 1491 per
1731 1455 1831 1483 exterius

222 1502 283 1522 cum
301 1494 380 1521 alicui
396 1501 488 1521 sermo
501 1494 653 1528 sapientiai,
663 1494 703 1520 vel
714 1501 803 1521 sermo
822 1495 950 1527 scientiae,
970 1497 1011 1522 vel
1025 1501 1045 1529 c
1062 1505 1132 1532 sum,
1155 1508 1201 1534 per
1222 1501 1292 1535 quod
1319 1509 1439 1528 cansum-
1476 1502 1599 1536 corporis
1616 1505 1746 1536 appareat
1766 1501 1830 1528 indu-

222 1540 332 1566 altcrins
356 1540 486 1574 cujusque
502 1540 584 1567 datus
609 1545 651 1567 est
668 1539 724 1575 (GI)
739 1540 814 1572 doni,
831 1545 857 1567 et
869 1549 920 1568 non
937 1546 1009 1569 recte

223 1585 440 1614 administratus.
462 1585 487 1611 id
514 1590 554 1612 est
581 1590 628 1612 aut
642 1586 675 1612 ad
693 1591 793 1612 terram
816 1587 938 1614 defossus
955 1593 1008 1619 est,

221 1636 267 1657 ant
294 1630 319 1657 in
346 1630 454 1657 sudario
484 1630 635 1665 colligatus,
667 1630 804 1658 auferetur
828 1632 950 1665 profecto
973 1633 1008 1659 ab

220 1676 309 1703 anima
326 1677 424 1702 donum
447 1675 574 1708 Spiritus,
599 1681 623 1702 et
638 1683 700 1710 pars
717 1677 818 1711 reliqua
835 1685 895 1710 quae
912 1684 1008 1712 snper-

220 1725 270 1752 est,
299 1721 324 1747 id
340 1725 380 1747 est
396 1720 493 1747 anima:
517 1721 669 1748 substantia
683 1729 742 1748 cmn
759 1721 911 1750 inﬁdelibus
923 1730 1006 1758 pone-

221 1770 275 1797 tur,
291 1765 376 1791 divisa
404 1773 434 1791 ac
461 1770 584 1800 separata
601 1767 634 1793 ab
648 1774 679 1793 eo
695 1766 797 1800 Spiritu
809 1775 871 1794 eum
887 1775 941 1802 quo
955 1769 1004 1794 ad-

214 1811 332 1846 iungens
348 1818 377 1837 se
394 1811 509 1838 Domino
529 1818 600 1838 unus
617 1811 734 1846 Spiritus
748 1819 809 1839 esse
821 1812 962 1840 debuerat.
975 1813 1003 1841 Si

218 1863 283 1883 vero
299 1856 350 1884 hoc
364 1865 416 1884 non
432 1857 465 1884 de
480 1857 525 1884 Dei
547 1857 662 1892 Spiritui,
683 1858 730 1884 sed
749 1858 782 1885 de
800 1858 897 1886 animm
920 1859 1004 1893 ipsius

219 1907 315 1929 natura
330 1903 534 1938 intelligendum
545 1909 597 1934 est,
611 1910 675 1938 pars
690 1903 748 1938 ejus
762 1903 857 1930 melior
870 1904 915 1931 illa
927 1905 1003 1932 dice-

219 1951 264 1976 tur
274 1955 333 1983 qua:
343 1948 375 1975 ad
390 1949 535 1983 imaginem
548 1948 594 1976 Dei
609 1953 637 1976 et
653 1948 857 1976 similitudinem
871 1949 938 1976 {acta
948 1954 1002 1983 est;

217 1994 270 2022 alia
287 2001 375 2022 autem
398 2003 469 2030 pars,
484 2003 514 2022 ea
531 2002 590 2030 qua:
612 1995 784 2030 postmodum
801 2003 850 2030 per
863 1995 940 2023 liberi
957 2003 1002 2022 ar-

216 2039 290 2066 bitrii
307 2039 409 2074 lapsum
429 2045 525 2067 contra
539 2044 663 2066 naturam
682 2039 776 2073 prima:
792 2040 956 2067 conditionis
976 2046 1004 2067 et

251 2085 262 2100 ⁸
279 2084 334 2111 Jer.
351 2093 414 2116 xxv,
432 2085 475 2112 I5.
528 2084 539 2100 ⁵
559 2084 638 2118 11)ἰι1.,
653 2083 698 2111 28.
750 2084 760 2099 θ
774 2084 825 2112 lsa.
848 2092 885 2117 tv,
901 2085 928 2112 4.

217 2119 238 2134 ¹⁰
264 2119 358 2146 Matth.
378 2119 509 2153 X\'III,10,
528 2120 571 2147 II.

981 2086 991 2100 ⁷
1014 2085 1065 2113 Isa.
1096 2094 1179 2120 xtvu,
1204 2087 1248 2114 M.

1060 1551 1129 1571 muto
1143 1546 1191 1572 Ιιοε
1207 1546 1308 1572 mundo
1321 1554 1379 1573 cum
1393 1555 1440 1574 ηε-
1477 1552 1608 1574 mentum.
1627 1547 1759 1574 Similiter
1777 1553 1830 1580 quor

1059 1590 1215 1625 cessefuerit
1226 1592 1252 1617 in
1261 1591 1341 1618 alium
1353 1597 1441 1619 Irans-
1478 1600 1531 1626 que
1552 1598 1579 1620 et
1605 1593 1639 1620 de
1658 1599 1769 1620 carcere
1782 1597 1829 1618 seu-

1058 1636 1096 1662 ire
1141 1637 1286 1668 mundum,
1334 1645 1438 1664 rursum
1477 1639 1596 1665 tiendum
1627 1643 1682 1665 est.
1703 1638 1753 1666 Sed
1787 1635 1829 1663 sui-

1058 1682 1181 1708 nascendi
1213 1688 1295 1709 cumet
1312 1684 1431 1710 exordia.
1471 1683 1564 1711 ﬁciant
1616 1684 1666 1711 ista
1710 1684 1735 1711 in
1777 1689 1828 1717 pm

1057 1727 1125 1754 senti
1146 1727 1219 1760 loco,
1233 1735 1293 1762 qua:
1315 1729 1423 1756 interim
1446 1737 1518 1757 nunc
1532 1734 1562 1756 ut
1578 1730 1687 1757 dicendi
1703 1730 1766 1758 ordo
1780 1736 1827 1756 ser-

1057 1776 1179 1805 varetur,
1190 1780 1271 1807 quam
1287 1774 1461 1808 paucissimis
1472 1775 1543 1802 dicta
1564 1780 1637 1803 sunt.

1311 1863 1391 1900 10‘.
1411 1863 1526 1893 CAPUT
1548 1865 1592 1892 XI.

1292 1929 1332 1957 De
1348 1931 1606 1964 repromissionibus.

1092 1995 1118 2022 1.
1130 1995 1276 2024 Videamus
1285 2004 1356 2024 nunc
1366 1997 1485 2024 breviter
1492 1997 1557 2032 quid
1572 2002 1600 2024 et
1612 1997 1646 2025 de
1654 1995 1824 2033 repromissio-

1057 2041 1136 2068 nibus
1151 2042 1324 2069 sentiendum
1340 2043 1377 2070 sit
1389 2043 1454 2078 (68).
1469 2043 1579 2070 Certum
1595 2048 1637 2070 est
1650 2043 1716 2077 quia
1736 2041 1822 2069 nullum

1299 2087 1310 2102 ⁸
1325 2086 1441 2115 Malach.
1468 2095 1508 2120 Ill,
1528 2087 1555 2115 5.
1606 2087 1616 2102 '
1631 2087 1698 2115 Luc.
1721 2094 1768 2119 xu,
1786 2084 1821 2112 66.

251 2165 313 2205 (51).
324 2167 370 2205 Sic
380 2168 575 2205 gmnesﬂcodd.
593 2175 659 2194 mss.
672 2165 757 2198 Alias,
773 2174 782 2191 ι
801 2171 828 2193 et
839 2166 997 2194 deciderunt
1015 2169 1036 2196 D
1053 2167 1187 2205 animm":

216 2201 244 2228 in
258 2201 369 2234 iudicio.
380 2202 427 2228 Est
442 2206 469 2228 ct
486 2201 560 2231 illud.
580 2211 588 2227 ι
605 2207 658 2228 etc.

251 2235 307 2270 (55)
327 2235 448 2262 Furoris.
468 2237 547 2263 Deest
561 2237 586 2262 in
602 2234 740 2271 prioribus
760 2235 934 2268 editionibus,
950 2237 996 2264 sed

216 2269 333 2297 habetur
349 2271 373 2297 in
390 2278 453 2298 mss.

251 2305 307 2339 (56)
327 2305 373 2332 Sic
392 2313 456 2332 mss.
473 2305 557 2336 Alias,
577 2314 586 2330 ι
605 2304 726 2339 proﬁciet
747 2310 907 2332 anlmarum.
924 2305 996 2339 Quo-

214 2340 295 2367 modo
308 2345 408 2372 autem,
424 2349 432 2366 I
448 2346 501 2367 etc.

250 2374 307 2409 (57)
322 2374 402 2401 Cave.

248 2409 304 2444 (58)
321 2409 415 2436 Abluet
440 2409 567 2436 Dominus
581 2409 670 2436 sordes

213 2443 291 2480 Sion,
300 2451 323 2471 et
338 2444 492 2480 sanguinem
507 2444 660 2479 expurgaln't
678 2445 789 2480 e‘medio
811 2443 928 2480 ipsorum
941 2447 993 2480 spi-

212 2480 265 2505 ritu
276 2479 374 2513 judicii
393 2484 416 2506 et
441 2480 535 2513 spiritu
554 2479 674 2506 ultionis.
690 2478 728 2505 De
748 2479 880 2506 Cltaldwis
906 2478 992 2506 autem

211 2515 248 2540 sic
263 2515 337 2541 dicit.
355 2513 416 2540 Hatc
433 2514 459 2540 in
475 2513 611 2547 prioribus
624 2513 787 2542 editionibus
803 2516 902 2542 omissa
913 2519 990 2549 sunt,

211 2549 275 2576 licet
288 2549 315 2575 in
334 2549 460 2575 omnibus
472 2548 620 2576 habeantur
638 2556 703 2575 mss.
820 2574 830 2580 ,

210 2619 216 2624 Ι
245 2583 301 2617 (59)
315 2583 452 2610 Dominus.
470 2582 550 2610 Deest
563 2583 589 2610 in
601 2588 681 2611 antea
697 2583 788 2618 editis,
796 2584 843 2611 sed
858 2583 991 2618 reperitur

210 2627 236 2645 III
255 2626 321 2645 IIISS.

244 2653 300 2688 (60)
315 2654 353 2679 Ita
372 2661 436 2680 mss.
450 2654 532 2687 Alias,
550 2663 560 2680 ι
577 2661 638 2680 cum
662 2653 814 2680 inﬁdelibus
834 2657 913 2680 terra,
928 2653 989 2688 poni

209 2692 336 2722 tanquam
351 2695 381 2724 ea
393 2696 452 2722 quae
469 2690 587 2723 ipsorum
603 2689 712 2724 propria
727 2696 780 2716 non
797 2688 843 2720 sit,
853 2695 915 2714 cunt
928 2687 991 2714 alio-

209 2729 267 2748 rum
282 2723 404 2757 partibus
416 2724 451 2751 sit
469 2725 608 2751 mittenda.
627 2733 637 2750 ι

242 2758 299 2793 (61)
312 2758 357 2785 Sic
374 2766 437 2786 mss.
452 2759 535 2793 Alias,
551 2769 560 2785 ι
579 2765 606 2786 et
621 2765 711 2785 sermo
730 2756 850 2785 scientize
873 2756 913 2783 vel
939 2756 990 2793 ali-

206 2791 409 2825 cnjus'alterius
425 2795 502 2821 datus
520 2791 571 2821 cst.
596 2803 605 2819 ι
619 2793 701 2820 Paulo
717 2797 777 2827 post
790 2799 868 2827 mssa,
885 2799 894 2816 ι
912 2791 988 2818 aufe-

688 2408 804 2442 ﬁliornm
817 2410 855 2436 rel
875 2410 993 2444 ﬁliarum

207 2833 281 2854 retur
306 2829 425 2861 proiecto
453 2830 487 2856 ab
511 2830 612 2856 anima.
629 2828 738 2860 iAltas,
759 2836 768 2853 ι
795 2826 933 2854 auferatur
955 2827 988 2854 ab
1021 2842 1026 2846 -

1087 2202 1144 2236 (62)
1165 2201 1228 2236 Vide
1241 2200 1287 2236 liih.
1306 2209 1324 2228 ll
1337 2200 1503 2236 0rigenian.,
1519 2209 1546 2235 q.
1563 2201 1602 2234 5.,
1620 2210 1646 2227 n.
1665 2201 1708 2229 28.

1085 2231 1141 2273 (63)
1168 2235 1225 2273 Dei.
1254 2235 1334 2273 Deest
1353 2231 1396 2273 _in'
1419 2231 1554 2273 prioribus
1578 2231 1759 2273 (editionibus,
1783 2231 1819 2273 ᾷςίί

1047 2271 1161 2307 habetur
1175 2271 1206 2307 in
1217 2278 1279 2307 mss.
1294 2271 1378 2297 Paulo
1393 2277 1453 2305 post
1470 2271 1534 2298 libb.
1551 2271 1628 2307 editi.
1641 2280 1650 2296 ι
1662 2271 1820 2307 commonitio

1047 2305 1160 2340 appositi
1175 2305 1225 2332 sibi
1239 2313 1253 2331 a
1267 2305 1320 2333 Deo
1329 2304 1415 2340 angeli
1434 2313 1486 2332 non
1508 2306 1622 2333 ﬁdeliter
1638 2313 1700 2333 eum
1713 2304 1818 2340 custodi-

1046 2337 1095 2367 vit.
1107 2339 1184 2366 )MSS.
1193 2345 1219 2366 ut
1229 2341 1253 2367 in
1263 2345 1354 2367 nostro
1364 2337 1447 2368 t'extu.
1457 2340 1555 2368 [bidem
1565 2348 1644 2372 mss.,
1657 2349 1666 2366 ι
1681 2347 1707 2368 et
1715 2342 1768 2367 sine
1776 2337 1820 2364 ullo

1049 2375 1160 2410 lumine.
1180 2385 1189 2401 ι
1208 2375 1235 2402 In
1261 2376 1396 2410 prioribus
1418 2375 1585 2402 editionibus
1602 2376 1687 2408 deest,
1708 2385 1717 2401 I
1736 2375 1790 2410 ullo.
1807 2379 1816 2397 ι

1081 2409 1136 2443 (64)
1154 2409 1238 2436 Omne
1260 2408 1437 2444 intelligentia:
1463 2409 1561 2437 lumen.
1589 2410 1634 2437 Sic
1658 2418 1723 2438 mss.
1745 2408 1817 2438 Alias»

1050 2453 1059 2470 ‹
1079 2445 1374 2479 divimeintclligentize
1390 2444 1489 2472 lumen.
1509 2454 1518 2470 ι

1084 2479 1140 2514 (65)
1159 2477 1288 2517 [ξ’-οςζεηιῖ
1296 2480 1374 2506 Deest
1394 2479 1420 2506 in
1442 2484 1522 2517 antea
1539 2479 1629 2517 editis,
1645 2480 1693 2507 sed
1719 2477 1817 2517 habetur

1048 2514 1074 2540 in
1092 2522 1155 2540 mss.
1170 2514 1268 2540 Ibident
1285 2521 1350 2541 mss.
1369 2523 1378 2540 ι
1395 2518 1422 2541 et
1433 2514 1510 2541 atris.
1524 2523 1534 2540 ι
1547 2514 1626 2547 Editi,
1645 2524 1653 2540 ι
1671 2520 1697 2542 et
1720 2514 1814 2540 tetris.)

1083 2549 1140 2583 (66)
1156 2547 1217 2575 Nisi
1232 2551 1300 2582 forte
1316 2557 1408 2583 corpus
1425 2552 1484 2581 hac,
1501 2555 1554 2577 etc.
1575 2549 1636 2577 Ilaec
1653 2550 1816 2582 Hieronymus

1045 2590 1060 2610 e
1077 2583 1123 2618 lib.
1142 2591 1162 2610 ιι
1184 2583 1254 2617 Περὶ
1269 2583 1370 2618 ἀρχῶν
1386 2583 1465 2610 all'ert
1479 2583 1505 2610 in
1521 2585 1635 2618 epistola
1661 2585 1694 2610 ad
1711 2585 1813 2618 Avitum.

1045 2625 1059 2644 a
1077 2617 1174 2645 Ruﬁno
1189 2616 1279 2645 autem
1287 2616 1457 2652 interpolata
1472 2625 1499 2646 et
1521 2616 1548 2646 in
1563 2619 1645 2646 alium
1662 2625 1764 2646 sensum
1776 2616 1814 2642 de-

1045 2657 1113 2689 torta
1134 2653 1217 2689 fuisse
1232 2653 1320 2686 palam
1341 2658 1391 2680 est.
1457 2687 1463 2689 Α
1531 2687 1536 2689 _
1794 2684 1799 2689 ,

1074 2687 1130 2723 (67)
1146 2688 1192 2715 Sic
1210 2696 1275 2715 mss.
1301 2688 1387 2722 Alias,
1415 2697 1425 2714 ί
1439 2687 1587 2715 αἰιιιθι-ἱοιέι
1612 2695 1706 2716 eorum
1729 2687 1812 2715 utentis

1039 2722 1193 2758 obsederat.
1213 2731 1223 2748 ›
1430 2757 1434 2758 γ
1787 2753 1792 2758 .

1074 2758 1131 2791 (68)
1150 2757 1219 2790 Quid
1231 2762 1257 2785 et
1274 2758 1306 2785 de
1323 2757 1567 2791 repromissionibul
1592 2758 1752 2785 sentiendum
1771 2756 1810 2782 tis‘o

1040 2792 1106 2824 Vide
1123 2792 1344 2828 Origeniauorum
1360 2793 1406 2820 lib.
1419 2801 1449 2822 ιι.
1463 2799 1558 2829 quiest.
1576 2794 1630 2827 It._
