1860 3073
58 121 104 148 161

715 120 815 148 LIBER
833 121 1021 151 SECUNDUS.

1628 125 1681 153 2ιῖ

55 179 156 206 animal
169 180 245 206 omni
259 179 344 207 modo
358 179 474 208 otiosum
486 184 567 214 atque
580 181 716 208 immobile
728 188 788 209 esse
801 189 849 216 po-
862 185 886 213 Α
900 183 1027 217 habeant,
1039 181 1082 210 vel
1099 187 1247 211 structores
1271 183 1415 217 parietum,
1431 191 1444 210 a
1470 184 1569 218 quibus
1590 184 1681 212 diruta

56 229 122 256 test,
139 225 186 252 sed
217 225 291 252 omni
320 233 420 260 genere
438 226 540 252 moveri
556 231 584 254 et
603 233 684 261 agere
701 234 807 262 semper
822 232 849 254 et

52 271 126 298 velle
148 270 254 305 aliquid
270 272 370 306 gestit;
385 276 412 299 et
428 272 497 299 hanc
512 272 600 299 inesse
623 278 747 299 naturam
763 273 849 300 omni-

52 316 105 343 bus
119 316 323 348 animantibus,
351 316 525 344 manifestum
552 323 627 352 puto.
656 317 738 345 Multo
763 319 849 353 magis

51 369 120 397 ergo
145 362 309 390 rationabile
337 363 446 395 animal,
470 364 494 389 id
512 368 569 396 est,
585 363 702 391 hominis
725 368 849 390 naturam

50 415 167 435 necesse
183 412 225 435 est
243 415 351 442 semper
367 407 469 442 aliquid
485 416 594 436 movere
611 408 655 435 vel
669 416 759 443 agere.
773 408 807 435 Et
827 409 849 436 si

50 453 162 488 quidem
184 454 329 481 immemor
340 454 382 481 sui
397 454 441 485 sil,
459 457 485 480 et
497 453 562 488 quid
576 461 605 481 se
617 454 711 481 deceat
733 454 849 489 ignoret.

53 500 129 527 circa
151 508 221 528 usus
241 501 400 534 corporales
416 500 504 528 onmis
524 508 572 528 sua
589 505 711 528 movetur
725 501 849 534 intentio,

49 550 78 572 ει
101 553 153 578 per
179 552 278 572 omnes
303 550 393 573 motus
409 553 473 573 SUOS
488 552 549 580 ergo
571 545 724 580 voluptates
740 553 802 573 suas
818 553 849 573 3C

51 590 188 618 libidines
217 591 343 626 corporis
359 597 526 625 occupatur;
543 591 564 618 si
583 598 647 618 vero
670 591 730 619 talis
753 592 789 618 sit
804 591 849 625 qui

52 635 78 661 in
101 642 258 663 commune
283 635 384 670 aliquid
404 643 500 663 curare
514 636 555 663 vel
571 637 715 671 providere
729 636 848 670 studeat,

48 683 94 705 aut
110 679 273 714 reipublicae
289 681 443 713 consulens,
456 686 503 707 aut
519 682 723 718 magistratibus
741 688 848 716 parens,

49 731 95 752 aut
112 726 251 760 quidquid
265 726 326 753 illud
339 731 381 754 est
395 726 466 761 quod
488 727 514 753 iu
532 734 673 754 commune
687 733 761 754 certe
780 734 843 760 pro-

48 771 131 798 desse
146 772 288 811 videatur,
305 777 425 800 exercet.
452 772 510 799 Jam
528 780 591 800 vero
606 773 628 800 si
644 774 707 807 quis
726 773 788 800 talis
811 772 848 799 sit

49 821 81 843 ut
95 816 207 851 aliquid
219 817 315 844 melius
329 825 408 851 quam
425 817 482 845 haec
494 826 552 852 quae
565 825 697 852 corporea
710 818 845 850 videntur,

48 862 200 896 intelligat,
220 868 248 889 et
263 862 401 896 sapientia:
416 867 443 890 et
470 864 591 890 scientiae
606 871 718 897 operam
736 864 844 896 habeat,
865 853 886 882 Β

50 909 112 935 sine
125 909 213 935 dubio
225 915 288 943 erga
304 908 488 942 hujuscemodi
505 909 592 935 studia
608 917 714 936 omnem
729 909 847 936 declina-

50 954 93 980 bit
121 953 300 985 industriaut,
314 961 368 988 quo
382 954 469 988 possit
482 954 611 988 inquisita
625 954 741 982 veritate
755 962 846 982 rerum

47 1007 151 1026 causas
170 1001 359 1034 rationemque
374 1000 429 1035 (69)
444 1007 617 1034 cognoscere.
642 1000 730 1028 Sicut.
740 1009 804 1036 ergo
818 1002 843 1028 iu

49 1045 105 1072 hac
135 1045 193 1071 vita
216 1045 287 1071 alius
317 1045 425 1079 quidem
457 1053 590 1072 sumntqu
611 1046 709 1073 bonum
722 1047 845 1081 corporis

46 1090 159 1124 iudicat
179 1090 342 1125 voluptatem
373 1091 442 1118 alius
461 1099 524 1118 vero
539 1092 564 1118 iu
582 1099 724 1119 commune
741 1100 840 1120 consu-

49 1135 123 1166 lere,
137 1135 210 1161 alius
231 1135 330 1162 studiis
344 1139 371 1162 et
384 1135 566 1171 intelligentiae
585 1144 694 1171 operam
711 1137 792 1170 dare;
810 1138 846 1165 ita

50 1182 232 1215 requiramus
256 1181 283 1206 in
305 1180 350 1207 illa
367 1181 420 1208 vita
436 1189 496 1215 qua:
515 1189 577 1208 vera
593 1187 644 1213 est,
659 1189 718 1216 qua:
733 1182 847 1209 abscon-

49 1226 108 1253 dita
134 1233 199 1253 esse
225 1226 325 1253 dicitur
347 1233 407 1252 cum
436 1226 545 1254 Christo
571 1227 596 1254 iu
626 1227 722 1261 Deo“,
751 1229 776 1256 id
806 1234 848 1256 est

49 1272 78 1298 in
95 1272 144 1298 illa
164 1276 265 1298 attenta
280 1272 345 1305 vita,
363 1272 386 1299 si
401 1272 499 1307 aliquis
511 1272 571 1300 talis
580 1273 716 1301 eritnobis
733 1274 840 1301 vivendi

49 1318 121 1345 ordo
138 1317 182 1344 vel
197 1322 294 1344 status.

85 1364 116 1390 2.
130 1363 250 1397 Quidam
267 1371 333 1399 ergo
345 1364 465 1391 laborem
478 1364 676 1399 quodammodo
694 1365 845 1400 intelligen-

51 1408 99 1435 tiae
122 1413 297 1440 recusantes,
312 1414 340 1436 et
355 1408 528 1443 superﬁciem
554 1410 699 1444 quamdam
715 1410 783 1445 legis
804 1410 848 1437 lit-

50 1458 122 1480 tera:
140 1458 343 1487 consectantes,
359 1459 387 1481 et
409 1454 496 1489 magis
515 1454 689 1482 delectationi
706 1463 761 1483 suae
777 1463 846 1490 quo-

49 1498 203 1525 dammodo
219 1506 251 1525 ac
272 1498 376 1526 libidini
396 1499 577 1534 indulgentes,
591 1500 675 1527 solius
691 1500 788 1527 litterae
802 1500 846 1527 di-

49 1544 164 1579 scipuli,
182 1544 350 1572 arbitrantur
368 1545 592 1579 repromissiones
604 1546 714 1580 futuras;
726 1547 751 1573 in
769 1547 847 1574 volu-

48 1595 127 1624 ptate
134 1595 163 1617 et
174 1590 280 1617 luxuria
291 1591 412 1625 corporis
420 1592 617 1624 exspectandas
632 1591 705 1627 (70);
724 1597 751 1618 et
770 1600 849 1627 prop-

49 1640 128 1662 terea
136 1635 278 1670 praecipue
295 1643 392 1663 carnes
401 1636 498 1663 iterum
506 1637 659 1664 desiderant
667 1643 725 1671 post
735 1641 851 1665 resurre‘

46 1681 171 1708 ctionem
207 1680 274 1708 tales
299 1682 398 1716 quibus
431 1682 623 1715 manducandi,
646 1689 673 1710 et
689 1683 799 1710 bibendi
822 1686 850 1710 et

46 1724 142 1750 omnia
152 1731 214 1757 qua:
226 1725 317 1751 carnis
327 1729 353 1751 et
363 1726 503 1760 sanguinis
517 1730 591 1760 sunt,
600 1728 696 1761 agendi
709 1735 848 1762 nunquam

47 1769 122 1796 desit
146 1768 274 1801 facultas,
294 1770 406 1804 apostoli
426 1771 502 1798 Pauli
524 1771 557 1799 de
578 1772 777 1799 resurrectione
793 1773 849 1807 spi-

48 1814 140 1842 ritalis
155 1815 280 1848 corporis
295 1817 456 1843 sententiam
473 1824 524 1843 non
539 1822 684 1851 sequentes
694 1818 725 1844 ¹¹.
742 1817 847 1850 Quibus

48 1864 255 1892 consequenter
272 1861 374 1888 addunt
389 1867 417 1888 et
432 1863 588 1896 nuptiarum
602 1863 808 1895 conventioues,
820 1868 848 1891 et

50 1907 174 1933 ﬁliorum
198 1908 402 1941 procreationes
424 1908 507 1935 etiam
534 1913 594 1942 post
619 1909 844 1936 resurrectionem

51 1950 175 1983 futuras,
192 1951 325 1986 tingentes
347 1952 523 1987 sibimetipsis
537 1951 686 1979 Jerusalem
709 1958 845 1980 terrenam

50 1996 150 2023 urbem
171 1997 392 2024 remdiﬁcandam
407 1997 543 2030 lapidibus
565 1997 688 2032 pretiosis
709 1997 736 2024 in
751 1997 847 2024 funda-

50 2047 144 2069 menta
160 2042 220 2076 ejus
232 2042 365 2076 jaciendis
376 2043 442 2078 (7l),
452 2047 478 2070 et
492 2044 525 2071 de
538 2043 625 2078 lapide
636 2042 742 2077 iaspide
753 2051 847 2071 muros

50 2087 111 2120 ejus
123 2087 285 2121 erigendos,
296 2091 324 2114 et
344 2088 546 2123 propugnacula
563 2086 622 2122 ejus
634 2095 667 2115 ex
681 2087 770 2122 lapide
782 2095 845 2123 cry-

53 2131 155 2165 stallo;
191 2132 343 2167 peribolum
364 2139 471 2167 quoque
492 2131 645 2159 habituram
666 2140 699 2159 ex
714 2132 847 2167 lapidibus

52 2176 151 2203 electis
164 2181 192 2203 et
207 2177 303 2210 variis,
321 2177 345 2203 id
361 2176 518 2212 estjaspide
535 2182 561 2205 et
575 2177 712 2211 sapphiro,
729 2182 757 2204 et
772 2177 846 2204 chal-

53 2222 183 2252 cedonio,
199 2226 227 2248 et
242 2223 399 2257 smaragdo,
421 2227 448 2249 et
465 2223 556 2250 sardio
567 2214 636 2257 (72),
652 2227 679 2250 et
697 2223 845 2257 onychino,

52 2271 79 2294 et
90 2266 273 2303 cbrysolitho,
285 2271 312 2294 et
322 2267 497 2303 cbrysopaso,
520 2273 547 2295 et
566 2267 725 2303 hyacintho,
737 2272 765 2295 et
775 2275 849 2295 ante-

54 2313 160 2348 thysto.
173 2312 247 2346 Quin
271 2313 351 2340 etiam
382 2313 522 2341 ministros
549 2313 707 2341 deliciarum
738 2321 848 2341 suarum

56 2357 166 2386 dandos
191 2359 243 2385 sibi
270 2359 437 2394 alienigenas
460 2364 569 2394 putant,
585 2367 652 2394 quos
667 2360 707 2387 vel
725 2364 849 2387 aratores

91 2398 261 2442 [Colossa
276 2413 316 2442 nr,
340 2405 367 2442 ξ.
387 2441 393 2442 7
419 2406 440 2442 ίξ
464 2406 473 2434 1
498 2407 560 2434 Cor.
586 2406 697 2442 sui“.

56 2439 79 2455 "
95 2438 180 2467 Prov.
197 2447 235 2472 Ix,
251 2440 278 2472 Ι,
295 2440 323 2472 2,
340 2440 367 2472 5,
379 2441 409 2473 4,
425 2441 451 2467 5.

91 2485 149 2528 (69)
163 2486 362 2528 Rationemque.
377 2488 457 2516 Deest
473 2488 500 2516 in
515 2488 581 2516 libb.
594 2493 674 2516 antea
692 2489 784 2522 editis,
795 2489 847 2517 sed

56 2528 193 2555 reperitur
206 2530 233 2550 tn
251 2530 319 2550 mss.

92 2556 150 2591 (70)
166 2556 301 2594 Sic.,mss.
317 2557 400 2590 Alias,
416 2566 428 2594 σγ
442 2556 546 2586 futuras
563 2558 714 2594 voluptates
728 2563 755 2586 et
767 2558 846 2586 luxu-

57 2591 247 2633 riascprporis
265 2593 472 2633 ett-spectandas.
491 2601 501 2618 ι

89 2626 144 2663 (Π)
160 2627 198 2654 Ita
213 2634 280 2663 mss.
296 2626 463 2663 bibb.editi,
482 2627 696 2663 «aediﬁcandam
713 2627 846 2663 lapidibus

58 2662 192 2694 pretiosis.
208 2670 257 2689 eos
275 2662 301 2688 in
314 2661 632 2695 lutulatnentajaceutes.
653 2671 662 2688 ι

61 2730 66 2735 _
92 2696 146 2730 (72)
160 2696 194 2724 Et
214 2697 320 2724 sardio.
335 2696 414 2724 Deest
431 2697 457 2724 in
471 2702 551 2724 antea
565 2698 655 2730 editis,
669 2698 716 2726 sed
724 2697 848 2725 habetur

61 2738 84 2756 111
99 2739 165 2758 mss.

93 2765 147 2801 (73)
172 2766 210 2794 Ita
239 2773 308 2793 mss.
327 2765 412 2801 Alias,
428 2775 438 2792 ‹
464 2773 571 2800 eorum.
601 2775 610 2792 ι
637 2766 737 2795 Ibidem
767 2774 844 2799 mss.,

62 2807 71 2825 ί
87 2806 114 2827 ut
138 2800 224 2829 etiam
253 2801 351 2828 cameli
381 2800 486 2828 lladiau
501 2805 528 2827 et
546 2800 633 2828 Cedar
655 2803 774 2832 veniant.
791 2811 800 2828 ι
817 2801 845 2829 In

62 2836 135 2867 editis
154 2837 246 2872 deest,
264 2845 275 2862 ι
299 2837 382 2864 etiam
396 2836 490 2864 cameli
503 2835 613 2863 Madiau
626 2841 653 2864 et
664 2837 759 2866 Cedar.
780 2846 789 2862 ι

762 2406 784 2422 ¹³
807 2407 903 2435 Matth.
930 2415 1004 2440 xxvi,
1031 2407 1075 2435 29.

902 229 1020 264 ipsorum
1038 234 1065 256 et
1079 229 1196 263 collapsa
1211 228 1306 255 civitas
1321 234 1491 261 exstruatur;
1507 234 1532 256 et
1547 229 1682 256 arbitran-

902 279 946 302 tur
961 275 1032 310 quod
1048 274 1191 302 facultates
1203 274 1323 309 gentium
1339 274 1393 309 (7'5)
1409 275 1542 309 accipiant
1554 275 1587 302 ad
1601 276 1682 302 eden-

900 322 975 353 dum,
1002 325 1028 348 et
1057 321 1082 347 in
1109 321 1211 347 divitiis
1232 327 1325 347 eorum
1355 320 1537 352 dominentur,
1556 320 1680 347 utetiam

901 366 996 395 cameli
1025 367 1130 394 Madian
1160 372 1186 394 et
1208 367 1295 394 Cedar
1320 367 1438 397 veniant,
1456 372 1483 393 et
1514 366 1627 393 all‘eraut
1642 366 1682 394 eis

901 417 1043 446 aurum,et
1055 413 1125 444 thus,
1143 418 1170 439 et
1184 412 1285 446 lapides
1299 412 1443 446 pretiosos.
1464 413 1569 445 Etlhmc
1581 421 1682 440 ronan-

901 464 945 486 tur
968 460 1130 487 auctoritate
1147 459 1303 494 prophetica
1332 459 1494 487 confirmare
1518 467 1550 486 ex
1565 459 1606 486 his
1622 467 1681 495 quae

900 504 934 530 de
959 503 1108 531 Ierusalem
1138 504 1396 537 repromissionibus
1421 504 1520 537 scripta
1543 508 1620 536 sunt;
1637 504 1681 531 ubi

901 550 982 576 etiam
1010 550 1110 577 dicitur
1134 550 1196 584 quia
1217 549 1262 583 qui
1286 549 1406 575 serviqu
1425 548 1547 579 Domino.
1565 549 1682 576 mandu-

900 596 1003 623 calmnt
1034 601 1060 622 et
1083 595 1186 628 bibent,
1209 599 1368 629 peccatores
1400 600 1489 621 autem
1513 590 1631 621 esuriem
1655 599 1683 621 et

900 638 994 665 sitient
1009 647 1015 665 :
1033 643 1060 665 et
1080 639 1151 673 quod
1176 639 1295 665 la'titiam
1319 643 1398 672 agent
1411 637 1489 672 justi,
1505 638 1602 672 impios
1618 645 1684 664 vero

901 690 1002 710 maeror
1021 682 1176 717 possidebit.
1190 683 1222 709 Et
1239 683 1272 709 de
1293 681 1367 709 Novo
1382 689 1488 716 quoque
1508 682 1683 709 Testamento

900 736 995 756 vocem
1010 729 1152 763 proferunt
1167 728 1326 760 Salvatoris,
1336 735 1388 762 qua
1399 727 1536 762 discipulis
1551 727 1684 761 promittit

900 775 934 801 de
960 775 1014 801 vini
1044 774 1135 800 laetitia
1166 774 1258 801 dicens
1283 782 1291 801 :
1325 783 1333 799 ι
1364 773 1430 806 Quia
1457 781 1508 800 non
1533 774 1623 800 bibant
1651 780 1684 800 ex

902 820 954 847 hoc
965 819 1021 855 jam
1038 827 1177 854 usquequo
1193 819 1284 846 bibam
1307 819 1370 846 illud
1387 819 1524 846 vobiscum
1543 826 1640 845 novum
1657 819 1683 846 in

902 873 983 900 regno
1000 865 1088 892 Patris
1103 865 1153 892 mei
1170 865 1218 891 ¹³.›
1236 865 1344 892 Addunt
1361 872 1469 900 quoque
1482 870 1508 892 et
1522 865 1596 896 illud,
1610 865 1683 898 quod

902 911 1026 939 Salvator
1035 911 1129 938 beatos
1140 911 1205 938 dicit
1218 917 1263 937 eos
1271 911 1315 945 qui
1329 910 1530 937 nuncesuriuut
1540 914 1567 937 et
1576 911 1684 943 sitiunt,

902 957 1030 991 pollicens
1046 957 1085 983 eis
1099 957 1162 991 quia
1187 955 1426 987 saturabuntur”;
1441 960 1467 982 et
1486 956 1568 982 nutlta
1584 955 1636 982 alia
1650 963 1683 983 ex

902 1001 1050 1035 Scripturis
1072 1001 1193 1036 exetnpla
1213 1001 1363 1034 proferunt,
1383 1008 1496 1035 quorum
1513 1000 1565 1027 vim
1584 1000 1684 1034 ﬁgura-

901 1047 962 1075 liter
976 1047 1085 1082 intelligi
1102 1047 1201 1074 debere
1213 1054 1264 1073 non
1279 1045 1408 1073 sentiunt.
1422 1045 1490 1072 Tum
1505 1052 1571 1072 vero
1585 1052 1683 1072 secun-

902 1093 964 1119 dum
994 1093 1108 1119 fortnam
1138 1098 1197 1126 qua:
1226 1090 1251 1116 in
1278 1091 1329 1117 hac
1347 1090 1401 1116 vita
1417 1095 1470 1121 est,
1489 1094 1516 1117 et
1538 1090 1684 1117 secundum

903 1137 995 1164 mundi
1015 1136 1094 1171 hujus
1108 1135 1299 1170 dispositioncs
1314 1135 1484 1170 dignitatum,
1496 1134 1537 1161 vel
1547 1134 1683 1166 ordinum,

901 1183 943 1210 vel
964 1182 1128 1210 eminentius
1143 1186 1316 1216 potestatum,
1332 1188 1409 1216 reges
1424 1188 1454 1208 se
1466 1180 1524 1207 fore
1538 1183 1565 1206 et
1582 1180 1684 1214 princi-

901 1235 949 1262 pes
973 1227 1151 1259 arhitrautur,
1177 1226 1247 1254 sicut
1277 1230 1339 1253 sunt
1366 1226 1411 1252 isti
1441 1226 1552 1257 terreni,
1577 1230 1685 1260 propter

902 1272 965 1299 illud
1002 1271 1132 1299 videlicet
1166 1271 1237 1305 quod
1266 1271 1292 1297 in
1325 1269 1470 1304 Evangelio
1500 1270 1600 1296 dictqu
1628 1274 1684 1297 est:

906 1327 915 1343 ι
933 1317 994 1345 Eris
1009 1317 1066 1352 (74)
1085 1321 1246 1352 potestatem
1271 1317 1374 1343 habens
1389 1323 1470 1350 super
1483 1316 1601 1350 quinqtte
1615 1315 1685 1343 civi-

903 1363 1013 1390 tates“.
1032 1373 1040 1388 ν
1058 1363 1100 1394 Et,
1122 1367 1152 1390 ut
1177 1362 1294 1389 breviter
1323 1363 1424 1393 (licam,
1452 1361 1598 1388 secundum
1624 1361 1687 1387 vitre

903 1408 982 1442 hujus
993 1408 1228 1436 conversationem
1245 1415 1292 1442 per
1305 1407 1395 1434 omnia
1411 1406 1507 1433 similia
1521 1407 1611 1433 volunt
1625 1414 1686 1434 esse

901 1454 990 1481 omnia
1005 1461 1062 1488 qua:
1074 1453 1107 1480 de
1120 1452 1373 1487 repromissiouibus
1386 1455 1588 1486 exspectantur,
1601 1452 1626 1478 id
1642 1456 1686 1479 est

903 1503 932 1525 ut
960 1499 1057 1525 iterum
1085 1498 1120 1525 sit
1150 1498 1201 1525 hoc
1225 1498 1296 1532 quod
1311 1502 1361 1524 est.
1378 1496 1431 1524 llor-
1449 1497 1484 1523 ita
1505 1497 1626 1523 sentiunt
1639 1495 1685 1530 qui

904 1544 1012 1571 Christo
1032 1543 1140 1577 quidem
1168 1543 1318 1574 credentes,
1334 1542 1446 1569 Judaico
1462 1546 1550 1568 autem
1570 1542 1685 1576 quodam

906 1595 986 1614 sensu
1001 1587 1156 1621 Scripturas
1172 1586 1278 1613 divinas
1297 1587 1353 1621 (75)
1366 1587 1556 1621 iutelligcntes,
1571 1586 1636 1613 nihil
1651 1594 1685 1613 ex

904 1633 946 1659 his
972 1632 1081 1668 dignum
1116 1632 1214 1659 divinis
1244 1633 1481 1667 pollicitationibus
1506 1640 1686 1667 praesumpse-

904 1681 974 1704 runt.

937 1768 964 1796 3.
982 1767 1014 1795 lli
1039 1775 1103 1795 vero
1128 1767 1174 1802 qui
1206 1767 1355 1795 secundum
1378 1766 1559 1801 apostolorum
1576 1774 1684 1794 sensum

903 1812 1034 1839 theoriam
1060 1811 1264 1846 Scripturarunt
1276 1810 1424 1845 recipiunt,
1442 1815 1551 1844 sperant
1574 1812 1686 1837 tuaudu-

902 1863 1011 1885 caturos
1034 1856 1142 1891 quidem
1160 1864 1220 1884 esse
1239 1861 1358 1888 sanctos,
1375 1855 1422 1883 sed
1441 1862 1537 1890 pauent
1562 1857 1622 1882 vitae
1638 1857 1684 1890 qui

902 1903 1027 1930 veritatis
1045 1907 1071 1929 et
1088 1902 1227 1936 sapientia:
1241 1901 1309 1928 cibis
1322 1902 1423 1927 nutriat
1437 1901 1567 1933 animam,
1582 1905 1608 1928 et
1624 1901 1684 1928 illu-

902 1949 986 1975 minet
1010 1952 1139 1979 mentem,
1154 1952 1182 1974 et
1202 1951 1276 1982 potet
1293 1953 1352 1974 eam
1370 1946 1468 1973 divina:
1485 1946 1624 1980 sapientia:
1639 1953 1687 1981 po-

901 1994 979 2027 culis,
1007 1993 1079 2021 sicut
1107 1993 1173 2020 dicit
1202 1992 1344 2027 Scriptura
1373 1992 1463 2019 divina
1481 1991 1535 2028 (76)
1553 2001 1560 2019 :
1581 2001 1590 2017 ι
1617 1992 1685 2025 Quia

900 2039 1031 2074 sapientia
1056 2039 1216 2073 praeparavit
1233 2046 1356 2066 mensam
1380 2046 1468 2070 suam.
1492 2037 1623 2074 iugulavit
1645 2038 1686 2065 vi-

900 2086 996 2113 ctimas
1024 2093 1097 2118 suas,
1117 2084 1226 2112 miscuit
1255 2085 1282 2111 in
1309 2088 1416 2112 cratere
1437 2084 1527 2111 vinum
1551 2091 1640 2116 suum,
1658 2089 1686 2111 et

900 2138 1005 2159 summa
1021 2138 1086 2158 voce
1110 2130 1209 2157 clamat
1228 2139 1234 2158 :
1255 2130 1384 2158 Divertite
1401 2129 1435 2156 ad
1452 2137 1505 2162 me,
1523 2130 1686 2157 manducate

901 2184 986 2211 panes
1017 2184 1085 2211 quos
1115 2176 1206 2210 paravi
1241 2176 1327 2209 vobis,
1352 2181 1379 2203 et
1403 2176 1487 2203 bibite
1508 2175 1600 2202 viuum
1616 2175 1687 2210 quod

901 2221 998 2248 miscui
1023 2221 1139 2248 vobis".
1158 2230 1167 2246 ι
1192 2221 1297 2254 Quibus
1319 2220 1458 2254 sapientiae
1484 2220 1554 2248 escis
1584 2221 1686 2247 nutrita

901 2275 978 2294 meus
993 2267 1025 2293 ad
1044 2268 1175 2302 integrum
1195 2272 1223 2294 et
1244 2265 1406 2300 perfectum,
1421 2266 1492 2293 sicut
1503 2273 1535 2293 ex
1554 2266 1632 2293 initio
1647 2265 1687 2292 fa-

902 2318 963 2340 ctus
974 2317 1016 2340 est
1031 2313 1121 2346 homo,
1139 2313 1171 2339 ad
1187 2311 1265 2347 105
1280 2311 1423 2346 imaginem
1440 2316 1467 2338 et
1480 2311 1686 2338 similitudinem

903 2360 949 2387 Dei
968 2364 1123 2394 reparetur;
1141 2364 1167 2385 ut
1195 2359 1300 2386 etiamsi
1325 2359 1385 2393 quis
1399 2366 1431 2386 ex
1457 2358 1509 2385 hac
1524 2358 1579 2395 vita
1598 2357 1687 2384 minus

1130 2406 1262 2434 “Matth.
1289 2413 1317 2439 v,
1341 2407 1367 2434 6.
1420 2406 1443 2424 ¹⁵
1460 2406 1526 2434 Luc.
1556 2412 1614 2438 xtx,
1643 2404 1686 2431 l7.

930 2489 986 2526 (74)
1002 2490 1039 2517 lta
1058 2497 1137 2520 mss.;
1164 2489 1189 2516 in
1217 2489 1306 2527 editis
1318 2489 1405 2527 deest,
1434 2498 1444 2514 ‹
1464 2487 1544 2527 _eris.
1565 2495 1575 2513 ι
1595 2485 1688 2527 Paulo

895 2521 955 2560 post
969 2521 1035 2552 mss.
1054 2528 1285 2561 «fexspeetantur,
1300 2524 1326 2550 id
1350 2528 1392 2550 est
1418 2527 1447 2561 u_t
1464 2523 1563 2561 iterum
1580 2521 1616 2561 sit
1635 2521 1687 2561 hoc:

895 2555 965 2595 quod
981 2565 1034 2587 est.
1049 2569 1058 2585 ι
1072 2555 1156 2592 Editi,
1172 2568 1181 2585 ι
1202 2555 1367 2593 exspectant
1386 2562 1415 2585 ut
1433 2557 1541 2585 interim
1565 2555 1600 2583 sit
1615 2555 1687 2589 quod

896 2600 947 2623 est.
969 2605 977 2621 ι

936 2629 994 2665 (75)
1014 2628 1133 2665 Divinas.
1152 2630 1234 2657 Deest
1255 2629 1282 2656 in
1297 2627 1433 2664 prioribus
1447 2624 1626 2658 editiouibus,
1640 2624 1688 2652 sed

900 2665 1017 2692 habetur
1032 2664 1058 2690 iu
1074 2671 1138 2692 mss.

937 2699 994 2735 (76)
1006 2698 1114 2735 Diuina.
1131 2699 1308 2735 Desideratur
1325 2697 1407 2724 etiam
1420 2696 1455 2735 iu
1469 2695 1608 2735 prioribus
1626 2693 1686 2735 edi-

902 2728 1031 2766 tio‘nib'us,
1053 2734 1116 2761 licet
1132 2735 1261 2770 habeatur
1282 2733 1308 2759 in
1331 2739 1396 2758 mss.
1420 2728 1531 2770 Ibidem,
1554 2728 1687 2770 tjugttla-

901 2770 939 2796 vit
956 2770 1081 2796 victimas
1102 2776 1182 2801 suas;
1203 2778 1212 2794 ι
1230 2769 1286 2795 haec
1309 2774 1417 2801 quoque
1437 2767 1534 2793 desuttt
1558 2767 1585 2792 in
1603 2768 1684 2792 antea

901 2805 990 2839 editis,
1002 2805 1049 2832 sed
1071 2804 1243 2839 reperiuntur
1259 2803 1285 2830 itt
1297 2803 1426 2830 omnibus
1440 2808 1507 2828 mss.
