1860 3073
189 126 246 160 945
808 125 923 154 ORIGEI

1091 125 1204 151 ΛΡΧΩΝ
1764 121 1813 148 2H

189 189 313 217 eruditus
329 186 386 222 (77)
402 185 510 218 abierit,
528 184 679 220 probabilia
698 188 787 212 tamen
803 192 886 219 opera
899 185 974 212 detu-
990 187 1012 215 Λ
1029 184 1130 211 faciunt
1153 184 1186 210 ad
1210 181 1372 209 eruditionis
1398 181 1494 207 futurae
1522 181 1720 215 capacitatem;
1745 180 1816 207 sient

190 235 263 268 lerit,
280 233 376 260 instrui
403 231 504 266 poterit
532 231 558 258 in
590 230 634 257 illa
649 230 798 258 Jerusalem
816 235 974 257 sanctorum
1026 237 1087 257 cum
1103 229 1201 263 aliquis
1214 227 1279 255 velit
1294 227 1439 261 imaginem
1457 227 1580 262 pingere,
1597 226 1621 252 si
1635 231 1701 253 ante
1719 225 1818 253 futura:

189 279 311 309 civitate,
338 276 365 303 id
388 280 429 303 est
450 275 557 303 edoceri
572 276 629 312 (78)
646 280 673 303 et
691 275 843 308 informari,
862 279 890 302 et
906 276 974 303 elIiei
1026 275 1120 302 formze
1148 274 1312 300 lineamenta
1349 273 1438 299 tenuis
1471 272 1532 306 styli
1569 271 1743 298 adumbratio
1772 271 1820 297 de-

190 323 262 357 lapis
283 323 372 354 vivus,
387 321 455 356 lapis
470 321 604 356 pretiosus
618 325 644 349 et
660 321 773 354 electus,
788 329 838 355 pro
851 329 883 349 eo
903 321 974 356 quod
1025 321 1113 355 signet
1127 319 1195 354 (84),
1210 323 1238 345 et
1250 317 1465 352 superpoueudis
1481 316 1600 344 vultibus
1615 323 1732 350 capaces
1747 324 1819 350 pra:-

191 368 299 395 iortiter
315 371 341 394 et
355 371 512 394 constanter
527 365 668 400 pertulerit
680 372 778 400 agones
793 365 865 397 vim,
880 369 906 392 et
919 372 974 392 cer-
1026 370 1102 400 paret
1114 369 1202 397 notas,
1213 364 1271 392 sine
1284 363 1364 390 dubio
1376 370 1425 397 per
1436 362 1673 390 adumbrationem
1687 362 1817 396 imposita

188 413 288 440 lamina
306 412 432 447 pietatis;
448 412 538 446 ibique
548 412 598 439 hoc
614 410 747 446 quodjam
761 411 804 438 hic
816 411 973 445 prtedictum
1026 410 1210 446 prmformatio
1233 409 1266 436 ad
1291 408 1479 443 suscipiendos
1506 415 1588 435 veros
1618 408 1679 435 illos
1709 407 1818 435 colorcs

186 465 239 492 est,
252 459 341 486 verius
355 458 580 492 manifestiusque
592 462 749 492 cognoscet,
762 466 772 483 ‹
792 457 863 491 quod
878 463 930 484 non
946 457 972 483 in
1021 455 1078 490 jam
1094 456 1216 490 paratior
1231 456 1387 488 invenitur;
1403 455 1443 482 sic
1467 456 1547 481 modo
1565 453 1743 482 adumbratio
1759 453 1818 487 ipsa

186 511 256 538 pane
273 503 332 532 solo
346 503 412 531 vivit
430 503 521 535 homo,
538 503 584 530 sed
602 502 627 528 in
646 502 718 529 omni
732 501 813 529 verbo
825 502 895 536 quod
911 509 974 536 pro-
1024 509 1057 530 ac
1073 502 1238 530 deformatio
1250 502 1320 537 stylo
1335 501 1391 535 (85)
1413 501 1519 528 Domini
1538 500 1624 527 nostri
1636 499 1700 528 Jesu
1715 500 1818 527 Christi

185 549 260 577 cedit
276 549 309 577 de
328 556 376 577 ore
391 549 450 576 Dei.
461 549 481 564 "
503 557 513 574 ι
534 547 587 576 Sed
615 551 642 575 et
659 547 794 582 principes
807 551 834 574 et
855 551 973 574 rectores
1024 547 1052 574 in
1079 547 1168 575 cordis
1197 547 1283 574 nostri
1312 546 1411 574 tabulis
1436 546 1631 581 perscribatur.
1653 545 1686 572 Et
1712 545 1818 572 idcirco

186 594 353 629 intelligendi
379 598 442 622 sunt
469 594 496 621 hi
519 594 566 628 qui
590 593 731 621 inferiores
749 597 776 620 et
801 597 910 627 regunt,
946 597 974 619 et
1024 592 1139 620 fortasse
1155 592 1264 623 dicitur,
1285 601 1295 618 ι
1313 592 1375 626 quia
1387 592 1460 618 omni
1474 591 1584 618 babenti
1600 591 1711 618 dabitur
1727 595 1756 618 et
1767 591 1817 617 ad-

185 639 323 672 erudiunt,
339 644 367 667 et
377 639 491 667 edocent
504 644 587 674 atque
601 638 743 666 instituunt
758 638 814 672 (79)
830 638 862 665 ad
871 638 972 664 divina.
1021 638 1172 673 jicietur".
1187 649 1196 664 ι
1218 638 1295 665 Unde
1316 643 1423 665 constat
1445 638 1609 665 habentibus
1635 636 1818 664 deformatio-

219 685 247 712 4.
268 684 367 712 Verum
383 685 407 711 si
421 684 510 712 minus
522 684 649 711 videntur
664 684 721 711 lizec
745 683 919 717 sperantibus
934 690 967 710 ea
1024 691 1085 711 nem
1100 684 1244 718 quamdam
1262 685 1288 711 in
1302 685 1353 711 hac
1366 684 1420 711 vita
1436 684 1562 710 veritatis
1573 688 1600 711 et
1615 683 1749 716 scientiae,
1767 683 1817 710 ad-

184 731 296 766 dignum
325 730 462 757 mentibus
486 729 610 757 incutere
629 728 808 761 desiderium,
832 728 971 762 paululum
1023 729 1138 756 dendam
1155 730 1238 756 etiam
1251 737 1310 757 esse
1327 729 1556 765 pulchritudinem
1573 729 1702 764 perfecta:
1715 728 1817 764 imagio

184 779 348 810 repetentes,
363 782 517 809 quanquam
542 773 674 801 naturalis
688 774 723 800 sit
737 778 764 800 et
777 774 858 801 iusita
875 773 972 801 animm
1024 774 1066 802 nis
1081 775 1106 801 in
1123 774 1225 802 futuro.

184 821 223 849 rei
238 821 325 855 ipsius
336 820 481 855 cupiditas,
497 820 679 854 inquiramtts,
694 823 724 845 ut
738 819 773 846 ita
789 819 898 846 demum
915 819 970 854 (80)
1058 820 1085 847 5.
1107 819 1184 853 Tale,
1204 821 1312 855 opinor,
1335 820 1471 848 indicabat
1486 820 1651 848 desiderium
1664 827 1742 847 suum
1770 819 1817 847 ille

182 866 258 894 velut
278 866 382 901 species
407 865 481 899 ipsas
503 865 582 900 panis
610 864 672 891 vitae
695 869 722 891 et
741 864 898 899 qualitatem
914 865 969 892 vini
988 856 1008 883 Β
1025 866 1069 900 qui
1082 865 1208 893 dicebat:
1227 875 1236 892 ι
1252 866 1383 894 Coarctor
1408 871 1497 894 autem
1514 874 1548 893 ex
1567 866 1691 898 duobus,
1707 865 1817 893 deside-

182 911 241 946 cjus
268 919 301 938 ac
328 911 521 946 proprietatem
551 910 761 945 principatuum,
783 917 833 944 per
859 910 970 938 theorite
1023 911 1093 938 rium
1113 911 1217 938 habens
1232 911 1341 938 dissolvi
1366 916 1394 937 et
1418 918 1479 938 cum
1501 910 1612 938 Christo
1635 917 1709 942 esse,
1729 909 1817 936 multo

181 955 404 990 consequentiam
420 954 615 982 describamus.
635 954 718 990 Igitur
733 955 803 982 sicut
823 955 848 982 in
864 956 970 983 artibus
1022 956 1094 983 enim
1119 956 1262 988 melius”;
1280 965 1290 981 ›
1306 957 1395 983 sciens
1411 957 1482 991 quod
1501 960 1565 983 tttnc
1588 963 1650 982 cum
1672 962 1817 990 regressus

182 1001 225 1029 his
241 1008 300 1036 quae
318 1009 398 1028 manu
415 1000 558 1035 adimpleri
575 1001 676 1033 solent,
689 1001 760 1028 ratio
771 1001 878 1035 quidem
893 1002 968 1036 quid.
1023 1007 1097 1029 esset
1112 1003 1145 1029 ad
1160 1002 1309 1034 Christum,
1325 1004 1448 1030 omnium
1462 1010 1523 1037 quae
1540 1007 1671 1037 geruntur
1684 1002 1712 1028 in
1733 1002 1817 1028 terris

180 1046 223 1073 vel
237 1046 367 1081 qualiter,
384 1046 427 1073 vel
442 1047 474 1073 ad
487 1054 556 1081 quos
568 1054 633 1074 usus
646 1047 705 1078 fiat,
722 1051 847 1074 versatur
861 1047 888 1074 iu
908 1054 970 1073 sen-
1023 1046 1197 1074 manifestius
1213 1052 1373 1082 agnosceret
1387 1047 1518 1080 rationes,
1536 1047 1578 1074 vel
1593 1047 1626 1074 de
1639 1046 1752 1073 homine
1771 1046 1815 1072 vel

180 1098 225 1124 ω,
243 1091 362 1118 cliicacia
383 1099 447 1119 vero
467 1092 558 1126 operis
571 1099 700 1119 mauuttm
719 1092 873 1119 ministerio
888 1093 970 1127 expli-
1023 1092 1055 1118 de
1077 1094 1170 1118 anima
1193 1092 1324 1124 hominis,
1343 1093 1385 1119 vel
1410 1093 1443 1119 de
1466 1097 1569 1125 mente,
1584 1092 1627 1119 vel
1649 1099 1683 1119 ex
1701 1091 1817 1126 quibus.

179 1138 274 1169 catur';
291 1137 327 1164 ita
345 1138 371 1164 in
393 1137 519 1171 operibus
537 1137 582 1164 Dei
598 1145 658 1172 qua:
675 1138 709 1165 ab
728 1139 786 1173 ipso
803 1138 873 1165 facta
895 1142 968 1170 sunt,
1023 1144 1128 1172 cunque
1143 1137 1197 1165 illis
1210 1139 1257 1172 qui
1279 1139 1315 1165 sit
1331 1138 1445 1172 spiritus
1463 1138 1508 1173 qui
1525 1138 1694 1173 inoperetur,
1711 1138 1761 1173 qui
1779 1139 1816 1166 sit

179 1183 425 1216 seniieudmn‘est,
448 1183 521 1217 quod
545 1191 639 1210 eorum
665 1191 725 1218 qua}
743 1184 865 1211 videmus
884 1183 918 1210 ab
937 1190 969 1210 eo
1022 1189 1129 1216 quoque
1141 1183 1230 1210 vitalis
1247 1184 1302 1218 (86)
1320 1184 1444 1218 spiritus,
1461 1184 1503 1211 vel
1520 1192 1580 1219 qua:
1595 1185 1630 1212 sit
1648 1185 1736 1219 gratia
1753 1191 1816 1218 qua

179 1228 263 1262 facta,
279 1229 348 1257 ratio
360 1234 389 1256 et
406 1229 584 1264 intelligentia
597 1233 690 1255 manet
704 1229 728 1255 in
743 1228 860 1256 occulto.
872 1228 904 1255 Et
918 1229 969 1255 sic,
1023 1227 1102 1254 datur
1117 1227 1241 1255 ﬁdelibus
1255 1228 1376 1262 Spiritus
1387 1229 1486 1256 sancti.
1500 1229 1576 1255 Tunc
1588 1236 1698 1263 quoque
1711 1228 1817 1255 intelli-

179 1279 210 1301 ut
227 1282 258 1302 ea
270 1282 330 1309 quae
345 1275 379 1302 ab
394 1276 498 1303 artiﬁce
514 1275 583 1302 facta
602 1279 675 1306 sunt,
692 1282 753 1302 cum
769 1275 864 1302 oculus
877 1279 969 1302 noster
1021 1276 1068 1306 get
1081 1272 1125 1306 qui
1139 1272 1189 1299 sibi
1205 1273 1329 1300 videatur
1346 1273 1439 1304 lsmel,
1456 1273 1497 1300 vel
1514 1281 1574 1307 quae
1588 1274 1733 1301 diversitas
1748 1281 1817 1308 gen-

178 1320 289 1353 viderit,
303 1321 325 1348 si
341 1321 405 1356 quid
427 1321 560 1356 praecipue
575 1321 756 1349 fabrefactum
782 1329 912 1356 prospere

1081 1325 1099 1350 I,
1115 1318 1180 1352 quid
1195 1319 1275 1345 etiam
1290 1318 1341 1346 sibi
1357 1319 1440 1346 velint
1454 1318 1535 1346 Israel
1549 1319 1694 1346 duodecim
1711 1319 1815 1351 tribus,

179 1368 309 1395 continuo
324 1367 453 1402 qualiter,
471 1367 511 1394 vel
527 1367 674 1402 quomodo,
693 1367 735 1394 vel
754 1368 788 1394 ad
809 1375 879 1402 quos
899 1375 966 1396 usus
1021 1368 1048 1389 ει
1061 1363 1125 1397 qu“
1143 1363 1241 1398 είηςιιιί
1254 1364 1346 1398 POPU“
1365 1372 1413 1398 per
1429 1364 1549 1399 Sillglllas
1566 1364 1664 1391 ll'ibus-
1683 1363 1762 1391 Tunc
1774 1364 1814 1390 ill-

178 1413 281 1441 factum
297 1414 341 1446 sit,
357 1415 434 1441 ardet
455 1414 561 1440 animus
581 1414 733 1446 sciscitari;
752 1414 837 1441 multo
850 1415 967 1448 amplius
1021 1408 1123 1443 telliget
1145 1409 1228 1435 etiam
1248 1409 1280 1436 de
1303 1409 1490 1437 sacerdotibus
1511 1414 1540 1437 et
1563 1409 1665 1441 lcvitis,
1678 1413 1708 1436 et
1723 1409 1758 1436 de
1773 1409 1815 1436 di-

177 1463 207 1486 ει
221 1467 302 1494 Super
317 1467 424 1487 Omnem
441 1460 684 1494 comparationem,
698 1467 792 1486 eormn
806 1468 865 1493 qua:
881 1468 895 1486 ει
914 1461 967 1488 Deo
1021 1455 1106 1482 versis
1120 1455 1334 1482 sacerdotalibus
1354 1455 1496 1482 ordinibus
1510 1455 1641 1482 rationem
1652 1475 1659 1487 ,
1678 1460 1707 1482 et
1736 1453 1816 1488 cujus

179 1504 252 1532 facta
266 1505 448 1539 pervidemus,
467 1504 593 1532 ineli‘abili
611 1505 747 1532 desiderio
767 1505 844 1533 ardet
860 1506 966 1533 animus
981 1528 1002 1557 ο
1022 1500 1184 1557 ίοτιηει“ετειι
1200 1502 1226 1528 in
1242 1502 1343 1538 Moyse,
1357 1506 1384 1529 el
1396 1501 1573 1552 nihilominus
1586 1509 1647 1536 qum
1658 1502 1695 1528 sit
1711 1501 1816 1557 veritis

179 1556 326 1584 agnoscere
342 1549 487 1576 rationem.
505 1549 580 1582 Quod
600 1550 776 1584 desiderium,
793 1559 874 1586 quem
891 1560 966 1579 amo.
981 1545 1002 1557 “
1021 1548 1091 1582 apud
1100 1547 1183 1574 Deum
1196 1547 1589 1582 jubilmorum,etseptimanas
1598 1553 1733 1573 annorum
1744 1545 1815 1580 (87);

178 1602 236 1622 rem
260 1595 320 1622 sine
341 1595 422 1622 dubio
444 1603 458 1622 a
476 1596 530 1623 Deo
545 1597 622 1623 nobis
638 1597 749 1623 insitum
768 1597 923 1629 credimus;
940 1603 966 1624 et
1018 1594 1065 1621 sed
1087 1598 1114 1620 et
1138 1593 1270 1620 festorum
1284 1593 1390 1620 dierum
1408 1598 1435 1620 et
1451 1592 1582 1620 feriarum
1599 1592 1723 1619 rationes
1734 1591 1815 1618 vide~

178 1641 250 1667 sicut
266 1641 361 1668 oculus
378 1641 540 1668 naturaliter
555 1641 642 1668 lucem
662 1641 776 1675 requirit
791 1646 817 1668 et
829 1641 926 1675 visum,
940 1647 967 1669 et
1018 1639 1075 1672 hit;
1096 1643 1123 1665 et
1138 1639 1260 1666 omnium
1276 1639 1476 1666 sacrificiorum
1494 1643 1520 1665 et
1533 1638 1756 1672 purificationum
1773 1637 1816 1663 in-

178 1694 279 1721 corpus
299 1691 422 1713 nostrum
445 1694 523 1714 escas
540 1687 595 1721 (81)
611 1691 639 1713 et
658 1691 749 1721 potum
765 1687 903 1714 desiderat
919 1695 967 1722 per
1020 1685 1140 1712 tuebitur
1153 1693 1269 1718 causas;
1286 1693 1347 1719 qua:
1360 1686 1395 1712 sit
1408 1692 1517 1720 quoque
1531 1685 1599 1711 ratio
1615 1684 1698 1719 lepra:
1714 1691 1816 1719 purga-

180 1735 320 1763 naturatn;
338 1731 373 1758 ita
391 1738 469 1758 mens
483 1737 575 1759 nostra
589 1732 707 1759 sciendze
729 1732 852 1759 veritatis
869 1732 916 1760 Dei
940 1737 967 1760 et
1020 1732 1112 1763 tionis,
1128 1736 1155 1759 et
1172 1739 1233 1766 qua:
1257 1731 1340 1766 leprae
1360 1731 1485 1763 diversa,
1499 1735 1527 1757 et
1549 1738 1609 1765 quae
1633 1730 1764 1771 purgatio
1780 1730 1816 1757 sit

178 1785 270 1805 rerum
286 1785 384 1804 causas
397 1778 527 1804 noscendi
544 1778 684 1812 proprium
702 1786 733 1805 ac
755 1778 878 1805 naturale
894 1779 966 1806 desi-
1017 1785 1111 1805 eorum
1128 1778 1172 1812 qui
1189 1778 1302 1805 seminis
1316 1777 1480 1812 profluvium
1499 1777 1651 1812 patiuntur,
1667 1768 1815 1809 advertat;

177 1823 284 1850 derium
296 1823 377 1858 gerit.
396 1823 556 1857 Accepimus
572 1829 664 1850 autem
678 1832 692 1850 a
707 1823 761 1851 Deo
774 1825 844 1851 istud
860 1825 966 1852 deside-
1018 1830 1045 1852 et
1060 1828 1189 1860 agnoscet
1202 1831 1309 1858 quoque
1324 1831 1385 1858 quae
1401 1829 1428 1850 et
1442 1828 1549 1857 quantae
1562 1823 1714 1857 qualesque
1725 1823 1815 1849 virtu-

177 1869 259 1903 rittm,
277 1877 331 1896 non
343 1869 376 1896 ad
390 1870 440 1896 hoc
456 1874 484 1895 ut
500 1876 549 1896 nec
564 1868 660 1896 debeat
676 1877 806 1904 unquam,
818 1877 869 1897 nec
883 1870 968 1904 possit
1019 1876 1059 1897 tes
1085 1871 1139 1898 sint
1167 1870 1255 1902 b0nae,
1271 1876 1385 1904 quaeque
1411 1868 1590 1896 nihilominus
1612 1868 1772 1899 contrariae,
1785 1872 1814 1895 et

175 1915 295 1949 expleri;
313 1914 432 1948 alioquin
445 1921 459 1940 a
472 1914 612 1941 conditore
629 1914 683 1941 Deo
699 1915 782 1941 menti
797 1920 896 1942 nostrae
910 1915 966 1950 (8‘2)
1017 1917 1062 1951 qui
1079 1917 1120 1943 vel
1137 1915 1190 1943 illis
1207 1915 1321 1942 aﬂ'ectus
1333 1915 1369 1942 sit
1383 1915 1548 1947 hominibus,
1561 1913 1602 1941 vel
1621 1914 1680 1941 istis
1694 1919 1814 1941 conten-

177 1961 276 1988 frttstra
306 1961 441 1988 videbitur
467 1968 543 1987 amor
565 1961 689 1987 veritatis
708 1961 838 1993 insertus.
856 1962 877 1989 si
898 1970 967 1988 nun-
1019 1962 1087 1988 Liosa
1113 1961 1261 1989 amulatio.
1285 1960 1438 1987 lutuebitur
1464 1967 1572 1994 quoque
1596 1967 1657 1994 qua:
1682 1959 1719 1986 sit
1742 1960 1815 1986 ratio

175 2013 257 2040 quam
282 2006 409 2033 desiderii
433 2013 545 2040 compos
561 2005 686 2033 cflicitur.
707 2006 782 2033 Unde
807 2012 834 2034 et
862 2008 889 2034 in
915 2008 967 2035 hac
1019 2007 1183 2037 animarum,
1199 2013 1293 2039 quaeve
1306 2005 1452 2032 diversitas
1467 2004 1636 2038 animalium,
1650 2004 1692 2031 vel
1715 2012 1814 2031 eorum

175 2051 231 2078 vita
248 2051 293 2085 qui
310 2059 415 2078 summo
426 2051 517 2079 labore
533 2051 585 2085 piis
601 2051 697 2078 studiis
716 2059 748 2078 ac
760 2051 894 2087 religiosis
909 2053 966 2088 (85)
1018 2059 1078 2086 quae
1093 2052 1118 2078 in
1129 2051 1210 2085 aquis
1225 2051 1329 2082 vivtmt,
1345 2050 1385 2077 vel
1397 2051 1500 2082 avium,
1512 2050 1552 2077 vel
1567 2050 1701 2083 ferarum,
1712 2042 1816 2084 quidve

176 2104 287 2129 operam
302 2097 435 2129 dederint,
451 2105 605 2131 quanquam
621 2105 703 2132 parva
717 2099 841 2131 quaalam
853 2106 886 2125 ex
899 2099 967 2126 mul-
1018 2099 1053 2125 sit
1067 2098 1137 2132 quod
1165 2099 1190 2124 in
1217 2102 1270 2124 tam
1289 2097 1390 2124 multas
1404 2097 1507 2132 species
1522 2097 1628 2131 singula
1645 2104 1749 2131 genera
1764 2097 1814 2124 de-

177 2141 212 2167 tis
233 2145 260 2167 et
277 2142 417 2168 immensis
441 2142 540 2168 divina:
557 2142 677 2169 scientiae
696 2144 805 2177 capiant
819 2144 964 2177 thesauris,
1018 2144 1164 2176 ducuntur,
1189 2143 1235 2177 qui
1255 2143 1394 2170 Creatoris
1420 2147 1588 2177 prospectus,
1613 2143 1656 2169 vel
1676 2143 1740 2177 quis
1765 2150 1815 2176 per

177 2191 267 2213 tamen
294 2187 346 2213 hoc
372 2187 459 2220 ipsum
487 2189 558 2221 qttod
579 2187 685 2214 animos
705 2196 768 2215 suos
794 2194 964 2223 mentemque
981 2202 1004 2230 η
1019 2190 1076 2217 haec
1102 2190 1208 2225 singula
1234 2189 1374 2223 sapientiae
1396 2189 1455 2223 ejus
1470 2189 1567 2224 tegitur
1583 2196 1691 2216 sensus.
1712 2189 1768 2217 Sed
1785 2195 1815 2217 et

175 2239 239 2267 erga
261 2232 318 2259 haec
339 2237 484 2265 occupant,
498 2236 579 2266 atque
596 2233 621 2259 in
644 2233 693 2260 hac
708 2235 869 2268 semetipsos
887 2236 962 2270 cupi-
1018 2240 1147 2269 agnoscet
1163 2242 1215 2269 qua
1237 2235 1340 2261 ratione
1357 2234 1493 2261 radicibus
1504 2235 1668 2269 quibusdatn
1687 2236 1733 2262 vel
1750 2235 1817 2262 her-

175 2278 261 2305 ditate
281 2278 464 2312 proveniunt,
479 2277 593 2304 umltum
619 2277 744 2305 utilitatis
768 2280 906 2313 accipiunt
929 2289 962 2307 ex
1018 2280 1060 2307 bis
1080 2279 1253 2306 associanlur
1265 2279 1388 2312 quzcdam
1407 2278 1533 2309 virtutes,
1551 2281 1579 2304 et
1601 2277 1663 2305 aliis
1684 2283 1815 2305 econtra-

174 2323 226 2351 hoc
242 2323 301 2357 ipso
317 2324 389 2357 quod
407 2322 514 2349 animos
527 2329 590 2348 suos
607 2322 640 2348 ad
657 2322 825 2356 inquirenda:
841 2324 964 2352 veritatis
1019 2326 1059 2352 rio
1085 2325 1175 2352 herbis
1208 2323 1247 2351 vel
1276 2323 1413 2350 radicibus
1439 2323 1626 2357 depelluntur;
1653 2330 1716 2356 quec
1742 2324 1814 2351 ratio

172 2368 295 2397 studium
321 2375 497 2402 amoremque
515 2372 688 2399 convertunt,
707 2373 734 2394 et
750 2369 901 2403 paratiores
915 2378 962 2396 eos
1016 2375 1201 2405 apostatarum
1227 2369 1397 2404 angelorum,
1409 2377 1503 2404 quaeve
1521 2376 1604 2396 causa
1619 2369 1693 2404 quod
1713 2370 1749 2397 iis
1766 2370 1812 2404 qui

210 2413 232 2428 ¹⁷
253 2412 333 2440 Deut.
352 2413 452 2444 vut,5.
492 2412 513 2427 ’³
534 2412 600 2439 Luc.
616 2420 673 2445 xtx,
689 2413 735 2439 ‘26.
774 2414 795 2429 ”
812 2414 929 2450 Philipp.

492 2412 513 2427 ’³
534 2412 600 2439 Luc.
616 2420 673 2445 xtx,
689 2413 735 2439 ‘26.
774 2414 795 2429 ”
812 2414 929 2450 Philipp.
946 2424 965 2448 ι,
981 2415 1026 2442 25.

207 2457 266 2520 (77)
286 2458 329 2485 Ea:
340 2458 389 2499 {iac
403 2459 455 2485 rita
478 2458 564 2499 minus
583 2459 714 2486 eruditus.
732 2459 778 2487 Sic
794 2468 858 2488 mss.
873 2462 958 2495 Alias,
1018 2463 1081 2499 styli
1097 2462 1306 2490 adumbrationc
1327 2461 1461 2497 designet.
1480 2471 1489 2488 ι
1508 2461 1562 2490 Sed
1581 2469 1678 2489 omnes
1696 2469 1768 2491 mss.
1783 2467 1814 2490 ut

207 2501 235 2520 ex
262 2501 305 2520 ioc
317 2501 407 2520 minus
419 2493 554 2520 erudttus.
577 2503 586 2518 ι
1019 2499 1045 2520 in
1063 2503 1158 2520 ungtm
1175 2502 1260 2520 textu.

176 2503 185 2520 ι
203 2501 235 2520 ex
254 2493 305 2520 hoc
317 2493 407 2520 tuiuus
419 2493 554 2520 eruditus.
577 2503 586 2518 ι
952 2493 956 2495 ’
1019 2493 1158 2524 ίιιίιοεινο
1175 2502 1260 2524 textu.

208 2528 265 2562 (78)
283 2528 735 2568 luprioribuseditionihttstlcest,
751 2538 761 2554 ι
780 2529 807 2556 id
822 2536 862 2557 est
875 2530 914 2563 ;“ι
935 2536 964 2558 et
1053 2533 1109 2594 (85)
1132 2532 1210 2559 Libb.
1227 2531 1303 2564 editi,
1330 2541 1339 2556 ‹
1362 2531 1432 2558 sicut
1456 2531 1535 2559 modo
1550 2531 1726 2562 admnbratio
1753 2532 1812 2567 ipsa

208 2570 221 2589 o
238 2572 247 2588 ε
269 2564 376 2589 edoceri
393 2572 402 2588 ι
416 2562 513 2594 legitur
532 2571 541 2587 ι
560 2563 661 2590 doceri.
679 2573 689 2588 ι
1017 2566 1051 2592 de
1065 2572 1170 2594 ormata
1192 2566 1273 2594 slvlo.
1287 2575 1295 2591 ι
1310 2572 1363 2593 etc.

172 2570 257 2601 pro_r‘
269 2563 376 2601 edoceri
393 2572 402 2588 ι
416 2562 513 2601 legitur
532 2571 541 2587 ι
560 2563 661 2601 doceri.
679 2573 689 2588 ι
1017 2562 1170 2594 deformata
1192 2562 1363 2601 stylo,7i'etc.

346 2605 411 2624 mss.
421 2598 513 2637 _A|ias,
540 2606 548 2622 I
567 2598 664 2637 docent
681 2603 761 2637 atque
781 2601 929 2637 instruunt.
950 2610 959 2626 ι
1054 2602 1109 2637 (86)
1131 2602 1176 2629 Sic
1193 2597 1258 2628 ni'ss.
1279 2600 1356 2628 Libb.
1375 2601 1453 2632 editi,
1472 2610 1481 2626 ε
1500 2600 1546 2635 qui
1559 2600 1615 2627 sint
1631 2600 1752 2635 spiritus
1767 2601 1812 2636 qui

220 2633 266 2670 8(7))
286 2632 366 2670 illas”
383 2641 392 2657 ι
412 2633 532 2670 demum.
554 2632 663 2670 t7Etliti.
683 2641 692 2657 ι
712 2635 819 2662 deinde.
841 2645 850 2661 ι
1015 2632 1227 2670 operentur,qui
1245 2637 1309 2666 sint.
1329 2637 1408 2670 quive
1423 2632 1529 2662 vitales.
1545 2645 1554 2661 ι

218 2668 262 2701 81)
285 2667 330 2693 Sic
343 2675 409 2693 mss.
425 2667 508 2700 Alias,
523 2676 531 2692 ι
542 2668 575 2694 ad
588 2667 675 2694 visunt
691 2672 718 2695 et
727 2676 827 2704 corpus
840 2675 961 2698 nostrtuu
1033 2667 1041 2670 ’
1053 2671 1108 2706 (87)
1129 2667 1168 2699 Ita
1182 2667 1247 2697 mss.
1261 2667 1347 2701 Alias,
1364 2679 1372 2695 ι
1391 2671 1484 2706 formae
1500 2675 1579 2697 erant
1599 2677 1607 2695 :
1626 2670 1681 2696 imo
1705 2672 1812 2706 sentiet

171 2709 274 2740 θςςεμῃ,
285 2711 302 2740 ἰ
319 2706 375 2729 etc.
448 2737 463 2740 7_
480 2738 485 2740 7
599 2738 611 2740 _
694 2738 699 2740 _
738 2739 741 2740 7
1016 2707 1194 2733 nihilominus
1210 2713 1270 2739 qua:
1279 2706 1314 2732 sit
1328 2706 1429 2732 veritas
1444 2705 1618 2740 jubilaeoruut
1635 2709 1662 2731 et
1676 2705 1813 2740 septima-

207 2736 263 2774 (82)
285 2737 312 2763 In
329 2737 502 2774 autea7editis
514 2745 563 2771 pro
578 2747 587 2763 ι
599 2738 653 2766 Deo
668 2748 677 2764 ι
693 2738 790 2773 legitur
805 2748 814 2764 ι
837 2745 959 2772 nostro,»
1016 2749 1115 2768 narum
1139 2736 1282 2767 annorum.
1302 2750 1312 2766 ι
1329 2740 1413 2766 Paulo
1436 2736 1497 2774 post
1521 2740 1590 2766 infra
1611 2747 1691 2771 ωδε..
1709 2736 1724 2765 ἐ
1745 2739 1812 2773 Quae

170 2772 318 2810 elﬂgttsl}
339 2773 532 2810 Illeltlittoslrrt‘.
563 2783 570 2800 I
591 2807 648 2810 ____
839 2808 854 2810 _7
876 2809 881 2810 7
924 2809 928 2810 7
1015 2781 1042 2803 et
1068 2781 1177 2810 quanta:
1203 2775 1353 2809 qualesque
1374 2772 1489 2802 virtutes
1512 2775 1568 2801 sint
1586 2775 1705 2810 boute.7r
1728 2772 1810 2803 Li’bh.

282 2806 359 2846 μές’..
375 2816 384 2832 ι
401 2807 548 2846 religiosis.
567 2818 574 2833 ι
590 2807 670 2846 L_ibb.
685 2809 762 2846 editi,
779 2817 788 2833 ί
808 2808 958 2846 religioniq
1015 2805 1084 2839 editi
1104 2811 1190 2839 soluat
1211 2805 1326 2843 habeni,
1342 2819 1351 2835 ε
1370 2811 1465 2844 quales
1485 2811 1599 2837 Virtutes
1616 2809 1672 2837 siut
1686 2809 1783 2840 bona.
1799 2819 1810 2839 ι

205 2839 263 2877 (84)
282 2841 362 2870 Libb.
375 2839 472 2877 editift
485 2843 507 2871 si
526 2847 588 2871 ante
603 2843 699 2871 forma:
713 2839 875 2871 lineamenta
888 2843 960 2871 tenui
