1860 3073
62 101 110 130 245

717 100 820 129 LIBER
840 101 1032 130 SECUNDUS.

1640 106 1693 134 2&6

62 169 103 189 eos
118 168 171 188 non
189 165 246 188 tota
266 160 318 188 fide
334 161 560 195 contempserim,
574 161 616 188 vel
636 161 739 188 adulari
756 162 782 188 in
803 161 851 188 ali-
866 163 889 191 Α
903 160 990 188 sancti
1019 161 1119 195 quique
1144 160 1316 189 discedentes
1347 162 1379 189 de
1404 161 1456 189 hac
1481 161 1534 189 vita
1554 170 1694 196 permane-

61 206 152 242 quibus
169 210 290 239 possunt
306 205 374 239 (88),
390 206 431 232 vel
445 206 546 233 erroris
562 213 644 233 causa
659 206 738 241 106
752 214 783 233 ac
800 207 846 234 de-

60 251 189 286 ceptiouis
205 252 354 279 exsistere.
378 250 430 278 Sed
448 256 473 278 et
491 253 524 279 de
543 252 656 286 singulis
672 253 768 278 divinm
786 259 849 286 pro-

61 297 179 324 videntia!
196 296 334 331 judicium
349 297 445 329 discet,
467 298 500 324 de
523 297 564 324 his
582 305 642 332 quin
659 298 786 324 accidttnt
801 298 848 325 ho-

63 343 184 374 minibus,
201 343 279 377 quod
304 351 355 370 non
381 343 492 370 fortuito
507 343 548 370 vel
571 351 635 371 casu
649 344 785 375 accidunt,
801 344 848 371 sed

61 391 157 418 ratione
174 391 299 424 quadam
316 395 370 418 tznn
387 390 551 421 examinata,
566 394 620 416 tam
639 390 733 420 ardua.
746 393 775 415 ut
787 397 846 416 eam

59 444 106 463 non
122 435 210 463 solum
227 441 399 468 sanctormn,
414 435 461 463 sed
478 435 601 462 fortassis
617 435 738 462 omnium
759 435 846 462 homi-

59 490 128 514 num,
154 489 190 509 ne
216 490 352 510 numerus
378 482 486 516 quidem
511 485 656 515 praetereat
674 480 844 515 capillorum,

58 527 127 562 cujus
142 528 327 562 providentia:
347 529 418 554 ratio
435 527 600 561 perducatur
622 533 706 561 usque
728 527 760 553 ad
779 528 845 554 duos

58 581 175 608 passeres
189 574 236 608 qui
256 574 370 600 denario
386 573 586 604 distrahuntur,
603 573 659 599 sive
674 573 843 607 spiritaliter,

57 621 109 648 sive
119 620 201 647 etiam
214 621 370 646 secundutn
385 619 502 646 litteram
517 621 672 655 passeribus
686 619 842 648 intellectis.

58 666 126 693 Nunc
140 666 213 693 enim
226 665 320 692 adhuc
337 665 445 692 interim
463 667 604 700 qua-ritur,
622 671 685 692 tunc
699 672 789 692 autetn
807 665 843 692 ibi

55 712 104 746 jam
129 711 275 739 manifeste
299 712 436 738 videbitur
452 711 518 748 (89).
537 712 575 739 Ex
597 712 696 746 quibus
718 710 843 738 omnibus

57 756 199 790 putandum
226 761 280 789 est,
296 757 367 790 qttod
390 756 498 784 interim
521 765 574 783 non
599 764 693 791 parum
714 757 843 791 temporis

58 805 170 828 transeat
187 809 334 836 usquequo
353 809 448 829 eorum
476 802 664 829 tantummodo
685 809 744 835 qua:
761 809 842 835 super

59 851 151 872 terram
169 852 232 873 sunt
247 848 317 873 ratio
332 851 392 881 post
405 848 465 874 vit-.c
480 849 637 874 abscessum
652 847 740 882 dignis
752 851 778 873 et
796 847 842 873 hc-

60 891 189 918 ucmeritis
204 893 382 924 ostendatur,
396 897 426 919 ut
450 900 498 926 per
515 899 610 919 eoruut
628 893 747 920 omnittm
768 893 844 928 agni-

60 935 150 962 tionem
175 941 202 963 et
226 937 318 971 plena:
339 938 463 966 scientia“:
479 938 606 972 gratiam,
625 938 717 965 laetitia
736 940 844 966 inenar-

59 978 129 1005 rabili
146 979 333 1012 perfrttantur.
350 980 417 1008 Tum
437 982 534 1009 deinde
557 983 578 1009 si
599 991 645 1010 aer
666 983 716 1010 iste
737 984 782 1018 qui
802 983 845 1010 iu-

62 1029 98 1050 tcr
118 1025 214 1052 ct‘clum
237 1032 265 1054 et
291 1032 392 1054 terram
416 1033 467 1062 est,
487 1037 540 1055 non
560 1033 601 1055 est
617 1036 719 1056 vacuus
735 1031 768 1056 ab
783 1030 842 1057 atti-

60 1070 194 1103 mautibus,
213 1075 241 1098 et
266 1072 453 1100 animantibus
477 1073 697 1104 rationabilibus.
724 1075 795 1101 sicut
817 1079 844 1103 et

60 1115 194 1148 Apostolus
210 1117 282 1143 dixit
301 1127 306 1144 :
328 1127 337 1143 ι
351 1117 378 1145 In
400 1119 498 1152 quibus
522 1119 668 1153 aliquando
684 1121 842 1148 ambulastis

60 1162 195 1188 secundum
212 1163 346 1190 sarculum
370 1166 462 1191 rnttndi
476 1165 565 1198 hujus,
578 1167 724 1193 secundum
741 1168 840 1201 princi-

62 1212 114 1238 pem
137 1208 276 1240 potestatis
301 1209 372 1236 aeris
394 1209 473 1243 hujus
491 1209 548 1244 (90)
567 1210 679 1244 spiritus
701 1212 747 1245 qui
769 1220 841 1239 nunc

60 1256 177 1284 operatur
201 1253 227 1279 in
252 1253 318 1280 filiis
347 1254 548 1286 difﬁdentiae";
566 1265 575 1282 ι
604 1261 629 1283 et
655 1257 753 1283 iterum
781 1258 840 1285 ait:

63 1305 72 1322 ι
85 1296 224 1331 Rapiemur
240 1299 270 1326 in
295 1300 412 1327 nubibus
428 1301 535 1328 obviam
549 1302 658 1329 Christo
675 1303 701 1329 in
719 1310 794 1334 aera.
814 1308 841 1331 et

62 1342 92 1368 ita
105 1351 206 1377 semper
219 1352 285 1372 cum
300 1345 414 1373 Domino
430 1347 532 1374 erimus
542 1348 573 1375 “.
590 1358 598 1374 ι

91 1388 115 1414 6.
135 1388 201 1424 (90')
217 1389 374 1418 Putandum
398 1397 439 1420 est
461 1393 545 1427 igitur
564 1394 634 1428 quod
649 1395 738 1423 tandiu
753 1397 838 1423 sancti

62 1434 92 1460 tbi
108 1442 294 1469 permaneant,
307 1445 446 1472 usquequo
458 1439 600 1474 utriusque
617 1441 688 1468 modi
706 1443 838 1470 rationem

63 1479 262 1514 dispensationis
279 1491 373 1510 eorum
387 1492 446 1518 quae
470 1486 496 1512 in
514 1494 576 1513 acre
596 1492 738 1521 geruntur,
755 1496 837 1522 agno-

61 1531 138 1555 scant.
155 1527 228 1560 Quod
251 1534 345 1556 autem
361 1530 417 1557 dixi
435 1532 577 1567 utriusque
595 1534 679 1566 modi,
698 1534 749 1561 hoc
772 1541 812 1561 est
828 1544 835 1561 :

62 1571 126 1599 verbi
145 1574 238 1607 gratia,
261 1583 324 1601 cum
348 1575 374 1602 in
397 1577 476 1604 terris
497 1585 632 1612 essemus,
650 1579 767 1606 vidimus
794 1580 836 1608 vel

62 1617 183 1652 animalia,
200 1621 241 1648 vel
265 1621 389 1654 arbores,
404 1628 431 1650 et
458 1623 626 1651 differentias
651 1633 746 1652 eorum
774 1635 837 1661 pro-

61 1663 196 1697 speximus,
213 1666 262 1693 sed
282 1671 310 1693 et
325 1667 511 1695 diversitatem
539 1669 770 1704 quamplurimam
797 1673 837 1700 in-

64 1712 97 1734 ter
106 1708 241 1744 homines;
258 1719 355 1739 verum
368 1713 490 1741 videntes
507 1714 574 1747 lucc,
593 1716 726 1744 rationem
742 1725 835 1745 eorum

63 1759 107 1779 non
132 1754 322 1790 intelleximus,
341 1759 388 1785 sed
412 1760 462 1787 hoc
486 1760 563 1787 uobis
585 1765 687 1788 tantum
719 1770 751 1789 ex
778 1764 835 1798 ipsa

64 1805 131 1831 quam
149 1801 262 1829 vidimus
278 1803 436 1832 diversitate
449 1812 603 1841 suggestum
615 1813 666 1839 est,
679 1812 707 1834 ut
721 1809 837 1843 inquira-

63 1849 113 1870 IllllS
137 1846 165 1872 et'
183 1852 391 1880 'perscrutemur
407 1858 459 1884 qua
485 1852 590 1880 ratione
615 1854 664 1880 ista
685 1855 776 1881 omnia
794 1856 836 1882 vel

64 1887 155 1918 diversa
176 1892 279 1921 fuerint
303 1901 404 1928 creata,
423 1897 464 1923 vcl
491 1899 563 1925 varie
586 1899 788 1934 dispensentur,
809 1906 836 1928 ct

63 1940 178 1970 concepto
199 1938 225 1965 iu
251 1941 333 1967 terris
351 1941 537 1976 hujuscemodi
553 1945 701 1979 agnitionis
721 1945 776 1981 (91)
794 1947 836 1974 vel

64 1981 149 2014 studio,
163 1984 201 2010 vel
215 1993 322 2017 amore,
341 1986 451 2014 dabitur
467 1989 545 2016 nobis
562 1995 622 2024 post
640 1991 740 2018 exitum
754 1992 836 2020 etiam

64 2027 167 2059 cognitio
181 2029 236 2063 ejus
252 2036 281 2057 et
296 2032 489 2066 intelligentia;
508 2034 529 2060 si
544 2039 633 2062 tamen
650 2044 693 2063 res
707 2038 836 2070 procedat

65 2076 90 2095 ex
107 2078 171 2100 voto.
187 2074 252 2102 Cum
268 2084 335 2111 ergo
351 2078 640 2112 comprehcnderimus
656 2082 759 2117 integre
779 2083 835 2118 ejus

65 2115 189 2151 rationem,
212 2125 275 2148 tunc
293 2126 407 2157 utroque
430 2125 508 2151 modo
526 2127 788 2160 comprehendamus
803 2137 835 2156 ea

902 207 969 235 bunt
983 206 1038 243 (95)
1053 207 1079 234 in
1093 207 1152 235 loco
1167 208 1258 244 aliquo
1272 210 1298 236 in
1315 213 1386 236 terra
1403 210 1501 244 posito,
1518 218 1596 246 quem
1613 219 1694 247 para-

903 253 989 280 disum
1009 252 1074 280 dicit
1088 252 1229 287 Scriptura
1246 255 1349 287 divina,
1371 256 1444 283 velut
1458 257 1483 284 in
1497 257 1612 292 quodam
1629 266 1693 286 eru-

902 298 1014 326 ditionis
1027 299 1096 331 loco,
1110 304 1147 332 ct,
1164 304 1192 327 ut
1204 300 1240 326 ita
1253 301 1380 335 dixerim,
1393 303 1528 330 auditorio
1541 303 1582 332 vel
1599 305 1692 333 schola

902 345 1053 371 animarum
1072 345 1098 371 in
1121 352 1175 380 quo
1199 346 1231 372 dc
1245 347 1371 375 omnibus
1386 349 1428 375 his
1443 357 1500 383 quae
1516 351 1541 377 in
1556 352 1637 379 terris
1654 352 1692 378 vi-

901 390 1006 421 derant,
1022 390 1185 424 doceantur,
1198 391 1295 419 indicia
1311 393 1366 428 (94)
1383 401 1489 429 quoque
1506 397 1629 430 qutedam
1646 405 1692 425 ac-

901 436 1002 471 cipiant
1017 436 1098 463 etiam
1114 436 1147 464 de
1162 439 1392 473 consequentibus
1406 443 1432 466 ct
1450 441 1555 472 futuris,
1572 443 1642 470 sicut
1662 443 1688 471 in

900 481 952 509 hac
965 490 1073 517 quoque
1090 484 1142 510 vita
1159 483 1239 518 positi
1258 484 1358 510 indicia
1376 484 1431 519 (95)
1445 487 1567 519 quadam
1586 487 1690 515 ftituro-

899 534 969 560 rum,
985 528 1047 556 licet
1060 537 1106 563 per
1120 530 1258 564 speculutn
1275 533 1301 556 et
1314 530 1469 564 tenigmata,
1487 536 1575 559 tamen
1592 541 1625 560 ex
1640 534 1689 560 alio

899 581 950 607 qua
969 578 1045 608 parte
1059 580 1252 609 conceperant,
1268 582 1329 609 quae
1345 575 1516 603 manifestius
1531 581 1558 603 et
1573 578 1687 606 lucidius

899 619 1003 646 sanctis
1019 620 1044 646 in
1059 620 1117 646 suis
1132 624 1158 647 et
1179 620 1247 648 locis
1270 625 1297 648 et
1321 622 1491 656 temporibus
1518 623 1685 653 revelantur.

899 663 926 690 Si
944 664 1005 697 quis
1029 671 1095 691 sane
1118 665 1236 692 tnttndus
1256 666 1350 698 corde,
1370 672 1397 694 et
1418 668 1511 701 purior
1527 674 1618 696 mente
1631 690 1639 702 ,
1660 676 1688 698 et

897 709 1077 737 exercitatior
1097 717 1178 737 sensu
1198 711 1297 743 fuerit,
1320 713 1439 740 velocius
1454 715 1611 748 proficiens,
1631 717 1687 744 cito

897 753 930 778 ad
944 754 1016 780 acris
1030 754 1120 781 locum
1134 756 1275 787 ascendet,
1291 761 1318 783 et
1332 757 1364 783 ad
1379 758 1511 787 caelorum
1528 767 1611 796 regna
1625 768 1687 795 per-

896 799 989 825 veniet
1006 806 1055 833 per
1072 799 1196 828 locorum
1226 803 1408 838 singulorum,
1437 810 1465 832 ut
1493 806 1529 832 ita
1557 806 1684 841 dixerim,

860 837 880 866 Β
896 844 1067 877 mansiones;
1092 853 1160 879 quas
1184 846 1272 874 (ἔνιπξεί
1299 850 1405 882 quidem
1433 851 1567 885 sphzeras,
1593 853 1619 880 id
1643 858 1689 880 est

896 889 989 924 globos
1005 891 1221 925 appellaverunt,
1239 893 1383 928 Scriptura
1405 903 1469 922 vero
1487 896 1577 924 divina
1600 898 1686 926 ctel‘os

895 936 1039 969 nominat;
1054 936 1079 962 in
1100 937 1200 971 quibus
1214 937 1328 972 singulis
1342 939 1431 973 primo
1454 941 1563 975 quidem
1580 943 1685 977 perspi-

894 980 948 1006 ciet
962 987 994 1007 ea
1014 988 1075 1015 quae
1100 982 1136 1008 ibi
1154 987 1298 1017 geruntur,
1324 985 1443 1012 secundo
1462 978 1526 1013 vero
1543 987 1624 1014 etiam
1642 996 1685 1016 ra-

897 1025 1000 1052 tionem
1015 1034 1099 1060 quare
1113 1032 1243 1061 gerantur
1255 1033 1396 1064 agnoscet;
1412 1034 1440 1057 et
1453 1030 1489 1057 ita
1502 1038 1549 1066 per
1557 1033 1683 1061 ordinetn

895 1070 1064 1105 digredietur
1083 1072 1139 1108 (96)
1156 1073 1275 1108 singula,
1300 1082 1420 1109 sequens
1436 1083 1497 1103 eum
1521 1078 1567 1112 qui
1591 1083 1680 1105 trans-

894 1122 1002 1149 gressus
1028 1121 1070 1143 est
1103 1118 1187 1144 caelos
1205 1118 1297 1145 Jcsutn
1316 1119 1416 1146 Filium
1442 1121 1488 1148 Dei
1518 1122 1681 1151 dicentem:

897 1169 905 1184 I
924 1159 990 1187 Volo
1020 1167 1048 1188 ut
1067 1163 1110 1189 ubi
1132 1170 1191 1190 sum
1216 1171 1277 1198 ego,
1296 1169 1322 1191 et
1350 1165 1393 1192 isti
1417 1166 1472 1192 sint
1495 1174 1601 1194 ntecutn
1615 1169 1648 1194 ²¹.
1669 1178 1678 1194 ο

894 1205 946 1233 Sed
963 1211 990 1233 et
1007 1208 1040 1234 de
1064 1208 1106 1235 his
1125 1208 1249 1236 locorum
1268 1210 1472 1239 diversitalibus
1491 1212 1595 1240 indicat
1619 1221 1682 1241 cum

893 1251 959 1278 dicit
984 1260 990 1279 :
1021 1261 1031 1278 ‹
1064 1252 1156 1281 Multae
1189 1255 1344 1282 mansiones
1377 1261 1442 1283 sunt
1471 1259 1540 1292 apud
1569 1259 1679 1287 Patrem

892 1304 982 1323 meum
993 1298 1025 1324 ”.
1039 1307 1048 1323 ι
1059 1297 1120 1332 Ipse
1136 1303 1224 1327 tamen
1242 1300 1340 1335 ubique
1356 1306 1408 1333 est,
1427 1306 1454 1328 ct
1470 1304 1596 1331 universa
1617 1311 1681 1339 per-

894 1342 988 1369 currit.
1001 1342 1056 1370 Ncc
1072 1344 1142 1371 ultra
1157 1345 1338 1380 intelligamus
1350 1355 1411 1374 ettm
1424 1348 1449 1374 itt
1466 1355 1496 1375 ea
1512 1348 1567 1384 (97)
1579 1351 1680 1386 exiguiv

894 1391 948 1413 tate
964 1388 989 1414 in
1007 1396 1060 1422 qua
1077 1390 1155 1417 nobis
1168 1396 1278 1425 propter
1295 1399 1344 1418 nos
1364 1391 1476 1420 effectus
1500 1399 1560 1426 est;
1578 1394 1606 1421 id
1627 1399 1678 1428 est,

893 1439 945 1458 non
967 1432 1011 1458 illa
1033 1433 1287 1469 circumscriptione
1301 1442 1383 1470 quam
1408 1437 1434 1464 in
1456 1442 1550 1466 nostro
1562 1446 1679 1474 corpore

892 1477 918 1503 in
934 1478 1014 1504 terris
1028 1479 1132 1512 posittts
1144 1479 1216 1507 inter
1230 1481 1354 1508 homines
1370 1482 1474 1515 habuit,
1491 1492 1546 1519 quo
1563 1486 1638 1514 velut
1651 1487 1678 1514 in

893 1530 944 1549 uno
962 1523 1051 1557 aliquo
1068 1524 1266 1560 circumseptus
1281 1526 1340 1554 loco
1355 1532 1474 1561 putetur.

927 1582 951 1608 7.
966 1582 1033 1609 Cum
1048 1591 1113 1618 ergo
1132 1583 1198 1619 (98),
1217 1584 1291 1611 verbi
1307 1584 1405 1619 gratia,
1425 1585 1457 1612 ad
1473 1586 1596 1614 coelestia
1617 1588 1678 1616 loca

891 1629 1065 1662 pervenerint
1092 1631 1189 1660 sancti,
1213 1635 1276 1658 tunc
1301 1632 1358 1665 jam
1377 1632 1512 1659 rationem
1539 1638 1676 1661 astrorum

891 1680 938 1707 per
948 1674 1053 1709 singula
1066 1675 1255 1708 pervidcbunt,
1266 1681 1293 1703 et
1306 1677 1363 1704 sive
1374 1677 1521 1704 animantia
1537 1683 1609 1711 sunt,
1620 1680 1678 1707 sive

891 1719 1020 1753 quidquid
1039 1720 1104 1746 illud
1121 1726 1174 1753 est,
1187 1722 1432 1754 comprehendent.
1448 1723 1501 1750 Sed
1518 1727 1544 1750 et
1556 1724 1622 1752 alias
1635 1733 1679 1752 ra«

891 1765 978 1792 tiones
991 1772 1102 1800 operum
1117 1766 1163 1794 Dei
1181 1774 1249 1800 quas
1265 1768 1307 1794 eis
1332 1768 1390 1801 ipse
1414 1769 1556 1802 revelabit,
1579 1771 1678 1798 intelli-

890 1814 964 1844 gent.
987 1810 1044 1837 Jam
1066 1811 1139 1838 enim
1164 1817 1292 1846 tanquam
1320 1813 1383 1840 filiis
1409 1822 1498 1841 rerum
1517 1823 1624 1847 causas,
1649 1821 1678 1844 et

889 1855 1016 1883 virtutem
1038 1863 1093 1883 suae
1118 1857 1280 1885 conditionis
1299 1859 1439 1891 Ostendet;
1454 1865 1480 1886 et
1503 1861 1608 1888 docebit
1628 1869 1676 1890 eos

890 1908 974 1935 quare
985 1901 1028 1928 illa
1042 1902 1119 1928 stella
1136 1902 1160 1928 in
1177 1902 1222 1930 illo
1238 1903 1297 1930 loco
1311 1904 1374 1931 cmli
1391 1905 1477 1939 posita
1492 1910 1544 1936 est,
1555 1909 1582 1931 et
1590 1914 1676 1940 quare

889 1945 923 1972 ab
945 1946 996 1972 alia
1024 1951 1099 1973 tanto
1119 1947 1263 1975 dirimente
1290 1949 1378 1982 spatio
1408 1954 1571 1983 separatur;
1601 1951 1675 1978 verbi

889 1993 987 2026 gratia,
1001 1993 1022 2019 si
1035 1993 1212 2027 propinquior
1227 1993 1334 2026 fuisset,
1346 1995 1410 2029 quid
1428 2001 1461 2022 ex
1475 1996 1526 2022 hoc
1544 2001 1616 2023 esset
1634 1997 1676 2024 fu-

891 2041 998 2070 turum;
1017 2039 1039 2065 si
1057 2046 1120 2066 vero
1135 2039 1250 2074 longius,
1267 2040 1330 2074 quid
1349 2040 1500 2073 accideret;
1517 2046 1562 2068 aut
1575 2042 1598 2068 si
1615 2049 1674 2068 ma-

886 2083 929 2117 jor
943 2084 1038 2111 fuisset
1051 2085 1095 2111 illa
1106 2085 1182 2112 stclla
1196 2093 1276 2120 quatit
1289 2085 1343 2118 illa,
1359 2086 1495 2119 quomodo
1508 2087 1604 2113 similis
1622 2094 1674 2114 non

889 2133 1045 2156 servaretur
1059 2130 1233 2163 universitas,
1249 2133 1296 2158 sed
1314 2130 1339 2156 in
1362 2131 1442 2157 aliam
1457 2132 1602 2165 quamdam
1619 2132 1675 2159 for-

65 2165 114 2215 qltte
126 2162 236 2192 vidimus
254 2174 336 2200 super
352 2172 463 2198 terram.
478 2170 543 2197 Tale
563 2179 627 2206 ergo
642 2170 742 2207 aliquid
754 2175 835 2201 etiam
853 2185 874 2212 D
891 2183 960 2201 mam
968 2181 1062 2202 cuncta
1076 2181 1252 2204 mutarentur.
1266 2177 1311 2205 Sic
1322 2186 1386 2213 ergo
1395 2179 1515 2206 decursis
1527 2179 1582 2215 (99)
1593 2179 1676 2206 omni.

65 2204 92 2230 de
104 2213 178 2235 aerea
193 2211 256 2238 sede
276 2212 419 2241 dicendum
434 2219 485 2242 est.
507 2215 576 2243 Puto
596 2204 671 2244 enim
687 2204 742 2253 (9'2)
767 2221 837 2252 quod

94 2263 114 2280 ”
132 2264 225 2300 Ephes.
242 2277 273 2301 ιι,
289 2270 317 2303 2,
334 2271 361 2299 5.
401 2272 421 2286 ²¹
440 2272 450 2297 Ι
471 2271 551 2300 Thes.
576 2281 612 2307 tv,
629 2274 671 2300 16.

94 2321 142 2368 (Si!)
160 2325 382 2368 Sicmss.._Ali_as,
403 2340 411 2355 ι
433 2336 507 2359 tanta
531 2333 584 2358 (ide
607 2335 830 2368 contempserint,

67 2357 248 2400 Vei‘antittiuriitt
264 2357 398 2397 aliquibus
413 2357 538 2400 possent.
560 2376 568 2392 ι

162 2395 235 2436 ιιιιι».
253 2392 332 2431 editi,
348 2409 357 2437 ι
376 2392 589 2434 Stibtrahuiitur,
608 2402 663 2429 sive
680 2403 833 2437 spirituali.

124 2430 174 2471 sive
186 2431 238 2471 jam
252 2427 400 2471 secundum
417 2427 534 2464 litteram
558 2427 715 2471 passeriburs
731 2438 834 2466 intelle-

131 2463 199 2495 ρυοᾶ
218 2469 290 2506 enim
307 2477 376 2497 nunc
390 2471 498 2498 interim
513 2463 656 2506 qua-oritur,
671 2463 726 2499 tum
742 2463 831 2501 autem

69 2494 157 2559 multa!
171 2494 503 2559 {Inluuifcstumrvidcbiiu-r.
702 2514 731 2534 ut
780 2494 833 2537 7.31

141 2541 168 2559 ex
199 2555 207 2559 -

94 2537 119 2558 ro
131 2537 207 2562 textu.

164 2569 482 2612 Secundumprincipem
505 2577 641 2610 potestatis
659 2579 727 2604 aeris
742 2579 830 2612 Itujtts.

103 2609 223 2644 :c-ouussa
241 2613 305 2635 suut
321 2609 346 2636 in
361 2609 542 2644 anteaeditis,
558 2613 621 2639 licet
635 2609 790 2641 habeantur
805 2614 831 2641 in

72 2637 176 2665 omnibus
188 2649 249 2669 mss.

84 2669 157 2716 hi???
169 2675 227 2704 “tu:
242 2678 274 2716 ad
286 2680 485 2716 praecedentem
503 2681 635 2715 phrasim,
647 2690 707 2716 qute
718 2684 831 2711 conclu-

73 2709 135 2749 ξξῗιιε
148 2715 232 2749 carere
248 2709 363 2747 videtur,
373 2709 513 2742 referenda
525 2721 598 2747 sunt,
612 2709 636 2743 ni
654 2709 740 2749 iallor,
750 2709 830 2746 ἰωὴ

74 2744 223 2788 ﬂaljgriodus
234 2744 408 2788 construitur
425 2760 430 2776 :
450 2750 516 2777 Tum
524 2744 647 2779 deindesi
666 2744 743 2781 aer“:
756 2762 765 2785 ;
778 2763 828 2788 pu-

74 2775 163 2813 Wl/jltm
173 2786 217 2812 est,
229 2787 281 2809 etc.
300 2775 509 2813 Ennilr’lt'rnoc.

103 2808 150 2847 (9|)
166 2808 509 2850 AgintotaToéigt'Iii'ai."
520 2822 545 2849 in
557 2823 695 2857 prioribus
708 2823 833 2853 editioni-

710 2275 732 2289 ¹²
745 2274 822 2302 Joan.
841 2283 908 2308 xvu,
922 2274 967 2302 24.

892 2220 942 2247 bus
957 2227 1017 2254 quae
1027 2220 1054 2246 in
1065 2226 1200 2248 astrorum
1210 2223 1316 2250 ratione
1327 2229 1354 2251 et
1364 2225 1388 2250 in
1401 2224 1442 2251 his
1453 2225 1677 2252 conversionibus

1007 2275 1028 2291 "
1045 2275 1123 2304 Joan.
1143 2285 1197 2312 xtv,
1215 2279 1242 2307 2.

883 2333 944 2364 bus.
959 2333 1005 2360 sed
1019 2334 1135 2361 habetur
1150 2337 1175 2362 in
1194 2344 1258 2364 mss.

998 2369 1063 2408 _Vide
1078 2370 1095 2397 Ι.
1110 2378 1129 2397 ιι
1141 2370 1312 2408 (οι-ἰρεηὶαηη
1327 2381 1354 2408 q.
1369 2373 1413 2407 Η,
1430 2382 1460 2400 n.
1475 2373 1505 2400 Η
1519 2378 1546 2401 et
1561 2374 1602 2402 1‘2.

923 2404 978 2442 (ῇό)
1000 2404 1036 2442 μμ
1052 2413 1115 2431 mss.
1133 2404 1217 2442 Alias,
1237 2416 1246 2432 t
1262 2404 1452 2442 permaneant.
1466 2417 1475 2433 ι

1062 2447 1124 2476 mss.
1139 2437 1223 2473 Alias,
1243 2437 1378 2476 t'jttdicia.
1397 2453 1406 2469 ι

925 2472 980 2512 (ξὶῦ)
1002 2473 1050 2512 Sic
1075 2474 1169 2512 iterum
1189 2472 1371 2510 mss-Alias,
1398 2489 1407 2503 ι
1431 2477 1544 2512 judicia,
1564 2487 1573 2503 ι
1590 2479 1671 2507 male.

890 2507 990 2547 ibidem
1007 2508 1071 2547 libb.
1095 2510 1171 2543 editi,
1191 2521 1199 2536 ι
1221 2519 1269 2545 per
1286 2507 1469 2546 speculum'in
1487 2507 1640 2547 aenigmate.
1662 2523 1672 2540 ι

889 2541 955 2574 Mss,
974 2548 1001 2569 ut
1015 2543 1041 2569 in
1055 2550 1148 2571 nostro
1164 2541 1250 2573 textu.

924 2577 979 2612 (96)
1002 2578 1077 2611 illss.,
1099 2588 1108 2604 ι
1127 2581 1286 2614 digreditur.
1309 2591 1317 2607 ι
1339 2582 1419 2609 Libb.
1434 2581 1499 2609 editi
1513 2603 1520 2616 ,
1538 2592 1547 2608 ι
1566 2584 1672 2616 egredi~

887 2615 940 2638 tur.
960 2622 968 2637 I

923 2646 978 2687 (9i)
1000 2647 1045 2674 Sic
1063 2656 1128 2676 mss.
1143 2650 1228 2682 Alias,
1243 2659 1253 2676 ι
1273 2651 1314 2678 vel
1327 2651 1398 2678 ultra
1412 2651 1597 2687 intelligamus
1610 2659 1672 2680 eum

886 2689 938 2708 non
955 2691 981 2708 ιιι
999 2690 1041 2714 ca,
1059 2692 1069 2709 ι
1088 2689 1142 2710 etc.

897 2742 900 2743 ,
999 2716 1066 2755 Yide
1081 2718 1099 2744 ι.
1115 2727 1133 2747 ιι
1148 2718 1310 2753 0rigenian.,
1324 2728 1350 2755 q.
1364 2721 1390 2752 8,
1405 2722 1500 2749 uum.l
1520 2727 1547 2748 ct
1559 2723 1585 2749 5.

922 2751 986 2789 (99)»
999 2752 1044 2779 Sic
1060 2761 1126 2789 mss.
1154 2751 1240 2786 Alias.
1258 2764 1267 2780 ι
1286 2751 1440 2789 diversitas,
1459 2758 1505 2784 sed
1537 2758 1562 2784 iu
1591 2757 1672 2786 aliam

888 2787 1033 2826 quamdam
1056 2787 1169 2816 formam
1194 2795 1292 2818 cuncta
1315 2787 1512 2825 fortttarctttur,
1530 2793 1552 2820 si
1576 2793 1672 2822 decur-

887 2827 934 2855 sts,
950 2830 960 2848 ι
979 2826 1032 2850 etc.
