1860 3073
146 134 199 163 ’,ιτ

765 127 928 156 ORIGENIS
942 128 1022 155 ΠΕΡΙ
1040 128 1153 155 ΑΡΧΩΝ

1718 119 1774 147 218

147 203 210 232 qua:
226 195 253 222 in
275 193 343 221 cwlo
354 196 416 220 sunt
433 189 616 221 continentur,
631 189 742 216 venient
757 189 840 216 ctiam
855 189 888 216 ad
901 196 933 216 ea
948 192 971 220 Α
986 188 1076 215 ctione
1098 187 1186 222 primo
1204 185 1249 213 illa
1266 192 1319 220 qua
1336 184 1362 211 in
1379 183 1406 211 id
1429 181 1563 232 ascendit,
1581 179 1704 232 secundo
1719 186 1772 232 qua

148 248 209 276 quae
222 248 274 267 non
298 237 436 270 videntur,
452 234 496 263 vel
512 234 546 262 ad
561 241 592 261 ea
608 241 724 269 quorum
748 234 934 274 sola'nomiua

149 293 221 314 nunc
254 283 423 313 audivimus,
453 285 480 308 et
518 280 552 307 ad
583 280 745 307 invisibilia:
766 287 826 315 quae
852 280 934 307 multa

148 330 256 366 quidem
276 335 336 355 esse
362 326 459 353 Paulus
473 324 611 360 apostolus
629 325 743 357 docuit,‘
757 332 818 360 qua;
845 330 934 352 autem

147 377 213 408 sint,
232 373 273 401 vel
302 381 384 408 quam
411 372 528 399 babeant
552 369 746 404 diﬂ'erentiam,
778 378 812 397 ne
839 371 935 404 exiguo

148 421 256 455 quidem
285 419 373 453 aliquo
399 417 536 445 intellectu
563 417 699 451 conjicere
728 424 872 451 possumus
901 416 934 443 ".

148 466 181 494 Et
199 467 235 493 ita
255 472 452 498 crescensgper
466 464 523 490 sin-
559 462 711 489 Hienosvut
729 469 831 489 ιειιςιο.
854 461 935 488 Cum-

147 511 208 547 gula
230 510 402 539 rationabilis
426 513 522 536 natura
558 518 607 542 que
623 511 650 535 in
664 513 766 535 tantum
787 508 933 542 profeceri-

149 557 200 592 (l),
210 563 262 584 non
271 555 343 583 sicut
354 555 379 581 in
389 561 470 581 carne
482 553 522 580 vel

148 609 261 636 corpore
277 605 305 628 et
320 600 409 627 anima
424 599 451 626 in
474 599 525 626 hac

151 647 229 682 107
244 646 298 674 vita
312 645 465 676 crescebat,
479 645 524 672 sed

150 698 240 721 mente
271 700 302 720 ac
336 700 415 720 SCIISII
446 696 525 718 aucta

150 739 184 766 ad
214 738 361 773 perfectam
384 737 526 765 sdentiam

151 792 228 812 mens
247 785 303 819 jam
324 784 443 819 perlecta
464 791 526 818 per-

151 830 270 863 dueitur,
285 837 456 864 nequaquam
471 830 525 864 jam

150 874 222 902 ultra
234 875 293 903 istis
303 875 458 903 carnalibus
468 882 528 902 sen-

150 921 227 949 sibus
240 922 433 956 impedita,sed
445 923 524 949 intcl-

559 563 617 582 mus
637 555 690 590 (2)
717 560 744 580 ut
773 561 935 588 nequaquam

561 609 652 627 carnes
669 605 692 626 et
711 607 832 631 corpora,
858 598 938 632 [orsi-

561 653 606 673 tan
620 655 650 673 ne
658 647 754 672 anime
765 645 867 680 quidem
880 645 937 678 fue-

562 693 657 724 rimus,
666 692 711 718 sed
723 699 795 717 meus
808 695 832 716 ct
846 698 936 716 tensus

562 739 596 764 ad
634 737 779 771 perfectum
812 737 935 767 uenient,

563 784 686 818 nulloque
709 781 936 817 perturbationum

563 830 654 857 nubilo
667 829 797 863 caligatis,
824 828 937 855 intuebi-

564 882 607 902 tur
621 875 658 910 ('5)
676 873 846 901 rationabiles
859 873 938 900 intel-
956 867 975 893 Β

561 921 721 956 ligibilesque
729 920 888 946 substantias
900 919 939 953 [a-

987 238 1139 269 permanet,
1152 233 1229 260 cibos
1240 232 1337 267 quibus
1351 233 1474 257 vescatur
1485 228 1586 255 habens
1599 227 1772 253 theoremata

987 284 1015 306 ct
1039 278 1192 306 intellectus
1215 285 1306 304 rerum
1328 276 1503 309 rationesque
1521 280 1680 301 causarum.
1696 271 1774 298 Sicut

988 325 1060 353 enim
1072 325 1099 351 in
1114 324 1164 351 bac
1175 324 1230 350 vita
1246 329 1360 357 corpora
1371 326 1462 348 nostra
1472 320 1560 351 primo
1574 319 1600 345 in
1612 318 1664 345 hoc
1682 317 1774 352 ipsum

988 370 1060 405 quod
1082 376 1174 396 sutnus
1191 367 1370 402 corporaliter
1392 369 1528 397 crescunt,
1546 364 1573 391 in
1587 363 1675 398 prima
1693 366 1776 388 :L-tate

989 417 1111 444 ciborum
1126 414 1286 442 sullicientia
1302 413 1381 440 nobis
1393 414 1588 440 incrementum
1604 412 1773 444 praestante;

988 467 1080 497 postea
1098 469 1160 488 vero
1173 467 1254 495 quam
1269 458 1408 486 crescendi
1419 457 1452 484 ad
1463 463 1615 483 mensuram
1631 454 1674 481 sui
1693 452 1778 479 fuerit

989 506 1093 540 expleta
1109 505 1270 539 proceritas,
1291 503 1394 530 utimur
1409 502 1477 529 cibis
1489 501 1545 534 jam
1560 507 1612 526 non
1628 504 1779 526 uteresca-

990 559 1060 583 mus,
1081 550 1126 578 sed
1148 555 1177 576 ut
1199 550 1324 576 vivamus
1343 552 1370 575 et
1391 553 1587 575 conserventur
1602 544 1628 571 iu
1650 544 1707 570 vita
1729 549 1778 576 per

990 607 1068 627 escas
1086 607 1093 624 :
1109 599 1146 625 ita
1171 598 1292 624 arbitror
1305 600 1333 623 et
1347 600 1466 622 mentem
1483 593 1564 620 etiam
1587 598 1648 619 cum
1666 589 1778 617 venerit

989 645 1021 671 ad
1040 644 1202 679 perfectum,
1218 642 1291 669 vesci
1308 646 1397 668 tamen
1415 645 1442 667 et
1457 639 1494 666 uti
1518 638 1634 673 propriis
1652 640 1681 663 et
1701 642 1779 662 eom-

990 690 1143 724 petentibus
1159 689 1227 716 cibis
1249 688 1277 715 in
1299 695 1332 714 ea
1352 693 1493 717 mensura,
1514 685 1556 711 cui
1574 690 1662 718 neque
1680 683 1780 709 deesse

990 736 1093 769 aliquid
1108 735 1215 765 debeat,
1234 740 1321 768 neqtte
1335 731 1483 759 abundare.
1502 730 1530 756 ln
1541 729 1669 756 omnibus
1683 731 1778 754 autem

990 782 1066 809 cibus
1078 781 1123 807 hic
1137 778 1330 814 intelligendus
1340 782 1382 804 est
1396 776 1500 815 theoria
1511 780 1539 802 et
1552 774 1709 801 intellectus
1718 771 1780 804 Dei,

991 826 1094 852 habens
1122 831 1265 851 mensuras
1288 822 1414 857 proprias
1438 826 1466 847 et
1499 822 1686 853 competentes
1714 817 1780 845 huic

992 877 1094 898 natura:
1105 877 1164 905 qum
1181 869 1250 896 facta
1264 873 1306 896 est
1323 873 1351 895 et
1364 872 1474 899 creata;
1489 873 1556 901 quas
1567 871 1712 894 mensuras
1723 863 1782 890 sin-

992 917 1070 953 gulos
1097 922 1219 950 quosque
1246 913 1434 949 ineipientinm
1461 913 1554 939 videre
1580 911 1679 942 Deum,
1697 909 1724 936 id
1740 913 1782 935 est

967 962 971 964 ’
992 962 1148 998 intelligere
1172 969 1221 997 per
1244 960 1389 995 puritatem
1409 959 1500 986 cordis
1525 956 1655 992 competit
1682 954 1782 982 obser-

990 1015 1062 1035 vare.

151 965 311 995 lectualibus
347 967 523 995 incrementis
559 967 644 994 εἰειαά
656 966 760 1000 faciem.

149 1016 240 1044 aucta,
253 1020 361 1047 semper
378 1013 411 1040 ad
434 1020 542 1048 purum,
556 1016 593 1045 et,
609 1016 638 1037 ιιι
651 1012 687 1037 ita
707 1011 834 1042 dixerim,
869 1009 937 1036 facie

149 1055 184 1082 ad
207 1055 304 1084 faciem
326 1065 415 1084 rerum
433 1064 529 1084 causas
546 1056 706 1091 inspiciens,
731 1055 834 1090 potitur
846 1053 935 1089 petie-

158 1114 1769 1130 __________.______—__——

670 1201 880 1258 LIBER
913 1199 1247 1257 TERTIUS.

571 1384 990 1430 PREFATIO
1045 1386 1362 1430 RUFINl.

187 1537 239 1571 Qui
252 1537 330 1573 legis,
351 1543 456 1564 memor
470 1541 531 1564 esto
542 1537 595 1564 mei
617 1537 644 1564 in
659 1537 713 1563 tuis
726 1537 831 1565 sanctis
845 1537 1027 1569 orationibus,
1039 1542 1069 1565 ιιι
1082 1543 1109 1565 et
1128 1544 1178 1564 ncs
1200 1536 1269 1564 eﬂici
1289 1543 1444 1564 mereamur
1458 1536 1633 1564 aemulatores
1652 1537 1777 1572 spiritus.

154 1582 317 1618 Superiores
336 1583 404 1610 duos
417 1582 488 1616 Περὶ
507 1581 609 1616 ἀρχῶν
625 1582 731 1609 libellos
747 1587 773 1609 te
792 1590 846 1610 non
862 1583 950 1610 solum
966 1584 1120 1616 insistente,
1141 1590 1236 1610 verum
1249 1583 1330 1610 etiam
1350 1588 1467 1617 cogente
1479 1602 1486 1615 ,
1499 1583 1594 1610 diebus
1616 1582 1780 1618 Quadrage-

151 1628 230 1655 sitne
246 1632 442 1663 tnterpretatus
460 1635 531 1654 sutn.
547 1627 600 1654 Sed
611 1628 740 1662 quoniam
758 1628 811 1656 illis
834 1628 931 1656 diebus
956 1628 1038 1656 etiam
1061 1633 1089 1655 tu
1103 1649 1111 1661 ,
1128 1628 1255 1662 religiose
1270 1628 1356 1656 frater
1374 1629 1494 1660 Macari,
1509 1633 1536 1656 et
1553 1629 1661 1656 vicinus
1685 1635 1782 1656 mane-

153 1673 203 1701 has
217 1673 268 1708 (1),
283 1678 311 1700 et
321 1673 437 1708 amplius
455 1674 584 1705 vacabas,
600 1673 681 1700 etiam
697 1680 750 1708 ego
764 1673 880 1708 amplius
896 1674 1029 1708 operabar
1041 1681 1048 1706 ;
1064 1673 1114 1700 hos
1125 1681 1189 1700 vero
1200 1674 1368 1708 posteriores
1380 1674 1450 1701 duos
1469 1673 1573 1701 tardius
1584 1675 1779 1710 explicuimus,

154 1719 219 1746 dum
230 1723 258 1745 tu
277 1719 311 1745 ad
323 1725 373 1745 nos
390 1718 425 1745 ab
441 1723 563 1745 extrema
579 1723 607 1745 et
619 1718 715 1745 ultima
729 1719 806 1745 urbis
821 1719 860 1754 (5)
872 1724 952 1753 parte
968 1719 1058 1746 rarior
1074 1723 1188 1746 exactor
1203 1719 1322 1746 accedis.
1340 1718 1439 1746 Verum
1457 1720 1481 1746 si
1499 1719 1648 1746 meministi
1664 1719 1737 1754 quod
1753 1719 1779 1746 in

153 1763 360 1799 pmfatiuncula
380 1764 472 1799 priore
483 1765 651 1797 cutnmonui,
668 1765 732 1800 quia
746 1765 912 1800 indignaturi
925 1770 1017 1793 essent
1031 1766 1141 1800 quidam
1162 1767 1185 1793 si
1206 1773 1257 1793 nos
1275 1766 1415 1793 audissent
1442 1773 1495 1792 non
1523 1766 1626 1801 aliquid
1653 1766 1688 1793 de
1712 1765 1778 1793 Ori-

152 1819 222 1847 gene
237 1811 276 1846 (6)
294 1811 364 1839 male
380 1811 464 1846 loqui,
478 1812 609 1839 continuo
625 1813 664 1845 id,
676 1817 706 1840 ut
720 1813 848 1845 arbitror,
863 1819 1039 1849 prosecutum
1050 1814 1187 1849 probasti.
1214 1814 1292 1847 Quod
1312 1814 1334 1842 si
1350 1815 1377 1841 in
1395 1815 1440 1842 illo
1455 1822 1539 1849 opere
1552 1815 1590 1842 ita
1615 1814 1777 1841 intlauunati

151 1862 216 1885 sunt
230 1858 257 1885 hi
267 1858 314 1893 qui
330 1859 471 1886 hominum
488 1859 593 1893 linguas
610 1860 643 1886 ad
657 1860 725 1888 male
740 1860 905 1896 loquendum
921 1862 1044 1889 excitant
1061 1862 1201 1890 daemones
1214 1881 1222 1893 ,
1237 1862 1265 1889 in
1287 1869 1342 1896 quo
1357 1863 1475 1890 nondum
1500 1870 1594 1890 eorum
1618 1867 1726 1890 secreta
1743 1862 1776 1888 ad

153 1905 262 1939 plenum
280 1904 430 1932 nudaverat
442 1913 449 1937 ;
459 1905 525 1940 quid
537 1905 563 1932 in
576 1905 628 1932 hoc
641 1905 762 1933 futurum
772 1911 861 1942 putas,
876 1907 902 1934 in
916 1915 971 1942 quo
983 1914 1079 1935 omnes
1093 1915 1187 1935 eorum
1199 1914 1286 1935 caecas
1296 1912 1324 1935 et
1337 1908 1461 1936 occultas
1473 1908 1543 1942 vias,
1560 1908 1658 1943 quibus
1679 1909 1778 1936 huma-

151 1951 196 1978 nis
210 1951 338 1979 cordibus
354 1951 489 1986 irrepunt,
503 1955 531 1978 et
545 1952 653 1978 animas
668 1952 791 1980 inﬁrmas
806 1960 839 1980 ac
856 1953 968 1988 fragiles
982 1953 1133 1988 decipiunt,
1154 1953 1304 1981 revelabit?
1324 1954 1436 1982 Videbis
1451 1955 1526 1982 illico
1543 1956 1700 1989 perturbari
1718 1963 1778 1983 om-

152 1998 208 2030 nia,
220 1996 370 2025 seditiones
382 1997 496 2030 moveri,
511 1997 647 2026 clamores
667 2003 722 2026 tota
742 1999 810 2027 urbe
825 1999 951 2032 diﬂ'undi,
966 1999 1000 2027 ad
1014 2000 1218 2027 damnationem
1231 2001 1323 2028 vocari
1334 2008 1395 2027 eum
1413 2001 1459 2035 qui
1476 2000 1640 2036 evangelicae
1657 2001 1777 2028 lucerna

151 2041 254 2068 lumine
267 2041 416 2069 diabolicae
432 2041 594 2076 ignorantia!
609 2042 648 2078 (7)
664 2044 791 2071 tenebras
807 2043 901 2079 fugare
915 2050 1031 2072 conatus
1053 2049 1106 2073 est.
1126 2045 1227 2073 Verum
1243 2046 1301 2074 haec
1326 2046 1505 2081 parvipendat
1528 2047 1576 2082 qui
1601 2048 1677 2082 cupit
1700 2047 1776 2075 salva

155 2085 218 2112 lldei
231 2085 372 2127 catholicis
388 2086 479 2120 regula
494 2086 520 2112 in
534 2086 634 2113 divinis
649 2087 850 2115 eruditionibus
864 2089 1006 2122 exerceri;
1023 2089 1087 2117 illud
1105 2094 1195 2118 autem
1209 2091 1366 2118 necessario
1378 2098 1557 2124 commoneo.
1571 2092 1643 2127 quod
1660 2093 1734 2120 sicut
1750 2093 1778 2120 in

152 2130 291 2164 prioribus
301 2126 380 2158 libris
393 2131 518 2165 fecimus,
529 2133 611 2160 etiaut
627 2133 654 2160 in
672 2134 732 2162 istis
744 2135 967 2169 observavimus,
982 2144 1055 2165 neea
1067 2145 1128 2173 quat
1142 2138 1257 2174 reliquis
1277 2138 1336 2172 ejus
1357 2138 1516 2171 sententiis,
1539 2143 1567 2166 et
1584 2126 1688 2167 nostra
1713 2140 1777 2168 ﬁdei

153 2175 292 2221 contraria
307 2176 483 2205 videbantur.
495 2177 703 2212 interpretarer.
716 2179 764 2206 sed
777 2179 850 2207 velut
864 2180 966 2209 inserta
979 2189 1010 2209 ea
1026 2183 1061 2209 ah
1075 2183 1137 2210 aliis
1150 2187 1178 2210 et
1195 2183 1349 2211 adulterata
1368 2184 1548 2218 pneterirem.
1576 2183 1615 2212 De
1639 2187 1780 2214 creaturis

151 2227 218 2249 vero
228 2223 434 2251 rationabilibus
446 2223 467 2251 si
480 2225 545 2258 quid
559 2225 620 2252 novi
637 2226 741 2254 dixisse
755 2227 828 2255 visus
839 2233 895 2262 est,
908 2230 970 2264 quia
981 2238 1035 2258 non
1050 2231 1077 2258 in
1086 2231 1138 2259 hoc
1152 2235 1194 2259 est
1205 2239 1311 2259 summa
1323 2231 1394 2264 lldei,
1411 2232 1533 2260 scientiae
1547 2233 1634 2267 gratia
1655 2238 1683 2261 et
1695 2241 1778 2261 exer-

152 2268 223 2316 citii,
240 2276 302 2295 cum
318 2269 387 2297 l‘orte
398 2271 477 2298 nobis
490 2271 636 2299 adversum
650 2274 796 2301 nonnullas
808 2275 927 2304 haereses
945 2277 992 2305 tali
1005 2278 1105 2306 ordine
1118 2279 1275 2306 necessario
1292 2279 1511 2314 respondendum
1525 2284 1578 2314 est,
1590 2287 1680 2316 neque
1695 2281 1723 2308 in
1734 2281 1779 2310 bis

150 2315 261 2363 libellis,
279 2324 367 2352 neque
378 2318 404 2345 in
419 2319 606 2353 superioribus
623 2322 795 2356 przetermisi,
811 2324 865 2351 nisi
881 2324 904 2351 si
922 2332 976 2360 qua
997 2325 1069 2353 forte
1081 2325 1139 2360 jam
1154 2327 1182 2354 in
1202 2327 1390 2361 superioribus
1403 2327 1474 2355 dicta
1495 2333 1620 2363 repetere
1639 2315 1730 2356 etiam
1751 2330 1778 2357 in

151 2361 194 2412 liis
205 2363 403 2412 posterioribus
419 2365 515 2398 voluit,
531 2371 558 2394 et
573 2367 718 2396 brevitatis
730 2370 818 2404 gratia
831 2371 920 2406 aliqua
933 2380 967 2400 ex
983 2373 1024 2401 his
1036 2381 1163 2402 resecare
1178 2375 1351 2403 commodum
1363 2376 1438 2403 duxi.
1453 2376 1482 2403 Si
1502 2361 1566 2410 quis
1585 2381 1677 2404 tamen
1694 2378 1780 2412 protl-

149 2410 238 2437 ciendi
253 2416 280 2438 et
293 2418 344 2438 non
359 2412 526 2440 obtrectandi
541 2414 631 2442 studio
645 2415 703 2443 haec
718 2416 797 2452 leget,
809 2419 914 2447 rectius
929 2419 1010 2447 faciet
1021 2421 1043 2448 si
1060 2423 1158 2457 exponi
1172 2423 1222 2450 sibi
1237 2423 1294 2450 lucc
1306 2431 1321 2450 a
1337 2423 1512 2458 peritioribus
1527 2424 1602 2452 velit.
1617 2410 1777 2453 Absurdum

151 2462 268 2506 namque
282 2461 323 2483 est
333 2462 483 2506 poetarum
498 2458 560 2506 ﬁcta
575 2461 696 2487 carmina
710 2466 737 2489 et
748 2464 946 2491 commdiarum
959 2465 1089 2494 ridiculas
1102 2467 1209 2495 fabulas
1231 2475 1245 2494 a
1263 2468 1448 2502 grammaticis
1468 2470 1588 2503 exponi;
1611 2474 1640 2498 et
1659 2477 1694 2497 ea
1715 2479 1777 2506 qua

149 2499 191 2527 vel
203 2501 236 2529 de
249 2501 317 2533 Deo,
333 2501 373 2529 vel
387 2502 422 2529 de
433 2502 591 2532 coelestibus
602 2506 761 2540 virtutibus,
778 2515 810 2536 ae
824 2509 858 2536 de
869 2510 944 2537 omni
963 2511 1142 2540 universitate
1160 2499 1299 2546 dicuntdr,
1316 2514 1342 2541 in
1361 2514 1461 2549 quibus
1481 2499 1570 2544 omnis
1581 2499 1623 2553 l8)
1639 2517 1682 2544 vel
1693 2499 1777 2553 pa-ga-

185 2558 207 2573 ’³
223 2557 322 2592 Epltes.
340 2566 358 2591 ι,
381 2559 428 2591 ‘20,
441 2559 487 2586 2i.

184 2611 222 2651 (l)
246 2613 340 2651 Yidel.
358 2621 378 2651 Il
395 2614 559 2650 Origeniau.,
575 2624 602 2651 q.
623 2617 666 2650 Η,
685 2626 760 2646 num.
779 2616 823 2646 14.

194 2648 224 2688 β)
241 2647 358 2688 Cumque
368 2647 509 2688 infinitum
521 2647 718 2686 prefécerimua,
731 2659 786 2681 etc.
800 2654 861 2681 Hmc
872 2662 932 2688 qua:

148 2689 164 2710 e
179 2684 276 2724 Graeco
293 2684 325 2724 ad
343 2684 462 2724 verbum
481 2684 696 2724 versa'sttntab
717 2684 887 2724 llieronymo'
901 2691 928 2716 in

147 2717 260 2760 cpistola
286 2717 456 2760 adAvilunt.
468 2720 561 2760 luisse
575 2721 705 2760 a_Ruﬁno
719 2717 871 2760 adulterata
894 2724 928 2751 u-

148 2757 219 2790 que_t_
233 2759 266 2790 ex
279 2756 420 2790 utriusque
430 2756 689 2790 interpretatiouum
702 2758 858 2785 collatione.

237 2786 406 2826 _Inlttebitu_r.
430 2786 514 2817 Forte
528 2790 670 2826 legendum
694 2801 703 2817 ι
718 2793 898 2821 intuebimur.
911 2801 921 2820 I

184 2821 223 2856 (4)
236 2821 273 2848 lla
288 2830 352 2850 mss.
365 2823 448 2857 Alias,
468 2833 477 2850 ι
495 2821 610 2853 vicinius
626 2827 765 2855 monebas.
787 2837 797 2853 ι

1025 2620 1064 2658 (5)
1077 2621 1122 2658 §ie
1137 2622 1238 2658 optime
1256 2631 1322 2650 mss.
1334 2623 1417 2658 Alias,
1436 2634 1446 2650 ι
1462 2625 1546 2653 orbis.
1564 2635 1574 2652 ι

1022 2656 1252 2700 (ϐλυερι-ξξιεηε.
1277 2659 1357 2700 Deest
1381 2656 1698 2700 in;antea__editi§,_ubi
1723 2673 1775 2700 pro

987 2699 1001 2730 ι.
1013 2692 1080 2730 male
1090 2700 1111 2730 _t
1125 2692 1224 2730 legitur
1240 2702 1249 2718 ι
1265 2693 1340 2720 tuali.
1361 2703 1371 2720 ι
1386 2693 1485 2722 Ibidem
1501 2696 1565 2723 libb.
1576 2692 1642 2724 editi
1656 2717 1666 2730 ,
1679 2708 1690 2725 ι
1705 2692 1774 2727 con;

983 2727 1057 2752 tiuuo
1071 2726 1096 2752 id
1111 2727 1228 2753 arbitror
1242 2733 1413 2762 persecutum
1438 2731 1551 2764 putasti.
1569 2740 1580 2757 ι
1594 2726 1663 2760 Mss.
1688 2726 1718 2761 ut
1729 2726 1772 2764 Vin

981 2766 1076 2787 nostro
1091 2765 1174 2788 textu.

1014 2795 1053 2833 (_7)
1071 2795 1108 2833 Ita
1127 2803 1190 2823 mss.
1211 2795 1295 2833 Alias,
1311 2805 1321 2822 ι
1342 2798 1480 2826 diabolica:
1494 2799 1665 2833 ignorantia.
1685 2812 1696 2829 ο

1012 2831 1052 2865 (8)
1068 2831 1113 2858 Sic
1126 2838 1190 2858 mss.
1207 2832 1296 2866 Alias,
1310 2841 1319 2858 ι
1339 2834 1474 2861 oumibus.
1497 2844 1508 2860 ι
