1860 3073
103 143 160 170 249
773 144 874 173 LIBER

981 144 1055 174 'IUS.
1675 149 1728 179 250

101 212 200 234 norum
214 204 455 241 philosophorum,
473 205 515 233 vel
529 205 717 234 haereticorum
733 213 835 241 pravus
858 214 937 234 error
950 207 1084 241 arguitur,
1099 206 1160 234 sine
1178 209 1309 243 magistro
1325 211 1352 236 et
1367 208 1544 244 explanatOre
1563 212 1659 243 putare
1675 209 1724 236 aii-

101 259 179 286 quem
195 259 276 287 posse
294 259 325 280 se
339 252 448 280 discere
459 251 499 288 (9)
516 260 523 280 :
539 256 566 279 et
579 252 615 279 ita
633 253 661 279 tit
676 257 705 279 ut
718 260 762 280 res
777 251 898 280 ditliciles
911 256 937 280 et
951 252 1086 280 obscuras
1109 253 1205 281 malint
1230 254 1356 282 homines
1382 261 1429 289 per
1444 256 1627 283 temeritatem
1644 259 1671 283 et
1685 256 1728 282 in-

102 298 246 326 scientiam
265 298 462 334 condemnare,
474 307 555 334 quam
568 307 617 335 per
628 299 795 335 diligentiam
811 305 841 327 et
858 300 978 327 studium
994 300 1113 328 discere.

889 369 922 379 -ι

409 429 533 458 ΚΕΦΑΛ.
554 432 591 458 Ᾱ’.

1208 436 1288 471 los
1307 436 1421 464 CAPUT
1442 437 1461 464 I.

100 479 173 513 Περὶ
184 479 401 511 αὐτεξουσίου,
426 479 475 506 καὶ
493 479 552 506 τῶν
571 479 741 506 δοκούντων
759 479 893 514 ἀναιρεῖν

154 514 245 541 τοῦτο
256 514 414 549 Γραφικῶν
422 514 520 548 ῥητῶν
530 515 620 547 ,λύσις
633 515 680 542 καὶ
692 514 845 549 ἑρμηνεία.

143 570 223 597 Ἐπεὶ
236 570 264 596 δὲ
278 571 306 596 ἐν
318 570 356 605 τῷ
371 569 528 606 κηρύγματι
547 569 586 604 τῷ
605 570 823 605 ἐκκλησιαστικῴ
845 579 892 597 πε-

102 615 225 652 ριέχεται
239 616 253 642 ὸ
272 617 335 652 περὶ
348 616 464 651 κρίσεως
486 616 592 647 δικαίας
613 616 680 642 Θεοῦ
698 617 793 648 λόγος,
818 617 892 649 ὅστις

100 662 149 688 καὶ
166 662 231 693 τοὺς
254 662 401 693 ἀκούοντας
413 661 567 693 πιστευθεὶς
585 659 654 688 εἴναι
672 661 773 697 ἀληθὴς
789 671 893 697 προκα-

105 707 195 734 λεῖται
210 707 256 733 ἐπὶ
272 707 302 733 τὸ
317 707 406 739 καλῶς
426 707 517 742 βιοῦν,
539 708 586 734 καὶ
607 708 688 735 παντὶ
709 708 802 743 τρόπῳ
827 708 893 742 φεύ-

100 761 162 786 γειν
175 752 225 788 τὴν
242 751 392 788 ἁμαρτίαν,
414 752 535 788 δηλονότι
557 752 838 787 συγκατατιθεμένους
863 753 892 779 τὸ

100 798 145 832 ἐφ’
156 799 225 833 ἡμῖν
240 796 310 825 εἶναι
327 798 363 830 τὰ
374 798 484 824 ὲπαίνου
496 798 543 824 καὶ
553 798 637 832 ψόγου
653 797 714 830 ἄξια
725 806 732 812 ·
753 798 821 833 φέρε
845 799 892 824 καὶ

101 843 225 878 περὶτοῦ
244 843 416 876 αὺτεξουσίου
433 843 485 879 ἰδίᾳ
504 843 582 877 ὀλίγα
601 843 787 878 διαλάϐωμεν,
810 844 893 877 ἀναγ-

94 887 248 917 ’καιοτάτου
261 890 299 922 ὡς
313 890 352 916 Evr
368 890 486 925 μάλιστα
500 889 701 925 προϐλήματος.
723 890 780 916 Ἵνα
792 889 819 915 δὲ
831 889 894 924 νοή-

103 944 197 971 σωμεν
211 935 237 962 τί
253 935 283 962 τὸ
298 935 478 969 αὐτεξούσιον,
493 935 542 971 τὴν
558 935 660 962 ἔννοιαν
678 934 758 962 αὑτοῦ
773 935 893 962 ἀναπτύ-

103 980 149 1013 ξαι
160 980 216 1012 δεῖ,
230 981 273 1008 ἴνα
288 980 391 1016 ταύτης
410 980 623 1016 σαφηνισθείσης
642 980 764 1016 ἀκριϐῶς
777 1000 784 1013 ,
802 989 891 1016 παρα-

104 1025 190 1061 σταθῇ
206 1025 262 1061 (10)
276 1026 307 1052 τὸ
319 1026 494 1062 ζητούμενον.

1186 481 1225 508 De
1240 481 1343 508 arbitrii
1354 482 1481 510 libertate.

982 526 1006 553 1.
1030 525 1105 553 Talia
1134 526 1256 560 qua-dam
1289 527 1321 553 de
1351 527 1603 561 repromissionibus
1627 528 1728 557 divinis

945 571 1082 598 credimus
1096 571 1248 604 sentienda,
1261 579 1322 598 cum
1340 571 1546 606 intelligentiam
1563 577 1682 600 nostram
1693 574 1726 600 ad

945 615 1202 650 contemplationem
1219 616 1313 643 aeterni
1338 616 1424 649 illius,
1445 622 1472 643 et
1491 617 1564 644 nullo
1584 617 1637 644 line
1653 618 1728 644 clau-

947 661 1027 688 dendi
1046 662 1137 688 saeculi
1149 662 1314 696 jaculamur,
1329 667 1412 697 atque
1427 661 1590 690 inetl'abilem
1613 661 1673 696 ejus
1684 663 1730 690 lae-

946 706 1031 733 titiam
1046 713 1078 734 ac
1090 707 1286 734 beatitudinem
1300 707 1527 742 contemplamur.
1544 707 1643 735 Verum
1657 714 1729 741 quo-

944 753 1016 780 niam
1041 753 1067 779 in
1086 752 1271 780 ecclesiastica
1295 753 1487 788 prtedicatione
1508 753 1580 781 inest
1599 753 1682 780 etiam
1698 753 1730 780 de

943 798 1034 825 futuro
1047 797 1093 824 Dei
1111 799 1185 833 justo
1198 798 1301 834 judicio
1313 798 1389 830 ﬁdes,
1402 806 1463 833 qua:
1475 798 1569 833 judicii
1582 798 1731 825 credulitas

945 848 1073 879 provocat
1099 844 1224 871 homines
1239 849 1266 871 et
1289 844 1385 870 suadet
1405 844 1438 870 ad
1456 845 1525 870 bene
1546 843 1731 878 praeclareque

945 888 1100 920 vivendum,
1119 893 1147 915 et
1160 888 1233 915 onmi
1248 895 1349 923 genere
1373 887 1497 922 refugere
1517 892 1677 922 peccatum,
1703 892 1731 914 et

944 940 991 967 per
1006 933 1057 961 hoc
1069 934 1127 961 sine
1139 933 1221 961 dubio
1237 933 1373 960 indicatur
1390 934 1461 967 quod
1480 933 1505 960 in
1523 939 1616 960 nostra
1631 934 1666 960 sit
1681 940 1731 967 po-

944 979 1025 1006 situm
1041 983 1175 1013 potestate
1192 979 1232 1005 vel
1247 979 1376 1006 laudabili
1396 987 1445 1006 nos
1463 980 1524 1006 vitae
1541 979 1582 1006 vel
1604 978 1730 1013 culpahili

943 1024 1054 1056 dedere.
1069 1030 1210 1059 propterea
1222 1025 1405 1052 necessarium
1420 1033 1482 1052 reor
1495 1033 1582 1059 pauca
1601 1026 1683 1051 etiam
1699 1024 1731 1052 de

103 1073 212 1100 arbitrii
225 1075 307 1101 nostri
323 1074 448 1101 libertate
460 1075 603 1107 disserere,
633 1080 665 1101 eo
693 1074 764 1108 quod
791 1082 843 1101 non
875 1073 1030 1108 ignobiliter
1043 1073 1099 1100 haec
1111 1080 1218 1107 quoque
1229 1073 1365 1108 qtucstioa
1379 1074 1587 1109 quamplurimis
1603 1074 1730 1108 agitetur.

104 1121 141 1149 Ut
152 1126 242 1148 autem
259 1121 366 1148 facilius
381 1122 444 1156 quid
458 1122 617 1149 sitlihertas
643 1121 750 1148 arbitrii
769 1127 977 1155 cognoscamus,
1002 1120 1066 1154 quid
1095 1119 1145 1146 sibi
1172 1119 1235 1146 velit
1266 1124 1360 1147 natura
1378 1119 1463 1154 ipsius
1486 1120 1591 1147 arbitrii
1609 1121 1731 1147 volunta-

105 1169 206 1201 tisque,
219 1168 401 1202 requiramus.

140 1214 202 1241 Τῶν
216 1214 382 1249 κινουμένων
396 1214 430 1241 τὰ
451 1214 501 1249 μὲν
513 1213 572 1240 τινὰ
596 1215 624 1240 ὲν
644 1214 751 1245 ἑαυτοῖς
767 1213 824 1249 ἔχει
843 1212 892 1248 τὴν

981 1208 1148 1237 2.0mninm
1180 1215 1240 1242 quae
1267 1213 1410 1236 maventur
1438 1209 1491 1236 alia
1521 1210 1547 1237 iu
1578 1210 1732 1244 semetipsis

104 1259 154 1296 τῆς
166 1260 298 1295 κινήσεως
311 1259 410 1291 αἰτίαν,
425 1259 506 1294 ἔτερα
515 1258 543 1285 δὲ
555 1257 654 1291 ἔξωθεν
674 1258 752 1294 μόνον
767 1259 892 1284 κινεῖται.

106 1305 228 1338 Ἔξωθεν
249 1302 295 1331 οὖν
311 1305 390 1340 μόνον
406 1305 520 1331 κινεῖται
533 1304 569 1331 τὰ
588 1303 707 1339 φορητὰ,
731 1301 802 1336 οἷον,
830 1302 894 1335 ξύλα

110 1351 158 1377 καὶ
171 1349 242 1376 λίθοι
262 1350 310 1376 καὶ⁸
327 1350 401 1376 πᾶσα
418 1350 435 1384 ἡ
454 1349 507 1375 ὑπὸ
520 1348 604 1381 ἕξεως
625 1348 708 1384 μόνης
729 1347 894 1383 συνεχομένη

105 1395 169 1431 ὕλη.
192 1393 390 1430 ’Υπεξῃρήσθω
411 1393 439 1420 δὲ
453 1393 498 1420 νῦν
513 1393 560 1425 τοῦ
578 1392 658 1427 λόγου
675 1393 705 1419 τὸ
725 1393 831 1428 κίνησιν
850 1392 894 1419 λέ-

105 1448 166 1474 γειν
182 1439 230 1474 τὴν
246 1439 324 1474 ῥύσιν
343 1438 397 1465 τῶν
418 1438 551 1473 σωμάτων
563 1458 570 1470 ,
594 1438 656 1464 ἐπεὶ
679 1438 716 1473 μὴ
740 1438 819 1474 χρεία
835 1438 896 1464 τοὺ-

103 1494 153 1512 του
172 1486 226 1520 (Η)
243 1485 311 1521 πρὸς
326 1485 356 1511 τὸ
371 1484 562 1520 προκείμενον.
575 1483 631 1510 -Ὲν
654 1484 759 1516 ἑαυτοῖς
784 1483 813 1510 δὲ
839 1483 895 1518 ἔχει

104 1530 157 1564 τὴν
171 1528 261 1556 αἰτίαν
281 1529 328 1555 τοῦ
345 1528 479 1555 κινεῖσθαι
503 1527 559 1560 ζῶα
575 1528 622 1554 καὶ
636 1528 708 1562 φυτὰ
725 1529 772 1555 καὶ
791 1527 897 1560 ἁπαξα-

105 1575 182 1607 πλῶς
198 1575 248 1602 ὅσα
267 1575 320 1602 ὑπὸ
336 1575 443 1609 φύσεως
461 1575 507 1601 καὶ
525 1575 613 1610 ψυχῆς
637 1574 796 1608 συνέχεται,
818 1573 846 1606 ἐξ
858 1570 895 1599 ὧν

106 1623 190 1657 φασιν
205 1620 332 1649 εἶναικαὶ
356 1622 390 1648 τὰ
410 1621 539 1657 μέταλλα.
555 1621 628 1656 Πρὸς
642 1621 670 1647 δὲ
684 1620 790 1652 τούτοις
805 1621 851 1647 καὶ
865 1620 896 1646 τὺ

105 1667 164 1703 πῦρ
172 1667 349 1703 αὐτοκίνητόν
360 1669 429 1700 ἐστι,
443 1667 513 1702 τάχα
522 1667 549 1693 δὲ
563 1667 610 1693 καὶ
631 1667 658 1694 αἱ
679 1666 775 1702 πηγαί.
791 1665 851 1692 Τῶν
867 1666 896 1692 δὲ

106 1717 136 1743 ὲν
150 1716 258 1746 ἑαυτοῖς
271 1713 319 1740 τοῦ
334 1713 466 1740 κινεῖσθαι
481 1713 530 1749 τὴν
543 1713 631 1740 αἰτίαν
649 1713 775 1748 ἑχόντων,
789 1713 824 1739 τὰ
845 1713 896 1748 μὲν

106 1762 191 1796 φασὶν
206 1759 237 1792 ὲξ
248 1759 351 1786 ἑαυτῶν
364 1758 496 1785 κινεῖσθαι
506 1777 514 1790 ,
532 1757 566 1783 τὰ
581 1757 609 1783 δὲ
636 1757 682 1791 ἀφ’
707 1757 820 1785 ἑαυτῶν.
853 1757 896 1790 Ἐξ

106 1806 214 1834 ἑαυτῶν
236 1805 284 1841 μὲν
306 1804 342 1831 τὰ
361 1804 468 1839 ἄψυχα,
484 1804 530 1838 ἀφ’
549 1802 652 1829 ἑαυτῶν
674 1803 703 1829 δὲ
716 1802 750 1829 τὰ
776 1802 894 1838 ἔμψυχα·

106 1853 153 1887 ἀφ’
164 1850 268 1878 ἑαυτῶν
282 1850 337 1886 γὰρ
348 1851 462 1876 κινεῖται
475 1849 510 1875 τὰ
522 1848 640 1884 ἔμψυχα,
655 1848 806 1883 φαντασίας
822 1850 898 1883 ὲγγι-

107 1898 226 1933 νομένης
236 1896 323 1932 ὁρμὴν
333 1894 565 1932 προκαλουμένης·
577 1894 624 1920 καὶ
639 1893 719 1920 πάλιν
730 1894 759 1920 ὲν
774 1894 829 1920 τισὶ
842 1893 896 1928 (1⁸2)

107 1943 164 1970 τῶν
182 1942 259 1978 ζῴων
273 1940 418 1976 φαντασίαι
434 1940 553 1975 γίνονται
567 1939 655 1975 ὁρμὴν
667 1939 898 1974 προκαλούμεναι,

109 1989 218 2024 φύσεως
234 1986 420 2022 φανταστικῆς
436 1985 611 2020 τεταγμένως
635 1984 764 2020 κινούσης
786 1983 835 2020 τὴν
854 1984 900 2018 ὁρ-

109 2034 175 2070 μὴν,
188 2033 227 2064 ὡς
233 2034 262 2060 ἐν
272 2032 311 2067 τῷ
324 2032 429 2068 ἀράχνῃ
442 2030 576 2066 φαντασία
589 2030 636 2057 τοῦ
650 2030 773 2065 ὑφαίνειν
783 2030 898 2064 γίνεται,

107 2080 157 2108 καὶ
169 2079 242 2116 ὁρμὴ
258 2078 399 2106 ἀκολουθεῖ
410 2078 455 2104 ἐπὶ
466 2077 497 2104 τὸ
505 2077 638 2112 ὑφαίνειν,
649 2076 699 2111 τῆς
715 2075 900 2110 φανταστικῆς

946 1262 1043 1282 causas
1056 1259 1177 1281 motuum
1190 1261 1299 1280 suorum
1316 1258 1422 1288 gerunt,
1438 1254 1490 1281 alia
1503 1255 1673 1283 extrinsecus
1687 1264 1741 1283 ac--

946 1301 1069 1335 cipiunt;
1098 1304 1189 1334 utputa
1206 1299 1376 1327 extrinsecus
1388 1301 1575 1328 tantummodo
1588 1306 1732 1329 moventur

945 1345 1034 1372 omnia
1048 1353 1109 1380 qua:
1122 1345 1181 1372 sine
1197 1345 1250 1371 vita
1273 1350 1352 1378 sunt,
1379 1351 1408 1372 ut
1435 1346 1538 1380 lapides
1560 1351 1587 1374 et
1608 1347 1680 1382 ligna
1706 1355 1732 1374 et

946 1398 1112 1425 quaecunque
1130 1390 1282 1425 hujusmodi
1297 1396 1360 1417 sunt
1377 1399 1438 1425 qua:
1461 1392 1520 1418 solo
1539 1392 1631 1420 habitu
1645 1397 1732 1419 matc—

948 1437 994 1463 ria:
1011 1444 1065 1463 sua:
1086 1436 1127 1464 vel
1153 1444 1296 1470 corporum
1319 1441 1455 1465 constant.
1484 1437 1640 1465 Omitteuda
1665 1446 1732 1465 sane

947 1489 1020 1508 nunc
1032 1487 1074 1509 est
1086 1483 1130 1509 illa
1149 1483 1264 1517 qumstio
1279 1490 1339 1516 qua:
1356 1485 1439 1511 etiam
1456 1483 1529 1510 illum
1543 1489 1643 1511 motum
1657 1488 1733 1518 putat

947 1535 1016 1560 esse,
1036 1535 1095 1554 cum
1114 1535 1161 1562 per
1178 1529 1362 1563 corruptelam
1389 1538 1503 1565 corpora
1534 1529 1730 1562 dissolvuntur;

948 1574 1013 1600 nihil
1040 1575 1112 1601 enim
1131 1583 1202 1600 nune
1227 1575 1284 1602 lucc
1315 1576 1347 1602 ad
1374 1577 1540 1611 propositum
1566 1577 1731 1604 conducunt.

946 1620 1005 1646 Alia
1024 1627 1088 1647 vero
1114 1620 1140 1646 in
1166 1621 1262 1655 scipsis
1284 1622 1388 1649 habent
1405 1622 1529 1650 movendi
1555 1629 1682 1655 causam,
1705 1628 1733 1650 ut

949 1666 1088 1699 animalia,
1103 1666 1145 1694 vel
1160 1668 1285 1702 arbores,
1299 1673 1325 1695 et
1339 1668 1429 1695 omnia
1445 1675 1504 1703 quae
1521 1675 1568 1703 per
1583 1668 1731 1696 naturalem

927 1715 932 1719 '
948 1712 1045 1744 vitam,
1058 1713 1102 1739 vel
1122 1719 1170 1747 per
1180 1714 1298 1740 animam
1315 1719 1440 1742 constant
1463 1723 1470 1741 :
1490 1715 1560 1741 inter
1574 1722 1633 1749 qua:
1650 1715 1731 1742 etiam

948 1757 1118 1786 metallorum
1146 1767 1231 1789 venas
1258 1760 1380 1793 deputari
1398 1760 1535 1795 aliquibus
1559 1761 1646 1787 visum
1671 1766 1731 1793 est;

947 1803 994 1830 sed
1012 1808 1038 1831 et
1054 1804 1124 1839 ignis
1139 1805 1180 1832 sui
1198 1810 1289 1832 motus
1301 1812 1362 1832 esse
1380 1806 1516 1839 putandus
1527 1812 1570 1833 est
1582 1826 1589 1838 ,
1607 1807 1733 1834 for-taSSis

949 1854 1039 1876 autem
1057 1851 1140 1876 etiant
1155 1856 1180 1878 et
1191 1850 1280 1879 fontes
1291 1859 1435 1887 aquarum.
1451 1852 1513 1880 llmc
1525 1858 1616 1879 autem
1629 1860 1690 1887 quae
1706 1853 1732 1879 in

949 1895 1101 1930 semetipsis
1113 1904 1221 1923 causam
1234 1905 1345 1924 suorum
1356 1902 1476 1925 motuum
1491 1898 1600 1930 habent,
1609 1899 1732 1933 quaedam

949 1939 1077 1967 dicuntur
1090 1948 1124 1968 ex
1148 1948 1188 1974 se,
1219 1939 1341 1977 quaedam
1355 1951 1370 1970 a
1392 1950 1421 1970 se
1439 1943 1543 1970 moveri
1562 1948 1589 1970 et
1604 1943 1640 1970 ita
1665 1943 1734 1971 divi-

949 1984 1017 2011 dunt
1027 1984 1094 2019 (15),
1111 1986 1182 2020 quod
1192 1993 1223 2013 cx
1239 1993 1268 2013 se
1285 1992 1444 2014 moveantur
1453 1995 1486 2014 ea
1497 1995 1556 2022 qua:
1570 1988 1663 2015 vivunt
1674 1988 1734 2023 qui.

948 2030 1019 2062 dem,
1032 2036 1084 2056 non
1098 2035 1185 2058 tamen
1195 2031 1341 2058 animantia
1353 2037 1432 2066 sunt;
1446 2040 1460 2059 a
1469 2041 1499 2060 se
1509 2037 1597 2060 autem
1607 2040 1734 2060 movean-

950 2079 994 2103 tur
1007 2075 1167 2109 animantia,
1179 2084 1240 2104 cum
1259 2077 1338 2113 109
1348 2078 1388 2105 eis
1403 2078 1557 2113 phantasia,
1575 2078 1600 2105 id
1622 2083 1675 2113 est.
1689 2086 1735 2107 vo-

720 2128 1002 2163 INTERPRETATIO
1020 2135 1122 2164 NOVA.

845 2183 960 2211 CAPUT
979 2183 1000 2210 1.

216 2233 255 2262 De
267 2233 348 2260 libero
362 2232 490 2264 arbitrio,-
506 2231 569 2259 item
581 2230 711 2258 dictorum
721 2229 876 2263 Scriptum,
892 2237 951 2265 qutz
964 2231 992 2257 id
1005 2230 1097 2258 tollere
1112 2230 1242 2264 uidentur,
1259 2231 1356 2259 solutio
1371 2236 1396 2259 ct
1414 2232 1608 2266 interpvJatio.

145 2283 174 2311 1.
191 2281 326 2315 Quoniam
340 2281 373 2308 de
383 2279 456 2315 justo
473 2279 518 2306 Dei
531 2277 635 2315 judicio
651 2284 804 2315 sermonem
819 2277 941 2315 continet
951 2277 1138 2315 ecclesiastica
1151 2278 1308 2315 praedicatio
1319 2299 1327 2311 ,
1340 2279 1386 2313 qui
1402 2279 1512 2313 quidem
1531 2278 1553 2305 si
1567 2286 1651 2306 verus
1666 2285 1728 2315 οντα

111 2311 251 2349 (ΙίιιιτῘιά
266 2315 348 2343 vitam
358 2311 500 2341 honestam
516 2311 544 2341 et
557 2313 591 2349 ad
603 2311 763 2349 fugiendum
784 2311 910 2349 omnibus
925 2312 1012 2339 modis
1027 2311 1169 2347 peccatum
1185 2314 1322 2349 auditores
1338 2311 1485 2348 provocat,
1510 2318 1605 2349 utpote
1628 2313 1678 2349 qui
1703 2313 1731 2349 in

109 2346 196 2380 nobis
203 2351 255 2378 sita
270 2357 330 2377 esse
345 2349 481 2376 fateantur
492 2355 551 2383 quae
571 2347 651 2374 laude
664 2351 692 2374 et
706 2346 841 2383 vituperio
855 2346 1089 2383 digita_sunt,'age
1104 2353 1131 2375 et
1144 2349 1177 2375 de
1193 2348 1279 2376 libero
1294 2346 1419 2380 arbitrio,
1433 2346 1586 2376 necessaria
1600 2348 1626 2374 in
1636 2346 1735 2382 primis

109 2387 263 2422 quaestione
277 2391 364 2422 pauca
385 2381 509 2411 seorsum
525 2383 703 2422 disputemus.
716 2382 806 2422 Atque
822 2385 852 2408 ut
866 2381 1049 2422 intelligamus
1061 2381 1127 2417 quid
1139 2383 1173 2410 sit
1188 2383 1298 2411 libertas
1314 2383 1420 2411 arbitrii
1432 2403 1440 2415 ,
1457 2384 1542 2419 ipsius
1554 2382 1629 2410 notio
1639 2381 1734 2417 expli-

110 2416 196 2450 cauda
212 2425 265 2452 est,
278 2416 315 2446 ἰιι
327 2419 379 2446 hac
389 2423 514 2445 accurate
530 2417 677 2445 declarata.
693 2416 807 2450 quaestio
823 2416 1017 2452 constituatur.

143 2456 174 2483 2.
188 2451 287 2483 Eorum
301 2461 361 2487 qua:
373 2459 515 2480 moventur
526 2452 577 2478 alia
594 2452 620 2479 in
633 2458 662 2478 se
677 2457 786 2487 causam
805 2455 893 2487 motus
908 2451 1025 2487 habent;
1041 2451 1092 2478 alia
1102 2453 1270 2480 extrinsecus
1282 2457 1384 2480 tantum
1393 2457 1546 2480 moventur.
1557 2451 1735 2479 Extrinsecus

109 2491 205 2526 itaque
218 2485 470 2526 solum-moventur
483 2494 544 2526 qua:
555 2486 694 2526 feruntur,
709 2485 820 2526 ut_ltgna
839 2490 866 2526 et
880 2485 983 2520 lapides
994 2490 1022 2526 _et
1039 2488 1129 2514 omnis
1144 2488 1258 2514 materia
1276 2495 1335 2522 qua:
1348 2487 1421 2526 ‘solo
1447 2487 1540 2514 habitu
1565 2488 1733 2525 continetur.

108 2519 170 2554 Jan;
186 2533 251 2552 vero
265 2519 500 2560 prmtertnittatur'
508 2522 534 2549 id
550 2520 622 2556 quod
637 2520 691 2547 dici
706 2519 792 2560 solet._
803 2519 913 2560 motum
922 2527 982 2560 esse
994 2520 1085 2560 iuxtim
1106 2519 1354 2560 corporutu;quod
1373 2523 1406 2549 ad
1423 2530 1480 2560 rem
1501 2526 1662 2555 pra-sentem
1680 2520 1733 2546 mi-

110 2562 185 2589 nime
200 2554 276 2588 facit:
287 2559 317 2587 In
331 2559 428 2592 seipsis
441 2561 532 2585 autem
549 2554 662 2584 causam
679 2559 768 2582 motus
786 2554 888 2582 habent
904 2555 1030 2582 animalia
1046 2561 1074 2582 et
1087 2554 1199 2591 planize,
1214 2564 1246 2584 ea
1264 2554 1379 2585 demum
1394 2557 1484 2583 omnia
1499 2554 1559 2591 quae
1584 2561 1682 2583 natura
1706 2561 1735 2583 et

146 2656 186 2693 (9)
201 2655 247 2683 Sic
259 2648 412 2693 mss._Alias
423 2673 430 2683 ,
448 2661 465 2693 ¢_
476 2649 670 2693 explanatione
686 2646 897 2693 aliquem

982 2647 1039 2683 (Η)
1053 2648 1091 2676 Ita
1105 2657 1171 2677 mss.
1185 2649 1268 2682 Editi,
1282 2647 1397 2675 τούτων.
1413 2647 1497 2674 Paulo
1511 2650 1569 2683 post
1581 2644 1732 2679 libb.editi,

109 2681 228 2719 disc—ere:
236 2681 352 2717 arPaulo
365 2681 428 2723 post
439 2687 486 2723 ubi
495 2681 683 2723 tuss._habent_,
697 2691 707 2709 ‹
727 2681 894 2723 inscientiam

981 2692 1002 2723 ut
1010 2681 1264 2723 §n§_tpticewg,_sed
1276 2692 1340 2710 mss.
1357 2684 1408 2710 ὅσα
1423 2683 1478 2723 ὑπο,
1490 2681 1609 2716 φύσεως,

109 2716 306 2758 coiuiemnare,
330 2732 340 2750 ο
365 2716 393 2750 in
421 2722 504 2750 editis
523 2720 623 2754 legitur
641 2716 807 2745 «inscitiam
832 2723 898 2742 cou-

109 2763 250 2789 demnare.
270 2769 281 2785 ι
381 2792 393 2794 Α
420 2791 433 2794 _
598 2789 621 2794 _.
649 2787 717 2794 ...ω

143 2784 403 2831 (Ῑῦῖῆαρασταθῇ.
418 2791 463 2820 Sic
475 2798 545 2831 mss._
555 2789 632 2831 codd;
649 2787 717 2815 Editi
728 2784 894 2831 γοτο-σταρῗι.

109 2822 271 2901 ἰέξιοίροέι
289 2822 394 2864 aliquot
409 2835 486 2858 mss,
502 2827 519 2862 ἡ
535 2825 588 2852 ὑπὸ
602 2824 685 2856 ἕξεως
702 2822 769 2858 μόνη
783 2828 892 2855 συνεχο-

160 2875 176 2901 η
188 2873 250 2901 mt-

160 2875 176 2902 η
188 2873 250 2901 om.

981 2718 1035 2753 (t2)
1051 2717 1125 2747 Lil'tb.
1142 2720 1219 2750 editi,
1236 2719 1268 2745 ἄν
1285 2727 1355 2750 τισι;
1373 2726 1450 2749 Inss.,
1467 2717 1495 2744 ἓν
1507 2725 1574 2753 τιιιτιΓ

980 2750 1038 2789 (15)
1054 2755 1100 2782 Sic
1115 2762 1180 2781 mss.
1201 2754 1330 2781 Met'linus
1345 2761 1421 2784 vero,
1435 2762 1444 2778 ι
1455 2758 1488 2789 ret
1500 2753 1535 2779 ita
1546 2750 1731 2789 dividunturd

946 2784 1109 2817 lttft'a'tttss.
1139 2794 1212 2816 recte
1226 2788 1350 2819 omnino,
1376 2797 1385 2812 ι
1405 2788 1479 2814 aeria
1502 2784 1696 2821 (ougregattdi.
1715 2792 1730 2813 Ι

945 2824 1086 2859 Merliuus,
1104 2833 1113 2850 ‹
1138 2825 1251 2852 avaritia
1265 2822 1457 2858 congregandi.
1475 2831 1484 2848 ι
