1860 3073
145 129 192 157 251

757 126 917 155 ORIGENIS
933 126 1012 152 ΠΕΡΙ
1033 126 1148 152 ΑΡΧΩΝ

1708 122 1762 150 252

142 190 230 217 luntas
245 190 366 223 qua'rlam
379 187 419 214 vel
435 186 651 218 incitamentum,
667 186 802 217 adfuerit.
817 194 876 219 qua:
890 194 921 213 ea

1000 184 1055 211 i106
1071 184 1178 218 φύσεως
1191 184 1363 218 τεταγμένως
1387 183 1433 210 ἐπὶ
1453 183 1532 209 τοῦτο
1550 181 1631 209 αὑτὸν
1654 189 1762 216 προκει-

141 235 242 262 movcri
256 234 288 261 ad
307 233 408 267 aliquid
418 234 459 260 vel
473 233 580 260 incitari
591 232 788 267 provocaverit.
802 232 921 265 Denique

142 280 168 306 in
184 279 343 313 quibusdam
372 278 558 305 animantibus
583 278 654 304 inest
675 277 737 304 talis
759 277 918 311 phantasia,

143 321 168 348 id
180 328 221 348 est
238 322 370 353 voluntas,
386 322 426 348 vel
439 329 536 349 sensus
557 321 602 356 qui
625 329 655 348 ea
671 321 788 348 naturali
804 321 920 355 quodam

975 230 1117 266 λουμένης⁸
1133 231 1178 257 καὶ
1190 229 1296 261 οὐδενὸς
1316 229 1395 257 ἄλλου
1418 229 1487 264 μετὰ
1507 229 1556 264 τὴν
1577 226 1763 262 φανταστικὴν

975 275 1057 302 αὐτοῦ
1070 275 1149 310 φύσιν
1159 274 1373 310 πεπιστευμένου
1385 273 1432 301 τοῦ
1447 273 1516 306 ζώου
1526 294 1533 306 ,
1554 274 1601 300 καὶ
1615 274 1643 300 ὲν
1661 274 1697 308 τῇ
1713 281 1760 308 με·

975 321 1053 356 λίσσῃ
1068 321 1113 347 ἐπὶ
1128 320 1158 346 τὺ
1169 320 1378 356 κηροπλαστεῖν.

140 367 268 394 instinctu
284 373 411 402 provocet
423 372 450 394 et
463 368 580 394 concitet
604 367 637 394 ad
658 367 796 394 ordinatos
813 373 839 393 et
861 367 1024 401 compositos
1050 371 1138 393 motus
1157 367 1247 393 :sicut
1276 366 1399 393 videmus
1425 373 1538 392 araneas
1569 365 1677 393 facere.
1705 372 1762 399 qua

140 415 291 449 phantasia,
319 415 344 442 id
367 420 409 442 est
439 415 577 442 voluntate
602 415 717 450 qttadam
735 419 762 441 ct
784 415 872 441 studio
904 415 1030 441 textrina:
1052 414 1083 440 ad
1113 421 1182 449 opus
1214 413 1320 441 texendi
1351 413 1556 440 ordinatissime
1577 412 1764 442 concitantur,

140 461 199 487 sine
229 461 312 488 dubio
333 461 450 488 naturali
479 460 595 495 quodam
634 465 707 487 motu
737 460 913 487 intentionem
934 459 1121 493 hujuscemodi
1155 459 1246 493 operis
1270 463 1435 493 provocante
1462 468 1468 484 :
1498 466 1547 485 nec
1576 462 1665 484 tamen
1694 456 1765 484 ultra

138 507 221 535 alium
237 515 345 535 sensum
360 507 476 541 aliquem
493 514 572 540 quam
591 507 696 534 texendi
719 506 845 533 naturale
862 505 980 533 studium
999 506 1085 540 ipsum
1103 504 1203 532 animal
1229 505 1377 538 invenitur,
1410 505 1480 532 sicut
1502 508 1530 531 et
1556 511 1621 539 apes
1645 503 1765 538 tinge-di

138 553 226 586 favos,
238 560 270 580 ac
287 553 375 584 mella,
391 557 420 579 ut
432 553 519 584 aiunt,
535 553 610 579 aeria
622 552 814 587 congregandi.

174 601 201 628 5.
222 600 391 628 Rationabile
408 607 472 626 vero
487 599 586 626 animal
605 607 665 626 cum
683 600 780 626 habeat
805 600 830 626 in
852 606 880 626 se
893 602 921 625 et

138 647 188 674 hos
201 646 341 674 naturales
359 649 457 676 motus,
477 645 559 672 habet
573 651 661 672 tamen
682 644 798 678 amplius
814 645 921 671 caeteris

138 691 301 719 animalibus
330 691 412 717 etiam
445 692 558 718 rationis
589 691 642 716 vim
669 697 722 724 qtta
748 689 872 722 judicare
893 693 920 716 et

139 736 295 763 discernere
310 736 343 762 de
362 736 478 763 motibus
495 736 664 763 naturalibus
688 735 782 769 possit,
807 739 834 762 et
851 735 920 761 alios

139 782 248 815 quidem
270 782 416 816 reprobare
439 787 466 809 et
489 782 614 816 abjicere,
638 782 704 808 alios
723 789 788 808 Vero
809 781 922 815 probare

139 831 221 860 atque
238 827 386 861 suscipere,
405 827 481 861 cujus
499 827 612 854 rationis
624 826 726 860 judicio
740 826 816 860 dirigi
831 833 858 853 et
874 835 921 861 gu—

139 871 246 898 bernari
261 871 379 898 hominis
392 877 480 899 motus
492 873 524 899 ad
535 873 617 899 vitam
631 871 795 906 probabilctn
808 872 921 905 possint.

1009 598 1045 624 Ἰδ
1060 598 1150 633 μέντοι
1165 597 1272 632 λογικὸν
1292 597 1360 629 ζῶον
1389 598 1436 623 καἺ⁵
1463 597 1542 631 λόγον
1559 596 1616 631 ἔχει
1640 597 1712 631 πρὸς
1733 597 1767 631 τῇ

974 644 1141 678 φανταστικῇ
1157 643 1246 677 φύσει,
1262 643 1308 669 τὸν
1327 642 1454 678 κρίνοντα
1472 642 1521 673 τὰς
1533 641 1697 676 φαντασίας,
1721 642 1768 668 καὶ

972 689 1048 720 τινὰς
1065 689 1113 724 μὲν
1127 689 1374 724 ἀποδοκιμάζοντα,
1392 688 1467 719 τινὰς
1482 688 1510 714 δὲ
1532 687 1767 723 παραδεχόμενον,

975 734 1019 760 ἵνα
1040 735 1138 769 ἄγηται
1161 735 1192 761 τὸ
1211 734 1280 766 ζῶον
1303 735 1362 760 κατ’
1383 734 1477 765 αὑτάς.
1499 733 1579 760 Ὂοεν
1600 734 1664 760 ἐπεὶ
1685 734 1714 759 ὲν
1734 736 1768 769 τῇ

976 781 1054 814 φύσει
1067 781 1112 807 τοῦ
1129 781 1208 815 λόγου
1223 781 1291 807 εἰσιν
1309 781 1431 816 ἀφορμαὶ
1445 780 1492 806 τοῦ
1507 780 1647 815 Θεωρῆσαι
1665 780 1698 806 τὸ
1719 789 1769 806 κτι-

975 825 1018 852 λὺν
1039 827 1086 852 καὶ
1107 826 1140 852 τὸ
1160 826 1290 862 αἰσχρὸν,
1317 824 1360 858 αἷς
1381 826 1506 861 ἑπόμενοι
1524 826 1716 862 θεωρήσαντες

975 872 1055 898 καλὸν
1069 872 1157 898 καὶτὸ
1174 873 1295 907 αἰσχρὸν,
1317 872 1466 908 αἱρούμεθα
1494 872 1541 907 μὲν
1562 872 1592 898 τὸ
1614 872 1711 904 καλὸν,
1724 873 1770 898 ὲκ-
1789 877 1795 882 ’

139 916 216 944 Umle
238 924 408 952 consequens
420 923 472 950 est,
485 923 513 944 ut
537 918 662 952 quoniam
690 922 785 944 natura
810 917 921 944 rationis

1000 918 1096 953 .iwpsv
1113 918 1141 944 δὲ
1157 918 1188 944 τὸ
1199 919 1308 953 αἰσχρόν
1323 927 1329 934 ν
1347 919 1484 944 ὲπαινετοὶ
1498 918 1548 953 μέν
1563 919 1648 952 ἐσμεν
1662 918 1770 945 ἐπιδόν-

139 961 221 995 hujus
235 970 295 997 qua:
311 968 353 990 est
374 963 400 990 in
426 963 545 996 homine,
563 964 641 991 habet
659 963 684 990 in
707 971 737 990 se
753 964 804 990 vim
827 964 920 997 digno-

139 1009 231 1035 scendi
249 1009 312 1036 boni
327 1009 370 1036 vel
387 1009 461 1042 mali,
482 1009 562 1044 idque
582 1017 643 1036 cum
657 1009 798 1041 discernit,
815 1009 884 1036 inest
899 1010 922 1036 ei

139 1053 253 1081 facultas
264 1054 346 1081 etiam
365 1054 480 1089 eligendi
498 1055 568 1088 quod
581 1054 746 1088 probaverit,
762 1054 786 1080 in
802 1054 924 1088 eligendo

138 1099 246 1132 quidem
264 1102 336 1134 quod
362 1101 461 1127 bonum
485 1104 536 1131 est,
562 1100 716 1132 laudabilis,
739 1100 766 1126 in
787 1101 924 1134 sequendo

138 1151 204 1171 vero
221 1145 292 1178 qttod
310 1149 388 1178 turpe
405 1145 446 1172 vel
460 1145 559 1172 malum
576 1149 628 1176 est,
647 1145 708 1179 jure
726 1145 866 1179 culpabilis
880 1145 924 1179 ju-~

138 1188 255 1216 dicetur.
278 1189 346 1216 Illud
366 1197 432 1217 sane
455 1197 624 1224 nequaquam
651 1190 736 1217 latere
763 1198 812 1216 nos
832 1191 922 1222 debet,

139 1234 210 1268 quod
232 1234 258 1261 in
275 1235 412 1273 nonnullis
428 1236 509 1261 mutis
521 1234 684 1262 animalibus
700 1235 850 1263 ordinatior
865 1237 925 1271 qui-

139 1281 200 1306 detn
218 1285 305 1307 motus
321 1288 353 1307 ac
370 1281 478 1308 cat-teris
495 1281 658 1307 animalibus
675 1281 821 1313 invenitur,
843 1286 872 1308 ιιι
898 1282 923 1309 in

138 1325 283 1359 sagacibus
299 1326 411 1353 canibus
428 1326 468 1353 vel
493 1326 670 1353 bellatoribus
684 1327 772 1361 equis,
789 1327 825 1354 ita
843 1332 871 1354 ut
886 1327 924 1354 vi-

137 1370 255 1397 deantur
278 1371 410 1405 aliquibus
433 1372 506 1399 velut
524 1372 678 1399 rationabili
701 1373 818 1406 quodam
843 1381 923 1400 sensu

138 1416 254 1443 tnoveri.
276 1416 330 1444 Sed
355 1418 380 1444 id
404 1426 456 1444 non
477 1423 531 1444 tam
559 1418 663 1445 ratione
687 1426 766 1453 quatit
789 1419 925 1445 incentivo

137 1461 255 1496 quodam
269 1466 297 1488 et
313 1463 425 1489 naturali
439 1467 509 1489 motu
527 1469 576 1496 pro
591 1462 743 1496 hujusmodi
761 1463 853 1490 usibus
868 1463 923 1489 lar-

137 1505 198 1539 gius
217 1506 321 1533 indulto
338 1507 394 1533 ﬁeri
409 1507 570 1534 credendum
589 1512 641 1534 est.
665 1508 764 1534 Verum
784 1514 813 1535 ut
835 1508 925 1535 dicere

137 1558 321 1585 cccpcramus,
337 1560 398 1579 cttnt
417 1553 453 1579 ita
470 1562 498 1580 se
515 1554 617 1587 ,habcat
641 1554 800 1581 rationabile
814 1553 924 1585 attitnal,

975 972 1019 995 τες
1039 963 1150 994 ἑαυτοὺς
1172 965 1204 998 τῇ
1227 964 1324 999 πράξει
1348 964 1394 990 τοῦ
1418 963 1511 996 καλοῦ,
1527 963 1623 998 ψεκτοὶ
1646 964 1676 990 δὲ
1697 964 1770 990 κατὰ

975 1008 1004 1034 τὸ
1024 1008 1154 1034 ἐναντίον.
1173 1009 1228 1034 υύκ
1248 1009 1393 1043 ἀγνοητέον
1413 1009 1501 1043 μέντοι
1520 1017 1551 1042 γε
1576 1009 1617 1035 ὅτι
1639 1009 1671 1035 τὸ
1689 1009 1770 1037 πλέον

975 1055 1023 1089 τῆς
1046 1056 1085 1086 εἰς
1105 1054 1193 1080 πάντα.
1218 1054 1386 1089 τεταγμένης
1407 1055 1513 1088 φύσεως
1535 1054 1626 1085 ποσῶς
1647 1055 1725 1081 ἐστιν
1742 1056 1770 1081 ὲν

974 1102 1029 1131 τοῖς
1046 1099 1134 1132 ζώοις,
1148 1099 1194 1125 ἐπὶ
1207 1099 1237 1125 τὸ
1259 1099 1339 1126 πλέον
1351 1099 1389 1131 δὲ,
1405 1098 1422 1134 ἢ
1439 1099 1484 1125 ἐπὶ
1498 1099 1528 1124 τὸ
1554 1098 1677 1131 ἔλαττον,
1698 1099 1770 1126 ὥστε

975 1145 1059 1179 ἐγγύς
1079 1154 1129 1170 που
1151 1143 1230 1176 εἶναι,
1251 1145 1283 1170 ἵν’
1296 1144 1382 1175 οὕτως
1403 1144 1482 1176 εἴπω,
1501 1144 1547 1170 τοῦ
1569 1144 1681 1178 λογικοῦ
1695 1145 1726 1171 τὸ
1742 1147 1770 1171 ἐν

975 1192 1030 1221 τοῖς
1051 1192 1184 1225 ἰχνευταῖς
1198 1191 1276 1216 κυσὶν
1292 1189 1381 1225 ἔργον,
1404 1191 1450 1216 καὶ
1477 1191 1505 1216 ὲν
1530 1192 1587 1221 τοῖς
1608 1190 1771 1226 πολεμιοιοῖς

976 1236 1078 1267 ἵπποις.
1103 1236 1140 1262 Τὸ
1155 1236 1204 1270 μὲν
1227 1233 1272 1262 οὖν
1295 1236 1439 1262 ὑποπεσεῖν
1457 1235 1515 1261 τάδε
1538 1244 1563 1262 τι
1585 1236 1640 1263 τῶν
1671 1235 1772 1268 ἔξωθεν

976 1280 1124 1315 φαντασίαν
1143 1281 1209 1315 ἡμῖν
1228 1279 1318 1306 κιν;ὗν
1337 1280 1440 1306 τοιάνδε
1457 1280 1473 1314 ἢ
1490 1280 1603 1312 τοιάνδε,
1619 1281 1772 1316 ὁμολογου-

978 1326 1064 1361 μένως
1080 1326 1130 1352 οὐκ
1151 1326 1208 1351 ἔστι
1229 1325 1283 1352 τῶν
1306 1326 1348 1360 ἐφ’
1363 1326 1437 1360 ἡμῖν.
1459 1325 1495 1351 Τὸ
1511 1325 1539 1351 δὲ
1561 1328 1653 1361 κρῖναι
1671 1327 1772 1353 οὑτωσὶ

976 1371 1129 1406 χρήσασθαι
1144 1371 1182 1406 τῷ
1202 1371 1348 1406 γενομένῳ,
1365 1371 1380 1406 ἢ
1401 1371 1510 1406 ἑτέρως,
1528 1372 1577 1397 οὐκ
1595 1372 1678 1399 ἄλλου
1699 1374 1771 1404 τινος

976 1417 1055 1452 ἔργον
1075 1416 1090 1452 ἢ
1114 1417 1160 1442 τοῦ
1185 1417 1213 1442 ὲν
1236 1417 1300 1451 ἡμῖν
1327 1415 1405 1450 λόγου
1431 1416 1515 1447 ἐστὶν,
1539 1416 1597 1451 ἢτοι
1620 1417 1701 1452 παρὰ
1722 1417 1770 1449 τὰς

976 1462 1102 1497 ἀφορμὰς
1121 1462 1295 1497 ἐνεργοῦντος
1310 1462 1382 1496 ἡμᾶς
1405 1461 1472 1497 προς
1494 1462 1543 1494 τὰς
1569 1463 1614 1489 ἐπὶ
1637 1463 1669 1490 τὺ
1691 1463 1770 1490 καλὸν

976 1508 1215 1543 προσκαλουμένας
1228 1509 1273 1534 κοῦ¹
1287 1508 1317 1534 τὸ
1330 1507 1448 1542 καθῆκον
1468 1507 1567 1543 ὁρμὰς,
1586 1508 1603 1543 ἢ
1619 1510 1667 1536 ἐπὶ
1684 1510 1716 1537 τὸ
1729 1511 1771 1536 ὲν-

979 1554 1069 1579 αντίον
1081 1554 1270 1589 ἐκτρέποντος.

137 1597 216 1624 nobis
233 1597 388 1626 hominibtts
407 1599 528 1627 incidere
543 1601 649 1634 quidem
669 1601 838 1628 extrinsecus
863 1605 977 1634 possunt
1004 1601 1093 1634 aliqua
1112 1607 1140 1627 ct
1157 1610 1303 1630 occnrrcre
1320 1603 1377 1630 sive
1403 1603 1436 1629 ad
1461 1604 1546 1630 visum
1578 1604 1636 1631 sive
1663 1604 1698 1631 ad
1722 1612 1770 1631 au—

139 1644 235 1674 ditum,
269 1644 310 1670 vel
336 1645 367 1671 ad
392 1645 460 1673 alios
492 1653 594 1687 sensus
611 1654 671 1681 qua:
696 1654 745 1673 nos
768 1646 905 1673 concitent
924 1654 956 1673 ac
982 1652 1130 1682 provocent
1154 1648 1186 1674 ad
1213 1649 1297 1675 bonos
1329 1650 1368 1676 vel
1393 1650 1548 1677 contrarios
1576 1656 1667 1678 motus
1687 1658 1695 1678 :
1713 1658 1771 1684 quze

138 1690 305 1725 utique,quia
318 1692 488 1719 extrinsecus
505 1693 634 1725 incidunt,
652 1702 704 1720 non
734 1698 774 1721 est
804 1694 828 1720 in
850 1699 941 1721 nostra
962 1695 1078 1728 positum
1094 1700 1228 1729 potesmte
1249 1704 1283 1723 ne
1306 1696 1426 1724 incidant
1453 1697 1493 1724 vel
1521 1704 1679 1726 occurrant.
1698 1697 1773 1725 Judi.

138 1743 202 1763 care
226 1744 288 1763 vero
308 1742 334 1764 et
359 1738 483 1771 probare,
501 1739 616 1772 qualiter
637 1740 674 1766 uti
700 1740 847 1766 debeamus
872 1740 913 1766 his
942 1748 1001 1774 qua:
1021 1741 1154 1773 incidunt,
1182 1742 1282 1769 nttllius
1313 1743 1425 1770 alterius
1444 1751 1486 1770 res
1501 1748 1542 1770 cst
1553 1744 1593 1770 vel
1610 1745 1692 1779 110
1705 1753 1772 1779 opus

139 1780 190 1808 nisi
204 1781 318 1808 rationis
334 1782 391 1815 ejus
407 1791 466 1816 qua:
482 1788 523 1810 est
540 1784 565 1809 in
584 1785 674 1816 nobis,
703 1785 727 1811 id
757 1789 798 1812 est
824 1785 907 1812 nostri
932 1785 1027 1819 judicii
1045 1793 1051 1812 :
1067 1786 1145 1819 cujus
1177 1787 1291 1814 rationis
1313 1787 1414 1821 judicio
1439 1788 1618 1816 incidentibus
1637 1790 1772 1818 extrinse.

137 1835 187 1856 cus
198 1826 407 1854 concitamentis
420 1828 557 1855 abutimur
571 1830 603 1855 ad
622 1830 647 1856 id
665 1830 843 1864 quodcunque
869 1830 925 1864 ipsa
949 1831 1017 1857 ratio
1044 1832 1210 1866 probaverit,
1246 1834 1413 1861 naturalibus
1438 1834 1555 1862 motibus
1583 1837 1687 1864 nostris
1706 1841 1769 1864 nutu

138 1873 197 1908 ejus
213 1873 253 1899 vel
271 1874 303 1899 ad
330 1873 398 1899 botta
416 1873 454 1899 vel
472 1874 504 1900 ad
529 1875 663 1901 contraria
683 1875 841 1909 gubernatis
859 1875 926 1910 (Μ).

175 1923 202 1949 ι.
216 1922 244 1949 Si
260 1930 324 1949 vero
336 1923 396 1957 quis
410 1923 481 1949 dicat
495 1931 526 1949 ca
541 1931 600 1957 qnzn
617 1923 789 1949 extrinsecus
803 1923 928 1950 accidunt
943 1926 963 1953 C

138 1973 228 1996 motus
248 1973 357 1995 nostros
379 1969 555 2002 provocantia
575 1969 635 1994 talia
660 1976 729 1999 esse.
750 1973 779 1995 ut
797 1969 923 2002 possibile

138 2023 191 2042 non
207 2015 242 2041 sit
255 2015 392 2042 adversari
412 2015 452 2041 cis
467 2015 525 2041 sive
541 2015 574 2040 ad
591 2014 689 2042 bontttn
704 2015 761 2041 sive
774 2015 806 2040 ad
823 2015 922 2040 maltnu

758 2073 1037 2101 INTEBPBETATIO
1050 2073 1151 2100 NOVA.

138 2121 391 2158 animaconstant,
415 2121 555 2158 inﬁqnibus
571 2123 653 2149 etiam
676 2123 784 2149 metalla
801 2131 815 2149 a
831 2123 971 2149 nonnullis
992 2127 1182 2149 numerantur.
1209 2121 1281 2156 Ignis
1297 2127 1426 2157 praterea
1442 2129 1491 2156 per
1503 2130 1532 2149 se
1549 2122 1606 2157 ipse
1629 2129 1768 2158 movetur,

137 2153 267 2181 fortassis
280 2160 307 2191 et
324 2156 422 2182 fontes.
436 2153 536 2183 Eorum
555 2162 644 2183 autem
662 2165 722 2191 qua:
737 2157 762 2183 in
776 2165 805 2184 se
824 2162 911 2184 mottts
929 2165 1040 2184 causam
1060 2158 1171 2190 habent,
1191 2153 1242 2183 alia
1261 2153 1348 2189 ex'se,
1367 2158 1419 2184 alia
1442 2153 1456 2183 ξι
1472 2165 1502 2184 se
1518 2153 1619 2185 mo'veri
1644 2160 1741 2187 dicunt
1761 2153 1767 2188 ξ

136 2197 172 2216 ex
185 2197 213 2216 se
231 2190 341 2223 quidem
356 2191 485 2222 inanima,
499 2198 513 2216 ει
532 2199 561 2218 se
575 2192 721 2228 ipsistch
733 2193 864 2228 animata.
883 2191 951 2218 Nam
968 2199 1025 2228 arse
1037 2196 1180 2218 moventur
1197 2192 1328 2228 animata,
1345 2192 1488 2226 phantasia
1505 2193 1569 2226 ipsis
1584 2194 1667 2220 insita
1684 2195 1769 2228 impe-

138 2227 196 2250 tum
223 2231 391 2259 provocante
409 2234 415 2251 ;
432 2230 458 2251 et
482 2234 574 2252 rursus
601 2226 764 2260 quibusdam
794 2227 958 2252 animalibus
986 2227 1079 2253 insunt
1097 2227 1248 2260 phantasim
1273 2227 1402 2259 impetum
1429 2232 1626 2260 provocantes;
1653 2226 1769 2257 facultas

137 2260 239 2298 quippe
258 2260 409 2293 imaginum
424 2260 520 2298 artifex
541 2260 616 2298 illum
634 2265 709 2287 certo
725 2261 842 2298 quodam
860 2265 891 2298 et
903 2262 1015 2287 deﬁnito
1028 2265 1157 2298 provocat
1168 2262 1263 2298 ordine
1279 2262 1338 2298 :_sic
1352 2261 1668 2298 araucazinesttexendi
1685 2265 1770 2298 phan-

138 2293 218 2326 tasia,
240 2302 322 2334 quam
337 2295 443 2334 texendi
458 2295 594 2334 appetitus
609 2296 797 2334 ('_0ttseqttitur,
812 2295 958 2334 imaginum
981 2293 1086 2334 artifice
1113 2301 1208 2334 natura
1226 2297 1258 2334 ad
1285 2296 1317 2334 id_
1329 2297 1453 2322 ordinate
1467 2296 1625 2330 impellente
1635 2316 1643 2330 ,
1671 2293 1770 2334 prmter

137 2336 220 2364 quam
238 2328 305 2355 nihil
323 2329 395 2355 aliud
412 2336 472 2355 csse
487 2330 609 2356 creditur
622 2331 646 2355 in
665 2331 812 2361 animante,
829 2338 861 2356 tte
877 2331 902 2356 in
915 2338 964 2364 ape
976 2332 1084 2364 quidem
1099 2332 1131 2357 ad
1147 2331 1287 2364 tingendas
1307 2331 1391 2358 favos.

173 2363 200 2390 3.
215 2363 250 2401 A__t
266 2364 575 2401 veroanimalrationis
596 2372 707 2401 compos
722 2370 819 2401 praeter
841 2363 964 2401 naturam
981 2363 1191 2399 imaginzmtem,’
1204 2366 1336 2401 rationem
1351 2366 1431 2393 habet
1445 2374 1504 2400 qua:
1518 2366 1649 2401 imagines
1666 2367 1767 2401 dijudi-

138 2403 194 2430 cat,
211 2398 279 2424 alias
293 2399 403 2432 quidem
421 2399 556 2432 rejit-iens.
578 2399 646 2425 alias
662 2407 725 2425 vero
740 2399 775 2425 ita
790 2400 943 2433 suscipiens
958 2406 986 2426 ut
1001 2398 1101 2426 animal
1116 2401 1155 2427 eis
1173 2401 1296 2426 ducatur.
1314 2399 1388 2427 Unde
1404 2398 1466 2428 cum
1487 2402 1513 2428 itt
1536 2398 1650 2428 rationis
1667 2398 1766 2429 natura

137 2433 260 2470 quaedam
277 2433 331 2460 sint
343 2434 375 2460 ad
390 2433 532 2470 honestum
546 2438 572 2470 et
595 2439 671 2467 turpe
685 2436 922 2468 contemplandum
944 2435 1099 2467 adiumenta
1117 2443 1230 2468 quorum
1252 2442 1302 2468 ope
1321 2441 1436 2469 utroque
1464 2442 1607 2470 perspecto
1623 2437 1766 2464 honestum

137 2467 276 2500 eligimus,
290 2473 367 2502 turpe
382 2469 542 2503 devitant-ts,
561 2469 639 2494 laude
651 2474 725 2495 certe
751 2469 821 2503 digni
848 2477 941 2496 snums
957 2471 1019 2496 dum
1042 2478 1089 2496 nos
1113 2470 1245 2496 honestati
1263 2467 1405 2502 dedimus}
1420 2467 1564 2503 vituperio,
1580 2471 1644 2497 dum
1660 2472 1686 2498 in
1702 2480 1767 2498 cott-

139 2503 252 2539 trarium
271 2503 428 2530 dilabitnur.
447 2502 539 2536 Neque
565 2503 741 2539 ignorantium
757 2502 797 2539 est
819 2509 922 2531 natura-
936 2513 996 2538 quae
1021 2506 1046 2531 in
1071 2506 1160 2530 omnia
1179 2504 1320 2531 distributa
1338 2509 1390 2536 est,
1417 2502 1544 2539 majorem
1566 2507 1768 2539 quodammodo

138 2537 164 2574 in
180 2538 345 2574 animalibus
358 2538 411 2564 vim
428 2539 563 2574 essersive
583 2538 616 2563 ad
635 2538 736 2572 majora
751 2538 809 2574 sive
826 2538 859 2565 ad
879 2537 983 2566 minora
1001 2539 1164 2573 peragenda.
1186 2539 1252 2564 adeo
1268 2542 1296 2565 ut
1319 2539 1352 2565 ad
1369 2540 1422 2565 vim
1445 2537 1559 2567 rationis
1572 2537 1669 2574 prope.
1687 2545 1716 2567 ιιι
1731 2542 1765 2567 ita

137 2571 236 2610 dicam,
256 2573 366 2610 accedat
382 2581 480 2610 canum
497 2573 523 2599 in
540 2571 733 2610 investigandis
746 2573 810 2599 feris
823 2575 968 2607 sagacitas,
985 2571 1011 2601 et
1027 2571 1185 2610 bellatorum
1203 2580 1333 2606 equorum
1351 2574 1510 2610 dexteritas.
1527 2574 1560 2602 Ut.
1572 2571 1667 2609 'igitnr
1686 2576 1766 2610 quid-

137 2606 210 2639 piam
226 2608 396 2634 extrinsecus
408 2607 519 2639 incidat,
531 2608 602 2641 quod
618 2606 810 2642 cogitationem
824 2606 902 2636 nobis
917 2610 986 2636 hanc
1004 2609 1043 2635 vel
1061 2609 1130 2634 illam
1143 2613 1320 2639 connnoveat,
1340 2616 1391 2634 non
1406 2609 1487 2635 estin
1505 2606 1607 2640 nostra:
1628 2616 1658 2636 ut
1678 2606 1765 2636 faten-

139 2644 182 2666 tur
196 2649 301 2674 omnes,
320 2647 471 2678 potestate;
491 2644 541 2669 hoc
558 2648 648 2669 autem
666 2644 706 2670 vel
722 2643 765 2670 illo
783 2644 862 2669 tnodo
876 2652 906 2670 ea
924 2645 1049 2670 utendum
1069 2643 1200 2678 judicare,
1219 2643 1300 2678 unius
1315 2647 1356 2669 est
1379 2649 1477 2670 nostrae
1495 2644 1609 2671 rationis
1623 2652 1691 2678 opus
1707 2652 1765 2678 qua:

137 2682 200 2701 culti
218 2677 389 2715 extrinsecus
413 2676 588 2704 incitamenta
614 2678 745 2710 incidunt,
769 2677 811 2704 vel
841 2686 889 2705 nos
909 2680 942 2705 ad
964 2679 1081 2713 impetus
1097 2677 1161 2704 recti
1177 2681 1203 2703 et
1218 2677 1322 2704 honesti
1340 2682 1479 2712 provocat,
1497 2679 1538 2706 vel
1552 2679 1578 2705 iu
1597 2676 1765 2706 contrarium

139 2715 250 2736 πνοι-ιιι.

178 2745 203 2772 ι.
219 2745 295 2776 Quod
313 2745 334 2772 si
351 2746 412 2780 quis
426 2745 558 2780 ejusmodi
576 2755 634 2775 esse
652 2749 689 2776 ait
702 2748 774 2783 quod
791 2749 962 2776 extrinsecus
977 2753 1077 2780 movet,
1090 2753 1119 2774 ut
1135 2747 1159 2774 ei
1176 2746 1332 2781 impulsioni
1351 2753 1429 2774 nemo
1441 2751 1536 2775 contra
1558 2748 1693 2777 obsistere
1705 2755 1766 2784 pos-

1018 1923 1048 1948 Ει
1064 1921 1091 1948 δέ
1103 1930 1144 1952 τις
1157 1921 1222 1947 αὐτὸ
1235 1921 1266 1946 τὸ
1282 1921 1380 1953 ἔξωθεν
1397 1922 1468 1956 λέγει
1485 1922 1552 1950 εἶναι.
1572 1924 1685 1958 τοιόνδε,
1702 1925 1770 1953 ὥσιι

979 1969 1117 1999 ἀδυνάτως
1134 1968 1206 2003 ἔχειν
1226 1968 1384 2002 ἀντιϐλέψαι
1410 1969 1484 2004 αὐτῷ
1506 1969 1600 2005 τοιῷδε
1620 1972 1770 2008 γενομένῳ,

979 2011 1055 2044 οὗτος
1069 2013 1242 2048 ἐπιστησάτω
1256 2014 1311 2045 τοῖς
1326 2013 1503 2045 ἰδίοιςπάθεσι
1517 2016 1562 2042 καὶ
1573 2018 1734 2052 κινήμασιν,
1746 2018 1771 2045 ει

178 2825 235 2862 (Η)
250 2826 295 2854 Sic
320 2835 376 2856 mss
411 2828 541 2858 Mcrlinus
567 2838 639 2864 vero,
659 2839 667 2856 ι
688 2831 728 2858 vel
746 2830 779 2858 ad
800 2831 869 2858 bona
889 2829 929 2857 vel
944 2829 977 2857 ad
995 2828 1063 2856 mala
1077 2827 1244 2864 gubernatis.
1266 2837 1277 2854 ι
