  <div class='ocr_page' id='page_1' title='image "/cluster/home/n/w/nwhite01/storage/ocr_20150623/11/njp.32101077772414/144.png"; bbox 0 0 1860 3073; ppageno 0'>
   <div class='ocr_carea' id='block_1_1' title="bbox 130 146 186 175">
    <p class='ocr_par' dir='ltr' id='par_1_1' title="bbox 130 146 186 175">
     <span class='ocr_line' id='line_1_1' title="bbox 130 146 186 175; baseline 0 0"><span class='ocrx_word' id='word_1_1' title='bbox 130 146 186 175; x_wconf 71' lang='grc'><strong>253</strong></span> 
     </span>
    </p>
   </div>
   <div class='ocr_carea' id='block_1_2' title="bbox 804 142 1084 173">
    <p class='ocr_par' dir='ltr' id='par_1_2' title="bbox 804 142 1084 173">
     <span class='ocr_line' id='line_1_2' title="bbox 804 142 1084 173; baseline -0.011 0"><span class='ocrx_word' id='word_1_2' title='bbox 804 145 906 173; x_wconf 81' lang='lat' dir='ltr'><strong>LIBER</strong></span> <span class='ocrx_word' id='word_1_3' title='bbox 923 142 1084 171; x_wconf 78' lang='lat' dir='ltr'><strong>TERTIUS.</strong></span> 
     </span>
    </p>
   </div>
   <div class='ocr_carea' id='block_1_3' title="bbox 1704 142 1758 168">
    <p class='ocr_par' dir='ltr' id='par_1_3' title="bbox 1704 142 1758 168">
     <span class='ocr_line' id='line_1_3' title="bbox 1704 142 1758 168; baseline 0 0"><span class='ocrx_word' id='word_1_4' title='bbox 1704 142 1758 168; x_wconf 62' lang='lat'><strong>255</strong></span> 
     </span>
    </p>
   </div>
   <div class='ocr_carea' id='block_1_4' title="bbox 133 198 898 241">
    <p class='ocr_par' dir='ltr' id='par_1_4' title="bbox 133 203 898 241">
     <span class='ocr_line' id='line_1_4' title="bbox 133 203 898 241; baseline 0.003 -12"><span class='ocrx_word' id='word_1_5' title='bbox 133 204 172 240; x_wconf 84' lang='grc' dir='ltr'>μὴ</span> <span class='ocrx_word' id='word_1_6' title='bbox 185 203 325 239; x_wconf 76' lang='grc' dir='ltr'>εὐδόκησις</span> <span class='ocrx_word' id='word_1_7' title='bbox 339 204 443 239; x_wconf 85' lang='grc' dir='ltr'>γίνεται</span> <span class='ocrx_word' id='word_1_8' title='bbox 458 206 505 233; x_wconf 74' lang='grc' dir='ltr'><strong>καὶ</strong></span> <span class='ocrx_word' id='word_1_9' title='bbox 518 206 716 240; x_wconf 82' lang='grc' dir='ltr'><strong>συγκατάθεσις</strong></span> <span class='ocrx_word' id='word_1_10' title='bbox 730 205 777 232; x_wconf 81' lang='grc' dir='ltr'><strong>καὶ</strong></span> <span class='ocrx_word' id='word_1_11' title='bbox 791 205 860 241; x_wconf 78' lang='grc' dir='ltr'>ῥοπὴ</span> <span class='ocrx_word' id='word_1_12' title='bbox 872 212 898 231; x_wconf 77' lang='grc' dir='ltr'>τε</span> 
     </span>
    </p>
   </div>
   <div class='ocr_carea' id='block_1_5' title="bbox 997 198 1757 241">
    <p class='ocr_par' dir='ltr' id='par_1_5' title="bbox 997 198 1757 234">
     <span class='ocr_line' id='line_1_5' title="bbox 997 198 1757 234; baseline -0.007 -5"><span class='ocrx_word' id='word_1_13' title='bbox 997 210 1020 230; x_wconf 83' lang='lat' dir='ltr'><strong>)s</strong></span> <span class='ocrx_word' id='word_1_14' title='bbox 1031 200 1238 234; x_wconf 73' lang='lat' dir='ltr'><strong>concitantibus,</strong></span> <span class='ocrx_word' id='word_1_15' title='bbox 1248 200 1274 227; x_wconf 93' lang='lat' dir='ltr'><strong>in</strong></span> <span class='ocrx_word' id='word_1_16' title='bbox 1288 201 1406 234; x_wconf 86' lang='lat' dir='ltr'><strong>seipsum</strong></span> <span class='ocrx_word' id='word_1_17' title='bbox 1421 199 1557 234; x_wconf 82' lang='lat' dir='ltr'><strong>paulisper</strong></span> <span class='ocrx_word' id='word_1_18' title='bbox 1570 198 1615 233; x_wconf 85' lang='lat' dir='ltr'><strong>qui</strong></span> <span class='ocrx_word' id='word_1_19' title='bbox 1632 198 1683 225; x_wconf 88' lang='lat' dir='ltr'><strong>hoc</strong></span> <span class='ocrx_word' id='word_1_20' title='bbox 1698 200 1757 225; x_wconf 81' lang='lat' dir='ltr'><strong>exi-</strong></span> 
     </span>
    </p>
   </div>
   <div class='ocr_carea' id='block_1_6' title="bbox 131 249 918 287">
    <p class='ocr_par' dir='ltr' id='par_1_6' title="bbox 131 249 918 287">
     <span class='ocr_line' id='line_1_6' title="bbox 131 249 918 287; baseline 0.001 -12"><span class='ocrx_word' id='word_1_21' title='bbox 131 249 295 286; x_wconf 74' lang='grc' dir='ltr'><strong>ἡγεμονικοῦ</strong></span> <span class='ocrx_word' id='word_1_22' title='bbox 317 251 365 277; x_wconf 72' lang='grc' dir='ltr'>ἐπὶ</span> <span class='ocrx_word' id='word_1_23' title='bbox 379 252 440 278; x_wconf 86' lang='grc' dir='ltr'>τόδε</span> <span class='ocrx_word' id='word_1_24' title='bbox 454 261 490 285; x_wconf 87' lang='grc' dir='ltr'><strong>τι,</strong></span> <span class='ocrx_word' id='word_1_25' title='bbox 508 252 550 279; x_wconf 81' lang='grc' dir='ltr'><strong>διὰ</strong></span> <span class='ocrx_word' id='word_1_26' title='bbox 566 252 645 279; x_wconf 84' lang='grc' dir='ltr'>τάσδε</span> <span class='ocrx_word' id='word_1_27' title='bbox 662 251 711 284; x_wconf 89' lang='grc' dir='ltr'>τὰς</span> <span class='ocrx_word' id='word_1_28' title='bbox 729 251 918 287; x_wconf 78' lang='grc' dir='ltr'><strong>πιθανότητας.</strong></span> 
     </span>
    </p>
   </div>
   <div class='ocr_carea' id='block_1_7' title="bbox 131 295 919 333">
    <p class='ocr_par' dir='ltr' id='par_1_7' title="bbox 131 295 919 333">
     <span class='ocr_line' id='line_1_7' title="bbox 131 295 919 333; baseline 0 -11"><span class='ocrx_word' id='word_1_29' title='bbox 131 296 170 322; x_wconf 87' lang='grc' dir='ltr'><strong>Οὐ</strong></span> <span class='ocrx_word' id='word_1_30' title='bbox 185 295 250 331; x_wconf 82' lang='grc' dir='ltr'>γὰρ,</span> <span class='ocrx_word' id='word_1_31' title='bbox 263 295 323 330; x_wconf 83' lang='grc' dir='ltr'><strong>φέρ’</strong></span> <span class='ocrx_word' id='word_1_32' title='bbox 338 296 436 329; x_wconf 78' lang='grc' dir='ltr'>εἰπεῖν,</span> <span class='ocrx_word' id='word_1_33' title='bbox 450 298 466 332; x_wconf 88' lang='grc' dir='ltr'><strong>ή</strong></span> <span class='ocrx_word' id='word_1_34' title='bbox 483 297 551 333; x_wconf 84' lang='grc' dir='ltr'>γυνὴ</span> <span class='ocrx_word' id='word_1_35' title='bbox 562 297 601 332; x_wconf 84' lang='grc' dir='ltr'>τῷ</span> <span class='ocrx_word' id='word_1_36' title='bbox 617 297 738 333; x_wconf 79' lang='grc' dir='ltr'><strong>κρίναντι</strong></span> <span class='ocrx_word' id='word_1_37' title='bbox 755 296 919 333; x_wconf 80' lang='grc' dir='ltr'>ἐγκρατεύε-</span> 
     </span>
    </p>
   </div>
   <div class='ocr_carea' id='block_1_8' title="bbox 132 341 920 378">
    <p class='ocr_par' dir='ltr' id='par_1_8' title="bbox 132 341 920 378">
     <span class='ocr_line' id='line_1_8' title="bbox 132 341 920 378; baseline 0.003 -11"><span class='ocrx_word' id='word_1_38' title='bbox 132 341 195 368; x_wconf 82' lang='grc' dir='ltr'>σθαι</span> <span class='ocrx_word' id='word_1_39' title='bbox 213 341 258 367; x_wconf 74' lang='grc' dir='ltr'>καὶ</span> <span class='ocrx_word' id='word_1_40' title='bbox 273 341 379 376; x_wconf 82' lang='grc' dir='ltr'><strong>ἀνέχειν</strong></span> <span class='ocrx_word' id='word_1_41' title='bbox 391 342 486 370; x_wconf 79' lang='grc' dir='ltr'>ἑαυτὸν</span> <span class='ocrx_word' id='word_1_42' title='bbox 500 343 554 369; x_wconf 83' lang='grc' dir='ltr'><strong>ἀπὸ</strong></span> <span class='ocrx_word' id='word_1_43' title='bbox 573 343 681 378; x_wconf 82' lang='grc' dir='ltr'><strong>μίξεων,</strong></span> <span class='ocrx_word' id='word_1_44' title='bbox 696 344 857 378; x_wconf 76' lang='grc' dir='ltr'><strong>ἐπιφανεῖσα</strong></span> <span class='ocrx_word' id='word_1_45' title='bbox 873 343 920 370; x_wconf 71' lang='grc' dir='ltr'><strong>καὶ</strong></span> 
     </span>
    </p>
   </div>
   <div class='ocr_carea' id='block_1_9' title="bbox 130 386 918 424">
    <p class='ocr_par' dir='ltr' id='par_1_9' title="bbox 130 386 918 424">
     <span class='ocr_line' id='line_1_9' title="bbox 130 386 918 424; baseline 0.004 -13"><span class='ocrx_word' id='word_1_46' title='bbox 130 386 359 422; x_wconf 78' lang='grc' dir='ltr'>προκαλεσαμένη</span> <span class='ocrx_word' id='word_1_47' title='bbox 376 387 425 413; x_wconf 65' lang='grc' dir='ltr'>ἐπὶ</span> <span class='ocrx_word' id='word_1_48' title='bbox 444 387 475 413; x_wconf 80' lang='grc' dir='ltr'>τὸ</span> <span class='ocrx_word' id='word_1_49' title='bbox 499 387 610 422; x_wconf 82' lang='grc' dir='ltr'>ποιῆσαί</span> <span class='ocrx_word' id='word_1_50' title='bbox 634 397 659 414; x_wconf 89' lang='grc' dir='ltr'><strong>τι</strong></span> <span class='ocrx_word' id='word_1_51' title='bbox 685 389 759 424; x_wconf 73' lang='grc' dir='ltr'>παρὰ</span> <span class='ocrx_word' id='word_1_52' title='bbox 780 388 918 424; x_wconf 76' lang='grc' dir='ltr'>πρόθεσιν,</span> 
     </span>
    </p>
   </div>
   <div class='ocr_carea' id='block_1_10' title="bbox 129 432 916 469">
    <p class='ocr_par' dir='ltr' id='par_1_10' title="bbox 129 432 916 469">
     <span class='ocr_line' id='line_1_10' title="bbox 129 432 916 469; baseline 0.001 -12"><span class='ocrx_word' id='word_1_53' title='bbox 129 432 278 467; x_wconf 80' lang='grc' dir='ltr'>αὐτοτελὴς</span> <span class='ocrx_word' id='word_1_54' title='bbox 294 432 368 458; x_wconf 87' lang='grc' dir='ltr'>αίτία</span> <span class='ocrx_word' id='word_1_55' title='bbox 384 433 488 466; x_wconf 77' lang='grc' dir='ltr'>γίνεται</span> <span class='ocrx_word' id='word_1_56' title='bbox 507 433 554 459; x_wconf 79' lang='grc' dir='ltr'>τοῦ</span> <span class='ocrx_word' id='word_1_57' title='bbox 572 433 622 468; x_wconf 84' lang='grc' dir='ltr'>τὴν</span> <span class='ocrx_word' id='word_1_58' title='bbox 638 433 764 469; x_wconf 77' lang='grc' dir='ltr'>πρόθεσιν</span> <span class='ocrx_word' id='word_1_59' title='bbox 778 433 916 468; x_wconf 80' lang='grc' dir='ltr'>ἀθετῆσαι.</span> 
     </span>
    </p>
   </div>
   <div class='ocr_carea' id='block_1_11' title="bbox 129 476 919 513">
    <p class='ocr_par' dir='ltr' id='par_1_11' title="bbox 129 476 919 513">
     <span class='ocr_line' id='line_1_11' title="bbox 129 476 919 513; baseline 0.001 -12"><span class='ocrx_word' id='word_1_60' title='bbox 129 476 244 507; x_wconf 82' lang='grc' dir='ltr'><strong>Πάντως</strong></span> <span class='ocrx_word' id='word_1_61' title='bbox 257 476 311 511; x_wconf 81' lang='grc' dir='ltr'><strong>γὰρ</strong></span> <span class='ocrx_word' id='word_1_62' title='bbox 327 476 475 512; x_wconf 82' lang='grc' dir='ltr'>εὐδοκήσας</span> <span class='ocrx_word' id='word_1_63' title='bbox 488 477 526 513; x_wconf 83' lang='grc' dir='ltr'>τῷ</span> <span class='ocrx_word' id='word_1_64' title='bbox 539 478 719 513; x_wconf 83' lang='grc' dir='ltr'>γαργαλισμῷ</span> <span class='ocrx_word' id='word_1_65' title='bbox 741 478 788 505; x_wconf 75' lang='grc' dir='ltr'>καὶ</span> <span class='ocrx_word' id='word_1_66' title='bbox 803 477 842 512; x_wconf 87' lang='grc' dir='ltr'>τῷ</span> <span class='ocrx_word' id='word_1_67' title='bbox 855 476 919 512; x_wconf 86' lang='grc' dir='ltr'>λείῳ</span> 
     </span>
    </p>
   </div>
   <div class='ocr_carea' id='block_1_12' title="bbox 128 521 918 558">
    <p class='ocr_par' dir='ltr' id='par_1_12' title="bbox 128 521 918 558">
     <span class='ocr_line' id='line_1_12' title="bbox 128 521 918 558; baseline 0.001 -11"><span class='ocrx_word' id='word_1_68' title='bbox 128 521 180 556; x_wconf 75' lang='grc' dir='ltr'><strong>τῆς</strong></span> <span class='ocrx_word' id='word_1_69' title='bbox 194 521 302 556; x_wconf 80' lang='grc' dir='ltr'><strong>ἡδονῆς,</strong></span> <span class='ocrx_word' id='word_1_70' title='bbox 316 521 473 556; x_wconf 76' lang='grc' dir='ltr'>ἀντιϐλέψαι</span> <span class='ocrx_word' id='word_1_71' title='bbox 489 521 563 556; x_wconf 77' lang='grc' dir='ltr'>αὐτῷ</span> <span class='ocrx_word' id='word_1_72' title='bbox 577 522 613 558; x_wconf 83' lang='grc' dir='ltr'><strong>μὴ</strong></span> <span class='ocrx_word' id='word_1_73' title='bbox 629 522 835 558; x_wconf 77' lang='grc' dir='ltr'>βεϐουλημένος,</span> <span class='ocrx_word' id='word_1_74' title='bbox 853 522 918 557; x_wconf 80' lang='grc' dir='ltr'><strong>μηδὲ</strong></span> 
     </span>
    </p>
   </div>
   <div class='ocr_carea' id='block_1_13' title="bbox 127 566 936 603">
    <p class='ocr_par' dir='ltr' id='par_1_13' title="bbox 127 566 936 603">
     <span class='ocr_line' id='line_1_13' title="bbox 127 566 936 603; baseline 0.001 -11"><span class='ocrx_word' id='word_1_75' title='bbox 127 566 158 592; x_wconf 72' lang='grc' dir='ltr'>τὸ</span> <span class='ocrx_word' id='word_1_76' title='bbox 173 567 334 601; x_wconf 82' lang='grc' dir='ltr'>κεκριμένον</span> <span class='ocrx_word' id='word_1_77' title='bbox 342 567 474 602; x_wconf 81' lang='grc' dir='ltr'><strong>κυρῶσαι,</strong></span> <span class='ocrx_word' id='word_1_78' title='bbox 488 568 601 603; x_wconf 84' lang='grc' dir='ltr'>πράττει</span> <span class='ocrx_word' id='word_1_79' title='bbox 611 568 640 594; x_wconf 79' lang='grc' dir='ltr'>τὸ</span> <span class='ocrx_word' id='word_1_80' title='bbox 651 568 808 594; x_wconf 83' lang='grc' dir='ltr'>ἀκόλαστον·</span> <span class='ocrx_word' id='word_1_81' title='bbox 818 569 832 594; x_wconf 83' lang='grc' dir='ltr'>ὁ</span> <span class='ocrx_word' id='word_1_82' title='bbox 841 567 868 593; x_wconf 74' lang='grc' dir='ltr'><strong>δέ</strong></span> <span class='ocrx_word' id='word_1_83' title='bbox 877 576 919 598; x_wconf 88' lang='grc' dir='ltr'><strong>τις</strong></span> <span class='ocrx_word' id='word_1_84' title='bbox 933 573 936 579; x_wconf 88' lang='grc'><em>¹</em></span> 
     </span>
    </p>
   </div>
   <div class='ocr_carea' id='block_1_14' title="bbox 126 611 917 647">
    <p class='ocr_par' dir='ltr' id='par_1_14' title="bbox 126 611 917 647">
     <span class='ocr_line' id='line_1_14' title="bbox 126 611 917 647; baseline 0.001 -10"><span class='ocrx_word' id='word_1_85' title='bbox 126 611 257 646; x_wconf 71' lang='grc' dir='ltr'>ἔμπαλιν,</span> <span class='ocrx_word' id='word_1_86' title='bbox 267 611 319 637; x_wconf 87' lang='grc' dir='ltr'><strong>τῶν</strong></span> <span class='ocrx_word' id='word_1_87' title='bbox 332 611 421 638; x_wconf 78' lang='grc' dir='ltr'>αὐτῶν</span> <span class='ocrx_word' id='word_1_88' title='bbox 437 612 648 647; x_wconf 68' lang='grc' dir='ltr'>πυμϐεϐηκὸτων</span> <span class='ocrx_word' id='word_1_89' title='bbox 661 612 735 647; x_wconf 78' lang='grc' dir='ltr'>αὐτῷ</span> <span class='ocrx_word' id='word_1_90' title='bbox 748 612 868 646; x_wconf 83' lang='grc' dir='ltr'>πλείονα(</span> <span class='ocrx_word' id='word_1_91' title='bbox 874 611 917 641; x_wconf 75' lang='grc' dir='ltr'><strong>Ιὸ)</strong></span> 
     </span>
    </p>
   </div>
   <div class='ocr_carea' id='block_1_15' title="bbox 128 655 918 697">
    <p class='ocr_par' dir='ltr' id='par_1_15' title="bbox 128 655 918 697">
     <span class='ocr_line' id='line_1_15' title="bbox 128 655 918 697; baseline 0 -15"><span class='ocrx_word' id='word_1_92' title='bbox 128 655 279 692; x_wconf 79' lang='grc' dir='ltr'>μαθήματα</span> <span class='ocrx_word' id='word_1_93' title='bbox 294 656 448 692; x_wconf 80' lang='grc' dir='ltr'>ἀνειληφότι</span> <span class='ocrx_word' id='word_1_94' title='bbox 467 657 514 683; x_wconf 76' lang='grc' dir='ltr'><strong>καὶ</strong></span> <span class='ocrx_word' id='word_1_95' title='bbox 535 657 679 697; x_wconf 53' lang='grc' dir='ltr'>ὴσκῃλιότι,</span> <span class='ocrx_word' id='word_1_96' title='bbox 699 657 723 684; x_wconf 80' lang='grc' dir='ltr'>οἱ</span> <span class='ocrx_word' id='word_1_97' title='bbox 748 657 796 692; x_wconf 86' lang='grc' dir='ltr'><strong>μὲν</strong></span> <span class='ocrx_word' id='word_1_98' title='bbox 812 664 918 691; x_wconf 83' lang='grc' dir='ltr'>γαργα-</span> 
     </span>
    </p>
   </div>
   <div class='ocr_carea' id='block_1_16' title="bbox 125 701 918 738">
    <p class='ocr_par' dir='ltr' id='par_1_16' title="bbox 125 701 918 738">
     <span class='ocr_line' id='line_1_16' title="bbox 125 701 918 738; baseline -0.001 -10"><span class='ocrx_word' id='word_1_99' title='bbox 125 701 221 737; x_wconf 80' lang='grc' dir='ltr'>λισμοὶ</span> <span class='ocrx_word' id='word_1_100' title='bbox 246 702 291 728; x_wconf 77' lang='grc' dir='ltr'><strong>καὶ</strong></span> <span class='ocrx_word' id='word_1_101' title='bbox 318 703 342 728; x_wconf 88' lang='grc' dir='ltr'>οἱ</span> <span class='ocrx_word' id='word_1_102' title='bbox 366 703 506 738; x_wconf 76' lang='grc' dir='ltr'>ὲρεθισμοὶ</span> <span class='ocrx_word' id='word_1_103' title='bbox 535 703 729 738; x_wconf 82' lang='grc' dir='ltr'>συμϐαίνουσιν</span> <span class='ocrx_word' id='word_1_104' title='bbox 742 711 748 718; x_wconf 90' lang='grc'>·</span> <span class='ocrx_word' id='word_1_105' title='bbox 768 703 782 728; x_wconf 80' lang='grc' dir='ltr'>ὁ</span> <span class='ocrx_word' id='word_1_106' title='bbox 798 701 875 735; x_wconf 83' lang='grc' dir='ltr'>λόγος</span> <span class='ocrx_word' id='word_1_107' title='bbox 889 701 918 727; x_wconf 72' lang='grc' dir='ltr'><strong>δὲ</strong></span> 
     </span>
    </p>
   </div>
   <div class='ocr_carea' id='block_1_17' title="bbox 125 747 918 784">
    <p class='ocr_par' dir='ltr' id='par_1_17' title="bbox 125 747 918 784">
     <span class='ocr_line' id='line_1_17' title="bbox 125 747 918 784; baseline 0 -11"><span class='ocrx_word' id='word_1_108' title='bbox 125 747 176 774; x_wconf 85' lang='grc' dir='ltr'>ᾶτε</span> <span class='ocrx_word' id='word_1_109' title='bbox 202 747 250 773; x_wconf 74' lang='grc' dir='ltr'>ἐπὶ</span> <span class='ocrx_word' id='word_1_110' title='bbox 273 748 363 774; x_wconf 86' lang='grc' dir='ltr'>πλεῖον</span> <span class='ocrx_word' id='word_1_111' title='bbox 391 749 610 784; x_wconf 75' lang='grc' dir='ltr'>ίσχυροποιηθεὶς</span> <span class='ocrx_word' id='word_1_112' title='bbox 625 749 672 775; x_wconf 79' lang='grc' dir='ltr'>καὶ</span> <span class='ocrx_word' id='word_1_113' title='bbox 688 748 800 784; x_wconf 75' lang='grc' dir='ltr'>τραφεὶς</span> <span class='ocrx_word' id='word_1_114' title='bbox 816 749 849 782; x_wconf 86' lang='grc' dir='ltr'>τῇ</span> <span class='ocrx_word' id='word_1_115' title='bbox 870 755 918 782; x_wconf 85' lang='grc' dir='ltr'>με-</span> 
     </span>
    </p>
   </div>
   <div class='ocr_carea' id='block_1_18' title="bbox 123 791 915 829">
    <p class='ocr_par' dir='ltr' id='par_1_18' title="bbox 123 791 915 829">
     <span class='ocr_line' id='line_1_18' title="bbox 123 791 915 829; baseline -0.001 -10"><span class='ocrx_word' id='word_1_116' title='bbox 123 791 201 828; x_wconf 82' lang='grc' dir='ltr'>λέτῃ,</span> <span class='ocrx_word' id='word_1_117' title='bbox 219 794 266 819; x_wconf 86' lang='grc' dir='ltr'>καὶ</span> <span class='ocrx_word' id='word_1_118' title='bbox 281 793 438 828; x_wconf 81' lang='grc' dir='ltr'>βεϐαιωθεὶς</span> <span class='ocrx_word' id='word_1_119' title='bbox 451 796 506 826; x_wconf 85' lang='grc' dir='ltr'>τοῖς</span> <span class='ocrx_word' id='word_1_120' title='bbox 517 794 633 829; x_wconf 85' lang='grc' dir='ltr'><strong>δόγμασι</strong></span> <span class='ocrx_word' id='word_1_121' title='bbox 658 794 725 829; x_wconf 83' lang='grc' dir='ltr'>πρὸς</span> <span class='ocrx_word' id='word_1_122' title='bbox 741 793 771 820; x_wconf 84' lang='grc' dir='ltr'>τὺ</span> <span class='ocrx_word' id='word_1_123' title='bbox 791 793 882 824; x_wconf 73' lang='grc' dir='ltr'>καλὸν,</span> <span class='ocrx_word' id='word_1_124' title='bbox 899 792 915 827; x_wconf 84' lang='grc' dir='ltr'><strong>ἢ</strong></span> 
     </span>
    </p>
   </div>
   <div class='ocr_carea' id='block_1_19' title="bbox 972 243 1759 280">
    <p class='ocr_par' dir='ltr' id='par_1_19' title="bbox 972 243 1759 280">
     <span class='ocr_line' id='line_1_19' title="bbox 972 243 1759 280; baseline -0.006 -6"><span class='ocrx_word' id='word_1_125' title='bbox 972 249 1074 277; x_wconf 84' lang='lat' dir='ltr'><strong>stimat.</strong></span> <span class='ocrx_word' id='word_1_126' title='bbox 1093 251 1234 274; x_wconf 87' lang='lat' dir='ltr'><strong>convertat</strong></span> <span class='ocrx_word' id='word_1_127' title='bbox 1249 246 1379 278; x_wconf 87' lang='lat' dir='ltr'><strong>animum,</strong></span> <span class='ocrx_word' id='word_1_128' title='bbox 1401 251 1428 274; x_wconf 86' lang='lat' dir='ltr'><strong>et</strong></span> <span class='ocrx_word' id='word_1_129' title='bbox 1450 244 1573 280; x_wconf 89' lang='lat' dir='ltr'><strong>proprios</strong></span> <span class='ocrx_word' id='word_1_130' title='bbox 1602 243 1759 278; x_wconf 80' lang='lat' dir='ltr'><strong>diligentius</strong></span> 
     </span>
    </p>
   </div>
   <div class='ocr_carea' id='block_1_20' title="bbox 971 288 1758 327">
    <p class='ocr_par' dir='ltr' id='par_1_20' title="bbox 971 288 1758 327">
     <span class='ocr_line' id='line_1_20' title="bbox 971 288 1758 327; baseline -0.008 -7"><span class='ocrx_word' id='word_1_131' title='bbox 971 293 1138 327; x_wconf 70' lang='lat' dir='ltr'><strong>introspiciat</strong></span> <span class='ocrx_word' id='word_1_132' title='bbox 1157 296 1244 319; x_wconf 87' lang='lat' dir='ltr'><strong>motus</strong></span> <span class='ocrx_word' id='word_1_133' title='bbox 1263 291 1330 325; x_wconf 86' lang='lat' dir='ltr'><strong>(l6),</strong></span> <span class='ocrx_word' id='word_1_134' title='bbox 1343 291 1392 318; x_wconf 88' lang='lat' dir='ltr'><strong>nisi</strong></span> <span class='ocrx_word' id='word_1_135' title='bbox 1408 291 1552 323; x_wconf 87' lang='lat' dir='ltr'><strong>invenerit,</strong></span> <span class='ocrx_word' id='word_1_136' title='bbox 1563 297 1624 316; x_wconf 86' lang='lat' dir='ltr'><strong>cum</strong></span> <span class='ocrx_word' id='word_1_137' title='bbox 1645 288 1758 322; x_wconf 84' lang='lat' dir='ltr'><strong>alicujus</strong></span> 
     </span>
    </p>
   </div>
   <div class='ocr_carea' id='block_1_21' title="bbox 971 335 1755 372">
    <p class='ocr_par' dir='ltr' id='par_1_21' title="bbox 971 335 1755 372">
     <span class='ocr_line' id='line_1_21' title="bbox 971 335 1755 372; baseline -0.009 -6"><span class='ocrx_word' id='word_1_138' title='bbox 971 339 1097 366; x_wconf 55' lang='lat' dir='ltr'><strong>desiderii</strong></span> <span class='ocrx_word' id='word_1_139' title='bbox 1124 338 1211 372; x_wconf 89' lang='lat' dir='ltr'><strong>pulsat</strong></span> <span class='ocrx_word' id='word_1_140' title='bbox 1234 337 1373 369; x_wconf 87' lang='lat' dir='ltr'><strong>illecebra,</strong></span> <span class='ocrx_word' id='word_1_141' title='bbox 1399 336 1466 363; x_wconf 87' lang='lat' dir='ltr'><strong>nihil</strong></span> <span class='ocrx_word' id='word_1_142' title='bbox 1491 335 1565 370; x_wconf 82' lang='lat' dir='ltr'><strong>prius</strong></span> <span class='ocrx_word' id='word_1_143' title='bbox 1590 335 1645 368; x_wconf 72' lang='lat' dir='ltr'><strong>geri</strong></span> <span class='ocrx_word' id='word_1_144' title='bbox 1673 341 1755 368; x_wconf 86' lang='lat' dir='ltr'><strong>quam</strong></span> 
     </span>
    </p>
   </div>
   <div class='ocr_carea' id='block_1_22' title="bbox 970 379 1754 415">
    <p class='ocr_par' dir='ltr' id='par_1_22' title="bbox 970 379 1754 415">
     <span class='ocr_line' id='line_1_22' title="bbox 970 379 1754 415; baseline -0.009 -5"><span class='ocrx_word' id='word_1_145' title='bbox 970 383 1053 410; x_wconf 90' lang='lat' dir='ltr'><strong>animi</strong></span> <span class='ocrx_word' id='word_1_146' title='bbox 1066 382 1286 410; x_wconf 73' lang='lat' dir='ltr'><strong>accommodetur</strong></span> <span class='ocrx_word' id='word_1_147' title='bbox 1299 388 1437 412; x_wconf 80' lang='lat' dir='ltr'><strong>assensus,</strong></span> <span class='ocrx_word' id='word_1_148' title='bbox 1447 385 1474 408; x_wconf 92' lang='lat' dir='ltr'><strong>et</strong></span> <span class='ocrx_word' id='word_1_149' title='bbox 1484 379 1649 415; x_wconf 82' lang='lat' dir='ltr'><strong>suggestioni</strong></span> <span class='ocrx_word' id='word_1_150' title='bbox 1664 385 1754 412; x_wconf 72' lang='lat' dir='ltr'><strong>prava:</strong></span> 
     </span>
    </p>
   </div>
   <div class='ocr_carea' id='block_1_23' title="bbox 971 424 1755 462">
    <p class='ocr_par' dir='ltr' id='par_1_23' title="bbox 971 424 1755 462">
     <span class='ocr_line' id='line_1_23' title="bbox 971 424 1755 462; baseline -0.008 -7"><span class='ocrx_word' id='word_1_151' title='bbox 971 434 1052 456; x_wconf 87' lang='lat' dir='ltr'><strong>nutus</strong></span> <span class='ocrx_word' id='word_1_152' title='bbox 1076 428 1174 455; x_wconf 85' lang='lat' dir='ltr'><strong>mentis</strong></span> <span class='ocrx_word' id='word_1_153' title='bbox 1199 427 1350 462; x_wconf 75' lang='lat' dir='ltr'><strong>indulgeat;</strong></span> <span class='ocrx_word' id='word_1_154' title='bbox 1370 427 1406 453; x_wconf 85' lang='lat' dir='ltr'><strong>ita</strong></span> <span class='ocrx_word' id='word_1_155' title='bbox 1421 431 1449 453; x_wconf 92' lang='lat' dir='ltr'><strong>ut</strong></span> <span class='ocrx_word' id='word_1_156' title='bbox 1466 427 1547 453; x_wconf 88' lang='lat' dir='ltr'><strong>etiam</strong></span> <span class='ocrx_word' id='word_1_157' title='bbox 1562 424 1755 452; x_wconf 81' lang='lat' dir='ltr'><strong>verisimilibus</strong></span> 
     </span>
    </p>
   </div>
   <div class='ocr_carea' id='block_1_24' title="bbox 969 469 1754 508">
    <p class='ocr_par' dir='ltr' id='par_1_24' title="bbox 969 469 1754 508">
     <span class='ocr_line' id='line_1_24' title="bbox 969 469 1754 508; baseline -0.006 -9"><span class='ocrx_word' id='word_1_158' title='bbox 969 473 1130 508; x_wconf 73' lang='lat' dir='ltr'><strong>quihusdam</strong></span> <span class='ocrx_word' id='word_1_159' title='bbox 1159 473 1248 500; x_wconf 80' lang='lat' dir='ltr'><strong>causis</strong></span> <span class='ocrx_word' id='word_1_160' title='bbox 1278 472 1348 498; x_wconf 88' lang='lat' dir='ltr'><strong>intra</strong></span> <span class='ocrx_word' id='word_1_161' title='bbox 1379 470 1469 498; x_wconf 85' lang='lat' dir='ltr'><strong>cordis</strong></span> <span class='ocrx_word' id='word_1_162' title='bbox 1498 470 1584 497; x_wconf 83' lang='lat' dir='ltr'><strong>nostri</strong></span> <span class='ocrx_word' id='word_1_163' title='bbox 1610 469 1754 496; x_wconf 80' lang='lat' dir='ltr'><strong>tribunalia</strong></span> 
     </span>
    </p>
   </div>
   <div class='ocr_carea' id='block_1_25' title="bbox 970 513 1755 553">
    <p class='ocr_par' dir='ltr' id='par_1_25' title="bbox 970 513 1755 553">
     <span class='ocr_line' id='line_1_25' title="bbox 970 513 1755 553; baseline -0.009 -7"><span class='ocrx_word' id='word_1_164' title='bbox 970 519 1041 546; x_wconf 88' lang='lat' dir='ltr'><strong>velut</strong></span> <span class='ocrx_word' id='word_1_165' title='bbox 1063 518 1148 553; x_wconf 85' lang='lat' dir='ltr'><strong>judici</strong></span> <span class='ocrx_word' id='word_1_166' title='bbox 1171 517 1301 545; x_wconf 82' lang='lat' dir='ltr'><strong>residenti</strong></span> <span class='ocrx_word' id='word_1_167' title='bbox 1317 524 1349 544; x_wconf 86' lang='lat' dir='ltr'><strong>ex</strong></span> <span class='ocrx_word' id='word_1_168' title='bbox 1366 521 1482 550; x_wconf 89' lang='lat' dir='ltr'><strong>utraque</strong></span> <span class='ocrx_word' id='word_1_169' title='bbox 1507 519 1584 550; x_wconf 90' lang='lat' dir='ltr'><strong>parte</strong></span> <span class='ocrx_word' id='word_1_170' title='bbox 1599 514 1655 550; x_wconf 82' lang='lat' dir='ltr'><strong>(l7)</strong></span> <span class='ocrx_word' id='word_1_171' title='bbox 1675 513 1755 540; x_wconf 90' lang='lat' dir='ltr'><strong>adhi-</strong></span> 
     </span>
    </p>
   </div>
   <div class='ocr_carea' id='block_1_26' title="bbox 970 558 1757 594">
    <p class='ocr_par' dir='ltr' id='par_1_26' title="bbox 970 558 1757 594">
     <span class='ocr_line' id='line_1_26' title="bbox 970 558 1757 594; baseline -0.011 -3"><span class='ocrx_word' id='word_1_172' title='bbox 970 565 1027 591; x_wconf 89' lang='lat' dir='ltr'><strong>beri</strong></span> <span class='ocrx_word' id='word_1_173' title='bbox 1046 564 1172 591; x_wconf 87' lang='lat' dir='ltr'><strong>rideatur</strong></span> <span class='ocrx_word' id='word_1_174' title='bbox 1189 561 1316 594; x_wconf 85' lang='lat' dir='ltr'><strong>assertio,</strong></span> <span class='ocrx_word' id='word_1_175' title='bbox 1331 566 1360 588; x_wconf 92' lang='lat' dir='ltr'><strong>ut</strong></span> <span class='ocrx_word' id='word_1_176' title='bbox 1375 560 1463 588; x_wconf 83' lang='lat' dir='ltr'><strong>causis</strong></span> <span class='ocrx_word' id='word_1_177' title='bbox 1477 559 1552 593; x_wconf 77' lang='lat' dir='ltr'><strong>prius</strong></span> <span class='ocrx_word' id='word_1_178' title='bbox 1565 558 1695 592; x_wconf 75' lang='lat' dir='ltr'><strong>expositis</strong></span> <span class='ocrx_word' id='word_1_179' title='bbox 1712 563 1757 590; x_wconf 77' lang='lat' dir='ltr'><strong>ge-</strong></span> 
     </span>
    </p>
   </div>
   <div class='ocr_carea' id='block_1_27' title="bbox 969 602 1755 640">
    <p class='ocr_par' dir='ltr' id='par_1_27' title="bbox 969 602 1755 640">
     <span class='ocr_line' id='line_1_27' title="bbox 969 602 1755 640; baseline -0.011 -4"><span class='ocrx_word' id='word_1_180' title='bbox 969 609 1044 636; x_wconf 89' lang='lat' dir='ltr'><strong>rendi</strong></span> <span class='ocrx_word' id='word_1_181' title='bbox 1063 608 1200 636; x_wconf 85' lang='lat' dir='ltr'><strong>sententia</strong></span> <span class='ocrx_word' id='word_1_182' title='bbox 1216 608 1249 636; x_wconf 89' lang='lat' dir='ltr'><strong>de</strong></span> <span class='ocrx_word' id='word_1_183' title='bbox 1266 606 1382 634; x_wconf 86' lang='lat' dir='ltr'><strong>rationis</strong></span> <span class='ocrx_word' id='word_1_184' title='bbox 1393 605 1495 640; x_wconf 86' lang='lat' dir='ltr'><strong>judicio</strong></span> <span class='ocrx_word' id='word_1_185' title='bbox 1515 603 1681 639; x_wconf 76' lang='lat' dir='ltr'><strong>proferatur.</strong></span> <span class='ocrx_word' id='word_1_186' title='bbox 1697 602 1755 628; x_wconf 87' lang='lat' dir='ltr'><strong>Non</strong></span> 
     </span>
    </p>
   </div>
   <div class='ocr_carea' id='block_1_28' title="bbox 969 648 1758 688">
    <p class='ocr_par' dir='ltr' id='par_1_28' title="bbox 969 648 1758 688">
     <span class='ocr_line' id='line_1_28' title="bbox 969 648 1758 688; baseline -0.011 -6"><span class='ocrx_word' id='word_1_187' title='bbox 969 655 1053 687; x_wconf 90' lang='lat' dir='ltr'><strong>enim,</strong></span> <span class='ocrx_word' id='word_1_188' title='bbox 1073 659 1102 681; x_wconf 95' lang='lat' dir='ltr'><strong>ut</strong></span> <span class='ocrx_word' id='word_1_189' title='bbox 1128 654 1202 681; x_wconf 87' lang='lat' dir='ltr'><strong>verbi</strong></span> <span class='ocrx_word' id='word_1_190' title='bbox 1228 652 1315 688; x_wconf 72' lang='lat' dir='ltr'><strong>gratia</strong></span> <span class='ocrx_word' id='word_1_191' title='bbox 1340 651 1467 684; x_wconf 79' lang='lat' dir='ltr'><strong>dixerim,</strong></span> <span class='ocrx_word' id='word_1_192' title='bbox 1498 650 1562 678; x_wconf 83' lang='lat' dir='ltr'><strong>huic</strong></span> <span class='ocrx_word' id='word_1_193' title='bbox 1588 649 1634 683; x_wconf 89' lang='lat' dir='ltr'><strong>qui</strong></span> <span class='ocrx_word' id='word_1_194' title='bbox 1661 648 1758 675; x_wconf 83' lang='lat' dir='ltr'><strong>statuit</strong></span> 
     </span>
    </p>
   </div>
   <div class='ocr_carea' id='block_1_29' title="bbox 968 695 1755 731">
    <p class='ocr_par' dir='ltr' id='par_1_29' title="bbox 968 695 1755 731">
     <span class='ocr_line' id='line_1_29' title="bbox 968 695 1755 731; baseline -0.011 -4"><span class='ocrx_word' id='word_1_195' title='bbox 968 701 1138 727; x_wconf 80' lang='lat' dir='ltr'><strong>continenter</strong></span> <span class='ocrx_word' id='word_1_196' title='bbox 1153 703 1177 726; x_wconf 88' lang='lat' dir='ltr'><strong>et</strong></span> <span class='ocrx_word' id='word_1_197' title='bbox 1194 703 1269 725; x_wconf 86' lang='lat' dir='ltr'><strong>caste</strong></span> <span class='ocrx_word' id='word_1_198' title='bbox 1284 698 1376 725; x_wconf 82' lang='lat' dir='ltr'><strong>vivere</strong></span> <span class='ocrx_word' id='word_1_199' title='bbox 1401 701 1484 731; x_wconf 87' lang='lat' dir='ltr'><strong>atque</strong></span> <span class='ocrx_word' id='word_1_200' title='bbox 1506 696 1541 722; x_wconf 90' lang='lat' dir='ltr'><strong>ab</strong></span> <span class='ocrx_word' id='word_1_201' title='bbox 1556 695 1631 722; x_wconf 90' lang='lat' dir='ltr'><strong>omni</strong></span> <span class='ocrx_word' id='word_1_202' title='bbox 1651 700 1680 720; x_wconf 90' lang='lat' dir='ltr'><strong>se</strong></span> <span class='ocrx_word' id='word_1_203' title='bbox 1696 700 1755 719; x_wconf 85' lang='lat' dir='ltr'><strong>mu-</strong></span> 
     </span>
    </p>
   </div>
   <div class='ocr_carea' id='block_1_30' title="bbox 968 738 1757 780">
    <p class='ocr_par' dir='ltr' id='par_1_30' title="bbox 968 738 1757 780">
     <span class='ocr_line' id='line_1_30' title="bbox 968 738 1757 780; baseline -0.014 -6"><span class='ocrx_word' id='word_1_204' title='bbox 968 746 1047 774; x_wconf 88' lang='lat' dir='ltr'><strong>liebri</strong></span> <span class='ocrx_word' id='word_1_205' title='bbox 1063 745 1190 780; x_wconf 75' lang='lat' dir='ltr'><strong>contagio</strong></span> <span class='ocrx_word' id='word_1_206' title='bbox 1203 743 1354 775; x_wconf 88' lang='lat' dir='ltr'><strong>continere,</strong></span> <span class='ocrx_word' id='word_1_207' title='bbox 1371 743 1394 770; x_wconf 89' lang='lat' dir='ltr'><strong>si</strong></span> <span class='ocrx_word' id='word_1_208' title='bbox 1408 742 1479 770; x_wconf 86' lang='lat' dir='ltr'><strong>forte</strong></span> <span class='ocrx_word' id='word_1_209' title='bbox 1491 739 1646 776; x_wconf 80' lang='lat' dir='ltr'><strong>apparuerit</strong></span> <span class='ocrx_word' id='word_1_210' title='bbox 1660 738 1757 765; x_wconf 89' lang='lat' dir='ltr'><strong>mulier</strong></span> 
     </span>
    </p>
   </div>
   <div class='ocr_carea' id='block_1_31' title="bbox 968 784 1756 826">
    <p class='ocr_par' dir='ltr' id='par_1_31' title="bbox 968 784 1756 826">
     <span class='ocr_line' id='line_1_31' title="bbox 968 784 1756 826; baseline -0.014 -7"><span class='ocrx_word' id='word_1_211' title='bbox 968 798 1120 826; x_wconf 88' lang='lat' dir='ltr'><strong>provocans</strong></span> <span class='ocrx_word' id='word_1_212' title='bbox 1149 797 1223 822; x_wconf 88' lang='lat' dir='ltr'><strong>eum,</strong></span> <span class='ocrx_word' id='word_1_213' title='bbox 1252 793 1279 816; x_wconf 89' lang='lat' dir='ltr'><strong>et</strong></span> <span class='ocrx_word' id='word_1_214' title='bbox 1305 788 1422 815; x_wconf 91' lang='lat' dir='ltr'><strong>illiciens</strong></span> <span class='ocrx_word' id='word_1_215' title='bbox 1450 785 1506 822; x_wconf 82' lang='lat' dir='ltr'><strong>(l8)</strong></span> <span class='ocrx_word' id='word_1_216' title='bbox 1533 784 1636 820; x_wconf 85' lang='lat' dir='ltr'><strong>aliquid</strong></span> <span class='ocrx_word' id='word_1_217' title='bbox 1660 786 1756 810; x_wconf 88' lang='lat' dir='ltr'><strong>contra</strong></span> 
     </span>
    </p>
   </div>
   <div class='ocr_carea' id='block_1_32' title="bbox 968 827 1756 872">
    <p class='ocr_par' dir='ltr' id='par_1_32' title="bbox 968 827 1756 872">
     <span class='ocr_line' id='line_1_32' title="bbox 968 827 1756 872; baseline -0.014 -8"><span class='ocrx_word' id='word_1_218' title='bbox 968 837 1137 872; x_wconf 89' lang='lat' dir='ltr'><strong>propositum</strong></span> <span class='ocrx_word' id='word_1_219' title='bbox 1157 842 1262 870; x_wconf 77' lang='lat' dir='ltr'><strong>gerere,</strong></span> <span class='ocrx_word' id='word_1_220' title='bbox 1285 841 1371 861; x_wconf 89' lang='lat' dir='ltr'><strong>causa</strong></span> <span class='ocrx_word' id='word_1_221' title='bbox 1395 832 1420 860; x_wconf 89' lang='lat' dir='ltr'><strong>ei</strong></span> <span class='ocrx_word' id='word_1_222' title='bbox 1446 830 1567 866; x_wconf 82' lang='lat' dir='ltr'><strong>perfecta</strong></span> <span class='ocrx_word' id='word_1_223' title='bbox 1586 834 1613 856; x_wconf 90' lang='lat' dir='ltr'><strong>et</strong></span> <span class='ocrx_word' id='word_1_224' title='bbox 1634 827 1756 855; x_wconf 89' lang='lat' dir='ltr'><strong>absoluta</strong></span> 
     </span>
    </p>
   </div>
   <div class='ocr_carea' id='block_1_33' title="bbox 124 837 917 874">
    <p class='ocr_par' dir='ltr' id='par_1_33' title="bbox 124 837 917 874">
     <span class='ocr_line' id='line_1_33' title="bbox 124 837 917 874; baseline 0 -11"><span class='ocrx_word' id='word_1_225' title='bbox 124 837 210 872; x_wconf 74' lang='grc' dir='ltr'>ἐγγύς</span> <span class='ocrx_word' id='word_1_226' title='bbox 232 846 264 872; x_wconf 91' lang='grc' dir='ltr'><strong>γε</strong></span> <span class='ocrx_word' id='word_1_227' title='bbox 287 837 334 864; x_wconf 82' lang='grc' dir='ltr'>τοῦ</span> <span class='ocrx_word' id='word_1_228' title='bbox 356 839 536 873; x_wconf 82' lang='grc' dir='ltr'>βεϐαιωθῆναι</span> <span class='ocrx_word' id='word_1_229' title='bbox 558 839 749 874; x_wconf 84' lang='grc' dir='ltr'>γεγενημένος,</span> <span class='ocrx_word' id='word_1_230' title='bbox 772 837 917 872; x_wconf 81' lang='grc' dir='ltr'>άνακρούει</span> 
     </span>
    </p>
   </div>
   <div class='ocr_carea' id='block_1_34' title="bbox 123 874 898 920">
    <p class='ocr_par' dir='ltr' id='par_1_34' title="bbox 123 883 813 920">
     <span class='ocr_line' id='line_1_34' title="bbox 123 883 813 920; baseline 0 -11"><span class='ocrx_word' id='word_1_231' title='bbox 123 884 190 915; x_wconf 78' lang='grc' dir='ltr'>τοὺς</span> <span class='ocrx_word' id='word_1_232' title='bbox 206 883 366 919; x_wconf 78' lang='grc' dir='ltr'>ἐρεθισμοὺς</span> <span class='ocrx_word' id='word_1_233' title='bbox 382 884 429 911; x_wconf 78' lang='grc' dir='ltr'>καὶ</span> <span class='ocrx_word' id='word_1_234' title='bbox 446 884 573 911; x_wconf 84' lang='grc' dir='ltr'>ὑπεκλύει</span> <span class='ocrx_word' id='word_1_235' title='bbox 589 885 638 920; x_wconf 85' lang='grc' dir='ltr'>τὴν</span> <span class='ocrx_word' id='word_1_236' title='bbox 655 883 813 919; x_wconf 74' lang='grc' dir='ltr'>ἐπιθυμίαν.</span> 
     </span>
    </p>
   </div>
   <div class='ocr_carea' id='block_1_35' title="bbox 997 874 1755 920">
    <p class='ocr_par' dir='ltr' id='par_1_35' title="bbox 997 874 1755 915">
     <span class='ocr_line' id='line_1_35' title="bbox 997 874 1755 915; baseline -0.015 -6"><span class='ocrx_word' id='word_1_237' title='bbox 997 882 1012 909; x_wconf 76' lang='lat'><strong>:1</strong></span> <span class='ocrx_word' id='word_1_238' title='bbox 1038 881 1186 909; x_wconf 89' lang='lat' dir='ltr'><strong>necessitas</strong></span> <span class='ocrx_word' id='word_1_239' title='bbox 1210 878 1407 915; x_wconf 61' lang='lat' dir='ltr'><strong>praevaricandi</strong></span> <span class='ocrx_word' id='word_1_240' title='bbox 1426 877 1523 904; x_wconf 90' lang='lat' dir='ltr'><strong>mulier</strong></span> <span class='ocrx_word' id='word_1_241' title='bbox 1546 874 1676 902; x_wconf 87' lang='lat' dir='ltr'><strong>exstitit:</strong></span> <span class='ocrx_word' id='word_1_242' title='bbox 1693 880 1755 899; x_wconf 89' lang='lat' dir='ltr'><strong>cum</strong></span> 
     </span>
    </p>
   </div>
   <div class='ocr_carea' id='block_1_36' title="bbox 123 918 1756 963">
    <p class='ocr_par' dir='ltr' id='par_1_36' title="bbox 123 918 1756 963">
     <span class='ocr_line' id='line_1_36' title="bbox 123 918 1756 963; baseline -0.007 -7"><span class='ocrx_word' id='word_1_243' title='bbox 123 929 213 962; x_wconf 88' lang='lat' dir='ltr'><strong>possit</strong></span> <span class='ocrx_word' id='word_1_244' title='bbox 231 918 331 963; x_wconf 84' lang='lat' dir='ltr'><strong>utique,</strong></span> <span class='ocrx_word' id='word_1_245' title='bbox 348 931 440 957; x_wconf 85' lang='lat' dir='ltr'><strong>statuti</strong></span> <span class='ocrx_word' id='word_1_246' title='bbox 470 931 510 958; x_wconf 90' lang='lat' dir='ltr'><strong>sui</strong></span> <span class='ocrx_word' id='word_1_247' title='bbox 535 918 650 962; x_wconf 81' lang='lat' dir='ltr'><strong>memor,</strong></span> <span class='ocrx_word' id='word_1_248' title='bbox 674 918 794 957; x_wconf 83' lang='lat' dir='ltr'><strong>libidinis</strong></span> <span class='ocrx_word' id='word_1_249' title='bbox 819 929 996 956; x_wconf 86' lang='lat' dir='ltr'><strong>incitamenta</strong></span> <span class='ocrx_word' id='word_1_250' title='bbox 1023 927 1164 955; x_wconf 83' lang='lat' dir='ltr'><strong>refrenare</strong></span> <span class='ocrx_word' id='word_1_251' title='bbox 1195 925 1262 962; x_wconf 76' lang='lat'><strong>(19),</strong></span> <span class='ocrx_word' id='word_1_252' title='bbox 1301 930 1329 953; x_wconf 91' lang='lat' dir='ltr'><strong>el.</strong></span> <span class='ocrx_word' id='word_1_253' title='bbox 1364 923 1497 951; x_wconf 85' lang='lat' dir='ltr'><strong>irritantis</strong></span> <span class='ocrx_word' id='word_1_254' title='bbox 1520 922 1655 949; x_wconf 59' lang='lat' dir='ltr'><strong>illecebras</strong></span> <span class='ocrx_word' id='word_1_255' title='bbox 1684 918 1756 946; x_wconf 86' lang='lat' dir='ltr'><strong>dele-</strong></span> 
     </span>
    </p>
   </div>
   <div class='ocr_carea' id='block_1_37' title="bbox 124 967 1755 1012">
    <p class='ocr_par' dir='ltr' id='par_1_37' title="bbox 124 967 1755 1012">
     <span class='ocr_line' id='line_1_37' title="bbox 124 967 1755 1012; baseline -0.006 -10"><span class='ocrx_word' id='word_1_256' title='bbox 124 979 262 1003; x_wconf 82' lang='lat' dir='ltr'><strong>ctamenta</strong></span> <span class='ocrx_word' id='word_1_257' title='bbox 296 977 493 1006; x_wconf 80' lang='lat' dir='ltr'><strong>austerioribus</strong></span> <span class='ocrx_word' id='word_1_258' title='bbox 523 978 634 1006; x_wconf 90' lang='lat' dir='ltr'><strong>virtutis</strong></span> <span class='ocrx_word' id='word_1_259' title='bbox 667 977 899 1012; x_wconf 80' lang='lat' dir='ltr'><strong>increpationibus</strong></span> <span class='ocrx_word' id='word_1_260' title='bbox 938 983 1088 1004; x_wconf 85' lang='lat' dir='ltr'><strong>coercere:</strong></span> <span class='ocrx_word' id='word_1_261' title='bbox 1110 979 1139 1002; x_wconf 90' lang='lat' dir='ltr'><strong>ut</strong></span> <span class='ocrx_word' id='word_1_262' title='bbox 1163 975 1236 1002; x_wconf 93' lang='lat' dir='ltr'><strong>omni</strong></span> <span class='ocrx_word' id='word_1_263' title='bbox 1268 973 1380 1000; x_wconf 67' lang='lat' dir='ltr'><strong>luxuriae</strong></span> <span class='ocrx_word' id='word_1_264' title='bbox 1400 979 1480 1000; x_wconf 89' lang='lat' dir='ltr'><strong>sensu</strong></span> <span class='ocrx_word' id='word_1_265' title='bbox 1502 969 1594 1005; x_wconf 75' lang='lat' dir='ltr'><strong>fugato</strong></span> <span class='ocrx_word' id='word_1_266' title='bbox 1625 967 1755 1003; x_wconf 85' lang='lat' dir='ltr'><strong>propositi</strong></span> 
     </span>
    </p>
   </div>
   <div class='ocr_carea' id='block_1_38' title="bbox 123 1014 1755 1061">
    <p class='ocr_par' dir='ltr' id='par_1_38' title="bbox 123 1014 1755 1061">
     <span class='ocr_line' id='line_1_38' title="bbox 123 1014 1755 1061; baseline -0.005 -13"><span class='ocrx_word' id='word_1_267' title='bbox 123 1022 240 1049; x_wconf 83' lang='lat' dir='ltr'><strong>firmitas</strong></span> <span class='ocrx_word' id='word_1_268' title='bbox 262 1027 289 1050; x_wconf 91' lang='lat' dir='ltr'><strong>et</strong></span> <span class='ocrx_word' id='word_1_269' title='bbox 307 1025 460 1051; x_wconf 89' lang='lat' dir='ltr'><strong>constantia</strong></span> <span class='ocrx_word' id='word_1_270' title='bbox 479 1024 535 1061; x_wconf 74' lang='lat'><strong>(20)</strong></span> <span class='ocrx_word' id='word_1_271' title='bbox 548 1029 712 1060; x_wconf 87' lang='lat' dir='ltr'><strong>perseveret.</strong></span> <span class='ocrx_word' id='word_1_272' title='bbox 739 1024 859 1058; x_wconf 86' lang='lat' dir='ltr'><strong>Denique</strong></span> <span class='ocrx_word' id='word_1_273' title='bbox 882 1023 904 1050; x_wconf 91' lang='lat' dir='ltr'><strong>si</strong></span> <span class='ocrx_word' id='word_1_274' title='bbox 934 1021 1129 1049; x_wconf 90' lang='lat' dir='ltr'><strong>ernditioribus</strong></span> <span class='ocrx_word' id='word_1_275' title='bbox 1157 1020 1309 1055; x_wconf 87' lang='lat' dir='ltr'><strong>quibusque</strong></span> <span class='ocrx_word' id='word_1_276' title='bbox 1338 1018 1405 1045; x_wconf 88' lang='lat' dir='ltr'><strong>viris</strong></span> <span class='ocrx_word' id='word_1_277' title='bbox 1434 1022 1461 1043; x_wconf 90' lang='lat' dir='ltr'><strong>et</strong></span> <span class='ocrx_word' id='word_1_278' title='bbox 1480 1017 1506 1043; x_wconf 91' lang='lat' dir='ltr'><strong>in</strong></span> <span class='ocrx_word' id='word_1_279' title='bbox 1527 1016 1627 1043; x_wconf 88' lang='lat' dir='ltr'><strong>divinis</strong></span> <span class='ocrx_word' id='word_1_280' title='bbox 1648 1014 1755 1061; x_wconf 80' lang='lat' dir='ltr'><strong>institu-</strong></span> 
     </span>
    </p>
   </div>
   <div class='ocr_carea' id='block_1_39' title="bbox 123 1059 1755 1107">
    <p class='ocr_par' dir='ltr' id='par_1_39' title="bbox 123 1059 1755 1107">
     <span class='ocr_line' id='line_1_39' title="bbox 123 1059 1755 1107; baseline -0.006 -11"><span class='ocrx_word' id='word_1_281' title='bbox 123 1069 246 1098; x_wconf 73' lang='lat' dir='ltr'><strong>tionibus</strong></span> <span class='ocrx_word' id='word_1_282' title='bbox 265 1071 399 1100; x_wconf 90' lang='lat' dir='ltr'><strong>roboratis</strong></span> <span class='ocrx_word' id='word_1_283' title='bbox 414 1059 598 1107; x_wconf 77' lang='lat' dir='ltr'><strong>hujuscemodi</strong></span> <span class='ocrx_word' id='word_1_284' title='bbox 621 1073 792 1100; x_wconf 84' lang='lat' dir='ltr'><strong>irritamenta</strong></span> <span class='ocrx_word' id='word_1_285' title='bbox 812 1070 997 1106; x_wconf 68' lang='lat' dir='ltr'><strong>provenerint,</strong></span> <span class='ocrx_word' id='word_1_286' title='bbox 1024 1076 1158 1096; x_wconf 89' lang='lat' dir='ltr'><strong>memores</strong></span> <span class='ocrx_word' id='word_1_287' title='bbox 1186 1067 1315 1095; x_wconf 88' lang='lat' dir='ltr'><strong>continuo</strong></span> <span class='ocrx_word' id='word_1_288' title='bbox 1333 1066 1384 1099; x_wconf 88' lang='lat' dir='ltr'><strong>sui,</strong></span> <span class='ocrx_word' id='word_1_289' title='bbox 1403 1071 1434 1092; x_wconf 90' lang='lat' dir='ltr'><strong>ea</strong></span> <span class='ocrx_word' id='word_1_290' title='bbox 1457 1071 1517 1099; x_wconf 73' lang='lat' dir='ltr'><strong>qute</strong></span> <span class='ocrx_word' id='word_1_291' title='bbox 1534 1062 1641 1107; x_wconf 62' lang='lat' dir='ltr'><strong>dudum_</strong></span> <span class='ocrx_word' id='word_1_292' title='bbox 1667 1059 1755 1087; x_wconf 88' lang='lat' dir='ltr'><strong>Inedi-</strong></span> 
     </span>
    </p>
   </div>
   <div class='ocr_carea' id='block_1_40' title="bbox 123 1105 1755 1152">
    <p class='ocr_par' dir='ltr' id='par_1_40' title="bbox 123 1105 1755 1152">
     <span class='ocr_line' id='line_1_40' title="bbox 123 1105 1755 1152; baseline -0.007 -9"><span class='ocrx_word' id='word_1_293' title='bbox 123 1115 173 1143; x_wconf 73' lang='lat' dir='ltr'><strong>tati</strong></span> <span class='ocrx_word' id='word_1_294' title='bbox 187 1120 251 1143; x_wconf 81' lang='lat' dir='ltr'><strong>sunt</strong></span> <span class='ocrx_word' id='word_1_295' title='bbox 267 1121 293 1144; x_wconf 90' lang='lat' dir='ltr'><strong>et</strong></span> <span class='ocrx_word' id='word_1_296' title='bbox 305 1117 404 1152; x_wconf 88' lang='lat' dir='ltr'><strong>quibus</strong></span> <span class='ocrx_word' id='word_1_297' title='bbox 417 1105 516 1145; x_wconf 81' lang='lat' dir='ltr'><strong>eruditi</strong></span> <span class='ocrx_word' id='word_1_298' title='bbox 540 1123 614 1151; x_wconf 88' lang='lat' dir='ltr'><strong>sunt,</strong></span> <span class='ocrx_word' id='word_1_299' title='bbox 639 1118 664 1145; x_wconf 94' lang='lat' dir='ltr'><strong>in</strong></span> <span class='ocrx_word' id='word_1_300' title='bbox 689 1105 847 1144; x_wconf 75' lang='lat' dir='ltr'><strong>memoriam</strong></span> <span class='ocrx_word' id='word_1_301' title='bbox 877 1117 1049 1145; x_wconf 86' lang='lat' dir='ltr'><strong>revocantes,</strong></span> <span class='ocrx_word' id='word_1_302' title='bbox 1074 1117 1102 1140; x_wconf 84' lang='lat' dir='ltr'><strong>et</strong></span> <span class='ocrx_word' id='word_1_303' title='bbox 1128 1111 1272 1140; x_wconf 83' lang='lat' dir='ltr'><strong>sanctioris</strong></span> <span class='ocrx_word' id='word_1_304' title='bbox 1300 1110 1340 1143; x_wconf 68' lang='lat' dir='ltr'><strong>se!</strong></span> <span class='ocrx_word' id='word_1_305' title='bbox 1354 1108 1483 1137; x_wconf 60' lang='lat' dir='ltr'><strong>doctrinae</strong></span> <span class='ocrx_word' id='word_1_306' title='bbox 1498 1105 1669 1135; x_wconf 83' lang='lat' dir='ltr'><strong>adminiculis</strong></span> <span class='ocrx_word' id='word_1_307' title='bbox 1695 1113 1755 1132; x_wconf 89' lang='lat' dir='ltr'><strong>mu-</strong></span> 
     </span>
    </p>
   </div>
   <div class='ocr_carea' id='block_1_41' title="bbox 122 1153 1754 1200">
    <p class='ocr_par' dir='ltr' id='par_1_41' title="bbox 122 1153 1754 1200">
     <span class='ocr_line' id='line_1_41' title="bbox 122 1153 1754 1200; baseline -0.007 -10"><span class='ocrx_word' id='word_1_308' title='bbox 122 1164 242 1197; x_wconf 88' lang='lat' dir='ltr'><strong>nientes,</strong></span> <span class='ocrx_word' id='word_1_309' title='bbox 257 1169 388 1200; x_wconf 84' lang='lat' dir='ltr'><strong>respuunt</strong></span> <span class='ocrx_word' id='word_1_310' title='bbox 413 1172 446 1193; x_wconf 87' lang='lat' dir='ltr'><strong>ac</strong></span> <span class='ocrx_word' id='word_1_311' title='bbox 478 1165 605 1193; x_wconf 81' lang='lat' dir='ltr'><strong>refellunt</strong></span> <span class='ocrx_word' id='word_1_312' title='bbox 628 1173 737 1193; x_wconf 92' lang='lat' dir='ltr'><strong>omnem</strong></span> <span class='ocrx_word' id='word_1_313' title='bbox 760 1161 929 1192; x_wconf 86' lang='lat' dir='ltr'><strong>incitamenti</strong></span> <span class='ocrx_word' id='word_1_314' title='bbox 959 1161 1126 1194; x_wconf 89' lang='lat' dir='ltr'><strong>illecebram,</strong></span> <span class='ocrx_word' id='word_1_315' title='bbox 1150 1164 1231 1193; x_wconf 87' lang='lat' dir='ltr'><strong>atque</strong></span> <span class='ocrx_word' id='word_1_316' title='bbox 1252 1158 1380 1185; x_wconf 85' lang='lat' dir='ltr'><strong>adversas</strong></span> <span class='ocrx_word' id='word_1_317' title='bbox 1405 1154 1638 1190; x_wconf 85' lang='lat' dir='ltr'><strong>concupiscentias</strong></span> <span class='ocrx_word' id='word_1_318' title='bbox 1667 1153 1754 1180; x_wconf 71' lang='lat' dir='ltr'><strong>insitre</strong></span> 
     </span>
    </p>
   </div>
   <div class='ocr_carea' id='block_1_42' title="bbox 121 1211 638 1247">
    <p class='ocr_par' dir='ltr' id='par_1_42' title="bbox 121 1211 638 1247">
     <span class='ocr_line' id='line_1_42' title="bbox 121 1211 638 1247; baseline 0.002 -9"><span class='ocrx_word' id='word_1_319' title='bbox 121 1211 175 1238; x_wconf 76' lang='lat' dir='ltr'><strong>sibi</strong></span> <span class='ocrx_word' id='word_1_320' title='bbox 193 1211 308 1239; x_wconf 88' lang='lat' dir='ltr'><strong>rationis</strong></span> <span class='ocrx_word' id='word_1_321' title='bbox 321 1212 475 1246; x_wconf 88' lang='lat' dir='ltr'><strong>objectione</strong></span> <span class='ocrx_word' id='word_1_322' title='bbox 490 1212 638 1247; x_wconf 87' lang='lat' dir='ltr'><strong>depellunt.</strong></span> 
     </span>
    </p>
   </div>
   <div class='ocr_carea' id='block_1_43' title="bbox 158 1256 914 1293">
    <p class='ocr_par' dir='ltr' id='par_1_43' title="bbox 158 1256 914 1293">
     <span class='ocr_line' id='line_1_43' title="bbox 158 1256 914 1293; baseline 0.008 -11"><span class='ocrx_word' id='word_1_323' title='bbox 158 1256 196 1282; x_wconf 82' lang='grc' dir='ltr'><strong>Τὸ</strong></span> <span class='ocrx_word' id='word_1_324' title='bbox 209 1256 248 1288; x_wconf 83' lang='grc' dir='ltr'>δὲ,</span> <span class='ocrx_word' id='word_1_325' title='bbox 262 1256 466 1288; x_wconf 83' lang='grc' dir='ltr'>τούτων.οὗτως</span> <span class='ocrx_word' id='word_1_326' title='bbox 477 1258 543 1292; x_wconf 86' lang='grc' dir='ltr'>ἡμῖν</span> <span class='ocrx_word' id='word_1_327' title='bbox 551 1257 709 1293; x_wconf 82' lang='grc' dir='ltr'>γινομένων,</span> <span class='ocrx_word' id='word_1_328' title='bbox 718 1258 816 1291; x_wconf 77' lang='grc' dir='ltr'>ἔξωθεν</span> <span class='ocrx_word' id='word_1_329' title='bbox 826 1261 914 1288; x_wconf 77' lang='grc' dir='ltr'>αἱτιᾶ-</span> 
     </span>
    </p>
   </div>
   <div class='ocr_carea' id='block_1_44' title="bbox 122 1301 913 1342">
    <p class='ocr_par' dir='ltr' id='par_1_44' title="bbox 122 1301 913 1342">
     <span class='ocr_line' id='line_1_44' title="bbox 122 1301 913 1342; baseline 0.008 -15"><span class='ocrx_word' id='word_1_330' title='bbox 122 1301 205 1333; x_wconf 76' lang='grc' dir='ltr'>σθαι,</span> <span class='ocrx_word' id='word_1_331' title='bbox 233 1302 280 1328; x_wconf 72' lang='grc' dir='ltr'>καὶ</span> <span class='ocrx_word' id='word_1_332' title='bbox 306 1302 418 1333; x_wconf 79' lang='grc' dir='ltr'>ἑαυτοὺς</span> <span class='ocrx_word' id='word_1_333' title='bbox 443 1302 571 1330; x_wconf 84' lang='grc' dir='ltr'>ἀπολύειν</span> <span class='ocrx_word' id='word_1_334' title='bbox 597 1303 778 1340; x_wconf 78' lang='grc' dir='ltr'>ἐγκλήματος,</span> <span class='ocrx_word' id='word_1_335' title='bbox 805 1306 913 1342; x_wconf 80' lang='grc' dir='ltr'>ὁμοίους</span> 
     </span>
    </p>
   </div>
   <div class='ocr_carea' id='block_1_45' title="bbox 120 1348 913 1383">
    <p class='ocr_par' dir='ltr' id='par_1_45' title="bbox 120 1348 913 1383">
     <span class='ocr_line' id='line_1_45' title="bbox 120 1348 913 1383; baseline 0.008 -10"><span class='ocrx_word' id='word_1_336' title='bbox 120 1348 234 1379; x_wconf 72' lang='grc' dir='ltr'>ἑαυτοὺς</span> <span class='ocrx_word' id='word_1_337' title='bbox 245 1348 478 1382; x_wconf 79' lang='grc' dir='ltr'>ἀποφαινομένους</span> <span class='ocrx_word' id='word_1_338' title='bbox 490 1349 577 1381; x_wconf 84' lang='grc' dir='ltr'>ξύλοις</span> <span class='ocrx_word' id='word_1_339' title='bbox 590 1349 636 1376; x_wconf 68' lang='grc' dir='ltr'><strong>καὶ</strong></span> <span class='ocrx_word' id='word_1_340' title='bbox 650 1350 733 1383; x_wconf 85' lang='grc' dir='ltr'>λίθοις</span> <span class='ocrx_word' id='word_1_341' title='bbox 745 1351 913 1380; x_wconf 79' lang='grc' dir='ltr'>ἐλκυσθεῖσιν</span> 
     </span>
    </p>
   </div>
   <div class='ocr_carea' id='block_1_46' title="bbox 120 1393 912 1432">
    <p class='ocr_par' dir='ltr' id='par_1_46' title="bbox 120 1393 912 1432">
     <span class='ocr_line' id='line_1_46' title="bbox 120 1393 912 1432; baseline 0.006 -13"><span class='ocrx_word' id='word_1_342' title='bbox 120 1394 176 1420; x_wconf 82' lang='grc' dir='ltr'>ὑπὸ</span> <span class='ocrx_word' id='word_1_343' title='bbox 193 1393 247 1421; x_wconf 86' lang='grc' dir='ltr'><strong>τῶν</strong></span> <span class='ocrx_word' id='word_1_344' title='bbox 261 1393 359 1426; x_wconf 67' lang='grc' dir='ltr'>ἔξωθεν</span> <span class='ocrx_word' id='word_1_345' title='bbox 374 1394 443 1420; x_wconf 81' lang='grc' dir='ltr'>αὐτὰ</span> <span class='ocrx_word' id='word_1_346' title='bbox 458 1395 636 1430; x_wconf 84' lang='grc' dir='ltr'>κινησάντων,</span> <span class='ocrx_word' id='word_1_347' title='bbox 658 1397 707 1423; x_wconf 82' lang='grc' dir='ltr'>οὐκ</span> <span class='ocrx_word' id='word_1_348' title='bbox 729 1397 838 1432; x_wconf 84' lang='grc' dir='ltr'>ἀληθὲς,</span> <span class='ocrx_word' id='word_1_349' title='bbox 852 1398 912 1425; x_wconf 75' lang='grc' dir='ltr'>οὐδὲ</span> 
     </span>
    </p>
   </div>
   <div class='ocr_carea' id='block_1_47' title="bbox 120 1438 911 1478">
    <p class='ocr_par' dir='ltr' id='par_1_47' title="bbox 120 1438 911 1478">
     <span class='ocr_line' id='line_1_47' title="bbox 120 1438 911 1478; baseline 0.006 -14"><span class='ocrx_word' id='word_1_350' title='bbox 120 1438 273 1473; x_wconf 76' lang='grc' dir='ltr'>εὔγνωμον,</span> <span class='ocrx_word' id='word_1_351' title='bbox 289 1439 450 1474; x_wconf 81' lang='grc' dir='ltr'>βουλομένου</span> <span class='ocrx_word' id='word_1_352' title='bbox 466 1448 496 1465; x_wconf 90' lang='grc' dir='ltr'><strong>τε</strong></span> <span class='ocrx_word' id='word_1_353' title='bbox 511 1439 588 1474; x_wconf 81' lang='grc' dir='ltr'>λόγος</span> <span class='ocrx_word' id='word_1_354' title='bbox 605 1440 679 1467; x_wconf 74' lang='grc' dir='ltr'>ἐστὶν</span> <span class='ocrx_word' id='word_1_355' title='bbox 697 1442 711 1468; x_wconf 84' lang='grc' dir='ltr'>ὁ</span> <span class='ocrx_word' id='word_1_356' title='bbox 721 1441 841 1474; x_wconf 86' lang='grc' dir='ltr'>τοιοῦτος</span> <span class='ocrx_word' id='word_1_357' title='bbox 862 1443 911 1478; x_wconf 87' lang='grc' dir='ltr'>τὴν</span> 
     </span>
    </p>
   </div>
   <div class='ocr_carea' id='block_1_48' title="bbox 119 1483 911 1522">
    <p class='ocr_par' dir='ltr' id='par_1_48' title="bbox 119 1483 911 1522">
     <span class='ocr_line' id='line_1_48' title="bbox 119 1483 911 1522; baseline 0.005 -13"><span class='ocrx_word' id='word_1_358' title='bbox 119 1484 228 1510; x_wconf 69' lang='grc' dir='ltr'>ἔννοιαν</span> <span class='ocrx_word' id='word_1_359' title='bbox 238 1483 286 1510; x_wconf 84' lang='grc' dir='ltr'>τοῦ</span> <span class='ocrx_word' id='word_1_360' title='bbox 300 1484 472 1516; x_wconf 79' lang='grc' dir='ltr'>αὐτεξουσίου</span> <span class='ocrx_word' id='word_1_361' title='bbox 486 1485 716 1520; x_wconf 86' lang='grc' dir='ltr'>παραχαράττειν.</span> <span class='ocrx_word' id='word_1_362' title='bbox 733 1486 765 1512; x_wconf 77' lang='grc' dir='ltr'><strong>Εἰ</strong></span> <span class='ocrx_word' id='word_1_363' title='bbox 788 1487 843 1522; x_wconf 88' lang='grc' dir='ltr'>γὰρ</span> <span class='ocrx_word' id='word_1_364' title='bbox 860 1496 911 1514; x_wconf 87' lang='grc' dir='ltr'>πυ-</span> 
     </span>
    </p>
   </div>
   <div class='ocr_carea' id='block_1_49' title="bbox 119 1528 909 1566">
    <p class='ocr_par' dir='ltr' id='par_1_49' title="bbox 119 1528 909 1566">
     <span class='ocr_line' id='line_1_49' title="bbox 119 1528 909 1566; baseline 0.006 -11"><span class='ocrx_word' id='word_1_365' title='bbox 119 1528 235 1564; x_wconf 85' lang='grc' dir='ltr'>θοίμεθα</span> <span class='ocrx_word' id='word_1_366' title='bbox 246 1529 328 1556; x_wconf 77' lang='grc' dir='ltr'>αὑτοῦ</span> <span class='ocrx_word' id='word_1_367' title='bbox 352 1530 378 1556; x_wconf 84' lang='grc' dir='ltr'><strong>τι</strong></span> <span class='ocrx_word' id='word_1_368' title='bbox 388 1528 421 1565; x_wconf 82' lang='grc' dir='ltr'>ἦν</span> <span class='ocrx_word' id='word_1_369' title='bbox 432 1530 462 1556; x_wconf 84' lang='grc' dir='ltr'>τὸ</span> <span class='ocrx_word' id='word_1_370' title='bbox 476 1530 658 1562; x_wconf 77' lang='grc' dir='ltr'>αὐτεξούσιον,</span> <span class='ocrx_word' id='word_1_371' title='bbox 673 1531 746 1566; x_wconf 82' lang='grc' dir='ltr'>λέγοι</span> <span class='ocrx_word' id='word_1_372' title='bbox 764 1532 811 1564; x_wconf 82' lang='grc' dir='ltr'>ἂν,</span> <span class='ocrx_word' id='word_1_373' title='bbox 828 1533 869 1559; x_wconf 72' lang='grc' dir='ltr'>ὅτι</span> <span class='ocrx_word' id='word_1_374' title='bbox 885 1534 909 1559; x_wconf 86' lang='grc' dir='ltr'><strong>εί</strong></span> 
     </span>
    </p>
   </div>
   <div class='ocr_carea' id='block_1_50' title="bbox 120 1574 909 1613">
    <p class='ocr_par' dir='ltr' id='par_1_50' title="bbox 120 1574 909 1613">
     <span class='ocr_line' id='line_1_50' title="bbox 120 1574 909 1613; baseline 0.004 -12"><span class='ocrx_word' id='word_1_375' title='bbox 120 1575 207 1610; x_wconf 81' lang='grc' dir='ltr'>μηδὲν</span> <span class='ocrx_word' id='word_1_376' title='bbox 220 1575 274 1602; x_wconf 85' lang='grc' dir='ltr'><strong>τῶν</strong></span> <span class='ocrx_word' id='word_1_377' title='bbox 291 1574 389 1607; x_wconf 74' lang='grc' dir='ltr'>ἔξωθεν</span> <span class='ocrx_word' id='word_1_378' title='bbox 403 1576 520 1610; x_wconf 82' lang='grc' dir='ltr'>ἀπήντα,</span> <span class='ocrx_word' id='word_1_379' title='bbox 538 1576 605 1612; x_wconf 81' lang='grc' dir='ltr'>ἐμοῦ</span> <span class='ocrx_word' id='word_1_380' title='bbox 615 1577 674 1603; x_wconf 86' lang='grc' dir='ltr'>τόδε</span> <span class='ocrx_word' id='word_1_381' title='bbox 690 1586 715 1603; x_wconf 88' lang='grc' dir='ltr'><strong>τι</strong></span> <span class='ocrx_word' id='word_1_382' title='bbox 729 1577 909 1613; x_wconf 81' lang='grc' dir='ltr'>προθεμένου,</span> 
     </span>
    </p>
   </div>
   <div class='ocr_carea' id='block_1_51' title="bbox 117 1620 912 1658">
    <p class='ocr_par' dir='ltr' id='par_1_51' title="bbox 117 1620 912 1658">
     <span class='ocr_line' id='line_1_51' title="bbox 117 1620 912 1658; baseline 0.005 -11"><span class='ocrx_word' id='word_1_383' title='bbox 117 1620 151 1647; x_wconf 69' lang='grc' dir='ltr'>τὸ</span> <span class='ocrx_word' id='word_1_384' title='bbox 162 1621 209 1647; x_wconf 66' lang='grc' dir='ltr'><strong>ἐπὶ</strong></span> <span class='ocrx_word' id='word_1_385' title='bbox 222 1621 252 1647; x_wconf 77' lang='grc' dir='ltr'>τὸ</span> <span class='ocrx_word' id='word_1_386' title='bbox 275 1622 395 1648; x_wconf 75' lang='grc' dir='ltr'>ἐναντίον</span> <span class='ocrx_word' id='word_1_387' title='bbox 413 1622 642 1658; x_wconf 84' lang='grc' dir='ltr'>προκαλούμενον.</span> <span class='ocrx_word' id='word_1_388' title='bbox 665 1623 749 1650; x_wconf 83' lang='grc' dir='ltr'>Πάλιν</span> <span class='ocrx_word' id='word_1_389' title='bbox 767 1632 796 1654; x_wconf 75' lang='grc' dir='ltr'><strong>τε</strong></span> <span class='ocrx_word' id='word_1_390' title='bbox 817 1621 851 1650; x_wconf 86' lang='grc' dir='ltr'>αὖ</span> <span class='ocrx_word' id='word_1_391' title='bbox 867 1624 912 1658; x_wconf 84' lang='grc' dir='ltr'><strong>ψι-</strong></span> 
     </span>
    </p>
   </div>
   <div class='ocr_carea' id='block_1_52' title="bbox 1003 1254 1753 1294">
    <p class='ocr_par' dir='ltr' id='par_1_52' title="bbox 1003 1254 1753 1294">
     <span class='ocr_line' id='line_1_52' title="bbox 1003 1254 1753 1294; baseline -0.011 -6"><span class='ocrx_word' id='word_1_392' title='bbox 1003 1261 1031 1288; x_wconf 84' lang='grc'><strong>5.</strong></span> <span class='ocrx_word' id='word_1_393' title='bbox 1046 1260 1112 1288; x_wconf 88' lang='lat' dir='ltr'><strong>Cum</strong></span> <span class='ocrx_word' id='word_1_394' title='bbox 1129 1266 1193 1294; x_wconf 81' lang='lat' dir='ltr'><strong>ergo</strong></span> <span class='ocrx_word' id='word_1_395' title='bbox 1213 1259 1270 1286; x_wconf 70' lang='lat' dir='ltr'><strong>ham</strong></span> <span class='ocrx_word' id='word_1_396' title='bbox 1290 1258 1328 1285; x_wconf 91' lang='lat' dir='ltr'><strong>ita</strong></span> <span class='ocrx_word' id='word_1_397' title='bbox 1350 1264 1410 1285; x_wconf 90' lang='lat' dir='ltr'><strong>esse</strong></span> <span class='ocrx_word' id='word_1_398' title='bbox 1437 1255 1605 1282; x_wconf 89' lang='lat' dir='ltr'><strong>naturalibus</strong></span> <span class='ocrx_word' id='word_1_399' title='bbox 1620 1254 1753 1289; x_wconf 86' lang='lat' dir='ltr'><strong>quodam-</strong></span> 
     </span>
    </p>
   </div>
   <div class='ocr_carea' id='block_1_53' title="bbox 967 1301 1755 1338">
    <p class='ocr_par' dir='ltr' id='par_1_53' title="bbox 967 1301 1755 1338">
     <span class='ocr_line' id='line_1_53' title="bbox 967 1301 1755 1338; baseline -0.01 -4"><span class='ocrx_word' id='word_1_400' title='bbox 967 1307 1047 1334; x_wconf 88' lang='lat' dir='ltr'><strong>modo</strong></span> <span class='ocrx_word' id='word_1_401' title='bbox 1063 1305 1224 1333; x_wconf 82' lang='lat' dir='ltr'><strong>testimoniis</strong></span> <span class='ocrx_word' id='word_1_402' title='bbox 1239 1302 1459 1338; x_wconf 89' lang='lat' dir='ltr'><strong>comprobentur,</strong></span> <span class='ocrx_word' id='word_1_403' title='bbox 1475 1301 1608 1336; x_wconf 91' lang='lat' dir='ltr'><strong>quomodo</strong></span> <span class='ocrx_word' id='word_1_404' title='bbox 1631 1307 1683 1327; x_wconf 90' lang='lat' dir='ltr'><strong>non</strong></span> <span class='ocrx_word' id='word_1_405' title='bbox 1708 1308 1755 1327; x_wconf 82' lang='lat' dir='ltr'><strong>su-</strong></span> 
     </span>
    </p>
   </div>
   <div class='ocr_carea' id='block_1_54' title="bbox 966 1349 1754 1386">
    <p class='ocr_par' dir='ltr' id='par_1_54' title="bbox 966 1349 1754 1386">
     <span class='ocr_line' id='line_1_54' title="bbox 966 1349 1754 1386; baseline -0.008 -7"><span class='ocrx_word' id='word_1_406' title='bbox 966 1351 1096 1385; x_wconf 80' lang='lat' dir='ltr'><strong>perfluunt</strong></span> <span class='ocrx_word' id='word_1_407' title='bbox 1114 1356 1155 1378; x_wconf 85' lang='lat' dir='ltr'><strong>est</strong></span> <span class='ocrx_word' id='word_1_408' title='bbox 1170 1354 1308 1386; x_wconf 75' lang='lat' dir='ltr'><strong>gestorum</strong></span> <span class='ocrx_word' id='word_1_409' title='bbox 1325 1354 1482 1376; x_wconf 89' lang='lat' dir='ltr'><strong>nostrorum</strong></span> <span class='ocrx_word' id='word_1_410' title='bbox 1495 1349 1631 1375; x_wconf 88' lang='lat' dir='ltr'><strong>causasad</strong></span> <span class='ocrx_word' id='word_1_411' title='bbox 1648 1355 1677 1375; x_wconf 87' lang='lat' dir='ltr'><strong>ea</strong></span> <span class='ocrx_word' id='word_1_412' title='bbox 1694 1355 1754 1382; x_wconf 63' lang='lat' dir='ltr'><strong>quae</strong></span> 
     </span>
    </p>
   </div>
   <div class='ocr_carea' id='block_1_55' title="bbox 966 1394 1754 1430">
    <p class='ocr_par' dir='ltr' id='par_1_55' title="bbox 966 1394 1754 1430">
     <span class='ocr_line' id='line_1_55' title="bbox 966 1394 1754 1430; baseline -0.004 -6"><span class='ocrx_word' id='word_1_413' title='bbox 966 1397 1135 1425; x_wconf 87' lang='lat' dir='ltr'><strong>extrinsecus</strong></span> <span class='ocrx_word' id='word_1_414' title='bbox 1162 1396 1296 1428; x_wconf 87' lang='lat' dir='ltr'><strong>incidunt,</strong></span> <span class='ocrx_word' id='word_1_415' title='bbox 1324 1394 1474 1430; x_wconf 86' lang='lat' dir='ltr'><strong>retorqueri</strong></span> <span class='ocrx_word' id='word_1_416' title='bbox 1495 1394 1563 1430; x_wconf 73' lang='grc'><strong>(21),</strong></span> <span class='ocrx_word' id='word_1_417' title='bbox 1584 1399 1611 1421; x_wconf 91' lang='lat' dir='ltr'><strong>et</strong></span> <span class='ocrx_word' id='word_1_418' title='bbox 1633 1401 1648 1420; x_wconf 90' lang='lat' dir='ltr'><strong>a</strong></span> <span class='ocrx_word' id='word_1_419' title='bbox 1675 1394 1754 1421; x_wconf 86' lang='lat' dir='ltr'><strong>nobis</strong></span> 
     </span>
    </p>
   </div>
   <div class='ocr_carea' id='block_1_56' title="bbox 963 1439 1754 1477">
    <p class='ocr_par' dir='ltr' id='par_1_56' title="bbox 963 1439 1754 1477">
     <span class='ocr_line' id='line_1_56' title="bbox 963 1439 1754 1477; baseline -0.005 -7"><span class='ocrx_word' id='word_1_420' title='bbox 963 1443 1080 1477; x_wconf 84' lang='lat' dir='ltr'><strong>culpam,</strong></span> <span class='ocrx_word' id='word_1_421' title='bbox 1098 1443 1123 1469; x_wconf 94' lang='lat' dir='ltr'><strong>in</strong></span> <span class='ocrx_word' id='word_1_422' title='bbox 1139 1442 1237 1476; x_wconf 91' lang='lat' dir='ltr'><strong>quibus</strong></span> <span class='ocrx_word' id='word_1_423' title='bbox 1252 1441 1341 1468; x_wconf 92' lang='lat' dir='ltr'><strong>omnis</strong></span> <span class='ocrx_word' id='word_1_424' title='bbox 1365 1447 1444 1467; x_wconf 87' lang='lat' dir='ltr'><strong>causa</strong></span> <span class='ocrx_word' id='word_1_425' title='bbox 1469 1444 1522 1473; x_wconf 89' lang='lat' dir='ltr'><strong>est,</strong></span> <span class='ocrx_word' id='word_1_426' title='bbox 1542 1439 1686 1472; x_wconf 86' lang='lat' dir='ltr'><strong>removeri,</strong></span> <span class='ocrx_word' id='word_1_427' title='bbox 1702 1440 1754 1466; x_wconf 90' lang='lat' dir='ltr'><strong>hoc</strong></span> 
     </span>
    </p>
   </div>
   <div class='ocr_carea' id='block_1_57' title="bbox 963 1485 1750 1521">
    <p class='ocr_par' dir='ltr' id='par_1_57' title="bbox 963 1485 1750 1521">
     <span class='ocr_line' id='line_1_57' title="bbox 963 1485 1750 1521; baseline -0.005 -6"><span class='ocrx_word' id='word_1_428' title='bbox 963 1493 1005 1515; x_wconf 89' lang='lat' dir='ltr'><strong>est</strong></span> <span class='ocrx_word' id='word_1_429' title='bbox 1019 1488 1110 1514; x_wconf 89' lang='lat' dir='ltr'><strong>dicere</strong></span> <span class='ocrx_word' id='word_1_430' title='bbox 1118 1487 1221 1514; x_wconf 89' lang='lat' dir='ltr'><strong>similes</strong></span> <span class='ocrx_word' id='word_1_431' title='bbox 1234 1494 1283 1513; x_wconf 89' lang='lat' dir='ltr'><strong>nos</strong></span> <span class='ocrx_word' id='word_1_432' title='bbox 1293 1493 1354 1513; x_wconf 89' lang='lat' dir='ltr'><strong>esse</strong></span> <span class='ocrx_word' id='word_1_433' title='bbox 1367 1486 1447 1521; x_wconf 78' lang='lat' dir='ltr'><strong>lignis</strong></span> <span class='ocrx_word' id='word_1_434' title='bbox 1463 1486 1505 1512; x_wconf 94' lang='lat' dir='ltr'><strong>vel</strong></span> <span class='ocrx_word' id='word_1_435' title='bbox 1522 1485 1657 1520; x_wconf 83' lang='lat' dir='ltr'><strong>lapidibus</strong></span> <span class='ocrx_word' id='word_1_436' title='bbox 1673 1485 1750 1519; x_wconf 93' lang='lat'><strong>111</strong></span> 
     </span>
    </p>
   </div>
   <div class='ocr_carea' id='block_1_58' title="bbox 963 1531 1745 1566">
    <p class='ocr_par' dir='ltr' id='par_1_58' title="bbox 963 1531 1745 1566">
     <span class='ocr_line' id='line_1_58' title="bbox 963 1531 1745 1566; baseline -0.003 -8"><span class='ocrx_word' id='word_1_437' title='bbox 963 1540 1022 1566; x_wconf 63' lang='lat' dir='ltr'><strong>quae</strong></span> <span class='ocrx_word' id='word_1_438' title='bbox 1037 1533 1106 1558; x_wconf 84' lang='lat' dir='ltr'><strong>intra</strong></span> <span class='ocrx_word' id='word_1_439' title='bbox 1124 1539 1153 1559; x_wconf 89' lang='lat' dir='ltr'><strong>se</strong></span> <span class='ocrx_word' id='word_1_440' title='bbox 1168 1532 1276 1566; x_wconf 87' lang='lat' dir='ltr'><strong>quidem</strong></span> <span class='ocrx_word' id='word_1_441' title='bbox 1290 1531 1390 1558; x_wconf 89' lang='lat' dir='ltr'><strong>nulhtm</strong></span> <span class='ocrx_word' id='word_1_442' title='bbox 1407 1532 1506 1558; x_wconf 89' lang='lat' dir='ltr'><strong>habent</strong></span> <span class='ocrx_word' id='word_1_443' title='bbox 1519 1535 1633 1562; x_wconf 83' lang='lat' dir='ltr'><strong>motum,</strong></span> <span class='ocrx_word' id='word_1_444' title='bbox 1648 1538 1745 1557; x_wconf 86' lang='lat' dir='ltr'><strong>causas</strong></span> 
     </span>
    </p>
   </div>
   <div class='ocr_carea' id='block_1_59' title="bbox 964 1577 1750 1611">
    <p class='ocr_par' dir='ltr' id='par_1_59' title="bbox 964 1577 1750 1611">
     <span class='ocr_line' id='line_1_59' title="bbox 964 1577 1750 1611; baseline -0.003 -6"><span class='ocrx_word' id='word_1_445' title='bbox 964 1583 1053 1605; x_wconf 87' lang='lat' dir='ltr'><strong>autem</strong></span> <span class='ocrx_word' id='word_1_446' title='bbox 1072 1583 1160 1605; x_wconf 90' lang='lat' dir='ltr'><strong>motus</strong></span> <span class='ocrx_word' id='word_1_447' title='bbox 1177 1579 1217 1605; x_wconf 83' lang='lat' dir='ltr'><strong>sui</strong></span> <span class='ocrx_word' id='word_1_448' title='bbox 1232 1578 1402 1605; x_wconf 78' lang='lat' dir='ltr'><strong>extrinsecus</strong></span> <span class='ocrx_word' id='word_1_449' title='bbox 1423 1577 1578 1611; x_wconf 84' lang='lat' dir='ltr'><strong>patiuntur?</strong></span> <span class='ocrx_word' id='word_1_450' title='bbox 1601 1577 1678 1610; x_wconf 83' lang='lat' dir='ltr'><strong>Quod</strong></span> <span class='ocrx_word' id='word_1_451' title='bbox 1696 1577 1750 1603; x_wconf 87' lang='lat' dir='ltr'><strong>uti-</strong></span> 
     </span>
    </p>
   </div>
   <div class='ocr_carea' id='block_1_60' title="bbox 965 1623 1752 1657">
    <p class='ocr_par' dir='ltr' id='par_1_60' title="bbox 965 1623 1752 1657">
     <span class='ocr_line' id='line_1_60' title="bbox 965 1623 1752 1657; baseline -0.001 -7"><span class='ocrx_word' id='word_1_452' title='bbox 965 1631 1017 1657; x_wconf 86' lang='lat' dir='ltr'><strong>que</strong></span> <span class='ocrx_word' id='word_1_453' title='bbox 1031 1631 1081 1651; x_wconf 93' lang='lat' dir='ltr'><strong>nec</strong></span> <span class='ocrx_word' id='word_1_454' title='bbox 1098 1631 1162 1651; x_wconf 89' lang='lat' dir='ltr'><strong>vere</strong></span> <span class='ocrx_word' id='word_1_455' title='bbox 1174 1623 1285 1656; x_wconf 88' lang='lat' dir='ltr'><strong>dicitur,</strong></span> <span class='ocrx_word' id='word_1_456' title='bbox 1300 1631 1349 1651; x_wconf 91' lang='lat' dir='ltr'><strong>nec</strong></span> <span class='ocrx_word' id='word_1_457' title='bbox 1363 1624 1499 1655; x_wconf 89' lang='lat' dir='ltr'><strong>decenter,</strong></span> <span class='ocrx_word' id='word_1_458' title='bbox 1520 1623 1565 1651; x_wconf 90' lang='lat' dir='ltr'><strong>sed</strong></span> <span class='ocrx_word' id='word_1_459' title='bbox 1587 1624 1620 1650; x_wconf 89' lang='lat' dir='ltr'><strong>ad</strong></span> <span class='ocrx_word' id='word_1_460' title='bbox 1640 1623 1692 1650; x_wconf 90' lang='lat' dir='ltr'><strong>hoc</strong></span> <span class='ocrx_word' id='word_1_461' title='bbox 1705 1630 1752 1650; x_wconf 88' lang='lat' dir='ltr'><strong>so—</strong></span> 
     </span>
    </p>
   </div>
   <div class='ocr_carea' id='block_1_61' title="bbox 119 1666 898 1710">
    <p class='ocr_par' dir='ltr' id='par_1_61' title="bbox 119 1666 898 1704">
     <span class='ocr_line' id='line_1_61' title="bbox 119 1666 898 1704; baseline 0.004 -12"><span class='ocrx_word' id='word_1_462' title='bbox 119 1666 169 1701; x_wconf 77' lang='grc' dir='ltr'><strong>λὴν</strong></span> <span class='ocrx_word' id='word_1_463' title='bbox 181 1666 229 1702; x_wconf 82' lang='grc' dir='ltr'><strong>τὴν</strong></span> <span class='ocrx_word' id='word_1_464' title='bbox 241 1667 413 1702; x_wconf 79' lang='grc' dir='ltr'>κατασκευὴν</span> <span class='ocrx_word' id='word_1_465' title='bbox 430 1667 575 1700; x_wconf 75' lang='grc' dir='ltr'>αἰτιᾶσθαι,</span> <span class='ocrx_word' id='word_1_466' title='bbox 589 1668 663 1703; x_wconf 74' lang='grc' dir='ltr'>παρὰ</span> <span class='ocrx_word' id='word_1_467' title='bbox 671 1668 700 1694; x_wconf 80' lang='grc' dir='ltr'>τὸ</span> <span class='ocrx_word' id='word_1_468' title='bbox 713 1669 826 1704; x_wconf 75' lang='grc' dir='ltr'>ἐναργές</span> <span class='ocrx_word' id='word_1_469' title='bbox 842 1670 898 1696; x_wconf 73' lang='grc' dir='ltr'>ἐστι</span> 
     </span>
    </p>
   </div>
   <div class='ocr_carea' id='block_1_62' title="bbox 997 1666 1752 1710">
    <p class='ocr_par' dir='ltr' id='par_1_62' title="bbox 997 1668 1752 1704">
     <span class='ocr_line' id='line_1_62' title="bbox 997 1668 1752 1704; baseline -0.003 -8"><span class='ocrx_word' id='word_1_470' title='bbox 997 1677 1018 1696; x_wconf 81' lang='lat' dir='ltr'><strong>in</strong></span> <span class='ocrx_word' id='word_1_471' title='bbox 1033 1669 1143 1703; x_wconf 78' lang='lat' dir='ltr'><strong>tingitur</strong></span> <span class='ocrx_word' id='word_1_472' title='bbox 1157 1675 1186 1696; x_wconf 86' lang='lat' dir='ltr'><strong>ut</strong></span> <span class='ocrx_word' id='word_1_473' title='bbox 1200 1669 1309 1696; x_wconf 87' lang='lat' dir='ltr'><strong>libertas</strong></span> <span class='ocrx_word' id='word_1_474' title='bbox 1329 1668 1434 1695; x_wconf 91' lang='lat' dir='ltr'><strong>arbitrii</strong></span> <span class='ocrx_word' id='word_1_475' title='bbox 1451 1669 1615 1704; x_wconf 76' lang='lat' dir='ltr'><strong>denegetur:</strong></span> <span class='ocrx_word' id='word_1_476' title='bbox 1633 1668 1685 1695; x_wconf 90' lang='lat' dir='ltr'><strong>nisi</strong></span> <span class='ocrx_word' id='word_1_477' title='bbox 1703 1676 1752 1702; x_wconf 87' lang='lat' dir='ltr'><strong>pu-</strong></span> 
     </span>
    </p>
   </div>
   <div class='ocr_carea' id='block_1_63' title="bbox 118 1711 908 1749">
    <p class='ocr_par' dir='ltr' id='par_1_63' title="bbox 118 1711 908 1749">
     <span class='ocr_line' id='line_1_63' title="bbox 118 1711 908 1749; baseline 0.004 -11"><span class='ocrx_word' id='word_1_478' title='bbox 118 1711 199 1746; x_wconf 84' lang='grc' dir='ltr'>λόγου</span> <span class='ocrx_word' id='word_1_479' title='bbox 227 1712 401 1739; x_wconf 78' lang='grc' dir='ltr'>παιδευτικοῦ</span> <span class='ocrx_word' id='word_1_480' title='bbox 433 1713 495 1745; x_wconf 79' lang='grc' dir='ltr'>τοὺς</span> <span class='ocrx_word' id='word_1_481' title='bbox 523 1714 740 1749; x_wconf 81' lang='grc' dir='ltr'>ἁκρατεστὲρους</span> <span class='ocrx_word' id='word_1_482' title='bbox 769 1715 815 1741; x_wconf 85' lang='grc' dir='ltr'>καὶ</span> <span class='ocrx_word' id='word_1_483' title='bbox 846 1715 908 1746; x_wconf 81' lang='grc' dir='ltr'>τοὺς</span> 
     </span>
    </p>
   </div>
   <div class='ocr_carea' id='block_1_64' title="bbox 118 1758 909 1795">
    <p class='ocr_par' dir='ltr' id='par_1_64' title="bbox 118 1758 909 1795">
     <span class='ocr_line' id='line_1_64' title="bbox 118 1758 909 1795; baseline 0.005 -12"><span class='ocrx_word' id='word_1_484' title='bbox 118 1758 306 1793; x_wconf 81' lang='grc' dir='ltr'>ἀγριωτάτους</span> <span class='ocrx_word' id='word_1_485' title='bbox 323 1758 589 1794; x_wconf 76' lang='grc' dir='ltr'>παραλαμϐάνοντος,</span> <span class='ocrx_word' id='word_1_486' title='bbox 601 1761 623 1786; x_wconf 75' lang='grc' dir='ltr'><strong>εί</strong></span> <span class='ocrx_word' id='word_1_487' title='bbox 638 1761 670 1795; x_wconf 85' lang='grc' dir='ltr'>τῇ</span> <span class='ocrx_word' id='word_1_488' title='bbox 681 1762 822 1795; x_wconf 85' lang='grc' dir='ltr'>προτροπῇ</span> <span class='ocrx_word' id='word_1_489' title='bbox 841 1769 909 1795; x_wconf 88' lang='grc' dir='ltr'>παρ-</span> 
     </span>
    </p>
   </div>
   <div class='ocr_carea' id='block_1_65' title="bbox 120 1803 908 1841">
    <p class='ocr_par' dir='ltr' id='par_1_65' title="bbox 120 1803 908 1841">
     <span class='ocr_line' id='line_1_65' title="bbox 120 1803 908 1841; baseline 0.005 -12"><span class='ocrx_word' id='word_1_490' title='bbox 120 1803 343 1839; x_wconf 75' lang='grc' dir='ltr'>ακολουθήσαιεν,</span> <span class='ocrx_word' id='word_1_491' title='bbox 368 1805 414 1831; x_wconf 73' lang='grc' dir='ltr'><strong>καὶ</strong></span> <span class='ocrx_word' id='word_1_492' title='bbox 434 1805 656 1839; x_wconf 75' lang='grc' dir='ltr'>μεταϐάλλοντος,</span> <span class='ocrx_word' id='word_1_493' title='bbox 671 1805 741 1832; x_wconf 80' lang='grc' dir='ltr'>ὥστε</span> <span class='ocrx_word' id='word_1_494' title='bbox 757 1806 832 1841; x_wconf 83' lang='grc' dir='ltr'>παρὰ</span> <span class='ocrx_word' id='word_1_495' title='bbox 842 1806 908 1833; x_wconf 74' lang='grc' dir='ltr'>πολὺ</span> 
     </span>
    </p>
   </div>
   <div class='ocr_carea' id='block_1_66' title="bbox 118 1848 909 1886">
    <p class='ocr_par' dir='ltr' id='par_1_66' title="bbox 118 1848 909 1886">
     <span class='ocr_line' id='line_1_66' title="bbox 118 1848 909 1886; baseline 0.005 -12"><span class='ocrx_word' id='word_1_496' title='bbox 118 1848 261 1882; x_wconf 82' lang='grc' dir='ltr'>γεγονέναι</span> <span class='ocrx_word' id='word_1_497' title='bbox 271 1849 321 1884; x_wconf 82' lang='grc' dir='ltr'>τὴν</span> <span class='ocrx_word' id='word_1_498' title='bbox 339 1849 443 1885; x_wconf 86' lang='grc' dir='ltr'>τροπὴν</span> <span class='ocrx_word' id='word_1_499' title='bbox 460 1850 506 1876; x_wconf 76' lang='grc' dir='ltr'><strong>καὶ</strong></span> <span class='ocrx_word' id='word_1_500' title='bbox 521 1850 571 1885; x_wconf 86' lang='grc' dir='ltr'><strong>τὴν</strong></span> <span class='ocrx_word' id='word_1_501' title='bbox 586 1850 631 1876; x_wconf 73' lang='grc' dir='ltr'>ἐπὶ</span> <span class='ocrx_word' id='word_1_502' title='bbox 646 1850 676 1876; x_wconf 82' lang='grc' dir='ltr'>τὸ</span> <span class='ocrx_word' id='word_1_503' title='bbox 690 1852 813 1886; x_wconf 87' lang='grc' dir='ltr'>κρεῖττον</span> <span class='ocrx_word' id='word_1_504' title='bbox 827 1860 909 1886; x_wconf 85' lang='grc' dir='ltr'>μετοι-</span> 
     </span>
    </p>
   </div>
   <div class='ocr_carea' id='block_1_67' title="bbox 120 1893 908 1931">
    <p class='ocr_par' dir='ltr' id='par_1_67' title="bbox 120 1893 908 1931">
     <span class='ocr_line' id='line_1_67' title="bbox 120 1893 908 1931; baseline 0.004 -11"><span class='ocrx_word' id='word_1_505' title='bbox 120 1893 212 1930; x_wconf 75' lang='grc' dir='ltr'>ϐολὴν,</span> <span class='ocrx_word' id='word_1_506' title='bbox 230 1894 361 1926; x_wconf 81' lang='grc' dir='ltr'>πολλάκις</span> <span class='ocrx_word' id='word_1_507' title='bbox 372 1895 425 1921; x_wconf 86' lang='grc' dir='ltr'><strong>τῶν</strong></span> <span class='ocrx_word' id='word_1_508' title='bbox 442 1895 663 1923; x_wconf 82' lang='grc' dir='ltr'>ἀκολαστοτάτων</span> <span class='ocrx_word' id='word_1_509' title='bbox 673 1896 816 1931; x_wconf 83' lang='grc' dir='ltr'>βελτιόνων</span> <span class='ocrx_word' id='word_1_510' title='bbox 833 1906 908 1931; x_wconf 77' lang='grc' dir='ltr'>γενο-</span> 
     </span>
    </p>
   </div>
   <div class='ocr_carea' id='block_1_68' title="bbox 965 1714 1750 1750">
    <p class='ocr_par' dir='ltr' id='par_1_68' title="bbox 965 1714 1750 1750">
     <span class='ocr_line' id='line_1_68' title="bbox 965 1714 1750 1750; baseline -0.003 -8"><span class='ocrx_word' id='word_1_511' title='bbox 965 1719 1052 1742; x_wconf 88' lang='lat' dir='ltr'><strong>lemus</strong></span> <span class='ocrx_word' id='word_1_512' title='bbox 1067 1715 1103 1741; x_wconf 87' lang='lat' dir='ltr'><strong>ita</strong></span> <span class='ocrx_word' id='word_1_513' title='bbox 1117 1715 1224 1742; x_wconf 79' lang='lat' dir='ltr'><strong>demtum</strong></span> <span class='ocrx_word' id='word_1_514' title='bbox 1237 1722 1316 1750; x_wconf 86' lang='lat' dir='ltr'><strong>posse</strong></span> <span class='ocrx_word' id='word_1_515' title='bbox 1328 1720 1454 1742; x_wconf 87' lang='lat' dir='ltr'><strong>constare</strong></span> <span class='ocrx_word' id='word_1_516' title='bbox 1468 1715 1571 1741; x_wconf 87' lang='lat' dir='ltr'><strong>arbitrii</strong></span> <span class='ocrx_word' id='word_1_517' title='bbox 1584 1714 1750 1747; x_wconf 85' lang='lat' dir='ltr'><strong>libertatem,</strong></span> 
     </span>
    </p>
   </div>
   <div class='ocr_carea' id='block_1_69' title="bbox 962 1760 1751 1795">
    <p class='ocr_par' dir='ltr' id='par_1_69' title="bbox 962 1760 1751 1795">
     <span class='ocr_line' id='line_1_69' title="bbox 962 1760 1751 1795; baseline -0.003 -7"><span class='ocrx_word' id='word_1_518' title='bbox 962 1762 984 1789; x_wconf 93' lang='lat' dir='ltr'><strong>si</strong></span> <span class='ocrx_word' id='word_1_519' title='bbox 1002 1761 1069 1788; x_wconf 87' lang='lat' dir='ltr'><strong>nihil</strong></span> <span class='ocrx_word' id='word_1_520' title='bbox 1083 1761 1118 1788; x_wconf 89' lang='lat' dir='ltr'><strong>sit</strong></span> <span class='ocrx_word' id='word_1_521' title='bbox 1137 1761 1207 1795; x_wconf 88' lang='lat' dir='ltr'><strong>quod</strong></span> <span class='ocrx_word' id='word_1_522' title='bbox 1229 1769 1280 1788; x_wconf 90' lang='lat' dir='ltr'><strong>nos</strong></span> <span class='ocrx_word' id='word_1_523' title='bbox 1302 1760 1472 1788; x_wconf 87' lang='lat' dir='ltr'><strong>extrinsecus</strong></span> <span class='ocrx_word' id='word_1_524' title='bbox 1496 1760 1619 1788; x_wconf 91' lang='lat' dir='ltr'><strong>incidens</strong></span> <span class='ocrx_word' id='word_1_525' title='bbox 1633 1760 1666 1787; x_wconf 88' lang='lat' dir='ltr'><strong>ad</strong></span> <span class='ocrx_word' id='word_1_526' title='bbox 1680 1761 1751 1788; x_wconf 87' lang='lat' dir='ltr'><strong>bona</strong></span> 
     </span>
    </p>
   </div>
   <div class='ocr_carea' id='block_1_70' title="bbox 962 1806 1749 1841">
    <p class='ocr_par' dir='ltr' id='par_1_70' title="bbox 962 1806 1749 1841">
     <span class='ocr_line' id='line_1_70' title="bbox 962 1806 1749 1841; baseline -0.001 -8"><span class='ocrx_word' id='word_1_527' title='bbox 962 1811 1088 1841; x_wconf 89' lang='lat' dir='ltr'><strong>provocet</strong></span> <span class='ocrx_word' id='word_1_528' title='bbox 1112 1811 1159 1833; x_wconf 87' lang='lat' dir='ltr'><strong>aut</strong></span> <span class='ocrx_word' id='word_1_529' title='bbox 1181 1807 1214 1833; x_wconf 91' lang='lat' dir='ltr'><strong>ad</strong></span> <span class='ocrx_word' id='word_1_530' title='bbox 1237 1806 1316 1834; x_wconf 91' lang='lat' dir='ltr'><strong>mala.</strong></span> <span class='ocrx_word' id='word_1_531' title='bbox 1344 1806 1372 1832; x_wconf 90' lang='lat' dir='ltr'><strong>Si</strong></span> <span class='ocrx_word' id='word_1_532' title='bbox 1394 1813 1458 1833; x_wconf 91' lang='lat' dir='ltr'><strong>vero</strong></span> <span class='ocrx_word' id='word_1_533' title='bbox 1471 1806 1532 1840; x_wconf 86' lang='lat' dir='ltr'><strong>quis</strong></span> <span class='ocrx_word' id='word_1_534' title='bbox 1548 1807 1582 1833; x_wconf 94' lang='lat' dir='ltr'><strong>ad</strong></span> <span class='ocrx_word' id='word_1_535' title='bbox 1600 1806 1749 1833; x_wconf 86' lang='lat' dir='ltr'><strong>naturalem</strong></span> 
     </span>
    </p>
   </div>
   <div class='ocr_carea' id='block_1_71' title="bbox 961 1851 1750 1886">
    <p class='ocr_par' dir='ltr' id='par_1_71' title="bbox 961 1851 1750 1886">
     <span class='ocr_line' id='line_1_71' title="bbox 961 1851 1750 1886; baseline -0.001 -7"><span class='ocrx_word' id='word_1_536' title='bbox 961 1853 1082 1886; x_wconf 91' lang='lat' dir='ltr'><strong>corporis</strong></span> <span class='ocrx_word' id='word_1_537' title='bbox 1099 1852 1284 1886; x_wconf 83' lang='lat' dir='ltr'><strong>intemperiem</strong></span> <span class='ocrx_word' id='word_1_538' title='bbox 1304 1851 1442 1885; x_wconf 87' lang='lat' dir='ltr'><strong>culparum</strong></span> <span class='ocrx_word' id='word_1_539' title='bbox 1458 1853 1539 1878; x_wconf 79' lang='lat' dir='ltr'><strong>refert</strong></span> <span class='ocrx_word' id='word_1_540' title='bbox 1558 1859 1666 1883; x_wconf 86' lang='lat' dir='ltr'><strong>causas,</strong></span> <span class='ocrx_word' id='word_1_541' title='bbox 1683 1859 1750 1879; x_wconf 92' lang='lat' dir='ltr'><strong>con-</strong></span> 
     </span>
    </p>
   </div>
   <div class='ocr_carea' id='block_1_72' title="bbox 964 1898 1747 1925">
    <p class='ocr_par' dir='ltr' id='par_1_72' title="bbox 964 1898 1747 1925">
     <span class='ocr_line' id='line_1_72' title="bbox 964 1898 1747 1925; baseline -0.001 0"><span class='ocrx_word' id='word_1_542' title='bbox 964 1902 1004 1924; x_wconf 89' lang='lat' dir='ltr'><strong>tra</strong></span> <span class='ocrx_word' id='word_1_543' title='bbox 1019 1898 1152 1925; x_wconf 82' lang='lat' dir='ltr'><strong>rationem</strong></span> <span class='ocrx_word' id='word_1_544' title='bbox 1175 1898 1201 1924; x_wconf 89' lang='lat' dir='ltr'><strong>id</strong></span> <span class='ocrx_word' id='word_1_545' title='bbox 1217 1905 1276 1925; x_wconf 88' lang='lat' dir='ltr'><strong>esse</strong></span> <span class='ocrx_word' id='word_1_546' title='bbox 1303 1899 1385 1925; x_wconf 89' lang='lat' dir='ltr'><strong>totius</strong></span> <span class='ocrx_word' id='word_1_547' title='bbox 1404 1898 1566 1925; x_wconf 87' lang='lat' dir='ltr'><strong>eruditlonis</strong></span> <span class='ocrx_word' id='word_1_548' title='bbox 1587 1898 1747 1925; x_wconf 88' lang='lat' dir='ltr'><strong>ostenditur.</strong></span> 
     </span>
    </p>
   </div>
   <div class='ocr_carea' id='block_1_73' title="bbox 740 1951 1139 1980">
    <p class='ocr_par' dir='ltr' id='par_1_73' title="bbox 740 1951 1139 1980">
     <span class='ocr_line' id='line_1_73' title="bbox 740 1951 1139 1980; baseline 0.008 -3"><span class='ocrx_word' id='word_1_549' title='bbox 740 1951 1021 1980; x_wconf 78' lang='lat' dir='ltr'><strong>INTERPRETATIO</strong></span> <span class='ocrx_word' id='word_1_550' title='bbox 1035 1953 1139 1980; x_wconf 83' lang='lat' dir='ltr'><strong>NOVA.</strong></span> 
     </span>
    </p>
   </div>
   <div class='ocr_carea' id='block_1_74' title="bbox 119 1993 1748 2036">
    <p class='ocr_par' dir='ltr' id='par_1_74' title="bbox 119 1993 1748 2036">
     <span class='ocr_line' id='line_1_74' title="bbox 119 1993 1748 2036; baseline 0.003 -15"><span class='ocrx_word' id='word_1_551' title='bbox 119 1995 170 2036; x_wconf 46' lang='lat' dir='ltr'><strong>sit,</strong></span> <span class='ocrx_word' id='word_1_552' title='bbox 183 1995 205 2021; x_wconf 89' lang='lat' dir='ltr'><strong>is</strong></span> <span class='ocrx_word' id='word_1_553' title='bbox 218 1995 246 2021; x_wconf 94' lang='lat' dir='ltr'><strong>in</strong></span> <span class='ocrx_word' id='word_1_554' title='bbox 260 2002 327 2036; x_wconf 70' lang='lat' dir='ltr'><strong>suos</strong></span> <span class='ocrx_word' id='word_1_555' title='bbox 340 1993 452 2036; x_wconf 71' lang='lat' dir='ltr'><strong>aﬁ‘ectus</strong></span> <span class='ocrx_word' id='word_1_556' title='bbox 467 2000 608 2036; x_wconf 56' lang='lat' dir='ltr'><strong>etminotus</strong></span> <span class='ocrx_word' id='word_1_557' title='bbox 631 1997 764 2028; x_wconf 81' lang='lat' dir='ltr'><strong>intendat;</strong></span> <span class='ocrx_word' id='word_1_558' title='bbox 778 2002 804 2024; x_wconf 90' lang='lat' dir='ltr'><strong>et</strong></span> <span class='ocrx_word' id='word_1_559' title='bbox 822 1998 913 2036; x_wconf 76' lang='lat' dir='ltr'><strong>videat</strong></span> <span class='ocrx_word' id='word_1_560' title='bbox 928 2007 960 2025; x_wconf 90' lang='lat' dir='ltr'><strong>an</strong></span> <span class='ocrx_word' id='word_1_561' title='bbox 974 2007 1027 2036; x_wconf 89' lang='lat' dir='ltr'><strong>non</strong></span> <span class='ocrx_word' id='word_1_562' title='bbox 1044 1999 1188 2036; x_wconf 72' lang='lat' dir='ltr'><strong>consensio</strong></span> <span class='ocrx_word' id='word_1_563' title='bbox 1203 2003 1230 2026; x_wconf 92' lang='lat' dir='ltr'><strong>et</strong></span> <span class='ocrx_word' id='word_1_564' title='bbox 1252 1999 1398 2036; x_wconf 55' lang='lat' dir='ltr'><strong>principum</strong></span> <span class='ocrx_word' id='word_1_565' title='bbox 1409 1999 1490 2036; x_wconf 84' lang='lat' dir='ltr'><strong>animi</strong></span> <span class='ocrx_word' id='word_1_566' title='bbox 1506 1999 1591 2036; x_wconf 82' lang='lat' dir='ltr'><strong>partis</strong></span> <span class='ocrx_word' id='word_1_567' title='bbox 1606 1999 1748 2036; x_wconf 82' lang='lat' dir='ltr'><strong>inclinatio</strong></span> 
     </span>
    </p>
   </div>
   <div class='ocr_carea' id='block_1_75' title="bbox 119 2030 1749 2070">
    <p class='ocr_par' dir='ltr' id='par_1_75' title="bbox 119 2030 1749 2070">
     <span class='ocr_line' id='line_1_75' title="bbox 119 2030 1749 2070; baseline 0.002 -14"><span class='ocrx_word' id='word_1_568' title='bbox 119 2031 149 2057; x_wconf 89' lang='lat' dir='ltr'><strong>in</strong></span> <span class='ocrx_word' id='word_1_569' title='bbox 165 2030 236 2070; x_wconf 86' lang='lat' dir='ltr'><strong>hanc</strong></span> <span class='ocrx_word' id='word_1_570' title='bbox 251 2037 308 2070; x_wconf 65' lang='lat' dir='ltr'><strong>rent</strong></span> <span class='ocrx_word' id='word_1_571' title='bbox 322 2030 364 2056; x_wconf 87' lang='lat' dir='ltr'><strong>his</strong></span> <span class='ocrx_word' id='word_1_572' title='bbox 381 2031 570 2070; x_wconf 74' lang='lat' dir='ltr'><strong>probabilibus</strong></span> <span class='ocrx_word' id='word_1_573' title='bbox 583 2032 663 2070; x_wconf 75' lang='lat' dir='ltr'><strong>ducta</strong></span> <span class='ocrx_word' id='word_1_574' title='bbox 676 2033 843 2066; x_wconf 79' lang='lat' dir='ltr'><strong>argumentis</strong></span> <span class='ocrx_word' id='word_1_575' title='bbox 859 2035 1038 2070; x_wconf 74' lang='lat' dir='ltr'><strong>propendeat.</strong></span> <span class='ocrx_word' id='word_1_576' title='bbox 1059 2033 1116 2060; x_wconf 78' lang='lat' dir='ltr'><strong>Non</strong></span> <span class='ocrx_word' id='word_1_577' title='bbox 1133 2035 1226 2070; x_wconf 33' lang='lat' dir='ltr'><strong>enim,</strong></span> <span class='ocrx_word' id='word_1_578' title='bbox 1238 2030 1311 2061; x_wconf 73' lang='lat' dir='ltr'><strong>verbi</strong></span> <span class='ocrx_word' id='word_1_579' title='bbox 1330 2030 1428 2068; x_wconf 62' lang='lat' dir='ltr'><strong>gratia,</strong></span> <span class='ocrx_word' id='word_1_580' title='bbox 1443 2035 1466 2060; x_wconf 89' lang='lat' dir='ltr'><strong>ci</strong></span> <span class='ocrx_word' id='word_1_581' title='bbox 1479 2030 1523 2068; x_wconf 84' lang='lat' dir='ltr'><strong>qui</strong></span> <span class='ocrx_word' id='word_1_582' title='bbox 1542 2038 1692 2070; x_wconf 85' lang='lat' dir='ltr'><strong>temperate</strong></span> <span class='ocrx_word' id='word_1_583' title='bbox 1709 2034 1749 2060; x_wconf 89' lang='lat' dir='ltr'><strong>vi—</strong></span> 
     </span>
    </p>
   </div>
   <div class='ocr_carea' id='block_1_76' title="bbox 119 2066 1749 2103">
    <p class='ocr_par' dir='ltr' id='par_1_76' title="bbox 119 2066 1749 2103">
     <span class='ocr_line' id='line_1_76' title="bbox 119 2066 1749 2103; baseline 0.003 -13"><span class='ocrx_word' id='word_1_584' title='bbox 119 2072 185 2091; x_wconf 87' lang='lat' dir='ltr'><strong>vere</strong></span> <span class='ocrx_word' id='word_1_585' title='bbox 198 2069 225 2091; x_wconf 93' lang='lat' dir='ltr'><strong>et</strong></span> <span class='ocrx_word' id='word_1_586' title='bbox 237 2066 376 2103; x_wconf 66' lang='lat' dir='ltr'><strong>continere</strong></span> <span class='ocrx_word' id='word_1_587' title='bbox 390 2072 420 2092; x_wconf 84' lang='lat' dir='ltr'><strong>se</strong></span> <span class='ocrx_word' id='word_1_588' title='bbox 435 2073 448 2092; x_wconf 91' lang='lat' dir='ltr'><strong>a</strong></span> <span class='ocrx_word' id='word_1_589' title='bbox 463 2066 536 2092; x_wconf 90' lang='lat' dir='ltr'><strong>coitu</strong></span> <span class='ocrx_word' id='word_1_590' title='bbox 555 2067 686 2098; x_wconf 83' lang='lat' dir='ltr'><strong>decrevit,</strong></span> <span class='ocrx_word' id='word_1_591' title='bbox 704 2073 850 2101; x_wconf 81' lang='lat' dir='ltr'><strong>conspecta</strong></span> <span class='ocrx_word' id='word_1_592' title='bbox 860 2066 962 2103; x_wconf 72' lang='lat' dir='ltr'><strong>mulier</strong></span> <span class='ocrx_word' id='word_1_593' title='bbox 976 2073 1056 2103; x_wconf 90' lang='lat' dir='ltr'><strong>atque</strong></span> <span class='ocrx_word' id='word_1_594' title='bbox 1079 2070 1111 2095; x_wconf 92' lang='lat' dir='ltr'><strong>ad</strong></span> <span class='ocrx_word' id='word_1_595' title='bbox 1127 2069 1228 2102; x_wconf 90' lang='lat' dir='ltr'><strong>aliquid</strong></span> <span class='ocrx_word' id='word_1_596' title='bbox 1240 2066 1515 2102; x_wconf 57' lang='lat' dir='ltr'><strong>contra—propositum</strong></span> <span class='ocrx_word' id='word_1_597' title='bbox 1531 2066 1663 2102; x_wconf 73' lang='lat' dir='ltr'><strong>agendum</strong></span> <span class='ocrx_word' id='word_1_598' title='bbox 1679 2069 1749 2095; x_wconf 89' lang='lat' dir='ltr'><strong>invi—</strong></span> 
     </span>
    </p>
   </div>
   <div class='ocr_carea' id='block_1_77' title="bbox 120 2098 1749 2140">
    <p class='ocr_par' dir='ltr' id='par_1_77' title="bbox 120 2098 1749 2140">
     <span class='ocr_line' id='line_1_77' title="bbox 120 2098 1749 2140; baseline 0.002 -14"><span class='ocrx_word' id='word_1_599' title='bbox 120 2104 193 2140; x_wconf 60' lang='lat' dir='ltr'><strong>tans,</strong></span> <span class='ocrx_word' id='word_1_600' title='bbox 212 2098 331 2133; x_wconf 88' lang='lat' dir='ltr'><strong>perfecta</strong></span> <span class='ocrx_word' id='word_1_601' title='bbox 346 2107 428 2140; x_wconf 74' lang='lat' dir='ltr'><strong>causa</strong></span> <span class='ocrx_word' id='word_1_602' title='bbox 442 2105 572 2140; x_wconf 79' lang='lat' dir='ltr'><strong>est_cur_a</strong></span> <span class='ocrx_word' id='word_1_603' title='bbox 590 2103 729 2136; x_wconf 78' lang='lat' dir='ltr'><strong>proposito</strong></span> <span class='ocrx_word' id='word_1_604' title='bbox 748 2098 882 2140; x_wconf 76' lang='lat' dir='ltr'><strong>delleetat.</strong></span> <span class='ocrx_word' id='word_1_605' title='bbox 903 2098 1021 2140; x_wconf 69' lang='lat' dir='ltr'><strong>Omnino</strong></span> <span class='ocrx_word' id='word_1_606' title='bbox 1036 2105 1108 2140; x_wconf 82' lang='lat' dir='ltr'><strong>enim</strong></span> <span class='ocrx_word' id='word_1_607' title='bbox 1121 2098 1281 2140; x_wconf 69' lang='lat' dir='ltr'><strong>delectatus</strong></span> <span class='ocrx_word' id='word_1_608' title='bbox 1301 2098 1457 2140; x_wconf 49' lang='lat' dir='ltr'><strong>titil&#39;lati&#39;one</strong></span> <span class='ocrx_word' id='word_1_609' title='bbox 1478 2108 1516 2140; x_wconf 77' lang='lat' dir='ltr'><strong>et_</strong></span> <span class='ocrx_word' id='word_1_610' title='bbox 1528 2098 1655 2140; x_wconf 77' lang='lat' dir='ltr'><strong>illecebra</strong></span> <span class='ocrx_word' id='word_1_611' title='bbox 1672 2103 1749 2140; x_wconf 53' lang='grc' dir='ltr'>νοίιιέ</span> 
     </span>
    </p>
   </div>
   <div class='ocr_carea' id='block_1_78' title="bbox 117 2135 1749 2175">
    <p class='ocr_par' dir='ltr' id='par_1_78' title="bbox 117 2135 1749 2175">
     <span class='ocr_line' id='line_1_78' title="bbox 117 2135 1749 2175; baseline 0.003 -15"><span class='ocrx_word' id='word_1_612' title='bbox 117 2135 216 2175; x_wconf 65' lang='lat' dir='ltr'><strong>piatis,</strong></span> <span class='ocrx_word' id='word_1_613' title='bbox 233 2141 295 2175; x_wconf 67' lang='lat' dir='ltr'><strong>cum</strong></span> <span class='ocrx_word' id='word_1_614' title='bbox 311 2135 427 2175; x_wconf 77' lang='lat' dir='ltr'><strong>uoluerit</strong></span> <span class='ocrx_word' id='word_1_615' title='bbox 447 2136 498 2175; x_wconf 82' lang='lat' dir='ltr'><strong>ipsi</strong></span> <span class='ocrx_word' id='word_1_616' title='bbox 513 2135 646 2163; x_wconf 82' lang='lat' dir='ltr'><strong>resistere</strong></span> <span class='ocrx_word' id='word_1_617' title='bbox 656 2141 738 2175; x_wconf 74' lang='lat' dir='ltr'><strong>atque</strong></span> <span class='ocrx_word' id='word_1_618' title='bbox 756 2137 911 2164; x_wconf 88' lang='lat' dir='ltr'><strong>institutum</strong></span> <span class='ocrx_word' id='word_1_619' title='bbox 936 2138 1057 2175; x_wconf 86' lang='lat' dir='ltr'><strong>ﬁrmare,</strong></span> <span class='ocrx_word' id='word_1_620' title='bbox 1075 2139 1101 2164; x_wconf 91' lang='lat' dir='ltr'><strong>in</strong></span> <span class='ocrx_word' id='word_1_621' title='bbox 1121 2138 1356 2175; x_wconf 79' lang='lat' dir='ltr'><strong>intemperantiam</strong></span> <span class='ocrx_word' id='word_1_622' title='bbox 1374 2139 1477 2175; x_wconf 84' lang='lat' dir='ltr'><strong>incidit.</strong></span> <span class='ocrx_word' id='word_1_623' title='bbox 1497 2138 1596 2175; x_wconf 77' lang='lat' dir='ltr'><strong>contra</strong></span> <span class='ocrx_word' id='word_1_624' title='bbox 1609 2139 1684 2175; x_wconf 79' lang='lat' dir='ltr'><strong>alteri</strong></span> <span class='ocrx_word' id='word_1_625' title='bbox 1700 2139 1749 2172; x_wconf 87' lang='lat' dir='ltr'><strong>qui</strong></span> 
     </span>
    </p>
   </div>
   <div class='ocr_carea' id='block_1_79' title="bbox 118 2169 1748 2209">
    <p class='ocr_par' dir='ltr' id='par_1_79' title="bbox 118 2169 1748 2209">
     <span class='ocr_line' id='line_1_79' title="bbox 118 2169 1748 2209; baseline 0.004 -16"><span class='ocrx_word' id='word_1_626' title='bbox 118 2169 244 2209; x_wconf 65' lang='lat' dir='ltr'><strong>pluribus</strong></span> <span class='ocrx_word' id='word_1_627' title='bbox 259 2169 410 2209; x_wconf 84' lang='lat' dir='ltr'><strong>disciplinis</strong></span> <span class='ocrx_word' id='word_1_628' title='bbox 424 2175 467 2209; x_wconf 75' lang='lat' dir='ltr'><strong>est</strong></span> <span class='ocrx_word' id='word_1_629' title='bbox 492 2171 653 2209; x_wconf 81' lang='lat' dir='ltr'><strong>instructus,</strong></span> <span class='ocrx_word' id='word_1_630' title='bbox 671 2169 700 2197; x_wconf 80' lang='lat' dir='ltr'><strong>in</strong></span> <span class='ocrx_word' id='word_1_631' title='bbox 716 2172 809 2209; x_wconf 85' lang='lat' dir='ltr'><strong>eisque</strong></span> <span class='ocrx_word' id='word_1_632' title='bbox 827 2180 858 2199; x_wconf 86' lang='lat' dir='ltr'><strong>se</strong></span> <span class='ocrx_word' id='word_1_633' title='bbox 874 2174 1009 2209; x_wconf 75' lang='lat' dir='ltr'><strong>exercuit,</strong></span> <span class='ocrx_word' id='word_1_634' title='bbox 1037 2169 1138 2200; x_wconf 59' lang='lat' dir='ltr'><strong>eiedcm</strong></span> <span class='ocrx_word' id='word_1_635' title='bbox 1162 2169 1269 2209; x_wconf 77' lang='lat' dir='ltr'><strong>quidem</strong></span> <span class='ocrx_word' id='word_1_636' title='bbox 1295 2173 1465 2199; x_wconf 83' lang='lat' dir='ltr'><strong>titillationes</strong></span> <span class='ocrx_word' id='word_1_637' title='bbox 1482 2178 1511 2199; x_wconf 90' lang='lat' dir='ltr'><strong>et</strong></span> <span class='ocrx_word' id='word_1_638' title='bbox 1524 2173 1665 2209; x_wconf 66' lang='lat' dir='ltr'><strong>illecebrae</strong></span> <span class='ocrx_word' id='word_1_639' title='bbox 1682 2169 1748 2200; x_wconf 75' lang='lat' dir='ltr'><strong>con-</strong></span> 
     </span>
    </p>
   </div>
   <div class='ocr_carea' id='block_1_80' title="bbox 119 2205 1748 2244">
    <p class='ocr_par' dir='ltr' id='par_1_80' title="bbox 119 2205 1748 2244">
     <span class='ocr_line' id='line_1_80' title="bbox 119 2205 1748 2244; baseline 0.004 -16"><span class='ocrx_word' id='word_1_640' title='bbox 119 2205 248 2244; x_wconf 62' lang='lat' dir='ltr'><strong>tingunt;</strong></span> <span class='ocrx_word' id='word_1_641' title='bbox 263 2205 502 2244; x_wconf 46' lang='lat' dir='ltr'><strong>at_ratio,nqnippe</strong></span> <span class='ocrx_word' id='word_1_642' title='bbox 523 2213 584 2240; x_wconf 75' lang='lat' dir='ltr'><strong>qua:</strong></span> <span class='ocrx_word' id='word_1_643' title='bbox 600 2207 788 2244; x_wconf 68' lang='lat' dir='ltr'><strong>vehementius</strong></span> <span class='ocrx_word' id='word_1_644' title='bbox 804 2212 845 2234; x_wconf 89' lang='lat' dir='ltr'><strong>est</strong></span> <span class='ocrx_word' id='word_1_645' title='bbox 863 2207 989 2244; x_wconf 86' lang='lat' dir='ltr'><strong>roborata</strong></span> <span class='ocrx_word' id='word_1_646' title='bbox 1005 2213 1033 2244; x_wconf 73' lang='lat' dir='ltr'><strong>et</strong></span> <span class='ocrx_word' id='word_1_647' title='bbox 1045 2209 1080 2244; x_wconf 60' lang='lat' dir='ltr'><strong>{in</strong></span> <span class='ocrx_word' id='word_1_648' title='bbox 1102 2205 1282 2244; x_wconf 71' lang='lat' dir='ltr'><strong>meditatione</strong></span> <span class='ocrx_word' id='word_1_649' title='bbox 1293 2209 1407 2234; x_wconf 83' lang='lat' dir='ltr'><strong>educata</strong></span> <span class='ocrx_word' id='word_1_650' title='bbox 1425 2213 1507 2244; x_wconf 85' lang='lat' dir='ltr'><strong>atque</strong></span> <span class='ocrx_word' id='word_1_651' title='bbox 1523 2208 1675 2244; x_wconf 20' lang='lat' dir='ltr'><strong>iurvirtutis</strong></span> <span class='ocrx_word' id='word_1_652' title='bbox 1691 2213 1748 2244; x_wconf 78' lang='lat' dir='ltr'><strong>stu-</strong></span> 
     </span>
    </p>
   </div>
   <div class='ocr_carea' id='block_1_81' title="bbox 118 2238 1748 2299">
    <p class='ocr_par' dir='ltr' id='par_1_81' title="bbox 118 2238 1748 2299">
     <span class='ocr_line' id='line_1_81' title="bbox 118 2238 1748 2299; baseline 0.003 -35"><span class='ocrx_word' id='word_1_653' title='bbox 118 2238 316 2299; x_wconf 47' lang='lat' dir='ltr'><strong>gguvﬂoctrinis</strong></span> <span class='ocrx_word' id='word_1_654' title='bbox 332 2239 502 2273; x_wconf 84' lang='lat' dir='ltr'><strong>confirmata,</strong></span> <span class='ocrx_word' id='word_1_655' title='bbox 516 2238 562 2267; x_wconf 81' lang='lat' dir='ltr'><strong>aut</strong></span> <span class='ocrx_word' id='word_1_656' title='bbox 579 2241 701 2275; x_wconf 86' lang='lat' dir='ltr'><strong>proxime</strong></span> <span class='ocrx_word' id='word_1_657' title='bbox 717 2241 750 2268; x_wconf 91' lang='lat' dir='ltr'><strong>ad</strong></span> <span class='ocrx_word' id='word_1_658' title='bbox 765 2249 824 2269; x_wconf 88' lang='lat' dir='ltr'><strong>eam</strong></span> <span class='ocrx_word' id='word_1_659' title='bbox 846 2243 976 2277; x_wconf 86' lang='lat' dir='ltr'><strong>perducta</strong></span> <span class='ocrx_word' id='word_1_660' title='bbox 1000 2238 1168 2276; x_wconf 78' lang='lat' dir='ltr'><strong>ﬁrtititatem,</strong></span> <span class='ocrx_word' id='word_1_661' title='bbox 1198 2243 1340 2270; x_wconf 86' lang='lat' dir='ltr'><strong>illecebras</strong></span> <span class='ocrx_word' id='word_1_662' title='bbox 1362 2238 1468 2270; x_wconf 74' lang='lat' dir='ltr'><strong>excutit</strong></span> <span class='ocrx_word' id='word_1_663' title='bbox 1485 2247 1512 2270; x_wconf 90' lang='lat' dir='ltr'><strong>et</strong></span> <span class='ocrx_word' id='word_1_664' title='bbox 1537 2242 1675 2270; x_wconf 88' lang='lat' dir='ltr'><strong>libidinem</strong></span> <span class='ocrx_word' id='word_1_665' title='bbox 1694 2243 1748 2269; x_wconf 88' lang='lat' dir='ltr'><strong>dis-</strong></span> 
     </span>
    </p>
   </div>
   <div class='ocr_carea' id='block_1_82' title="bbox 118 2281 210 2300">
    <p class='ocr_par' dir='ltr' id='par_1_82' title="bbox 118 2281 210 2300">
     <span class='ocr_line' id='line_1_82' title="bbox 118 2281 210 2300; baseline -0.011 0"><span class='ocrx_word' id='word_1_666' title='bbox 118 2281 210 2300; x_wconf 71' lang='grc' dir='ltr'>δοινιι.</span> 
     </span>
    </p>
   </div>
   <div class='ocr_carea' id='block_1_83' title="bbox 154 2307 1746 2348">
    <p class='ocr_par' dir='ltr' id='par_1_83' title="bbox 154 2307 1746 2348">
     <span class='ocr_line' id='line_1_83' title="bbox 154 2307 1746 2348; baseline 0.004 -15"><span class='ocrx_word' id='word_1_667' title='bbox 154 2307 182 2348; x_wconf 61' lang='grc' dir='ltr'><strong>ξ.</strong></span> <span class='ocrx_word' id='word_1_668' title='bbox 202 2308 268 2348; x_wconf 68' lang='lat' dir='ltr'><strong>Quae</strong></span> <span class='ocrx_word' id='word_1_669' title='bbox 284 2315 344 2348; x_wconf 80' lang='lat' dir='ltr'><strong>cum</strong></span> <span class='ocrx_word' id='word_1_670' title='bbox 364 2308 401 2335; x_wconf 89' lang='lat' dir='ltr'><strong>ita</strong></span> <span class='ocrx_word' id='word_1_671' title='bbox 420 2309 497 2337; x_wconf 91' lang='lat' dir='ltr'><strong>nobis</strong></span> <span class='ocrx_word' id='word_1_672' title='bbox 513 2310 651 2343; x_wconf 84' lang='lat' dir='ltr'><strong>eveniant,</strong></span> <span class='ocrx_word' id='word_1_673' title='bbox 665 2311 838 2348; x_wconf 83' lang='lat' dir='ltr'><strong>extrinsecus</strong></span> <span class='ocrx_word' id='word_1_674' title='bbox 857 2319 950 2348; x_wconf 86' lang='lat' dir='ltr'><strong>eorum</strong></span> <span class='ocrx_word' id='word_1_675' title='bbox 969 2320 1080 2339; x_wconf 86' lang='lat' dir='ltr'><strong>causam</strong></span> <span class='ocrx_word' id='word_1_676' title='bbox 1102 2312 1235 2345; x_wconf 85' lang='lat' dir='ltr'><strong>derivare,</strong></span> <span class='ocrx_word' id='word_1_677' title='bbox 1255 2319 1359 2346; x_wconf 85' lang='lat' dir='ltr'><strong>nosque</strong></span> <span class='ocrx_word' id='word_1_678' title='bbox 1378 2311 1456 2348; x_wconf 85' lang='lat' dir='ltr'><strong>culpa</strong></span> <span class='ocrx_word' id='word_1_679' title='bbox 1473 2311 1599 2344; x_wconf 85' lang='lat' dir='ltr'><strong>liberare,</strong></span> <span class='ocrx_word' id='word_1_680' title='bbox 1617 2319 1648 2338; x_wconf 93' lang='lat' dir='ltr'><strong>ac</strong></span> <span class='ocrx_word' id='word_1_681' title='bbox 1666 2311 1746 2346; x_wconf 74' lang='lat' dir='ltr'><strong>lignis</strong></span> 
     </span>
    </p>
   </div>
   <div class='ocr_carea' id='block_1_84' title="bbox 118 2342 1747 2384">
    <p class='ocr_par' dir='ltr' id='par_1_84' title="bbox 118 2342 1747 2384">
     <span class='ocr_line' id='line_1_84' title="bbox 118 2342 1747 2384; baseline 0.002 -15"><span class='ocrx_word' id='word_1_682' title='bbox 118 2347 147 2369; x_wconf 81' lang='lat' dir='ltr'><strong>et</strong></span> <span class='ocrx_word' id='word_1_683' title='bbox 160 2342 298 2384; x_wconf 72' lang='lat' dir='ltr'><strong>lapidibus</strong></span> <span class='ocrx_word' id='word_1_684' title='bbox 315 2343 349 2384; x_wconf 76' lang='lat' dir='ltr'><strong>ab</strong></span> <span class='ocrx_word' id='word_1_685' title='bbox 359 2349 473 2384; x_wconf 76' lang='lat' dir='ltr'><strong>externo</strong></span> <span class='ocrx_word' id='word_1_686' title='bbox 488 2351 613 2384; x_wconf 80' lang='lat' dir='ltr'><strong>movente</strong></span> <span class='ocrx_word' id='word_1_687' title='bbox 628 2342 784 2384; x_wconf 71' lang='lat' dir='ltr'><strong>pertractis</strong></span> <span class='ocrx_word' id='word_1_688' title='bbox 794 2347 896 2384; x_wconf 79' lang='lat' dir='ltr'><strong>similes</strong></span> <span class='ocrx_word' id='word_1_689' title='bbox 909 2349 1073 2384; x_wconf 65' lang='lat' dir='ltr'><strong>praedicare,</strong></span> <span class='ocrx_word' id='word_1_690' title='bbox 1091 2355 1140 2374; x_wconf 87' lang='lat' dir='ltr'><strong>nec</strong></span> <span class='ocrx_word' id='word_1_691' title='bbox 1160 2342 1262 2384; x_wconf 82' lang='lat' dir='ltr'><strong>rectum</strong></span> <span class='ocrx_word' id='word_1_692' title='bbox 1282 2342 1387 2384; x_wconf 41' lang='lat' dir='ltr'><strong>estnec</strong></span> <span class='ocrx_word' id='word_1_693' title='bbox 1400 2342 1506 2384; x_wconf 71' lang='lat' dir='ltr'><strong>veritati</strong></span> <span class='ocrx_word' id='word_1_694' title='bbox 1524 2342 1747 2384; x_wconf 74' lang='lat' dir='ltr'><strong>consentaneum,</strong></span> 
     </span>
    </p>
   </div>
   <div class='ocr_carea' id='block_1_85' title="bbox 119 2377 1748 2419">
    <p class='ocr_par' dir='ltr' id='par_1_85' title="bbox 119 2377 1748 2419">
     <span class='ocr_line' id='line_1_85' title="bbox 119 2377 1748 2419; baseline 0.001 -14"><span class='ocrx_word' id='word_1_695' title='bbox 119 2378 166 2418; x_wconf 78' lang='lat' dir='ltr'><strong>sed</strong></span> <span class='ocrx_word' id='word_1_696' title='bbox 179 2377 374 2419; x_wconf 34' lang='lat' dir='ltr'><strong>abheousolum</strong></span> <span class='ocrx_word' id='word_1_697' title='bbox 390 2379 442 2419; x_wconf 68' lang='lat' dir='ltr'><strong>diei</strong></span> <span class='ocrx_word' id='word_1_698' title='bbox 461 2385 549 2419; x_wconf 80' lang='lat' dir='ltr'><strong>potest</strong></span> <span class='ocrx_word' id='word_1_699' title='bbox 564 2380 608 2413; x_wconf 92' lang='lat' dir='ltr'><strong>qui</strong></span> <span class='ocrx_word' id='word_1_700' title='bbox 627 2377 713 2419; x_wconf 70' lang='lat' dir='ltr'><strong>liberi</strong></span> <span class='ocrx_word' id='word_1_701' title='bbox 726 2381 831 2419; x_wconf 81' lang='lat' dir='ltr'><strong>arbitrii</strong></span> <span class='ocrx_word' id='word_1_702' title='bbox 858 2377 996 2419; x_wconf 80' lang='lat' dir='ltr'><strong>notionem</strong></span> <span class='ocrx_word' id='word_1_703' title='bbox 1012 2377 1164 2419; x_wconf 80' lang='lat' dir='ltr'><strong>adulterare</strong></span> <span class='ocrx_word' id='word_1_704' title='bbox 1186 2383 1287 2419; x_wconf 75' lang='lat' dir='ltr'><strong>cupiat.</strong></span> <span class='ocrx_word' id='word_1_705' title='bbox 1311 2381 1377 2408; x_wconf 85' lang='lat' dir='ltr'><strong>Nam</strong></span> <span class='ocrx_word' id='word_1_706' title='bbox 1398 2382 1419 2408; x_wconf 91' lang='lat' dir='ltr'><strong>si</strong></span> <span class='ocrx_word' id='word_1_707' title='bbox 1438 2382 1524 2419; x_wconf 77' lang='lat' dir='ltr'><strong>ipsum</strong></span> <span class='ocrx_word' id='word_1_708' title='bbox 1550 2377 1748 2419; x_wconf 75' lang='lat' dir='ltr'><strong>interrogemus</strong></span> 
     </span>
    </p>
   </div>
   <div class='ocr_carea' id='block_1_86' title="bbox 118 2413 1746 2451">
    <p class='ocr_par' dir='ltr' id='par_1_86' title="bbox 118 2413 1746 2451">
     <span class='ocr_line' id='line_1_86' title="bbox 118 2413 1746 2451; baseline 0.002 -13"><span class='ocrx_word' id='word_1_709' title='bbox 118 2413 185 2447; x_wconf 87' lang='lat' dir='ltr'><strong>quid</strong></span> <span class='ocrx_word' id='word_1_710' title='bbox 199 2413 236 2439; x_wconf 88' lang='lat' dir='ltr'><strong>sit</strong></span> <span class='ocrx_word' id='word_1_711' title='bbox 254 2413 367 2451; x_wconf 77' lang='lat' dir='ltr'><strong>libertas</strong></span> <span class='ocrx_word' id='word_1_712' title='bbox 382 2414 499 2451; x_wconf 81' lang='lat' dir='ltr'><strong>arbitrii,</strong></span> <span class='ocrx_word' id='word_1_713' title='bbox 518 2415 691 2448; x_wconf 83' lang='lat' dir='ltr'><strong>respondebit</strong></span> <span class='ocrx_word' id='word_1_714' title='bbox 708 2415 732 2451; x_wconf 76' lang='lat' dir='ltr'><strong>in</strong></span> <span class='ocrx_word' id='word_1_715' title='bbox 750 2424 782 2442; x_wconf 82' lang='lat' dir='ltr'><strong>eo</strong></span> <span class='ocrx_word' id='word_1_716' title='bbox 798 2417 878 2443; x_wconf 86' lang='lat' dir='ltr'><strong>sitam</strong></span> <span class='ocrx_word' id='word_1_717' title='bbox 893 2418 927 2448; x_wconf 90' lang='lat' dir='ltr'><strong>si,</strong></span> <span class='ocrx_word' id='word_1_718' title='bbox 943 2425 1004 2444; x_wconf 89' lang='lat' dir='ltr'><strong>cum</strong></span> <span class='ocrx_word' id='word_1_719' title='bbox 1028 2417 1165 2451; x_wconf 82' lang='lat' dir='ltr'><strong>quidpiam</strong></span> <span class='ocrx_word' id='word_1_720' title='bbox 1190 2413 1254 2443; x_wconf 83' lang='lat' dir='ltr'><strong>mihi</strong></span> <span class='ocrx_word' id='word_1_721' title='bbox 1279 2424 1412 2451; x_wconf 88' lang='lat' dir='ltr'><strong>propono,</strong></span> <span class='ocrx_word' id='word_1_722' title='bbox 1431 2413 1497 2443; x_wconf 83' lang='lat' dir='ltr'><strong>nihil</strong></span> <span class='ocrx_word' id='word_1_723' title='bbox 1513 2413 1683 2443; x_wconf 81' lang='lat' dir='ltr'><strong>extrinsecus</strong></span> <span class='ocrx_word' id='word_1_724' title='bbox 1698 2423 1746 2442; x_wconf 92' lang='lat' dir='ltr'><strong>oc-</strong></span> 
     </span>
    </p>
   </div>
   <div class='ocr_carea' id='block_1_87' title="bbox 118 2448 1746 2489">
    <p class='ocr_par' dir='ltr' id='par_1_87' title="bbox 118 2448 1746 2489">
     <span class='ocr_line' id='line_1_87' title="bbox 118 2448 1746 2489; baseline 0.001 -14"><span class='ocrx_word' id='word_1_725' title='bbox 118 2451 214 2489; x_wconf 73' lang='lat' dir='ltr'><strong>currat</strong></span> <span class='ocrx_word' id='word_1_726' title='bbox 231 2448 303 2489; x_wconf 80' lang='lat' dir='ltr'><strong>quod</strong></span> <span class='ocrx_word' id='word_1_727' title='bbox 323 2448 356 2489; x_wconf 72' lang='lat' dir='ltr'><strong>ad</strong></span> <span class='ocrx_word' id='word_1_728' title='bbox 372 2450 538 2489; x_wconf 78' lang='lat' dir='ltr'><strong>contrarium</strong></span> <span class='ocrx_word' id='word_1_729' title='bbox 559 2454 699 2489; x_wconf 76' lang='lat' dir='ltr'><strong>provocet.</strong></span> <span class='ocrx_word' id='word_1_730' title='bbox 715 2450 819 2478; x_wconf 73' lang='lat' dir='ltr'><strong>liursus</strong></span> <span class='ocrx_word' id='word_1_731' title='bbox 839 2452 1000 2478; x_wconf 83' lang='lat' dir='ltr'><strong>imbecillam</strong></span> <span class='ocrx_word' id='word_1_732' title='bbox 1025 2448 1147 2489; x_wconf 77' lang='lat' dir='ltr'><strong>corporis</strong></span> <span class='ocrx_word' id='word_1_733' title='bbox 1167 2448 1387 2489; x_wconf 67' lang='lat' dir='ltr'><strong>constitutionem</strong></span> <span class='ocrx_word' id='word_1_734' title='bbox 1411 2459 1552 2489; x_wconf 80' lang='lat' dir='ltr'><strong>accusare,</strong></span> <span class='ocrx_word' id='word_1_735' title='bbox 1565 2458 1680 2489; x_wconf 80' lang='lat' dir='ltr'><strong>prorsus</strong></span> <span class='ocrx_word' id='word_1_736' title='bbox 1696 2451 1746 2477; x_wconf 87' lang='lat' dir='ltr'><strong>ab-</strong></span> 
     </span>
    </p>
   </div>
   <div class='ocr_carea' id='block_1_88' title="bbox 117 2482 1748 2522">
    <p class='ocr_par' dir='ltr' id='par_1_88' title="bbox 117 2482 1748 2522">
     <span class='ocr_line' id='line_1_88' title="bbox 117 2482 1748 2522; baseline 0.001 -13"><span class='ocrx_word' id='word_1_737' title='bbox 117 2484 233 2509; x_wconf 89' lang='lat' dir='ltr'><strong>surdum</strong></span> <span class='ocrx_word' id='word_1_738' title='bbox 252 2487 305 2522; x_wconf 73' lang='lat' dir='ltr'><strong>est.</strong></span> <span class='ocrx_word' id='word_1_739' title='bbox 325 2482 391 2509; x_wconf 85' lang='lat' dir='ltr'><strong>Nam</strong></span> <span class='ocrx_word' id='word_1_740' title='bbox 407 2482 636 2522; x_wconf 27' lang='lat' dir='ltr'><strong>tlisciplina’quos</strong></span> <span class='ocrx_word' id='word_1_741' title='bbox 661 2485 875 2522; x_wconf 77' lang='lat' dir='ltr'><strong>intemperantes</strong></span> <span class='ocrx_word' id='word_1_742' title='bbox 888 2492 916 2513; x_wconf 90' lang='lat' dir='ltr'><strong>et</strong></span> <span class='ocrx_word' id='word_1_743' title='bbox 936 2482 1133 2521; x_wconf 78' lang='lat' dir='ltr'><strong>agrestissiinos</strong></span> <span class='ocrx_word' id='word_1_744' title='bbox 1149 2486 1368 2522; x_wconf 81' lang='lat' dir='ltr'><strong>apprehenderit,</strong></span> <span class='ocrx_word' id='word_1_745' title='bbox 1385 2493 1440 2522; x_wconf 81' lang='lat' dir='ltr'><strong>eos,</strong></span> <span class='ocrx_word' id='word_1_746' title='bbox 1460 2486 1482 2512; x_wconf 89' lang='lat' dir='ltr'><strong>si</strong></span> <span class='ocrx_word' id='word_1_747' title='bbox 1499 2482 1601 2522; x_wconf 70' lang='lat' dir='ltr'><strong>monita</strong></span> <span class='ocrx_word' id='word_1_748' title='bbox 1623 2486 1681 2522; x_wconf 78' lang='lat' dir='ltr'><strong>ejus</strong></span> <span class='ocrx_word' id='word_1_749' title='bbox 1697 2493 1748 2522; x_wconf 77' lang='lat' dir='ltr'><strong>se-</strong></span> 
     </span>
    </p>
   </div>
   <div class='ocr_carea' id='block_1_89' title="bbox 118 2519 1749 2558">
    <p class='ocr_par' dir='ltr' id='par_1_89' title="bbox 118 2519 1749 2558">
     <span class='ocr_line' id='line_1_89' title="bbox 118 2519 1749 2558; baseline 0.002 -15"><span class='ocrx_word' id='word_1_750' title='bbox 118 2523 250 2558; x_wconf 76' lang='lat' dir='ltr'><strong>quantur,</strong></span> <span class='ocrx_word' id='word_1_751' title='bbox 270 2519 307 2544; x_wconf 79' lang='lat' dir='ltr'><strong>ita</strong></span> <span class='ocrx_word' id='word_1_752' title='bbox 323 2519 456 2558; x_wconf 75' lang='lat' dir='ltr'><strong>convertit</strong></span> <span class='ocrx_word' id='word_1_753' title='bbox 471 2524 498 2545; x_wconf 89' lang='lat' dir='ltr'><strong>et</strong></span> <span class='ocrx_word' id='word_1_754' title='bbox 513 2524 600 2545; x_wconf 81' lang='lat' dir='ltr'><strong>mutat</strong></span> <span class='ocrx_word' id='word_1_755' title='bbox 610 2520 755 2558; x_wconf 87' lang='lat' dir='ltr'><strong>_in_melius</strong></span> <span class='ocrx_word' id='word_1_756' title='bbox 770 2525 803 2558; x_wconf 83' lang='lat' dir='ltr'><strong>_ut</strong></span> <span class='ocrx_word' id='word_1_757' title='bbox 825 2528 896 2558; x_wconf 71' lang='lat' dir='ltr'><strong>saepe</strong></span> <span class='ocrx_word' id='word_1_758' title='bbox 910 2519 965 2555; x_wconf 18' lang='lat' dir='ltr'><strong>quit</strong></span> <span class='ocrx_word' id='word_1_759' title='bbox 981 2519 1345 2558; x_wconf 68' lang='lat' dir='ltr'><strong>ilicoritirtetttiSSiittierant,</strong></span> <span class='ocrx_word' id='word_1_760' title='bbox 1362 2520 1488 2547; x_wconf 88' lang='lat' dir='ltr'><strong>tneliores</strong></span> <span class='ocrx_word' id='word_1_761' title='bbox 1502 2520 1568 2558; x_wconf 67' lang='lat' dir='ltr'><strong>[iant</strong></span> <span class='ocrx_word' id='word_1_762' title='bbox 1583 2520 1616 2548; x_wconf 90' lang='lat' dir='ltr'><strong>iis</strong></span> <span class='ocrx_word' id='word_1_763' title='bbox 1634 2519 1679 2554; x_wconf 82' lang='lat' dir='ltr'><strong>qui</strong></span> <span class='ocrx_word' id='word_1_764' title='bbox 1696 2520 1749 2553; x_wconf 86' lang='lat' dir='ltr'><strong>lna-</strong></span> 
     </span>
    </p>
   </div>
   <div class='ocr_carea' id='block_1_90' title="bbox 121 2553 1746 2592">
    <p class='ocr_par' dir='ltr' id='par_1_90' title="bbox 121 2553 1746 2592">
     <span class='ocr_line' id='line_1_90' title="bbox 121 2553 1746 2592; baseline 0.002 -14"><span class='ocrx_word' id='word_1_765' title='bbox 121 2557 181 2592; x_wconf 80' lang='lat' dir='ltr'><strong>tura</strong></span> <span class='ocrx_word' id='word_1_766' title='bbox 199 2553 274 2592; x_wconf 91' lang='lat' dir='ltr'><strong>prius</strong></span> <span class='ocrx_word' id='word_1_767' title='bbox 289 2559 341 2592; x_wconf 69' lang='lat' dir='ltr'><strong>nun</strong></span> <span class='ocrx_word' id='word_1_768' title='bbox 358 2553 521 2580; x_wconf 88' lang='lat' dir='ltr'><strong>videbantur</strong></span> <span class='ocrx_word' id='word_1_769' title='bbox 534 2561 594 2581; x_wconf 90' lang='lat' dir='ltr'><strong>esse</strong></span> <span class='ocrx_word' id='word_1_770' title='bbox 609 2554 688 2592; x_wconf 82' lang='lat' dir='ltr'><strong>hujus</strong></span> <span class='ocrx_word' id='word_1_771' title='bbox 705 2555 787 2587; x_wconf 89' lang='lat' dir='ltr'><strong>modi,</strong></span> <span class='ocrx_word' id='word_1_772' title='bbox 803 2561 832 2592; x_wconf 76' lang='lat' dir='ltr'><strong>et</strong></span> <span class='ocrx_word' id='word_1_773' title='bbox 852 2553 897 2589; x_wconf 78' lang='lat' dir='ltr'><strong>qui</strong></span> <span class='ocrx_word' id='word_1_774' title='bbox 919 2553 1103 2592; x_wconf 76' lang='lat' dir='ltr'><strong>agrestissimi</strong></span> <span class='ocrx_word' id='word_1_775' title='bbox 1124 2560 1201 2582; x_wconf 87' lang='lat' dir='ltr'><strong>erant.</strong></span> <span class='ocrx_word' id='word_1_776' title='bbox 1221 2556 1255 2582; x_wconf 88' lang='lat' dir='ltr'><strong>ad</strong></span> <span class='ocrx_word' id='word_1_777' title='bbox 1273 2560 1374 2592; x_wconf 78' lang='lat' dir='ltr'><strong>tantam</strong></span> <span class='ocrx_word' id='word_1_778' title='bbox 1401 2555 1631 2592; x_wconf 78' lang='lat' dir='ltr'><strong>mansuetudinem</strong></span> <span class='ocrx_word' id='word_1_779' title='bbox 1643 2553 1746 2589; x_wconf 79' lang='lat' dir='ltr'><strong>perve-</strong></span> 
     </span>
    </p>
   </div>
   <div class='ocr_carea' id='block_1_91' title="bbox 119 2588 1748 2627">
    <p class='ocr_par' dir='ltr' id='par_1_91' title="bbox 119 2588 1748 2627">
     <span class='ocr_line' id='line_1_91' title="bbox 119 2588 1748 2627; baseline 0.001 -14"><span class='ocrx_word' id='word_1_780' title='bbox 119 2588 254 2627; x_wconf 29' lang='lat' dir='ltr'><strong>nianthttt</strong></span> <span class='ocrx_word' id='word_1_781' title='bbox 270 2588 315 2620; x_wconf 91' lang='lat' dir='ltr'><strong>qui</strong></span> <span class='ocrx_word' id='word_1_782' title='bbox 333 2595 469 2627; x_wconf 80' lang='lat' dir='ltr'><strong>nunquam</strong></span> <span class='ocrx_word' id='word_1_783' title='bbox 485 2593 619 2627; x_wconf 67' lang='lat' dir='ltr'><strong>agrestem</strong></span> <span class='ocrx_word' id='word_1_784' title='bbox 641 2589 723 2627; x_wconf 76' lang='lat' dir='ltr'><strong>vitam</strong></span> <span class='ocrx_word' id='word_1_785' title='bbox 736 2591 851 2627; x_wconf 71' lang='lat' dir='ltr'><strong>egerint,</strong></span> <span class='ocrx_word' id='word_1_786' title='bbox 860 2588 920 2627; x_wconf 69' lang='lat' dir='ltr'><strong>pra:</strong></span> <span class='ocrx_word' id='word_1_787' title='bbox 940 2588 988 2617; x_wconf 82' lang='lat' dir='ltr'><strong>illo</strong></span> <span class='ocrx_word' id='word_1_788' title='bbox 1001 2591 1046 2624; x_wconf 85' lang='lat' dir='ltr'><strong>qui</strong></span> <span class='ocrx_word' id='word_1_789' title='bbox 1072 2591 1104 2617; x_wconf 88' lang='lat' dir='ltr'><strong>ad</strong></span> <span class='ocrx_word' id='word_1_790' title='bbox 1123 2591 1359 2627; x_wconf 82' lang='lat' dir='ltr'><strong>mansuetudinem</strong></span> <span class='ocrx_word' id='word_1_791' title='bbox 1383 2593 1427 2627; x_wconf 71' lang='lat' dir='ltr'><strong>est</strong></span> <span class='ocrx_word' id='word_1_792' title='bbox 1446 2589 1612 2627; x_wconf 85' lang='lat' dir='ltr'><strong>immutatus,</strong></span> <span class='ocrx_word' id='word_1_793' title='bbox 1629 2588 1748 2627; x_wconf 69' lang='lat' dir='ltr'><strong>agrestes</strong></span> 
     </span>
    </p>
   </div>
   <div class='ocr_carea' id='block_1_92' title="bbox 118 2623 1748 2659">
    <p class='ocr_par' dir='ltr' id='par_1_92' title="bbox 118 2623 1748 2659">
     <span class='ocr_line' id='line_1_92' title="bbox 118 2623 1748 2659; baseline 0.001 -10"><span class='ocrx_word' id='word_1_794' title='bbox 118 2628 180 2649; x_wconf 85' lang='lat' dir='ltr'><strong>esse</strong></span> <span class='ocrx_word' id='word_1_795' title='bbox 197 2623 356 2648; x_wconf 89' lang='lat' dir='ltr'><strong>videantur.</strong></span> <span class='ocrx_word' id='word_1_796' title='bbox 373 2623 474 2649; x_wconf 71' lang='lat' dir='ltr'><strong>Contra</strong></span> <span class='ocrx_word' id='word_1_797' title='bbox 489 2624 557 2650; x_wconf 86' lang='lat' dir='ltr'><strong>alios</strong></span> <span class='ocrx_word' id='word_1_798' title='bbox 571 2624 711 2650; x_wconf 86' lang='lat' dir='ltr'><strong>cernimus</strong></span> <span class='ocrx_word' id='word_1_799' title='bbox 727 2623 972 2659; x_wconf 82' lang='lat' dir='ltr'><strong>compositissimos</strong></span> <span class='ocrx_word' id='word_1_800' title='bbox 987 2623 1016 2652; x_wconf 80' lang='lat' dir='ltr'><strong>ct</strong></span> <span class='ocrx_word' id='word_1_801' title='bbox 1033 2626 1247 2657; x_wconf 81' lang='lat' dir='ltr'><strong>honestissimos,</strong></span> <span class='ocrx_word' id='word_1_802' title='bbox 1271 2633 1286 2651; x_wconf 91' lang='lat' dir='ltr'><strong>a</strong></span> <span class='ocrx_word' id='word_1_803' title='bbox 1309 2624 1458 2658; x_wconf 86' lang='lat' dir='ltr'><strong>composita</strong></span> <span class='ocrx_word' id='word_1_804' title='bbox 1476 2627 1503 2650; x_wconf 89' lang='lat' dir='ltr'><strong>et</strong></span> <span class='ocrx_word' id='word_1_805' title='bbox 1518 2624 1629 2650; x_wconf 88' lang='lat' dir='ltr'><strong>honesta</strong></span> <span class='ocrx_word' id='word_1_806' title='bbox 1646 2623 1700 2650; x_wconf 83' lang='lat' dir='ltr'><strong>vita</strong></span> <span class='ocrx_word' id='word_1_807' title='bbox 1714 2624 1748 2651; x_wconf 89' lang='lat' dir='ltr'><strong>ad</strong></span> 
     </span>
    </p>
   </div>
   <div class='ocr_carea' id='block_1_93' title="bbox 155 2680 732 2718">
    <p class='ocr_par' dir='ltr' id='par_1_93' title="bbox 155 2680 732 2718">
     <span class='ocr_line' id='line_1_93' title="bbox 155 2680 732 2718; baseline 0.005 -11"><span class='ocrx_word' id='word_1_808' title='bbox 155 2680 214 2718; x_wconf 67' lang='grc' dir='ltr'><strong>(ιὸ)</strong></span> <span class='ocrx_word' id='word_1_809' title='bbox 234 2680 281 2718; x_wconf 68' lang='lat' dir='ltr'><strong>Sic</strong></span> <span class='ocrx_word' id='word_1_810' title='bbox 297 2689 363 2708; x_wconf 92' lang='lat' dir='ltr'><strong>mss.</strong></span> <span class='ocrx_word' id='word_1_811' title='bbox 377 2681 549 2718; x_wconf 31' lang='lat' dir='ltr'><strong>Libbaediti,</strong></span> <span class='ocrx_word' id='word_1_812' title='bbox 563 2683 602 2718; x_wconf 84' lang='grc' dir='ltr'>τῷ</span> <span class='ocrx_word' id='word_1_813' title='bbox 614 2683 732 2710; x_wconf 86' lang='grc' dir='ltr'>πλείονα.</span> 
     </span>
    </p>
   </div>
   <div class='ocr_carea' id='block_1_94' title="bbox 153 2716 910 2763">
    <p class='ocr_par' dir='ltr' id='par_1_94' title="bbox 153 2716 910 2763">
     <span class='ocr_line' id='line_1_94' title="bbox 153 2716 910 2763; baseline 0.007 -22"><span class='ocrx_word' id='word_1_814' title='bbox 239 2716 285 2763; x_wconf 52' lang='grc' dir='ltr'>ξίο</span> <span class='ocrx_word' id='word_1_815' title='bbox 310 2724 376 2745; x_wconf 89' lang='lat' dir='ltr'><strong>mss.</strong></span> <span class='ocrx_word' id='word_1_816' title='bbox 405 2716 543 2750; x_wconf 78' lang='lat' dir='ltr'><strong>Mel-linus,</strong></span> <span class='ocrx_word' id='word_1_817' title='bbox 568 2716 759 2753; x_wconf 54' lang='lat' dir='ltr'><strong>{diligentius</strong></span> <span class='ocrx_word' id='word_1_818' title='bbox 784 2719 910 2754; x_wconf 89' lang='lat' dir='ltr'><strong>inspiciat</strong></span> 
     </span>
    </p>
   </div>
   <div class='ocr_carea' id='block_1_95' title="bbox 119 2756 871 2823">
    <p class='ocr_par' dir='ltr' id='par_1_95' title="bbox 119 2756 871 2823">
     <span class='ocr_line' id='line_1_95' title="bbox 169 2756 249 2776; baseline -0.013 0"><span class='ocrx_word' id='word_1_819' title='bbox 169 2756 221 2776; x_wconf 61' lang='lat' dir='ltr'><strong>tu;</strong></span> <span class='ocrx_word' id='word_1_820' title='bbox 240 2760 249 2775; x_wconf 73' lang='grc' dir='ltr'><strong>ι</strong></span> 
     </span>
     <span class='ocr_line' id='line_1_96' title="bbox 119 2758 871 2823; baseline 0.005 -12"><span class='ocrx_word' id='word_1_821' title='bbox 119 2758 213 2823; x_wconf 57' lang='grc' dir='ltr'><strong>ω(ξηῖ</strong></span> <span class='ocrx_word' id='word_1_822' title='bbox 231 2785 371 2823; x_wconf 54' lang='lat' dir='ltr'><strong>bierlinus,</strong></span> <span class='ocrx_word' id='word_1_823' title='bbox 390 2795 398 2812; x_wconf 85' lang='grc' dir='ltr'><strong>ι</strong></span> <span class='ocrx_word' id='word_1_824' title='bbox 417 2788 560 2823; x_wconf 81' lang='lat' dir='ltr'><strong>exsistenti</strong></span> <span class='ocrx_word' id='word_1_825' title='bbox 577 2788 610 2815; x_wconf 88' lang='lat' dir='ltr'><strong>ab</strong></span> <span class='ocrx_word' id='word_1_826' title='bbox 629 2793 746 2823; x_wconf 83' lang='lat' dir='ltr'><strong>utraque</strong></span> <span class='ocrx_word' id='word_1_827' title='bbox 759 2794 845 2823; x_wconf 86' lang='lat' dir='ltr'><strong>parte.</strong></span> <span class='ocrx_word' id='word_1_828' title='bbox 862 2798 871 2815; x_wconf 80' lang='grc' dir='ltr'><strong>ι</strong></span> 
     </span>
    </p>
   </div>
   <div class='ocr_carea' id='block_1_96' title="bbox 170 2820 624 2853">
    <p class='ocr_par' dir='ltr' id='par_1_96' title="bbox 170 2820 624 2853">
     <span class='ocr_line' id='line_1_97' title="bbox 170 2820 624 2853; baseline 0.007 -7"><span class='ocrx_word' id='word_1_829' title='bbox 170 2821 212 2850; x_wconf 84' lang='lat' dir='ltr'><strong>l8)</strong></span> <span class='ocrx_word' id='word_1_830' title='bbox 232 2820 371 2853; x_wconf 80' lang='lat' dir='ltr'><strong>Merlinus,</strong></span> <span class='ocrx_word' id='word_1_831' title='bbox 391 2830 401 2846; x_wconf 74' lang='grc' dir='ltr'><strong>σ</strong></span> <span class='ocrx_word' id='word_1_832' title='bbox 420 2827 446 2848; x_wconf 87' lang='lat' dir='ltr'><strong>et</strong></span> <span class='ocrx_word' id='word_1_833' title='bbox 463 2822 595 2849; x_wconf 85' lang='lat' dir='ltr'><strong>alliciens.</strong></span> <span class='ocrx_word' id='word_1_834' title='bbox 615 2832 624 2848; x_wconf 82' lang='grc' dir='ltr'><strong>ι</strong></span> 
     </span>
    </p>
   </div>
   <div class='ocr_carea' id='block_1_97' title="bbox 156 2854 768 2893">
    <p class='ocr_par' dir='ltr' id='par_1_97' title="bbox 156 2854 768 2893">
     <span class='ocr_line' id='line_1_98' title="bbox 156 2854 768 2893; baseline 0.005 -10"><span class='ocrx_word' id='word_1_835' title='bbox 156 2856 217 2892; x_wconf 82' lang='lat' dir='ltr'><strong>(l9)</strong></span> <span class='ocrx_word' id='word_1_836' title='bbox 231 2854 298 2884; x_wconf 75' lang='lat' dir='ltr'><strong>Vide</strong></span> <span class='ocrx_word' id='word_1_837' title='bbox 315 2855 481 2892; x_wconf 81' lang='lat' dir='ltr'><strong>0rigeniau.,</strong></span> <span class='ocrx_word' id='word_1_838' title='bbox 499 2858 515 2884; x_wconf 93' lang='grc' dir='ltr'><strong>Ι.</strong></span> <span class='ocrx_word' id='word_1_839' title='bbox 533 2865 575 2893; x_wconf 87' lang='grc' dir='ltr'>ιιι,</span> <span class='ocrx_word' id='word_1_840' title='bbox 593 2865 620 2893; x_wconf 87' lang='lat' dir='ltr'><strong>q.</strong></span> <span class='ocrx_word' id='word_1_841' title='bbox 637 2859 664 2893; x_wconf 89' lang='grc'>7,</span> <span class='ocrx_word' id='word_1_842' title='bbox 679 2866 708 2886; x_wconf 90' lang='lat' dir='ltr'><strong>n.</strong></span> <span class='ocrx_word' id='word_1_843' title='bbox 725 2858 768 2886; x_wconf 77' lang='lat' dir='ltr'><strong>l5.</strong></span> 
     </span>
    </p>
   </div>
   <div class='ocr_carea' id='block_1_98' title="bbox 994 2683 1746 2721">
    <p class='ocr_par' dir='ltr' id='par_1_98' title="bbox 994 2683 1746 2721">
     <span class='ocr_line' id='line_1_99' title="bbox 994 2683 1746 2721; baseline -0.003 -10"><span class='ocrx_word' id='word_1_844' title='bbox 994 2685 1050 2721; x_wconf 76' lang='grc'>(20)</span> <span class='ocrx_word' id='word_1_845' title='bbox 1063 2685 1201 2721; x_wconf 83' lang='lat' dir='ltr'><strong>Merlinus.</strong></span> <span class='ocrx_word' id='word_1_846' title='bbox 1213 2694 1222 2710; x_wconf 82' lang='grc' dir='ltr'><strong>ι</strong></span> <span class='ocrx_word' id='word_1_847' title='bbox 1242 2683 1370 2721; x_wconf 71' lang='lat' dir='ltr'><strong>propositi</strong></span> <span class='ocrx_word' id='word_1_848' title='bbox 1382 2683 1499 2721; x_wconf 64' lang='lat' dir='ltr'><strong>firmitas</strong></span> <span class='ocrx_word' id='word_1_849' title='bbox 1512 2687 1539 2709; x_wconf 91' lang='lat' dir='ltr'><strong>et</strong></span> <span class='ocrx_word' id='word_1_850' title='bbox 1551 2683 1721 2721; x_wconf 70' lang='lat' dir='ltr'><strong>constantize.</strong></span> <span class='ocrx_word' id='word_1_851' title='bbox 1734 2692 1746 2709; x_wconf 82' lang='grc'><strong><em>›</em></strong></span> 
     </span>
    </p>
   </div>
   <div class='ocr_carea' id='block_1_99' title="bbox 994 2718 1747 2756">
    <p class='ocr_par' dir='ltr' id='par_1_99' title="bbox 994 2718 1747 2756">
     <span class='ocr_line' id='line_1_100' title="bbox 994 2718 1747 2756; baseline -0.004 -9"><span class='ocrx_word' id='word_1_852' title='bbox 994 2718 1051 2756; x_wconf 70' lang='grc'><strong>(21)</strong></span> <span class='ocrx_word' id='word_1_853' title='bbox 1068 2720 1106 2746; x_wconf 89' lang='lat' dir='ltr'><strong>lta</strong></span> <span class='ocrx_word' id='word_1_854' title='bbox 1130 2720 1208 2746; x_wconf 89' lang='lat' dir='ltr'><strong>codd.</strong></span> <span class='ocrx_word' id='word_1_855' title='bbox 1231 2727 1295 2756; x_wconf 74' lang='lat' dir='ltr'><strong>mss.</strong></span> <span class='ocrx_word' id='word_1_856' title='bbox 1318 2718 1389 2756; x_wconf 76' lang='lat' dir='ltr'><strong>E_di_ti</strong></span> <span class='ocrx_word' id='word_1_857' title='bbox 1408 2725 1482 2748; x_wconf 82' lang='lat' dir='ltr'><strong>vero,</strong></span> <span class='ocrx_word' id='word_1_858' title='bbox 1503 2726 1512 2742; x_wconf 80' lang='grc' dir='ltr'><strong>ι</strong></span> <span class='ocrx_word' id='word_1_859' title='bbox 1528 2725 1588 2756; x_wconf 76' lang='lat' dir='ltr'><strong>qua:</strong></span> <span class='ocrx_word' id='word_1_860' title='bbox 1609 2719 1747 2756; x_wconf 83' lang='lat' dir='ltr'><strong>extrinse-</strong></span> 
     </span>
    </p>
   </div>
   <div class='ocr_carea' id='block_1_100' title="bbox 958 2753 1748 2788">
    <p class='ocr_par' dir='ltr' id='par_1_100' title="bbox 958 2753 1748 2788">
     <span class='ocr_line' id='line_1_101' title="bbox 958 2753 1748 2788; baseline -0.003 -6"><span class='ocrx_word' id='word_1_861' title='bbox 958 2753 1006 2782; x_wconf 79' lang='lat' dir='ltr'><strong>cus</strong></span> <span class='ocrx_word' id='word_1_862' title='bbox 1023 2753 1098 2785; x_wconf 83' lang='lat' dir='ltr'><strong>sont,</strong></span> <span class='ocrx_word' id='word_1_863' title='bbox 1124 2753 1286 2788; x_wconf 84' lang='lat' dir='ltr'><strong>retorqueri.</strong></span> <span class='ocrx_word' id='word_1_864' title='bbox 1305 2763 1314 2777; x_wconf 76' lang='grc' dir='ltr'><strong>ι</strong></span> <span class='ocrx_word' id='word_1_865' title='bbox 1332 2753 1400 2788; x_wconf 68' lang='lat' dir='ltr'><strong>lnl‘ra</strong></span> <span class='ocrx_word' id='word_1_866' title='bbox 1429 2760 1507 2784; x_wconf 83' lang='lat' dir='ltr'><strong>mss.,</strong></span> <span class='ocrx_word' id='word_1_867' title='bbox 1524 2761 1534 2777; x_wconf 84' lang='grc' dir='ltr'><strong>ι</strong></span> <span class='ocrx_word' id='word_1_868' title='bbox 1554 2753 1576 2788; x_wconf 80' lang='lat' dir='ltr'><strong>si</strong></span> <span class='ocrx_word' id='word_1_869' title='bbox 1602 2759 1666 2788; x_wconf 80' lang='lat' dir='ltr'><strong>vero</strong></span> <span class='ocrx_word' id='word_1_870' title='bbox 1686 2753 1748 2787; x_wconf 86' lang='lat' dir='ltr'><strong>quis</strong></span> 
     </span>
    </p>
   </div>
   <div class='ocr_carea' id='block_1_101' title="bbox 958 2787 1748 2821">
    <p class='ocr_par' dir='ltr' id='par_1_101' title="bbox 958 2787 1748 2821">
     <span class='ocr_line' id='line_1_102' title="bbox 958 2787 1748 2821; baseline -0.003 -5"><span class='ocrx_word' id='word_1_871' title='bbox 958 2791 990 2816; x_wconf 87' lang='lat' dir='ltr'><strong>ad</strong></span> <span class='ocrx_word' id='word_1_872' title='bbox 1008 2789 1169 2821; x_wconf 85' lang='lat' dir='ltr'><strong>naturalem,</strong></span> <span class='ocrx_word' id='word_1_873' title='bbox 1189 2787 1268 2815; x_wconf 39' lang='lat' dir='ltr'><strong>i&#39;etc.</strong></span> <span class='ocrx_word' id='word_1_874' title='bbox 1285 2787 1368 2818; x_wconf 86' lang='lat' dir='ltr'><strong>Editi,</strong></span> <span class='ocrx_word' id='word_1_875' title='bbox 1386 2796 1395 2812; x_wconf 76' lang='grc' dir='ltr'><strong>ι</strong></span> <span class='ocrx_word' id='word_1_876' title='bbox 1415 2795 1507 2814; x_wconf 89' lang='lat' dir='ltr'><strong>verum</strong></span> <span class='ocrx_word' id='word_1_877' title='bbox 1522 2787 1568 2820; x_wconf 87' lang='lat' dir='ltr'><strong>qui</strong></span> <span class='ocrx_word' id='word_1_878' title='bbox 1586 2787 1619 2814; x_wconf 87' lang='lat' dir='ltr'><strong>ad</strong></span> <span class='ocrx_word' id='word_1_879' title='bbox 1636 2793 1748 2814; x_wconf 85' lang='lat' dir='ltr'><strong>natura-</strong></span> 
     </span>
    </p>
   </div>
   <div class='ocr_carea' id='block_1_102' title="bbox 959 2822 1746 2855">
    <p class='ocr_par' dir='ltr' id='par_1_102' title="bbox 959 2822 1746 2855">
     <span class='ocr_line' id='line_1_103' title="bbox 959 2822 1746 2855; baseline -0.001 -5"><span class='ocrx_word' id='word_1_880' title='bbox 959 2825 1022 2854; x_wconf 87' lang='lat' dir='ltr'><strong>Iern.</strong></span> <span class='ocrx_word' id='word_1_881' title='bbox 1042 2834 1051 2849; x_wconf 73' lang='grc' dir='ltr'><strong>ι</strong></span> <span class='ocrx_word' id='word_1_882' title='bbox 1068 2829 1122 2850; x_wconf 82' lang='lat' dir='ltr'><strong>etc.</strong></span> <span class='ocrx_word' id='word_1_883' title='bbox 1139 2824 1239 2850; x_wconf 84' lang='lat' dir='ltr'><strong>lbideni</strong></span> <span class='ocrx_word' id='word_1_884' title='bbox 1255 2831 1332 2855; x_wconf 87' lang='lat' dir='ltr'><strong>mss.,</strong></span> <span class='ocrx_word' id='word_1_885' title='bbox 1350 2831 1359 2847; x_wconf 84' lang='grc' dir='ltr'><strong>ι</strong></span> <span class='ocrx_word' id='word_1_886' title='bbox 1382 2822 1463 2850; x_wconf 86' lang='lat' dir='ltr'><strong>totius</strong></span> <span class='ocrx_word' id='word_1_887' title='bbox 1477 2823 1639 2850; x_wconf 84' lang='lat' dir='ltr'><strong>eruditionis</strong></span> <span class='ocrx_word' id='word_1_888' title='bbox 1653 2828 1746 2849; x_wconf 78' lang='lat' dir='ltr'><strong>osten-</strong></span> 
     </span>
    </p>
   </div>
   <div class='ocr_carea' id='block_1_103' title="bbox 960 2857 1745 2893">
    <p class='ocr_par' dir='ltr' id='par_1_103' title="bbox 960 2857 1745 2893">
     <span class='ocr_line' id='line_1_104' title="bbox 960 2857 1745 2893; baseline -0.003 -7"><span class='ocrx_word' id='word_1_889' title='bbox 960 2859 1045 2887; x_wconf 89' lang='lat' dir='ltr'><strong>ditur.</strong></span> <span class='ocrx_word' id='word_1_890' title='bbox 1063 2868 1072 2885; x_wconf 75' lang='grc'><strong><em>1</em></strong></span> <span class='ocrx_word' id='word_1_891' title='bbox 1086 2859 1156 2887; x_wconf 79' lang='lat' dir='ltr'><strong>Editi</strong></span> <span class='ocrx_word' id='word_1_892' title='bbox 1173 2858 1253 2893; x_wconf 85' lang='lat' dir='ltr'><strong>male,</strong></span> <span class='ocrx_word' id='word_1_893' title='bbox 1270 2867 1278 2884; x_wconf 90' lang='grc' dir='ltr'><strong>ι</strong></span> <span class='ocrx_word' id='word_1_894' title='bbox 1294 2858 1376 2886; x_wconf 89' lang='lat' dir='ltr'><strong>totius</strong></span> <span class='ocrx_word' id='word_1_895' title='bbox 1389 2857 1552 2887; x_wconf 86' lang='lat' dir='ltr'><strong>conditionis</strong></span> <span class='ocrx_word' id='word_1_896' title='bbox 1566 2857 1745 2885; x_wconf 68' lang='lat' dir='ltr'><strong>ostenditur.»</strong></span> 
     </span>
    </p>
   </div>
  </div>
