  <div class='ocr_page' id='page_1' title='image "/cluster/home/n/w/nwhite01/storage/ocr_20150623/11/njp.32101077772414/145.png"; bbox 0 0 1860 3073; ppageno 0'>
   <div class='ocr_carea' id='block_1_1' title="bbox 131 116 184 145">
    <p class='ocr_par' dir='ltr' id='par_1_1' title="bbox 131 116 184 145">
     <span class='ocr_line' id='line_1_1' title="bbox 131 116 184 145; baseline 0 0"><span class='ocrx_word' id='word_1_1' title='bbox 131 116 184 145; x_wconf 69' lang='grc'><strong>935</strong></span> 
     </span>
    </p>
   </div>
   <div class='ocr_carea' id='block_1_2' title="bbox 754 110 1149 140">
    <p class='ocr_par' dir='ltr' id='par_1_2' title="bbox 754 110 1149 140">
     <span class='ocr_line' id='line_1_2' title="bbox 754 110 1149 140; baseline 0 -1"><span class='ocrx_word' id='word_1_2' title='bbox 754 110 916 140; x_wconf 75' lang='lat' dir='ltr'><strong>ORIGENIS</strong></span> <span class='ocrx_word' id='word_1_3' title='bbox 934 112 1015 140; x_wconf 76' lang='grc' dir='ltr'><strong>ΠΕΡΙ</strong></span> <span class='ocrx_word' id='word_1_4' title='bbox 1034 112 1149 139; x_wconf 73' lang='grc' dir='ltr'><strong>ΔΡΧΩΝ</strong></span> 
     </span>
    </p>
   </div>
   <div class='ocr_carea' id='block_1_3' title="bbox 1705 112 1757 139">
    <p class='ocr_par' dir='ltr' id='par_1_3' title="bbox 1705 112 1757 139">
     <span class='ocr_line' id='line_1_3' title="bbox 1705 112 1757 139; baseline 0 0"><span class='ocrx_word' id='word_1_5' title='bbox 1705 112 1757 139; x_wconf 70' lang='lat'><strong>256</strong></span> 
     </span>
    </p>
   </div>
   <div class='ocr_carea' id='block_1_4' title="bbox 131 170 909 208">
    <p class='ocr_par' dir='ltr' id='par_1_4' title="bbox 131 170 909 208">
     <span class='ocr_line' id='line_1_4' title="bbox 131 170 909 208; baseline -0.004 -6"><span class='ocrx_word' id='word_1_6' title='bbox 131 174 274 208; x_wconf 83' lang='lat' dir='ltr'><strong>Quomodo</strong></span> <span class='ocrx_word' id='word_1_7' title='bbox 287 175 358 202; x_wconf 84' lang='lat' dir='ltr'><strong>enim</strong></span> <span class='ocrx_word' id='word_1_8' title='bbox 376 173 498 200; x_wconf 82' lang='lat' dir='ltr'><strong>videmus</strong></span> <span class='ocrx_word' id='word_1_9' title='bbox 511 170 568 207; x_wconf 73' lang='lat'><strong>(22)</strong></span> <span class='ocrx_word' id='word_1_10' title='bbox 585 171 612 198; x_wconf 90' lang='lat' dir='ltr'><strong>in</strong></span> <span class='ocrx_word' id='word_1_11' title='bbox 627 171 846 206; x_wconf 86' lang='lat' dir='ltr'><strong>quamplurimis,</strong></span> <span class='ocrx_word' id='word_1_12' title='bbox 862 180 909 200; x_wconf 83' lang='lat' dir='ltr'><strong>cun</strong></span> 
     </span>
    </p>
   </div>
   <div class='ocr_carea' id='block_1_5' title="bbox 1005 170 1758 208">
    <p class='ocr_par' dir='ltr' id='par_1_5' title="bbox 1005 171 1758 208">
     <span class='ocr_line' id='line_1_5' title="bbox 1005 171 1758 208; baseline -0.001 -9"><span class='ocrx_word' id='word_1_13' title='bbox 1005 173 1065 199; x_wconf 75' lang='grc' dir='ltr'>ξνων</span> <span class='ocrx_word' id='word_1_14' title='bbox 1092 173 1165 208; x_wconf 79' lang='grc' dir='ltr'>παρᾶ</span> <span class='ocrx_word' id='word_1_15' title='bbox 1180 172 1243 204; x_wconf 74' lang='grc' dir='ltr'>τοὺς</span> <span class='ocrx_word' id='word_1_16' title='bbox 1257 173 1288 207; x_wconf 82' lang='grc' dir='ltr'><strong>τῇ</strong></span> <span class='ocrx_word' id='word_1_17' title='bbox 1309 172 1387 207; x_wconf 80' lang='grc' dir='ltr'>φύσει</span> <span class='ocrx_word' id='word_1_18' title='bbox 1405 171 1534 208; x_wconf 74' lang='grc' dir='ltr'>πρότερον</span> <span class='ocrx_word' id='word_1_19' title='bbox 1560 171 1591 198; x_wconf 74' lang='grc' dir='ltr'>οὑ</span> <span class='ocrx_word' id='word_1_20' title='bbox 1612 171 1758 203; x_wconf 74' lang='grc' dir='ltr'><strong>δοκοῦντας</strong></span> 
     </span>
    </p>
   </div>
   <div class='ocr_carea' id='block_1_6' title="bbox 131 218 921 257">
    <p class='ocr_par' dir='ltr' id='par_1_6' title="bbox 131 218 921 257">
     <span class='ocr_line' id='line_1_6' title="bbox 131 218 921 257; baseline -0.003 -9"><span class='ocrx_word' id='word_1_21' title='bbox 131 223 207 257; x_wconf 82' lang='lat' dir='ltr'><strong>prius</strong></span> <span class='ocrx_word' id='word_1_22' title='bbox 236 220 433 248; x_wconf 82' lang='lat' dir='ltr'><strong>incontinenter</strong></span> <span class='ocrx_word' id='word_1_23' title='bbox 458 219 690 252; x_wconf 88' lang='lat' dir='ltr'><strong>intemperateque</strong></span> <span class='ocrx_word' id='word_1_24' title='bbox 717 218 863 249; x_wconf 77' lang='lat' dir='ltr'><strong>vixissent,</strong></span> <span class='ocrx_word' id='word_1_25' title='bbox 889 226 921 246; x_wconf 89' lang='lat' dir='ltr'><strong>ae</strong></span> 
     </span>
    </p>
   </div>
   <div class='ocr_carea' id='block_1_7' title="bbox 130 264 920 298">
    <p class='ocr_par' dir='ltr' id='par_1_7' title="bbox 130 264 920 298">
     <span class='ocr_line' id='line_1_7' title="bbox 130 264 920 298; baseline -0.001 -5"><span class='ocrx_word' id='word_1_26' title='bbox 130 267 247 294; x_wconf 77' lang='lat' dir='ltr'><strong>luxuria:</strong></span> <span class='ocrx_word' id='word_1_27' title='bbox 262 266 376 293; x_wconf 87' lang='lat' dir='ltr'><strong>fuissent</strong></span> <span class='ocrx_word' id='word_1_28' title='bbox 392 264 569 298; x_wconf 82' lang='lat' dir='ltr'><strong>libidinisque</strong></span> <span class='ocrx_word' id='word_1_29' title='bbox 587 264 698 297; x_wconf 78' lang='lat' dir='ltr'><strong>captivi,</strong></span> <span class='ocrx_word' id='word_1_30' title='bbox 717 264 738 291; x_wconf 88' lang='lat' dir='ltr'><strong>si</strong></span> <span class='ocrx_word' id='word_1_31' title='bbox 756 264 826 292; x_wconf 89' lang='lat' dir='ltr'><strong>forte</strong></span> <span class='ocrx_word' id='word_1_32' title='bbox 837 265 920 292; x_wconf 86' lang='lat' dir='ltr'><strong>verbo</strong></span> 
     </span>
    </p>
   </div>
   <div class='ocr_carea' id='block_1_8' title="bbox 131 309 919 345">
    <p class='ocr_par' dir='ltr' id='par_1_8' title="bbox 131 309 919 345">
     <span class='ocr_line' id='line_1_8' title="bbox 131 309 919 345; baseline -0.004 -6"><span class='ocrx_word' id='word_1_33' title='bbox 131 313 258 340; x_wconf 67' lang='lat' dir='ltr'><strong>doctrinae</strong></span> <span class='ocrx_word' id='word_1_34' title='bbox 271 316 353 345; x_wconf 85' lang='lat' dir='ltr'><strong>atque</strong></span> <span class='ocrx_word' id='word_1_35' title='bbox 365 310 529 338; x_wconf 76' lang='lat' dir='ltr'><strong>eruditionis</strong></span> <span class='ocrx_word' id='word_1_36' title='bbox 545 310 571 336; x_wconf 87' lang='lat' dir='ltr'><strong>itt</strong></span> <span class='ocrx_word' id='word_1_37' title='bbox 588 309 685 337; x_wconf 87' lang='lat' dir='ltr'><strong>melius</strong></span> <span class='ocrx_word' id='word_1_38' title='bbox 697 310 833 344; x_wconf 89' lang='lat' dir='ltr'><strong>provocati</strong></span> <span class='ocrx_word' id='word_1_39' title='bbox 845 315 919 342; x_wconf 84' lang='lat' dir='ltr'><strong>sunt,</strong></span> 
     </span>
    </p>
   </div>
   <div class='ocr_carea' id='block_1_9' title="bbox 130 354 920 386">
    <p class='ocr_par' dir='ltr' id='par_1_9' title="bbox 130 354 920 386">
     <span class='ocr_line' id='line_1_9' title="bbox 130 354 920 386; baseline -0.001 -3"><span class='ocrx_word' id='word_1_40' title='bbox 130 361 232 384; x_wconf 79' lang='lat' dir='ltr'><strong>tantam</strong></span> <span class='ocrx_word' id='word_1_41' title='bbox 247 357 385 384; x_wconf 75' lang='lat' dir='ltr'><strong>exstitisse</strong></span> <span class='ocrx_word' id='word_1_42' title='bbox 402 355 653 386; x_wconf 81' lang='lat' dir='ltr'><strong>commutationem.</strong></span> <span class='ocrx_word' id='word_1_43' title='bbox 671 359 700 381; x_wconf 94' lang='lat' dir='ltr'><strong>ut</strong></span> <span class='ocrx_word' id='word_1_44' title='bbox 719 363 750 382; x_wconf 82' lang='lat' dir='ltr'><strong>ex</strong></span> <span class='ocrx_word' id='word_1_45' title='bbox 770 354 920 382; x_wconf 77' lang='lat' dir='ltr'><strong>luxuriosis</strong></span> 
     </span>
    </p>
   </div>
   <div class='ocr_carea' id='block_1_10' title="bbox 129 400 918 437">
    <p class='ocr_par' dir='ltr' id='par_1_10' title="bbox 129 400 918 437">
     <span class='ocr_line' id='line_1_10' title="bbox 129 400 918 437; baseline -0.003 -8"><span class='ocrx_word' id='word_1_46' title='bbox 129 407 154 429; x_wconf 90' lang='lat' dir='ltr'><strong>et</strong></span> <span class='ocrx_word' id='word_1_47' title='bbox 181 403 303 437; x_wconf 86' lang='lat' dir='ltr'><strong>turpibus</strong></span> <span class='ocrx_word' id='word_1_48' title='bbox 326 402 409 429; x_wconf 78' lang='lat' dir='ltr'><strong>sobrii</strong></span> <span class='ocrx_word' id='word_1_49' title='bbox 428 405 456 428; x_wconf 88' lang='lat' dir='ltr'><strong>et</strong></span> <span class='ocrx_word' id='word_1_50' title='bbox 479 400 626 428; x_wconf 80' lang='lat' dir='ltr'><strong>castissimi</strong></span> <span class='ocrx_word' id='word_1_51' title='bbox 653 407 684 428; x_wconf 89' lang='lat' dir='ltr'><strong>ac</strong></span> <span class='ocrx_word' id='word_1_52' title='bbox 709 401 918 427; x_wconf 72' lang='lat' dir='ltr'><strong>mansuetis~inti</strong></span> 
     </span>
    </p>
   </div>
   <div class='ocr_carea' id='block_1_11' title="bbox 128 445 919 480">
    <p class='ocr_par' dir='ltr' id='par_1_11' title="bbox 128 445 919 480">
     <span class='ocr_line' id='line_1_11' title="bbox 128 445 919 480; baseline -0.003 -6"><span class='ocrx_word' id='word_1_53' title='bbox 128 448 323 480; x_wconf 80' lang='lat' dir='ltr'><strong>redderentur;</strong></span> <span class='ocrx_word' id='word_1_54' title='bbox 345 448 381 474; x_wconf 86' lang='lat' dir='ltr'><strong>ita</strong></span> <span class='ocrx_word' id='word_1_55' title='bbox 410 454 519 474; x_wconf 87' lang='lat' dir='ltr'><strong>rursum</strong></span> <span class='ocrx_word' id='word_1_56' title='bbox 548 446 674 472; x_wconf 75' lang='lat' dir='ltr'><strong>videmus</strong></span> <span class='ocrx_word' id='word_1_57' title='bbox 691 445 717 471; x_wconf 91' lang='lat' dir='ltr'><strong>in</strong></span> <span class='ocrx_word' id='word_1_58' title='bbox 738 445 798 472; x_wconf 83' lang='lat' dir='ltr'><strong>aliis</strong></span> <span class='ocrx_word' id='word_1_59' title='bbox 819 445 919 478; x_wconf 88' lang='lat' dir='ltr'><strong>quietis</strong></span> 
     </span>
    </p>
   </div>
   <div class='ocr_carea' id='block_1_12' title="bbox 126 491 919 525">
    <p class='ocr_par' dir='ltr' id='par_1_12' title="bbox 126 491 919 525">
     <span class='ocr_line' id='line_1_12' title="bbox 126 491 919 525; baseline -0.003 -5"><span class='ocrx_word' id='word_1_60' title='bbox 126 498 154 520; x_wconf 91' lang='lat' dir='ltr'><strong>et</strong></span> <span class='ocrx_word' id='word_1_61' title='bbox 173 493 313 523; x_wconf 82' lang='lat' dir='ltr'><strong>honestis.</strong></span> <span class='ocrx_word' id='word_1_62' title='bbox 337 500 398 518; x_wconf 90' lang='lat' dir='ltr'><strong>cum</strong></span> <span class='ocrx_word' id='word_1_63' title='bbox 424 499 453 519; x_wconf 92' lang='lat' dir='ltr'><strong>se</strong></span> <span class='ocrx_word' id='word_1_64' title='bbox 477 493 545 518; x_wconf 77' lang='lat' dir='ltr'><strong>forte</strong></span> <span class='ocrx_word' id='word_1_65' title='bbox 569 491 696 525; x_wconf 88' lang='lat' dir='ltr'><strong>inquietis</strong></span> <span class='ocrx_word' id='word_1_66' title='bbox 715 491 867 518; x_wconf 88' lang='lat' dir='ltr'><strong>hominibus</strong></span> <span class='ocrx_word' id='word_1_67' title='bbox 887 499 919 518; x_wconf 92' lang='lat' dir='ltr'><strong>ae</strong></span> 
     </span>
    </p>
   </div>
   <div class='ocr_carea' id='block_1_13' title="bbox 126 537 918 573">
    <p class='ocr_par' dir='ltr' id='par_1_13' title="bbox 126 537 918 573">
     <span class='ocr_line' id='line_1_13' title="bbox 126 537 918 573; baseline -0.003 -8"><span class='ocrx_word' id='word_1_68' title='bbox 126 538 254 573; x_wconf 84' lang='lat' dir='ltr'><strong>turpibus</strong></span> <span class='ocrx_word' id='word_1_69' title='bbox 270 538 326 572; x_wconf 68' lang='lat'><strong>(23)</strong></span> <span class='ocrx_word' id='word_1_70' title='bbox 341 538 482 567; x_wconf 86' lang='lat' dir='ltr'><strong>sociarint.</strong></span> <span class='ocrx_word' id='word_1_71' title='bbox 503 538 638 571; x_wconf 82' lang='lat' dir='ltr'><strong>corrumpi</strong></span> <span class='ocrx_word' id='word_1_72' title='bbox 657 544 747 563; x_wconf 75' lang='lat' dir='ltr'><strong>mores</strong></span> <span class='ocrx_word' id='word_1_73' title='bbox 763 537 847 563; x_wconf 92' lang='lat' dir='ltr'><strong>bonos</strong></span> <span class='ocrx_word' id='word_1_74' title='bbox 862 537 918 563; x_wconf 86' lang='lat' dir='ltr'><strong>eol-</strong></span> 
     </span>
    </p>
   </div>
   <div class='ocr_carea' id='block_1_14' title="bbox 126 581 916 619">
    <p class='ocr_par' dir='ltr' id='par_1_14' title="bbox 126 581 916 619">
     <span class='ocr_line' id='line_1_14' title="bbox 126 581 916 619; baseline -0.005 -7"><span class='ocrx_word' id='word_1_75' title='bbox 126 585 225 619; x_wconf 88' lang='lat' dir='ltr'><strong>quuiis</strong></span> <span class='ocrx_word' id='word_1_76' title='bbox 239 585 316 611; x_wconf 88' lang='lat' dir='ltr'><strong>malis</strong></span> <span class='ocrx_word' id='word_1_77' title='bbox 339 585 362 600; x_wconf 79' lang='lat'><strong><em>“</em></strong></span> <span class='ocrx_word' id='word_1_78' title='bbox 373 605 382 616; x_wconf 82' lang='lat'><strong><em>,</em></strong></span> <span class='ocrx_word' id='word_1_79' title='bbox 407 589 434 611; x_wconf 91' lang='lat' dir='ltr'><strong>et</strong></span> <span class='ocrx_word' id='word_1_80' title='bbox 457 583 524 610; x_wconf 87' lang='lat' dir='ltr'><strong>elIiei</strong></span> <span class='ocrx_word' id='word_1_81' title='bbox 545 591 592 610; x_wconf 91' lang='lat' dir='ltr'><strong>eos</strong></span> <span class='ocrx_word' id='word_1_82' title='bbox 611 582 678 609; x_wconf 85' lang='lat' dir='ltr'><strong>tales</strong></span> <span class='ocrx_word' id='word_1_83' title='bbox 692 581 785 616; x_wconf 88' lang='lat' dir='ltr'><strong>quales</strong></span> <span class='ocrx_word' id='word_1_84' title='bbox 801 587 865 608; x_wconf 89' lang='lat' dir='ltr'><strong>sunt</strong></span> <span class='ocrx_word' id='word_1_85' title='bbox 880 582 916 608; x_wconf 89' lang='lat' dir='ltr'><strong>illi</strong></span> 
     </span>
    </p>
   </div>
   <div class='ocr_carea' id='block_1_15' title="bbox 79 628 917 665">
    <p class='ocr_par' dir='ltr' id='par_1_15' title="bbox 79 628 917 665">
     <span class='ocr_line' id='line_1_15' title="bbox 79 628 917 665; baseline -0.004 -8"><span class='ocrx_word' id='word_1_86' title='bbox 79 658 82 659; x_wconf 31' lang='grc' dir='ltr'><strong>ν</strong></span> <span class='ocrx_word' id='word_1_87' title='bbox 126 631 226 665; x_wconf 88' lang='lat' dir='ltr'><strong>quibus</strong></span> <span class='ocrx_word' id='word_1_88' title='bbox 246 630 312 657; x_wconf 83' lang='lat' dir='ltr'><strong>nihil</strong></span> <span class='ocrx_word' id='word_1_89' title='bbox 327 630 360 655; x_wconf 87' lang='lat' dir='ltr'><strong>ad</strong></span> <span class='ocrx_word' id='word_1_90' title='bbox 377 629 568 664; x_wconf 77' lang='lat' dir='ltr'><strong>turpitudinem</strong></span> <span class='ocrx_word' id='word_1_91' title='bbox 584 629 678 659; x_wconf 80' lang='lat' dir='ltr'><strong>deest;</strong></span> <span class='ocrx_word' id='word_1_92' title='bbox 706 634 733 655; x_wconf 90' lang='lat' dir='ltr'><strong>et</strong></span> <span class='ocrx_word' id='word_1_93' title='bbox 757 628 808 654; x_wconf 88' lang='lat' dir='ltr'><strong>hoc</strong></span> <span class='ocrx_word' id='word_1_94' title='bbox 833 628 917 654; x_wconf 68' lang='lat' dir='ltr'><strong>inter~</strong></span> 
     </span>
    </p>
   </div>
   <div class='ocr_carea' id='block_1_16' title="bbox 127 674 918 710">
    <p class='ocr_par' dir='ltr' id='par_1_16' title="bbox 127 674 918 710">
     <span class='ocr_line' id='line_1_16' title="bbox 127 674 918 710; baseline 0 -10"><span class='ocrx_word' id='word_1_95' title='bbox 127 675 191 701; x_wconf 91' lang='lat' dir='ltr'><strong>dum</strong></span> <span class='ocrx_word' id='word_1_96' title='bbox 213 675 304 702; x_wconf 87' lang='lat' dir='ltr'><strong>evenit</strong></span> <span class='ocrx_word' id='word_1_97' title='bbox 331 680 435 702; x_wconf 82' lang='lat' dir='ltr'><strong>matura</strong></span> <span class='ocrx_word' id='word_1_98' title='bbox 458 676 515 710; x_wconf 76' lang='lat' dir='ltr'><strong>jam</strong></span> <span class='ocrx_word' id='word_1_99' title='bbox 534 680 613 702; x_wconf 68' lang='lat' dir='ltr'><strong>mtate</strong></span> <span class='ocrx_word' id='word_1_100' title='bbox 635 675 712 705; x_wconf 83' lang='lat' dir='ltr'><strong>viris,</strong></span> <span class='ocrx_word' id='word_1_101' title='bbox 733 675 769 701; x_wconf 82' lang='lat' dir='ltr'><strong>ita</strong></span> <span class='ocrx_word' id='word_1_102' title='bbox 786 679 813 700; x_wconf 93' lang='lat' dir='ltr'><strong>ut</strong></span> <span class='ocrx_word' id='word_1_103' title='bbox 830 674 918 700; x_wconf 81' lang='lat' dir='ltr'><strong>conti-</strong></span> 
     </span>
    </p>
   </div>
   <div class='ocr_carea' id='block_1_17' title="bbox 127 721 918 755">
    <p class='ocr_par' dir='ltr' id='par_1_17' title="bbox 127 721 918 755">
     <span class='ocr_line' id='line_1_17' title="bbox 127 721 918 755; baseline 0 -9"><span class='ocrx_word' id='word_1_104' title='bbox 127 721 266 748; x_wconf 83' lang='lat' dir='ltr'><strong>nentiores</strong></span> <span class='ocrx_word' id='word_1_105' title='bbox 294 722 320 748; x_wconf 90' lang='lat' dir='ltr'><strong>in</strong></span> <span class='ocrx_word' id='word_1_106' title='bbox 343 721 486 755; x_wconf 86' lang='lat' dir='ltr'><strong>juventule</strong></span> <span class='ocrx_word' id='word_1_107' title='bbox 502 721 629 752; x_wconf 75' lang='lat' dir='ltr'><strong>vixerint,</strong></span> <span class='ocrx_word' id='word_1_108' title='bbox 647 727 727 754; x_wconf 77' lang='lat' dir='ltr'><strong>quam</strong></span> <span class='ocrx_word' id='word_1_109' title='bbox 743 727 803 746; x_wconf 89' lang='lat' dir='ltr'><strong>cum</strong></span> <span class='ocrx_word' id='word_1_110' title='bbox 821 727 918 753; x_wconf 90' lang='lat' dir='ltr'><strong>prove-</strong></span> 
     </span>
    </p>
   </div>
   <div class='ocr_carea' id='block_1_18' title="bbox 126 765 902 794">
    <p class='ocr_par' dir='ltr' id='par_1_18' title="bbox 126 765 902 794">
     <span class='ocr_line' id='line_1_18' title="bbox 126 765 902 794; baseline 0.001 -3"><span class='ocrx_word' id='word_1_111' title='bbox 126 766 197 792; x_wconf 68' lang='lat' dir='ltr'><strong>ctior</strong></span> <span class='ocrx_word' id='word_1_112' title='bbox 212 771 278 793; x_wconf 74' lang='lat' dir='ltr'><strong>tetas</strong></span> <span class='ocrx_word' id='word_1_113' title='bbox 291 766 448 794; x_wconf 76' lang='lat' dir='ltr'><strong>facultatem</strong></span> <span class='ocrx_word' id='word_1_114' title='bbox 469 767 530 793; x_wconf 72' lang='lat' dir='ltr'><strong>vitze</strong></span> <span class='ocrx_word' id='word_1_115' title='bbox 552 766 686 792; x_wconf 78' lang='lat' dir='ltr'><strong>liberioris</strong></span> <span class='ocrx_word' id='word_1_116' title='bbox 705 765 825 792; x_wconf 81' lang='lat' dir='ltr'><strong>indulsit.</strong></span> <span class='ocrx_word' id='word_1_117' title='bbox 847 766 902 792; x_wconf 72' lang='lat' dir='ltr'><strong>lion</strong></span> 
     </span>
    </p>
   </div>
   <div class='ocr_carea' id='block_1_19' title="bbox 126 811 914 845">
    <p class='ocr_par' dir='ltr' id='par_1_19' title="bbox 126 811 914 845">
     <span class='ocr_line' id='line_1_19' title="bbox 126 811 914 845; baseline -0.001 -8"><span class='ocrx_word' id='word_1_118' title='bbox 126 812 267 845; x_wconf 83' lang='lat' dir='ltr'><strong>sequentia</strong></span> <span class='ocrx_word' id='word_1_119' title='bbox 292 819 358 845; x_wconf 76' lang='lat' dir='ltr'><strong>ergo</strong></span> <span class='ocrx_word' id='word_1_120' title='bbox 380 812 492 838; x_wconf 81' lang='lat' dir='ltr'><strong>rationis</strong></span> <span class='ocrx_word' id='word_1_121' title='bbox 517 811 634 838; x_wconf 83' lang='lat' dir='ltr'><strong>ostendit</strong></span> <span class='ocrx_word' id='word_1_122' title='bbox 657 811 728 845; x_wconf 88' lang='lat' dir='ltr'><strong>quod</strong></span> <span class='ocrx_word' id='word_1_123' title='bbox 752 818 782 836; x_wconf 81' lang='lat' dir='ltr'><strong>ea</strong></span> <span class='ocrx_word' id='word_1_124' title='bbox 807 811 914 844; x_wconf 84' lang='lat' dir='ltr'><strong>qutde-n</strong></span> 
     </span>
    </p>
   </div>
   <div class='ocr_carea' id='block_1_20' title="bbox 972 216 1759 254">
    <p class='ocr_par' dir='ltr' id='par_1_20' title="bbox 972 216 1759 254">
     <span class='ocr_line' id='line_1_20' title="bbox 972 216 1759 254; baseline -0.001 -10"><span class='ocrx_word' id='word_1_125' title='bbox 972 216 1041 244; x_wconf 82' lang='grc' dir='ltr'>εἶναι</span> <span class='ocrx_word' id='word_1_126' title='bbox 1054 218 1199 251; x_wconf 74' lang='grc' dir='ltr'>τοιούτους,</span> <span class='ocrx_word' id='word_1_127' title='bbox 1227 218 1276 245; x_wconf 79' lang='grc' dir='ltr'>καὶ</span> <span class='ocrx_word' id='word_1_128' title='bbox 1297 217 1352 244; x_wconf 86' lang='grc' dir='ltr'><strong>τῶν</strong></span> <span class='ocrx_word' id='word_1_129' title='bbox 1373 218 1548 254; x_wconf 69' lang='grc' dir='ltr'>ἀγριωτάτων</span> <span class='ocrx_word' id='word_1_130' title='bbox 1572 218 1612 248; x_wconf 70' lang='grc' dir='ltr'>εἰς</span> <span class='ocrx_word' id='word_1_131' title='bbox 1632 217 1759 244; x_wconf 71' lang='grc' dir='ltr'>τοσοῦτον</span> 
     </span>
    </p>
   </div>
   <div class='ocr_carea' id='block_1_21' title="bbox 971 262 1758 299">
    <p class='ocr_par' dir='ltr' id='par_1_21' title="bbox 971 262 1758 299">
     <span class='ocr_line' id='line_1_21' title="bbox 971 262 1758 299; baseline -0.001 -9"><span class='ocrx_word' id='word_1_132' title='bbox 971 264 1140 299; x_wconf 62' lang='grc' dir='ltr'>ἡμερότητος</span> <span class='ocrx_word' id='word_1_133' title='bbox 1159 263 1388 299; x_wconf 70' lang='grc' dir='ltr'>μεταϐαλλόντων,</span> <span class='ocrx_word' id='word_1_134' title='bbox 1400 263 1469 289; x_wconf 80' lang='grc' dir='ltr'>ὥστε</span> <span class='ocrx_word' id='word_1_135' title='bbox 1486 263 1548 294; x_wconf 74' lang='grc' dir='ltr'>τοὺς</span> <span class='ocrx_word' id='word_1_136' title='bbox 1567 262 1633 298; x_wconf 75' lang='grc' dir='ltr'>μηδὲ</span> <span class='ocrx_word' id='word_1_137' title='bbox 1650 262 1758 289; x_wconf 60' lang='grc' dir='ltr'>πώποτε</span> 
     </span>
    </p>
   </div>
   <div class='ocr_carea' id='block_1_22' title="bbox 971 307 1759 345">
    <p class='ocr_par' dir='ltr' id='par_1_22' title="bbox 971 307 1759 345">
     <span class='ocr_line' id='line_1_22' title="bbox 971 307 1759 345; baseline 0 -10"><span class='ocrx_word' id='word_1_138' title='bbox 971 309 1057 340; x_wconf 72' lang='grc' dir='ltr'>οὕτως</span> <span class='ocrx_word' id='word_1_139' title='bbox 1075 309 1268 345; x_wconf 74' lang='grc' dir='ltr'><strong>ἀγριωθέντας,</strong></span> <span class='ocrx_word' id='word_1_140' title='bbox 1285 309 1398 344; x_wconf 81' lang='grc' dir='ltr'>ἀγρίους</span> <span class='ocrx_word' id='word_1_141' title='bbox 1413 307 1482 335; x_wconf 79' lang='grc' dir='ltr'>εἶναι</span> <span class='ocrx_word' id='word_1_142' title='bbox 1493 308 1591 340; x_wconf 78' lang='grc' dir='ltr'>δοκεῖν,</span> <span class='ocrx_word' id='word_1_143' title='bbox 1617 309 1759 343; x_wconf 78' lang='grc' dir='ltr'><strong>συγκρίσει</strong></span> 
     </span>
    </p>
   </div>
   <div class='ocr_carea' id='block_1_23' title="bbox 970 349 1760 390">
    <p class='ocr_par' dir='ltr' id='par_1_23' title="bbox 970 349 1760 390">
     <span class='ocr_line' id='line_1_23' title="bbox 970 349 1760 390; baseline -0.003 -8"><span class='ocrx_word' id='word_1_144' title='bbox 970 355 1046 382; x_wconf 76' lang='grc' dir='ltr'>τοῦδέ</span> <span class='ocrx_word' id='word_1_145' title='bbox 1067 364 1140 386; x_wconf 83' lang='grc' dir='ltr'>τινος</span> <span class='ocrx_word' id='word_1_146' title='bbox 1164 355 1395 390; x_wconf 71' lang='grc' dir='ltr'>μεταϐεϐληκότος</span> <span class='ocrx_word' id='word_1_147' title='bbox 1416 355 1461 380; x_wconf 75' lang='grc' dir='ltr'>ἐπὶ</span> <span class='ocrx_word' id='word_1_148' title='bbox 1488 354 1519 380; x_wconf 84' lang='grc' dir='ltr'><strong>τὺ</strong></span> <span class='ocrx_word' id='word_1_149' title='bbox 1533 354 1643 389; x_wconf 73' lang='grc' dir='ltr'>ἥμερον.</span> <span class='ocrx_word' id='word_1_150' title='bbox 1675 349 1760 389; x_wconf 56' lang='grc' dir='ltr'>Ὀρῶέ</span> 
     </span>
    </p>
   </div>
   <div class='ocr_carea' id='block_1_24' title="bbox 972 400 1760 436">
    <p class='ocr_par' dir='ltr' id='par_1_24' title="bbox 972 400 1760 436">
     <span class='ocr_line' id='line_1_24' title="bbox 972 400 1760 436; baseline 0 -9"><span class='ocrx_word' id='word_1_151' title='bbox 972 401 1020 436; x_wconf 80' lang='grc' dir='ltr'>μέν</span> <span class='ocrx_word' id='word_1_152' title='bbox 1037 410 1066 427; x_wconf 85' lang='grc' dir='ltr'><strong>τε</strong></span> <span class='ocrx_word' id='word_1_153' title='bbox 1084 402 1194 436; x_wconf 80' lang='grc' dir='ltr'>ἑτέρους</span> <span class='ocrx_word' id='word_1_154' title='bbox 1207 401 1436 432; x_wconf 78' lang='grc' dir='ltr'>εὑσταθεστάτους</span> <span class='ocrx_word' id='word_1_155' title='bbox 1459 400 1505 426; x_wconf 73' lang='grc' dir='ltr'>καὶ</span> <span class='ocrx_word' id='word_1_156' title='bbox 1520 400 1710 434; x_wconf 78' lang='grc' dir='ltr'>σεμνοτάτους,</span> <span class='ocrx_word' id='word_1_157' title='bbox 1728 401 1760 427; x_wconf 84' lang='grc' dir='ltr'>ὲκ</span> 
     </span>
    </p>
   </div>
   <div class='ocr_carea' id='block_1_25' title="bbox 970 444 1760 482">
    <p class='ocr_par' dir='ltr' id='par_1_25' title="bbox 970 444 1760 482">
     <span class='ocr_line' id='line_1_25' title="bbox 970 444 1760 482; baseline -0.003 -9"><span class='ocrx_word' id='word_1_158' title='bbox 970 447 1136 482; x_wconf 52' lang='grc' dir='ltr'>διαστροφῆς</span> <span class='ocrx_word' id='word_1_159' title='bbox 1158 447 1203 473; x_wconf 69' lang='grc' dir='ltr'><strong>ἐπὶ</strong></span> <span class='ocrx_word' id='word_1_160' title='bbox 1218 447 1266 478; x_wconf 74' lang='grc' dir='ltr'>τὰς</span> <span class='ocrx_word' id='word_1_161' title='bbox 1275 444 1382 481; x_wconf 65' lang='grc' dir='ltr'>χειρονς</span> <span class='ocrx_word' id='word_1_162' title='bbox 1392 445 1532 481; x_wconf 70' lang='grc' dir='ltr'>διατριϐὰς</span> <span class='ocrx_word' id='word_1_163' title='bbox 1544 446 1760 480; x_wconf 72' lang='grc' dir='ltr'>ὲκκρουομένους</span> 
     </span>
    </p>
   </div>
   <div class='ocr_carea' id='block_1_26' title="bbox 969 491 1762 526">
    <p class='ocr_par' dir='ltr' id='par_1_26' title="bbox 969 491 1762 526">
     <span class='ocr_line' id='line_1_26' title="bbox 969 491 1762 526; baseline 0 -9"><span class='ocrx_word' id='word_1_164' title='bbox 969 491 1015 517; x_wconf 74' lang='grc' dir='ltr'>τοῦ</span> <span class='ocrx_word' id='word_1_165' title='bbox 1031 492 1129 526; x_wconf 76' lang='grc' dir='ltr'>σεμνοῦ</span> <span class='ocrx_word' id='word_1_166' title='bbox 1146 492 1193 518; x_wconf 71' lang='grc' dir='ltr'>καὶ</span> <span class='ocrx_word' id='word_1_167' title='bbox 1204 491 1351 522; x_wconf 74' lang='grc' dir='ltr'>εὐσταθοῦς</span> <span class='ocrx_word' id='word_1_168' title='bbox 1362 511 1369 523; x_wconf 84' lang='grc'><strong>,</strong></span> <span class='ocrx_word' id='word_1_169' title='bbox 1387 491 1458 517; x_wconf 79' lang='grc' dir='ltr'>ὥστε</span> <span class='ocrx_word' id='word_1_170' title='bbox 1481 491 1521 522; x_wconf 83' lang='grc' dir='ltr'><strong>εἰς</strong></span> <span class='ocrx_word' id='word_1_171' title='bbox 1545 491 1696 517; x_wconf 74' lang='grc' dir='ltr'>ἀκολασίαν</span> <span class='ocrx_word' id='word_1_172' title='bbox 1717 492 1762 517; x_wconf 72' lang='grc' dir='ltr'><strong>αὖ·</strong></span> 
     </span>
    </p>
   </div>
   <div class='ocr_carea' id='block_1_27' title="bbox 970 535 1762 571">
    <p class='ocr_par' dir='ltr' id='par_1_27' title="bbox 970 535 1762 571">
     <span class='ocr_line' id='line_1_27' title="bbox 970 535 1762 571; baseline 0.001 -9"><span class='ocrx_word' id='word_1_173' title='bbox 970 538 1031 568; x_wconf 75' lang='grc' dir='ltr'>τοὺς</span> <span class='ocrx_word' id='word_1_174' title='bbox 1049 536 1228 571; x_wconf 71' lang='grc' dir='ltr'>μεταϐαλεῖν,</span> <span class='ocrx_word' id='word_1_175' title='bbox 1246 536 1374 567; x_wconf 77' lang='grc' dir='ltr'><strong>πολλάκις</strong></span> <span class='ocrx_word' id='word_1_176' title='bbox 1401 535 1568 571; x_wconf 78' lang='grc' dir='ltr'><strong>ἀρχομένους</strong></span> <span class='ocrx_word' id='word_1_177' title='bbox 1592 536 1641 570; x_wconf 75' lang='grc' dir='ltr'>τῆς</span> <span class='ocrx_word' id='word_1_178' title='bbox 1666 536 1762 563; x_wconf 84' lang='grc' dir='ltr'>ἀκολα-</span> 
     </span>
    </p>
   </div>
   <div class='ocr_carea' id='block_1_28' title="bbox 970 581 1761 617">
    <p class='ocr_par' dir='ltr' id='par_1_28' title="bbox 970 581 1761 617">
     <span class='ocr_line' id='line_1_28' title="bbox 970 581 1761 617; baseline 0 -9"><span class='ocrx_word' id='word_1_179' title='bbox 970 583 1030 613; x_wconf 78' lang='grc' dir='ltr'>σίας</span> <span class='ocrx_word' id='word_1_180' title='bbox 1045 582 1180 617; x_wconf 73' lang='grc' dir='ltr'><strong>μεσούσης</strong></span> <span class='ocrx_word' id='word_1_181' title='bbox 1189 582 1240 617; x_wconf 74' lang='grc' dir='ltr'>τῆς</span> <span class='ocrx_word' id='word_1_182' title='bbox 1253 582 1368 617; x_wconf 78' lang='grc' dir='ltr'>ήλικὶας,</span> <span class='ocrx_word' id='word_1_183' title='bbox 1385 582 1431 608; x_wconf 72' lang='grc' dir='ltr'>καὶ</span> <span class='ocrx_word' id='word_1_184' title='bbox 1447 581 1632 616; x_wconf 74' lang='grc' dir='ltr'>ἐμπίπτοντας</span> <span class='ocrx_word' id='word_1_185' title='bbox 1641 582 1683 613; x_wconf 68' lang='grc' dir='ltr'>εἰς</span> <span class='ocrx_word' id='word_1_186' title='bbox 1694 582 1761 608; x_wconf 87' lang='grc' dir='ltr'>ἀτα-</span> 
     </span>
    </p>
   </div>
   <div class='ocr_carea' id='block_1_29' title="bbox 970 625 1762 662">
    <p class='ocr_par' dir='ltr' id='par_1_29' title="bbox 970 625 1762 662">
     <span class='ocr_line' id='line_1_29' title="bbox 970 625 1762 662; baseline 0.001 -10"><span class='ocrx_word' id='word_1_187' title='bbox 970 626 1028 658; x_wconf 77' lang='grc' dir='ltr'>ξίαν</span> <span class='ocrx_word' id='word_1_188' title='bbox 1048 627 1116 661; x_wconf 67' lang='grc' dir='ltr'>μετὰ</span> <span class='ocrx_word' id='word_1_189' title='bbox 1143 627 1174 653; x_wconf 79' lang='grc' dir='ltr'>τὸ</span> <span class='ocrx_word' id='word_1_190' title='bbox 1200 625 1411 662; x_wconf 73' lang='grc' dir='ltr'>παρεληλυθέναι</span> <span class='ocrx_word' id='word_1_191' title='bbox 1435 626 1464 651; x_wconf 73' lang='grc' dir='ltr'>τὸ</span> <span class='ocrx_word' id='word_1_192' title='bbox 1483 625 1532 660; x_wconf 76' lang='grc' dir='ltr'>τῆς</span> <span class='ocrx_word' id='word_1_193' title='bbox 1553 626 1680 660; x_wconf 72' lang='grc' dir='ltr'>νεότητος</span> <span class='ocrx_word' id='word_1_194' title='bbox 1700 627 1762 653; x_wconf 78' lang='grc' dir='ltr'>ὅσον</span> 
     </span>
    </p>
   </div>
   <div class='ocr_carea' id='block_1_30' title="bbox 969 672 1762 708">
    <p class='ocr_par' dir='ltr' id='par_1_30' title="bbox 969 672 1762 708">
     <span class='ocr_line' id='line_1_30' title="bbox 969 672 1762 708; baseline 0 -10"><span class='ocrx_word' id='word_1_195' title='bbox 969 674 1015 699; x_wconf 71' lang='grc' dir='ltr'><strong>ἐπὶ</strong></span> <span class='ocrx_word' id='word_1_196' title='bbox 1031 674 1062 708; x_wconf 85' lang='grc' dir='ltr'><strong>τῇ</strong></span> <span class='ocrx_word' id='word_1_197' title='bbox 1081 673 1160 707; x_wconf 70' lang='grc' dir='ltr'>φύσει</span> <span class='ocrx_word' id='word_1_198' title='bbox 1176 673 1299 700; x_wconf 77' lang='grc' dir='ltr'>ἄστατον.</span> <span class='ocrx_word' id='word_1_199' title='bbox 1316 672 1421 699; x_wconf 75' lang='grc' dir='ltr'>Οὐκοῦν</span> <span class='ocrx_word' id='word_1_200' title='bbox 1437 673 1451 699; x_wconf 84' lang='grc' dir='ltr'><strong>ό</strong></span> <span class='ocrx_word' id='word_1_201' title='bbox 1465 672 1542 706; x_wconf 82' lang='grc' dir='ltr'>λόγος</span> <span class='ocrx_word' id='word_1_202' title='bbox 1561 672 1698 698; x_wconf 76' lang='grc' dir='ltr'>δείκνυσιν</span> <span class='ocrx_word' id='word_1_203' title='bbox 1721 672 1762 698; x_wconf 78' lang='grc' dir='ltr'>ὅτι</span> 
     </span>
    </p>
   </div>
   <div class='ocr_carea' id='block_1_31' title="bbox 969 718 1760 754">
    <p class='ocr_par' dir='ltr' id='par_1_31' title="bbox 969 718 1760 754">
     <span class='ocr_line' id='line_1_31' title="bbox 969 718 1760 754; baseline -0.001 -9"><span class='ocrx_word' id='word_1_204' title='bbox 969 719 1002 745; x_wconf 72' lang='grc' dir='ltr'><strong>τὰ</strong></span> <span class='ocrx_word' id='word_1_205' title='bbox 1023 719 1071 754; x_wconf 76' lang='grc' dir='ltr'>μὲν</span> <span class='ocrx_word' id='word_1_206' title='bbox 1092 719 1191 752; x_wconf 76' lang='grc' dir='ltr'>ἔξωθεν</span> <span class='ocrx_word' id='word_1_207' title='bbox 1210 720 1260 745; x_wconf 68' lang='grc' dir='ltr'>οὐκ</span> <span class='ocrx_word' id='word_1_208' title='bbox 1277 719 1318 753; x_wconf 73' lang='grc' dir='ltr'><strong>ἐφ’</strong></span> <span class='ocrx_word' id='word_1_209' title='bbox 1337 719 1403 754; x_wconf 76' lang='grc' dir='ltr'>ἡμῖν</span> <span class='ocrx_word' id='word_1_210' title='bbox 1431 719 1505 750; x_wconf 75' lang='grc' dir='ltr'>ἐστι,</span> <span class='ocrx_word' id='word_1_211' title='bbox 1537 718 1568 744; x_wconf 83' lang='grc' dir='ltr'>τὸ</span> <span class='ocrx_word' id='word_1_212' title='bbox 1590 718 1619 744; x_wconf 80' lang='grc' dir='ltr'>δὲ</span> <span class='ocrx_word' id='word_1_213' title='bbox 1640 718 1760 754; x_wconf 71' lang='grc' dir='ltr'>οὗτωςῆ</span> 
     </span>
    </p>
   </div>
   <div class='ocr_carea' id='block_1_32' title="bbox 970 764 1763 800">
    <p class='ocr_par' dir='ltr' id='par_1_32' title="bbox 970 764 1763 800">
     <span class='ocr_line' id='line_1_32' title="bbox 970 764 1763 800; baseline -0.001 -9"><span class='ocrx_word' id='word_1_214' title='bbox 970 766 1099 797; x_wconf 84' lang='grc' dir='ltr'>ὲναντίως</span> <span class='ocrx_word' id='word_1_215' title='bbox 1113 765 1265 800; x_wconf 79' lang='grc' dir='ltr'>χρήσασθαι</span> <span class='ocrx_word' id='word_1_216' title='bbox 1281 765 1372 797; x_wconf 71' lang='grc' dir='ltr'>αὐτοῖς</span> <span class='ocrx_word' id='word_1_217' title='bbox 1395 765 1439 791; x_wconf 66' lang='grc' dir='ltr'><strong>τὸν</strong></span> <span class='ocrx_word' id='word_1_218' title='bbox 1461 764 1539 799; x_wconf 73' lang='grc' dir='ltr'>λόγον</span> <span class='ocrx_word' id='word_1_219' title='bbox 1561 765 1659 800; x_wconf 82' lang='grc' dir='ltr'>κριτὴν</span> <span class='ocrx_word' id='word_1_220' title='bbox 1677 773 1763 800; x_wconf 74' lang='grc' dir='ltr'>παραο</span> 
     </span>
    </p>
   </div>
   <div class='ocr_carea' id='block_1_33' title="bbox 968 809 1762 845">
    <p class='ocr_par' dir='ltr' id='par_1_33' title="bbox 968 809 1762 845">
     <span class='ocr_line' id='line_1_33' title="bbox 968 809 1762 845; baseline 0.003 -11"><span class='ocrx_word' id='word_1_221' title='bbox 968 809 1084 835; x_wconf 65' lang='grc' dir='ltr'>λαϐόντα</span> <span class='ocrx_word' id='word_1_222' title='bbox 1100 810 1147 835; x_wconf 73' lang='grc' dir='ltr'>καὶ</span> <span class='ocrx_word' id='word_1_223' title='bbox 1161 809 1306 844; x_wconf 76' lang='grc' dir='ltr'>ἐξεταστὴν</span> <span class='ocrx_word' id='word_1_224' title='bbox 1328 809 1375 835; x_wconf 75' lang='grc' dir='ltr'>τοῦ</span> <span class='ocrx_word' id='word_1_225' title='bbox 1393 809 1450 841; x_wconf 79' lang='grc' dir='ltr'><strong>πῶς</strong></span> <span class='ocrx_word' id='word_1_226' title='bbox 1466 809 1506 835; x_wconf 86' lang='grc' dir='ltr'>δεῖ</span> <span class='ocrx_word' id='word_1_227' title='bbox 1522 810 1589 845; x_wconf 75' lang='grc' dir='ltr'>προς</span> <span class='ocrx_word' id='word_1_228' title='bbox 1607 809 1675 836; x_wconf 78' lang='grc' dir='ltr'>τάδε</span> <span class='ocrx_word' id='word_1_229' title='bbox 1702 809 1762 836; x_wconf 72' lang='grc' dir='ltr'>τινὰ</span> 
     </span>
    </p>
   </div>
   <div class='ocr_carea' id='block_1_34' title="bbox 126 852 909 890">
    <p class='ocr_par' dir='ltr' id='par_1_34' title="bbox 126 857 909 890">
     <span class='ocr_line' id='line_1_34' title="bbox 126 857 909 890; baseline -0.003 -7"><span class='ocrx_word' id='word_1_230' title='bbox 126 862 187 890; x_wconf 62' lang='lat' dir='ltr'><strong>Quae</strong></span> <span class='ocrx_word' id='word_1_231' title='bbox 199 857 370 884; x_wconf 69' lang='lat' dir='ltr'><strong>extrinsecus</strong></span> <span class='ocrx_word' id='word_1_232' title='bbox 385 857 515 886; x_wconf 85' lang='lat' dir='ltr'><strong>incidunt,</strong></span> <span class='ocrx_word' id='word_1_233' title='bbox 540 857 567 882; x_wconf 86' lang='lat' dir='ltr'><strong>in</strong></span> <span class='ocrx_word' id='word_1_234' title='bbox 590 861 681 884; x_wconf 88' lang='lat' dir='ltr'><strong>nostra</strong></span> <span class='ocrx_word' id='word_1_235' title='bbox 707 860 841 890; x_wconf 73' lang='lat' dir='ltr'><strong>potestate</strong></span> <span class='ocrx_word' id='word_1_236' title='bbox 861 863 909 882; x_wconf 87' lang='lat' dir='ltr'><strong>non</strong></span> 
     </span>
    </p>
   </div>
   <div class='ocr_carea' id='block_1_35' title="bbox 1005 852 1659 890">
    <p class='ocr_par' dir='ltr' id='par_1_35' title="bbox 1006 852 1659 890">
     <span class='ocr_line' id='line_1_35' title="bbox 1006 852 1659 890; baseline 0.002 -10"><span class='ocrx_word' id='word_1_237' title='bbox 1006 865 1020 880; x_wconf 86' lang='grc' dir='ltr'><strong>ν</strong></span> <span class='ocrx_word' id='word_1_238' title='bbox 1037 855 1135 888; x_wconf 76' lang='grc' dir='ltr'><strong>ἔξωθεν</strong></span> <span class='ocrx_word' id='word_1_239' title='bbox 1150 855 1315 890; x_wconf 75' lang='grc' dir='ltr'>ἀπαντῆσαι,</span> <span class='ocrx_word' id='word_1_240' title='bbox 1334 852 1412 890; x_wconf 77' lang='grc' dir='ltr'>ἔργον</span> <span class='ocrx_word' id='word_1_241' title='bbox 1430 855 1501 881; x_wconf 73' lang='grc' dir='ltr'>ἐστὶν</span> <span class='ocrx_word' id='word_1_242' title='bbox 1513 855 1659 890; x_wconf 72' lang='grc' dir='ltr'>ἡμέτερον.</span> 
     </span>
    </p>
   </div>
   <div class='ocr_carea' id='block_1_36' title="bbox 124 901 1761 938">
    <p class='ocr_par' dir='ltr' id='par_1_36' title="bbox 124 901 1761 938">
     <span class='ocr_line' id='line_1_36' title="bbox 124 901 1761 938; baseline -0.001 -8"><span class='ocrx_word' id='word_1_243' title='bbox 124 909 201 931; x_wconf 78' lang='lat' dir='ltr'><strong>sunt:</strong></span> <span class='ocrx_word' id='word_1_244' title='bbox 217 904 285 931; x_wconf 88' lang='lat' dir='ltr'><strong>bene</strong></span> <span class='ocrx_word' id='word_1_245' title='bbox 306 912 369 932; x_wconf 88' lang='lat' dir='ltr'><strong>vero</strong></span> <span class='ocrx_word' id='word_1_246' title='bbox 396 905 436 932; x_wconf 93' lang='lat' dir='ltr'><strong>vel</strong></span> <span class='ocrx_word' id='word_1_247' title='bbox 455 904 522 931; x_wconf 80' lang='lat' dir='ltr'><strong>male</strong></span> <span class='ocrx_word' id='word_1_248' title='bbox 538 904 575 930; x_wconf 89' lang='lat' dir='ltr'><strong>uti</strong></span> <span class='ocrx_word' id='word_1_249' title='bbox 595 904 636 931; x_wconf 81' lang='lat' dir='ltr'><strong>liis</strong></span> <span class='ocrx_word' id='word_1_250' title='bbox 655 911 714 938; x_wconf 73' lang='lat' dir='ltr'><strong>quae</strong></span> <span class='ocrx_word' id='word_1_251' title='bbox 734 903 867 935; x_wconf 87' lang='lat' dir='ltr'><strong>incidunt,</strong></span> <span class='ocrx_word' id='word_1_252' title='bbox 897 910 928 929; x_wconf 87' lang='lat' dir='ltr'><strong>ea</strong></span> <span class='ocrx_word' id='word_1_253' title='bbox 953 903 1056 929; x_wconf 59' lang='lat' dir='ltr'><strong>ratione</strong></span> <span class='ocrx_word' id='word_1_254' title='bbox 1076 910 1135 937; x_wconf 69' lang='lat' dir='ltr'><strong>qua:</strong></span> <span class='ocrx_word' id='word_1_255' title='bbox 1161 903 1232 929; x_wconf 86' lang='lat' dir='ltr'><strong>intra</strong></span> <span class='ocrx_word' id='word_1_256' title='bbox 1254 910 1303 929; x_wconf 89' lang='lat' dir='ltr'><strong>nos</strong></span> <span class='ocrx_word' id='word_1_257' title='bbox 1327 907 1381 934; x_wconf 85' lang='lat' dir='ltr'><strong>est,</strong></span> <span class='ocrx_word' id='word_1_258' title='bbox 1408 902 1578 929; x_wconf 84' lang='lat' dir='ltr'><strong>discernente</strong></span> <span class='ocrx_word' id='word_1_259' title='bbox 1602 909 1635 928; x_wconf 89' lang='lat' dir='ltr'><strong>ac</strong></span> <span class='ocrx_word' id='word_1_260' title='bbox 1660 901 1761 936; x_wconf 87' lang='lat' dir='ltr'><strong>dijudi-</strong></span> 
     </span>
    </p>
   </div>
   <div class='ocr_carea' id='block_1_37' title="bbox 124 950 992 985">
    <p class='ocr_par' dir='ltr' id='par_1_37' title="bbox 124 950 992 985">
     <span class='ocr_line' id='line_1_37' title="bbox 124 950 992 985; baseline -0.001 -7"><span class='ocrx_word' id='word_1_261' title='bbox 124 954 203 978; x_wconf 69' lang='lat' dir='ltr'><strong>Cante</strong></span> <span class='ocrx_word' id='word_1_262' title='bbox 223 952 358 985; x_wconf 89' lang='lat' dir='ltr'><strong>quomodo</strong></span> <span class='ocrx_word' id='word_1_263' title='bbox 385 951 428 978; x_wconf 83' lang='lat' dir='ltr'><strong>liis</strong></span> <span class='ocrx_word' id='word_1_264' title='bbox 450 951 488 977; x_wconf 94' lang='lat' dir='ltr'><strong>uti</strong></span> <span class='ocrx_word' id='word_1_265' title='bbox 514 955 648 985; x_wconf 82' lang='lat' dir='ltr'><strong>oporteat.</strong></span> <span class='ocrx_word' id='word_1_266' title='bbox 665 954 763 977; x_wconf 66' lang='lat' dir='ltr'><strong>nostra:</strong></span> <span class='ocrx_word' id='word_1_267' title='bbox 779 957 821 977; x_wconf 86' lang='lat' dir='ltr'><strong>est</strong></span> <span class='ocrx_word' id='word_1_268' title='bbox 843 950 992 984; x_wconf 73' lang='lat' dir='ltr'><strong>potestatis.</strong></span> 
     </span>
    </p>
   </div>
   <div class='ocr_carea' id='block_1_38' title="bbox 162 997 913 1032">
    <p class='ocr_par' dir='ltr' id='par_1_38' title="bbox 162 997 913 1032">
     <span class='ocr_line' id='line_1_38' title="bbox 162 997 913 1032; baseline -0.003 -8"><span class='ocrx_word' id='word_1_269' title='bbox 162 998 189 1024; x_wconf 87' lang='lat'><strong>6.</strong></span> <span class='ocrx_word' id='word_1_270' title='bbox 209 998 244 1025; x_wconf 91' lang='lat' dir='ltr'><strong>Ut</strong></span> <span class='ocrx_word' id='word_1_271' title='bbox 262 1003 350 1026; x_wconf 84' lang='lat' dir='ltr'><strong>autem</strong></span> <span class='ocrx_word' id='word_1_272' title='bbox 365 1006 396 1026; x_wconf 88' lang='lat' dir='ltr'><strong>ea</strong></span> <span class='ocrx_word' id='word_1_273' title='bbox 411 1006 471 1032; x_wconf 67' lang='lat' dir='ltr'><strong>qua:</strong></span> <span class='ocrx_word' id='word_1_274' title='bbox 486 998 555 1026; x_wconf 88' lang='lat' dir='ltr'><strong>ratio</strong></span> <span class='ocrx_word' id='word_1_275' title='bbox 570 1002 769 1032; x_wconf 88' lang='lat' dir='ltr'><strong>consequenter</strong></span> <span class='ocrx_word' id='word_1_276' title='bbox 784 997 913 1029; x_wconf 80' lang='lat' dir='ltr'><strong>ostendit,</strong></span> 
     </span>
    </p>
   </div>
   <div class='ocr_carea' id='block_1_39' title="bbox 123 1043 912 1078">
    <p class='ocr_par' dir='ltr' id='par_1_39' title="bbox 123 1043 912 1078">
     <span class='ocr_line' id='line_1_39' title="bbox 123 1043 912 1078; baseline -0.003 -8"><span class='ocrx_word' id='word_1_277' title='bbox 123 1043 205 1070; x_wconf 74' lang='lat' dir='ltr'><strong>etiam</strong></span> <span class='ocrx_word' id='word_1_278' title='bbox 224 1044 425 1078; x_wconf 82' lang='lat' dir='ltr'><strong>Scripturarum</strong></span> <span class='ocrx_word' id='word_1_279' title='bbox 445 1044 609 1070; x_wconf 77' lang='lat' dir='ltr'><strong>auctoritate</strong></span> <span class='ocrx_word' id='word_1_280' title='bbox 630 1043 786 1075; x_wconf 83' lang='lat' dir='ltr'><strong>firmemus,</strong></span> <span class='ocrx_word' id='word_1_281' title='bbox 810 1043 836 1069; x_wconf 89' lang='lat' dir='ltr'><strong>id</strong></span> <span class='ocrx_word' id='word_1_282' title='bbox 861 1048 912 1074; x_wconf 84' lang='lat' dir='ltr'><strong>est,</strong></span> 
     </span>
    </p>
   </div>
   <div class='ocr_carea' id='block_1_40' title="bbox 123 1080 912 1125">
    <p class='ocr_par' dir='ltr' id='par_1_40' title="bbox 123 1080 912 1125">
     <span class='ocr_line' id='line_1_40' title="bbox 123 1080 912 1125; baseline -0.004 -9"><span class='ocrx_word' id='word_1_283' title='bbox 123 1090 194 1125; x_wconf 79' lang='lat' dir='ltr'><strong>quod</strong></span> <span class='ocrx_word' id='word_1_284' title='bbox 213 1090 298 1117; x_wconf 89' lang='lat' dir='ltr'><strong>nostri</strong></span> <span class='ocrx_word' id='word_1_285' title='bbox 312 1090 402 1124; x_wconf 88' lang='lat' dir='ltr'><strong>operis</strong></span> <span class='ocrx_word' id='word_1_286' title='bbox 420 1095 461 1117; x_wconf 89' lang='lat' dir='ltr'><strong>est</strong></span> <span class='ocrx_word' id='word_1_287' title='bbox 481 1096 555 1116; x_wconf 84' lang='lat' dir='ltr'><strong>recte</strong></span> <span class='ocrx_word' id='word_1_288' title='bbox 571 1089 611 1116; x_wconf 88' lang='lat' dir='ltr'><strong>vel</strong></span> <span class='ocrx_word' id='word_1_289' title='bbox 625 1089 714 1116; x_wconf 88' lang='lat' dir='ltr'><strong>mituts</strong></span> <span class='ocrx_word' id='word_1_290' title='bbox 727 1080 798 1116; x_wconf 73' lang='lat' dir='ltr'><strong>recte</strong></span> <span class='ocrx_word' id='word_1_291' title='bbox 813 1089 912 1122; x_wconf 81' lang='lat' dir='ltr'><strong>vivere,</strong></span> 
     </span>
    </p>
   </div>
   <div class='ocr_carea' id='block_1_41' title="bbox 124 1134 913 1169">
    <p class='ocr_par' dir='ltr' id='par_1_41' title="bbox 124 1134 913 1169">
     <span class='ocr_line' id='line_1_41' title="bbox 124 1134 913 1169; baseline -0.003 -7"><span class='ocrx_word' id='word_1_292' title='bbox 124 1140 151 1162; x_wconf 86' lang='lat' dir='ltr'><strong>et</strong></span> <span class='ocrx_word' id='word_1_293' title='bbox 169 1143 221 1162; x_wconf 90' lang='lat' dir='ltr'><strong>non</strong></span> <span class='ocrx_word' id='word_1_294' title='bbox 239 1135 281 1162; x_wconf 90' lang='lat' dir='ltr'><strong>vel</strong></span> <span class='ocrx_word' id='word_1_295' title='bbox 295 1143 328 1162; x_wconf 73' lang='lat' dir='ltr'><strong>ex</strong></span> <span class='ocrx_word' id='word_1_296' title='bbox 341 1136 382 1162; x_wconf 85' lang='lat' dir='ltr'><strong>Itis</strong></span> <span class='ocrx_word' id='word_1_297' title='bbox 397 1142 457 1169; x_wconf 77' lang='lat' dir='ltr'><strong>qua:</strong></span> <span class='ocrx_word' id='word_1_298' title='bbox 473 1135 642 1161; x_wconf 80' lang='lat' dir='ltr'><strong>extrinsecus</strong></span> <span class='ocrx_word' id='word_1_299' title='bbox 662 1134 797 1166; x_wconf 83' lang='lat' dir='ltr'><strong>incidunt,</strong></span> <span class='ocrx_word' id='word_1_300' title='bbox 814 1134 865 1165; x_wconf 85' lang='lat' dir='ltr'><strong>vel,</strong></span> <span class='ocrx_word' id='word_1_301' title='bbox 885 1139 913 1160; x_wconf 96' lang='lat' dir='ltr'><strong>ut</strong></span> 
     </span>
    </p>
   </div>
   <div class='ocr_carea' id='block_1_42' title="bbox 123 1177 913 1214">
    <p class='ocr_par' dir='ltr' id='par_1_42' title="bbox 123 1177 913 1214">
     <span class='ocr_line' id='line_1_42' title="bbox 123 1177 913 1214; baseline -0.005 -8"><span class='ocrx_word' id='word_1_302' title='bbox 123 1179 232 1214; x_wconf 88' lang='lat' dir='ltr'><strong>quidam</strong></span> <span class='ocrx_word' id='word_1_303' title='bbox 250 1182 356 1213; x_wconf 80' lang='lat' dir='ltr'><strong>putant,</strong></span> <span class='ocrx_word' id='word_1_304' title='bbox 373 1177 436 1205; x_wconf 84' lang='lat' dir='ltr'><strong>fatis</strong></span> <span class='ocrx_word' id='word_1_305' title='bbox 451 1178 610 1212; x_wconf 77' lang='lat' dir='ltr'><strong>urgentibus</strong></span> <span class='ocrx_word' id='word_1_306' title='bbox 630 1178 767 1211; x_wconf 77' lang='lat' dir='ltr'><strong>cogimur,</strong></span> <span class='ocrx_word' id='word_1_307' title='bbox 790 1179 913 1206; x_wconf 29' lang='lat' dir='ltr'><strong>testium:</strong></span> 
     </span>
    </p>
   </div>
   <div class='ocr_carea' id='block_1_43' title="bbox 124 1224 911 1258">
    <p class='ocr_par' dir='ltr' id='par_1_43' title="bbox 124 1224 911 1258">
     <span class='ocr_line' id='line_1_43' title="bbox 124 1224 911 1258; baseline -0.005 -5"><span class='ocrx_word' id='word_1_308' title='bbox 124 1226 198 1253; x_wconf 89' lang='lat' dir='ltr'><strong>nium</strong></span> <span class='ocrx_word' id='word_1_309' title='bbox 207 1225 283 1252; x_wconf 83' lang='lat' dir='ltr'><strong>dabit</strong></span> <span class='ocrx_word' id='word_1_310' title='bbox 291 1224 415 1252; x_wconf 70' lang='lat' dir='ltr'><strong>Miclmas</strong></span> <span class='ocrx_word' id='word_1_311' title='bbox 423 1224 549 1258; x_wconf 81' lang='lat' dir='ltr'><strong>propheta</strong></span> <span class='ocrx_word' id='word_1_312' title='bbox 560 1224 602 1250; x_wconf 84' lang='lat' dir='ltr'><strong>Itis</strong></span> <span class='ocrx_word' id='word_1_313' title='bbox 612 1224 634 1257; x_wconf 80' lang='grc' dir='ltr'>ι</span> <span class='ocrx_word' id='word_1_314' title='bbox 641 1224 692 1257; x_wconf 72' lang='lat'><strong>12</strong></span> <span class='ocrx_word' id='word_1_315' title='bbox 700 1224 790 1250; x_wconf 86' lang='lat' dir='ltr'><strong>verbis</strong></span> <span class='ocrx_word' id='word_1_316' title='bbox 800 1224 891 1250; x_wconf 86' lang='lat' dir='ltr'><strong>dicens</strong></span> <span class='ocrx_word' id='word_1_317' title='bbox 905 1233 911 1249; x_wconf 88' lang='lat'><strong>:</strong></span> 
     </span>
    </p>
   </div>
   <div class='ocr_carea' id='block_1_44' title="bbox 126 1269 912 1303">
    <p class='ocr_par' dir='ltr' id='par_1_44' title="bbox 126 1269 912 1303">
     <span class='ocr_line' id='line_1_44' title="bbox 126 1269 912 1303; baseline -0.003 -7"><span class='ocrx_word' id='word_1_318' title='bbox 126 1279 136 1296; x_wconf 74' lang='grc' dir='ltr'><strong>ι</strong></span> <span class='ocrx_word' id='word_1_319' title='bbox 152 1270 180 1298; x_wconf 84' lang='lat' dir='ltr'><strong>Si</strong></span> <span class='ocrx_word' id='word_1_320' title='bbox 193 1271 379 1297; x_wconf 86' lang='lat' dir='ltr'><strong>annuntiatum</strong></span> <span class='ocrx_word' id='word_1_321' title='bbox 398 1270 445 1296; x_wconf 92' lang='lat' dir='ltr'><strong>tibi</strong></span> <span class='ocrx_word' id='word_1_322' title='bbox 459 1274 510 1300; x_wconf 67' lang='lat' dir='ltr'><strong>est,</strong></span> <span class='ocrx_word' id='word_1_323' title='bbox 527 1277 543 1295; x_wconf 90' lang='grc' dir='ltr'><strong>ο</strong></span> <span class='ocrx_word' id='word_1_324' title='bbox 557 1269 649 1300; x_wconf 80' lang='lat' dir='ltr'><strong>homo,</strong></span> <span class='ocrx_word' id='word_1_325' title='bbox 666 1269 730 1303; x_wconf 85' lang='lat' dir='ltr'><strong>quid</strong></span> <span class='ocrx_word' id='word_1_326' title='bbox 744 1273 786 1295; x_wconf 90' lang='lat' dir='ltr'><strong>est</strong></span> <span class='ocrx_word' id='word_1_327' title='bbox 801 1269 912 1299; x_wconf 84' lang='lat' dir='ltr'><strong>bonum.</strong></span> 
     </span>
    </p>
   </div>
   <div class='ocr_carea' id='block_1_45' title="bbox 123 1313 913 1350">
    <p class='ocr_par' dir='ltr' id='par_1_45' title="bbox 123 1313 913 1350">
     <span class='ocr_line' id='line_1_45' title="bbox 123 1313 913 1350; baseline -0.004 -7"><span class='ocrx_word' id='word_1_328' title='bbox 123 1321 170 1343; x_wconf 88' lang='lat' dir='ltr'><strong>aut</strong></span> <span class='ocrx_word' id='word_1_329' title='bbox 187 1317 250 1350; x_wconf 91' lang='lat' dir='ltr'><strong>quid</strong></span> <span class='ocrx_word' id='word_1_330' title='bbox 270 1316 397 1345; x_wconf 88' lang='lat' dir='ltr'><strong>Dominus</strong></span> <span class='ocrx_word' id='word_1_331' title='bbox 415 1315 528 1349; x_wconf 91' lang='lat' dir='ltr'><strong>requirit</strong></span> <span class='ocrx_word' id='word_1_332' title='bbox 551 1323 564 1341; x_wconf 73' lang='grc' dir='ltr'><strong>ιι</strong></span> <span class='ocrx_word' id='word_1_333' title='bbox 585 1319 620 1346; x_wconf 86' lang='lat' dir='ltr'><strong>le,</strong></span> <span class='ocrx_word' id='word_1_334' title='bbox 640 1315 689 1341; x_wconf 93' lang='lat' dir='ltr'><strong>nisi</strong></span> <span class='ocrx_word' id='word_1_335' title='bbox 716 1319 743 1340; x_wconf 93' lang='lat' dir='ltr'><strong>ut</strong></span> <span class='ocrx_word' id='word_1_336' title='bbox 766 1313 850 1341; x_wconf 81' lang='lat' dir='ltr'><strong>facias</strong></span> <span class='ocrx_word' id='word_1_337' title='bbox 869 1315 913 1348; x_wconf 90' lang='lat' dir='ltr'><strong>ju-</strong></span> 
     </span>
    </p>
   </div>
   <div class='ocr_carea' id='block_1_46' title="bbox 123 1360 913 1395">
    <p class='ocr_par' dir='ltr' id='par_1_46' title="bbox 123 1360 913 1395">
     <span class='ocr_line' id='line_1_46' title="bbox 123 1360 913 1395; baseline -0.003 -7"><span class='ocrx_word' id='word_1_338' title='bbox 123 1362 222 1388; x_wconf 88' lang='lat' dir='ltr'><strong>dicittnt</strong></span> <span class='ocrx_word' id='word_1_339' title='bbox 240 1365 268 1388; x_wconf 88' lang='lat' dir='ltr'><strong>et</strong></span> <span class='ocrx_word' id='word_1_340' title='bbox 285 1361 381 1395; x_wconf 78' lang='lat' dir='ltr'><strong>diligas</strong></span> <span class='ocrx_word' id='word_1_341' title='bbox 394 1361 618 1392; x_wconf 78' lang='lat' dir='ltr'><strong>misericordium,</strong></span> <span class='ocrx_word' id='word_1_342' title='bbox 637 1365 664 1387; x_wconf 85' lang='lat' dir='ltr'><strong>et</strong></span> <span class='ocrx_word' id='word_1_343' title='bbox 682 1365 791 1394; x_wconf 86' lang='lat' dir='ltr'><strong>paratus</strong></span> <span class='ocrx_word' id='word_1_344' title='bbox 813 1360 851 1388; x_wconf 88' lang='lat' dir='ltr'><strong>sis</strong></span> <span class='ocrx_word' id='word_1_345' title='bbox 874 1361 913 1387; x_wconf 87' lang='lat' dir='ltr'><strong>ire</strong></span> 
     </span>
    </p>
   </div>
   <div class='ocr_carea' id='block_1_47' title="bbox 123 1405 910 1440">
    <p class='ocr_par' dir='ltr' id='par_1_47' title="bbox 123 1405 910 1440">
     <span class='ocr_line' id='line_1_47' title="bbox 123 1405 910 1440; baseline -0.001 -7"><span class='ocrx_word' id='word_1_346' title='bbox 123 1414 183 1434; x_wconf 89' lang='lat' dir='ltr'><strong>cum</strong></span> <span class='ocrx_word' id='word_1_347' title='bbox 203 1405 317 1432; x_wconf 89' lang='lat' dir='ltr'><strong>Domino</strong></span> <span class='ocrx_word' id='word_1_348' title='bbox 335 1405 389 1433; x_wconf 77' lang='lat' dir='ltr'><strong>[leo</strong></span> <span class='ocrx_word' id='word_1_349' title='bbox 413 1410 458 1432; x_wconf 90' lang='lat' dir='ltr'><strong>ttto</strong></span> <span class='ocrx_word' id='word_1_350' title='bbox 479 1405 523 1432; x_wconf 68' lang='lat'><strong>&quot;‘1</strong></span> <span class='ocrx_word' id='word_1_351' title='bbox 545 1415 554 1431; x_wconf 76' lang='grc' dir='ltr'><strong>ι</strong></span> <span class='ocrx_word' id='word_1_352' title='bbox 578 1405 609 1432; x_wconf 83' lang='lat' dir='ltr'><strong>Et</strong></span> <span class='ocrx_word' id='word_1_353' title='bbox 633 1405 736 1440; x_wconf 75' lang='lat' dir='ltr'><strong>Moyses</strong></span> <span class='ocrx_word' id='word_1_354' title='bbox 761 1405 797 1432; x_wconf 87' lang='lat' dir='ltr'><strong>ita</strong></span> <span class='ocrx_word' id='word_1_355' title='bbox 825 1405 910 1432; x_wconf 68' lang='lat' dir='ltr'><strong>dit-it:</strong></span> 
     </span>
    </p>
   </div>
   <div class='ocr_carea' id='block_1_48' title="bbox 125 1449 912 1477">
    <p class='ocr_par' dir='ltr' id='par_1_48' title="bbox 125 1449 912 1477">
     <span class='ocr_line' id='line_1_48' title="bbox 125 1449 912 1477; baseline 0.003 -3"><span class='ocrx_word' id='word_1_356' title='bbox 125 1459 135 1474; x_wconf 71' lang='grc' dir='ltr'><strong>ι</strong></span> <span class='ocrx_word' id='word_1_357' title='bbox 152 1449 232 1477; x_wconf 81' lang='grc' dir='ltr'><strong>Ροευὶ</strong></span> <span class='ocrx_word' id='word_1_358' title='bbox 247 1455 310 1476; x_wconf 90' lang='lat' dir='ltr'><strong>ante</strong></span> <span class='ocrx_word' id='word_1_359' title='bbox 324 1449 419 1476; x_wconf 81' lang='lat' dir='ltr'><strong>facient</strong></span> <span class='ocrx_word' id='word_1_360' title='bbox 436 1455 507 1476; x_wconf 85' lang='lat' dir='ltr'><strong>tuam</strong></span> <span class='ocrx_word' id='word_1_361' title='bbox 524 1451 593 1476; x_wconf 88' lang='lat' dir='ltr'><strong>viant</strong></span> <span class='ocrx_word' id='word_1_362' title='bbox 618 1450 678 1477; x_wconf 82' lang='lat' dir='ltr'><strong>vita:</strong></span> <span class='ocrx_word' id='word_1_363' title='bbox 698 1455 724 1477; x_wconf 91' lang='lat' dir='ltr'><strong>et</strong></span> <span class='ocrx_word' id='word_1_364' title='bbox 750 1450 820 1476; x_wconf 86' lang='lat' dir='ltr'><strong>viam</strong></span> <span class='ocrx_word' id='word_1_365' title='bbox 839 1457 912 1476; x_wconf 90' lang='lat' dir='ltr'><strong>tuor-</strong></span> 
     </span>
    </p>
   </div>
   <div class='ocr_carea' id='block_1_49' title="bbox 123 1494 909 1529">
    <p class='ocr_par' dir='ltr' id='par_1_49' title="bbox 123 1494 909 1529">
     <span class='ocr_line' id='line_1_49' title="bbox 123 1494 909 1529; baseline 0.003 -8"><span class='ocrx_word' id='word_1_366' title='bbox 123 1494 175 1526; x_wconf 84' lang='lat' dir='ltr'><strong>tis.</strong></span> <span class='ocrx_word' id='word_1_367' title='bbox 198 1495 267 1529; x_wconf 74' lang='lat' dir='ltr'><strong>elige</strong></span> <span class='ocrx_word' id='word_1_368' title='bbox 289 1495 360 1529; x_wconf 88' lang='lat' dir='ltr'><strong>qttod</strong></span> <span class='ocrx_word' id='word_1_369' title='bbox 385 1495 484 1522; x_wconf 84' lang='lat' dir='ltr'><strong>bomtnt</strong></span> <span class='ocrx_word' id='word_1_370' title='bbox 513 1499 569 1526; x_wconf 81' lang='lat' dir='ltr'><strong>est,</strong></span> <span class='ocrx_word' id='word_1_371' title='bbox 589 1499 616 1522; x_wconf 91' lang='lat' dir='ltr'><strong>et</strong></span> <span class='ocrx_word' id='word_1_372' title='bbox 639 1495 733 1522; x_wconf 85' lang='lat' dir='ltr'><strong>incede</strong></span> <span class='ocrx_word' id='word_1_373' title='bbox 749 1495 774 1522; x_wconf 90' lang='lat' dir='ltr'><strong>itt</strong></span> <span class='ocrx_word' id='word_1_374' title='bbox 796 1503 828 1523; x_wconf 92' lang='lat' dir='ltr'><strong>eo</strong></span> <span class='ocrx_word' id='word_1_375' title='bbox 843 1496 877 1523; x_wconf 85' lang='lat'><strong>&quot;.</strong></span> <span class='ocrx_word' id='word_1_376' title='bbox 899 1505 909 1522; x_wconf 76' lang='grc' dir='ltr'><strong>ι</strong></span> 
     </span>
    </p>
   </div>
   <div class='ocr_carea' id='block_1_50' title="bbox 123 1537 910 1573">
    <p class='ocr_par' dir='ltr' id='par_1_50' title="bbox 123 1537 910 1573">
     <span class='ocr_line' id='line_1_50' title="bbox 123 1537 910 1573; baseline 0.004 -9"><span class='ocrx_word' id='word_1_377' title='bbox 123 1538 155 1565; x_wconf 83' lang='lat' dir='ltr'><strong>Et</strong></span> <span class='ocrx_word' id='word_1_378' title='bbox 170 1537 253 1565; x_wconf 85' lang='lat' dir='ltr'><strong>Isaias</strong></span> <span class='ocrx_word' id='word_1_379' title='bbox 267 1540 304 1565; x_wconf 90' lang='lat' dir='ltr'><strong>ita</strong></span> <span class='ocrx_word' id='word_1_380' title='bbox 321 1539 375 1565; x_wconf 87' lang='lat' dir='ltr'><strong>ait:</strong></span> <span class='ocrx_word' id='word_1_381' title='bbox 407 1548 416 1564; x_wconf 73' lang='grc' dir='ltr'><strong>ι</strong></span> <span class='ocrx_word' id='word_1_382' title='bbox 434 1539 462 1565; x_wconf 87' lang='lat' dir='ltr'><strong>Si</strong></span> <span class='ocrx_word' id='word_1_383' title='bbox 487 1539 627 1566; x_wconf 74' lang='lat' dir='ltr'><strong>volueritis</strong></span> <span class='ocrx_word' id='word_1_384' title='bbox 647 1544 673 1566; x_wconf 91' lang='lat' dir='ltr'><strong>et</strong></span> <span class='ocrx_word' id='word_1_385' title='bbox 693 1540 832 1567; x_wconf 88' lang='lat' dir='ltr'><strong>audieritis</strong></span> <span class='ocrx_word' id='word_1_386' title='bbox 855 1548 910 1573; x_wconf 87' lang='lat' dir='ltr'><strong>me,</strong></span> 
     </span>
    </p>
   </div>
   <div class='ocr_carea' id='block_1_51' title="bbox 121 1584 911 1619">
    <p class='ocr_par' dir='ltr' id='par_1_51' title="bbox 121 1584 911 1619">
     <span class='ocr_line' id='line_1_51' title="bbox 121 1584 911 1619; baseline 0.005 -10"><span class='ocrx_word' id='word_1_387' title='bbox 121 1591 180 1619; x_wconf 66' lang='lat' dir='ltr'><strong>qua:</strong></span> <span class='ocrx_word' id='word_1_388' title='bbox 198 1584 266 1611; x_wconf 85' lang='lat' dir='ltr'><strong>bona</strong></span> <span class='ocrx_word' id='word_1_389' title='bbox 284 1589 346 1610; x_wconf 85' lang='lat' dir='ltr'><strong>sunt</strong></span> <span class='ocrx_word' id='word_1_390' title='bbox 365 1589 444 1611; x_wconf 69' lang='lat' dir='ltr'><strong>terra:</strong></span> <span class='ocrx_word' id='word_1_391' title='bbox 458 1585 615 1613; x_wconf 80' lang='lat' dir='ltr'><strong>comedetis.</strong></span> <span class='ocrx_word' id='word_1_392' title='bbox 632 1584 659 1611; x_wconf 88' lang='lat' dir='ltr'><strong>Si</strong></span> <span class='ocrx_word' id='word_1_393' title='bbox 673 1593 736 1612; x_wconf 84' lang='lat' dir='ltr'><strong>vero</strong></span> <span class='ocrx_word' id='word_1_394' title='bbox 759 1585 911 1619; x_wconf 81' lang='lat' dir='ltr'><strong>nolueritis,</strong></span> 
     </span>
    </p>
   </div>
   <div class='ocr_carea' id='block_1_52' title="bbox 1005 994 1760 1032">
    <p class='ocr_par' dir='ltr' id='par_1_52' title="bbox 1005 994 1760 1032">
     <span class='ocr_line' id='line_1_52' title="bbox 1005 994 1760 1032; baseline -0.001 -10"><span class='ocrx_word' id='word_1_395' title='bbox 1005 997 1065 1022; x_wconf 80' lang='grc' dir='ltr'>Ὀτι</span> <span class='ocrx_word' id='word_1_396' title='bbox 1082 997 1110 1023; x_wconf 73' lang='grc' dir='ltr'>δὲ</span> <span class='ocrx_word' id='word_1_397' title='bbox 1124 996 1203 1032; x_wconf 78' lang='grc' dir='ltr'>ἔργον</span> <span class='ocrx_word' id='word_1_398' title='bbox 1217 996 1350 1032; x_wconf 79' lang='grc' dir='ltr'>ἡμέτερον</span> <span class='ocrx_word' id='word_1_399' title='bbox 1361 996 1390 1022; x_wconf 67' lang='grc' dir='ltr'><strong>τὸ</strong></span> <span class='ocrx_word' id='word_1_400' title='bbox 1409 995 1506 1030; x_wconf 79' lang='grc' dir='ltr'>βιῶσαι</span> <span class='ocrx_word' id='word_1_401' title='bbox 1522 994 1612 1026; x_wconf 78' lang='grc' dir='ltr'>καλῶς</span> <span class='ocrx_word' id='word_1_402' title='bbox 1627 995 1700 1027; x_wconf 78' lang='grc' dir='ltr'>ἐστι,</span> <span class='ocrx_word' id='word_1_403' title='bbox 1715 995 1760 1022; x_wconf 78' lang='grc' dir='ltr'>καὶ</span> 
     </span>
    </p>
   </div>
   <div class='ocr_carea' id='block_1_53' title="bbox 967 1039 1761 1076">
    <p class='ocr_par' dir='ltr' id='par_1_53' title="bbox 967 1039 1761 1076">
     <span class='ocr_line' id='line_1_53' title="bbox 967 1039 1761 1076; baseline -0.003 -9"><span class='ocrx_word' id='word_1_404' title='bbox 967 1042 1038 1067; x_wconf 68' lang='grc' dir='ltr'>αἰτεῖ</span> <span class='ocrx_word' id='word_1_405' title='bbox 1060 1042 1134 1076; x_wconf 75' lang='grc' dir='ltr'>ἡμᾶς</span> <span class='ocrx_word' id='word_1_406' title='bbox 1154 1040 1231 1067; x_wconf 73' lang='grc' dir='ltr'>τοῦτο</span> <span class='ocrx_word' id='word_1_407' title='bbox 1247 1042 1261 1067; x_wconf 82' lang='grc' dir='ltr'><strong>ὁ</strong></span> <span class='ocrx_word' id='word_1_408' title='bbox 1284 1040 1360 1072; x_wconf 68' lang='grc' dir='ltr'>Θεδς,</span> <span class='ocrx_word' id='word_1_409' title='bbox 1374 1041 1412 1072; x_wconf 80' lang='grc' dir='ltr'>ὡς</span> <span class='ocrx_word' id='word_1_410' title='bbox 1427 1041 1477 1066; x_wconf 80' lang='grc' dir='ltr'>οὐκ</span> <span class='ocrx_word' id='word_1_411' title='bbox 1494 1039 1575 1066; x_wconf 75' lang='grc' dir='ltr'>αὐτοῦ</span> <span class='ocrx_word' id='word_1_412' title='bbox 1591 1039 1638 1071; x_wconf 78' lang='grc' dir='ltr'>ὃν,</span> <span class='ocrx_word' id='word_1_413' title='bbox 1653 1039 1716 1065; x_wconf 75' lang='grc' dir='ltr'>οὐδὲ</span> <span class='ocrx_word' id='word_1_414' title='bbox 1733 1040 1761 1072; x_wconf 77' lang='grc' dir='ltr'><strong>ἐξ</strong></span> 
     </span>
    </p>
   </div>
   <div class='ocr_carea' id='block_1_54' title="bbox 968 1085 1762 1123">
    <p class='ocr_par' dir='ltr' id='par_1_54' title="bbox 968 1085 1762 1123">
     <span class='ocr_line' id='line_1_54' title="bbox 968 1085 1762 1123; baseline -0.003 -10"><span class='ocrx_word' id='word_1_415' title='bbox 968 1088 1060 1123; x_wconf 70' lang='grc' dir='ltr'>ἐτέρου</span> <span class='ocrx_word' id='word_1_416' title='bbox 1075 1087 1147 1118; x_wconf 72' lang='grc' dir='ltr'>τινος</span> <span class='ocrx_word' id='word_1_417' title='bbox 1161 1086 1386 1121; x_wconf 74' lang='grc' dir='ltr'>παραγινόμενον,</span> <span class='ocrx_word' id='word_1_418' title='bbox 1397 1087 1424 1121; x_wconf 78' lang='grc' dir='ltr'>ἦ,</span> <span class='ocrx_word' id='word_1_419' title='bbox 1437 1087 1474 1118; x_wconf 84' lang='grc' dir='ltr'>ὡς</span> <span class='ocrx_word' id='word_1_420' title='bbox 1487 1086 1587 1112; x_wconf 75' lang='grc' dir='ltr'>οἴονταί</span> <span class='ocrx_word' id='word_1_421' title='bbox 1611 1094 1695 1117; x_wconf 84' lang='grc' dir='ltr'>τινες,</span> <span class='ocrx_word' id='word_1_422' title='bbox 1709 1085 1762 1111; x_wconf 62' lang='grc' dir='ltr'><strong>ἀπὸ</strong></span> 
     </span>
    </p>
   </div>
   <div class='ocr_carea' id='block_1_55' title="bbox 967 1132 1760 1169">
    <p class='ocr_par' dir='ltr' id='par_1_55' title="bbox 967 1132 1760 1169">
     <span class='ocr_line' id='line_1_55' title="bbox 967 1132 1760 1169; baseline -0.004 -9"><span class='ocrx_word' id='word_1_423' title='bbox 967 1134 1146 1169; x_wconf 70' lang='grc' dir='ltr'><strong>εἱμαρμένης,</strong></span> <span class='ocrx_word' id='word_1_424' title='bbox 1175 1133 1232 1160; x_wconf 85' lang='grc' dir='ltr'>ἀλλ’</span> <span class='ocrx_word' id='word_1_425' title='bbox 1257 1133 1273 1168; x_wconf 76' lang='grc' dir='ltr'><strong>ἢ</strong></span> <span class='ocrx_word' id='word_1_426' title='bbox 1297 1133 1335 1164; x_wconf 82' lang='grc' dir='ltr'>ὡς</span> <span class='ocrx_word' id='word_1_427' title='bbox 1359 1133 1493 1168; x_wconf 75' lang='grc' dir='ltr'>ἡμέτερον</span> <span class='ocrx_word' id='word_1_428' title='bbox 1509 1132 1599 1168; x_wconf 78' lang='grc' dir='ltr'>ἔργον,</span> <span class='ocrx_word' id='word_1_429' title='bbox 1617 1133 1760 1168; x_wconf 80' lang='grc' dir='ltr'>μαρτυρή-</span> 
     </span>
    </p>
   </div>
   <div class='ocr_carea' id='block_1_56' title="bbox 968 1177 1759 1215">
    <p class='ocr_par' dir='ltr' id='par_1_56' title="bbox 968 1177 1759 1215">
     <span class='ocr_line' id='line_1_56' title="bbox 968 1177 1759 1215; baseline -0.003 -10"><span class='ocrx_word' id='word_1_430' title='bbox 968 1188 1009 1205; x_wconf 88' lang='grc' dir='ltr'><strong>σει</strong></span> <span class='ocrx_word' id='word_1_431' title='bbox 1023 1181 1037 1205; x_wconf 84' lang='grc' dir='ltr'><strong>ὸ</strong></span> <span class='ocrx_word' id='word_1_432' title='bbox 1053 1180 1196 1215; x_wconf 68' lang='grc' dir='ltr'>προφήτης</span> <span class='ocrx_word' id='word_1_433' title='bbox 1210 1179 1330 1213; x_wconf 77' lang='grc' dir='ltr'>Μιχαίας</span> <span class='ocrx_word' id='word_1_434' title='bbox 1351 1178 1454 1212; x_wconf 72' lang='grc' dir='ltr'>λέγων·</span> <span class='ocrx_word' id='word_1_435' title='bbox 1475 1187 1484 1203; x_wconf 79' lang='grc' dir='ltr'><strong>ι</strong></span> <span class='ocrx_word' id='word_1_436' title='bbox 1506 1179 1536 1204; x_wconf 79' lang='grc' dir='ltr'><strong>Εἰ</strong></span> <span class='ocrx_word' id='word_1_437' title='bbox 1553 1177 1693 1212; x_wconf 83' lang='grc' dir='ltr'>ἀνηγγέλη</span> <span class='ocrx_word' id='word_1_438' title='bbox 1710 1185 1759 1208; x_wconf 85' lang='grc' dir='ltr'>σοι,</span> 
     </span>
    </p>
   </div>
   <div class='ocr_carea' id='block_1_57' title="bbox 967 1222 1757 1259">
    <p class='ocr_par' dir='ltr' id='par_1_57' title="bbox 967 1222 1757 1259">
     <span class='ocr_line' id='line_1_57' title="bbox 967 1222 1757 1259; baseline -0.004 -8"><span class='ocrx_word' id='word_1_439' title='bbox 967 1224 1104 1259; x_wconf 75' lang='grc' dir='ltr'>ἄνθρωπε,</span> <span class='ocrx_word' id='word_1_440' title='bbox 1120 1225 1145 1250; x_wconf 86' lang='grc' dir='ltr'>τί</span> <span class='ocrx_word' id='word_1_441' title='bbox 1160 1225 1240 1250; x_wconf 76' lang='grc' dir='ltr'>καλὸν</span> <span class='ocrx_word' id='word_1_442' title='bbox 1253 1245 1261 1257; x_wconf 90' lang='grc'><strong>,</strong></span> <span class='ocrx_word' id='word_1_443' title='bbox 1277 1225 1293 1258; x_wconf 83' lang='grc' dir='ltr'>ἦ</span> <span class='ocrx_word' id='word_1_444' title='bbox 1316 1224 1342 1250; x_wconf 85' lang='grc' dir='ltr'>τί</span> <span class='ocrx_word' id='word_1_445' title='bbox 1360 1224 1460 1259; x_wconf 76' lang='grc' dir='ltr'>Κύριος</span> <span class='ocrx_word' id='word_1_446' title='bbox 1473 1223 1582 1257; x_wconf 74' lang='grc' dir='ltr'>ἐκζητεί</span> <span class='ocrx_word' id='word_1_447' title='bbox 1596 1223 1673 1258; x_wconf 79' lang='grc' dir='ltr'>παρά</span> <span class='ocrx_word' id='word_1_448' title='bbox 1693 1222 1757 1254; x_wconf 74' lang='lat' dir='ltr'><strong>cro-3;</strong></span> 
     </span>
    </p>
   </div>
   <div class='ocr_carea' id='block_1_58' title="bbox 973 1268 1760 1305">
    <p class='ocr_par' dir='ltr' id='par_1_58' title="bbox 973 1268 1760 1305">
     <span class='ocr_line' id='line_1_58' title="bbox 973 1268 1760 1305; baseline -0.003 -9"><span class='ocrx_word' id='word_1_449' title='bbox 973 1268 1075 1303; x_wconf 76' lang='grc' dir='ltr'>Ἃλλ¹ἧ</span> <span class='ocrx_word' id='word_1_450' title='bbox 1100 1270 1130 1296; x_wconf 80' lang='grc' dir='ltr'>τὸ</span> <span class='ocrx_word' id='word_1_451' title='bbox 1160 1270 1244 1296; x_wconf 82' lang='grc' dir='ltr'>ποιεῖν</span> <span class='ocrx_word' id='word_1_452' title='bbox 1269 1270 1355 1305; x_wconf 78' lang='grc' dir='ltr'>κρῖμα</span> <span class='ocrx_word' id='word_1_453' title='bbox 1370 1269 1416 1296; x_wconf 70' lang='grc' dir='ltr'><strong>καὶ</strong></span> <span class='ocrx_word' id='word_1_454' title='bbox 1439 1269 1546 1303; x_wconf 74' lang='grc' dir='ltr'>ἀγαπᾷν</span> <span class='ocrx_word' id='word_1_455' title='bbox 1563 1269 1654 1300; x_wconf 50' lang='grc' dir='ltr'>ἔλεος</span> <span class='ocrx_word' id='word_1_456' title='bbox 1674 1278 1683 1293; x_wconf 79' lang='grc' dir='ltr'><strong>ι</strong></span> <span class='ocrx_word' id='word_1_457' title='bbox 1706 1269 1760 1294; x_wconf 81' lang='grc' dir='ltr'><strong>Καὶ</strong></span> 
     </span>
    </p>
   </div>
   <div class='ocr_carea' id='block_1_59' title="bbox 967 1313 1759 1349">
    <p class='ocr_par' dir='ltr' id='par_1_59' title="bbox 967 1313 1759 1349">
     <span class='ocr_line' id='line_1_59' title="bbox 967 1313 1759 1349; baseline -0.003 -8"><span class='ocrx_word' id='word_1_458' title='bbox 967 1315 1084 1349; x_wconf 71' lang='grc' dir='ltr'><strong>Μωσῆςο</strong></span> <span class='ocrx_word' id='word_1_459' title='bbox 1107 1323 1115 1340; x_wconf 84' lang='lat' dir='ltr'><strong>t</strong></span> <span class='ocrx_word' id='word_1_460' title='bbox 1141 1313 1258 1340; x_wconf 67' lang='grc' dir='ltr'>Τέθεικα</span> <span class='ocrx_word' id='word_1_461' title='bbox 1271 1315 1323 1349; x_wconf 83' lang='grc' dir='ltr'>πρὸ</span> <span class='ocrx_word' id='word_1_462' title='bbox 1337 1313 1482 1349; x_wconf 78' lang='grc' dir='ltr'>προσώπου</span> <span class='ocrx_word' id='word_1_463' title='bbox 1509 1322 1555 1340; x_wconf 81' lang='grc' dir='ltr'><strong>σου</strong></span> <span class='ocrx_word' id='word_1_464' title='bbox 1581 1313 1630 1348; x_wconf 79' lang='grc' dir='ltr'>τὴν</span> <span class='ocrx_word' id='word_1_465' title='bbox 1642 1313 1702 1340; x_wconf 69' lang='grc' dir='ltr'>ὁδὸν</span> <span class='ocrx_word' id='word_1_466' title='bbox 1710 1313 1759 1348; x_wconf 81' lang='grc' dir='ltr'>τῆς</span> 
     </span>
    </p>
   </div>
   <div class='ocr_carea' id='block_1_60' title="bbox 968 1359 1760 1395">
    <p class='ocr_par' dir='ltr' id='par_1_60' title="bbox 968 1359 1760 1395">
     <span class='ocr_line' id='line_1_60' title="bbox 968 1359 1760 1395; baseline 0.001 -10"><span class='ocrx_word' id='word_1_467' title='bbox 968 1360 1041 1394; x_wconf 77' lang='grc' dir='ltr'><strong>ζωῆς</strong></span> <span class='ocrx_word' id='word_1_468' title='bbox 1060 1360 1106 1386; x_wconf 74' lang='grc' dir='ltr'>καὶ</span> <span class='ocrx_word' id='word_1_469' title='bbox 1123 1360 1172 1395; x_wconf 72' lang='grc' dir='ltr'>τὴν</span> <span class='ocrx_word' id='word_1_470' title='bbox 1188 1359 1247 1386; x_wconf 76' lang='grc' dir='ltr'>ὁδὸν</span> <span class='ocrx_word' id='word_1_471' title='bbox 1263 1359 1309 1386; x_wconf 77' lang='grc' dir='ltr'>τοῦ</span> <span class='ocrx_word' id='word_1_472' title='bbox 1322 1359 1447 1390; x_wconf 73' lang='grc' dir='ltr'>θανάτου,</span> <span class='ocrx_word' id='word_1_473' title='bbox 1464 1359 1624 1392; x_wconf 73' lang='grc' dir='ltr'>ἐκλέξασθαι</span> <span class='ocrx_word' id='word_1_474' title='bbox 1644 1359 1676 1386; x_wconf 81' lang='grc' dir='ltr'>τὸ</span> <span class='ocrx_word' id='word_1_475' title='bbox 1692 1360 1760 1393; x_wconf 81' lang='grc' dir='ltr'>ἀγα-</span> 
     </span>
    </p>
   </div>
   <div class='ocr_carea' id='block_1_61' title="bbox 967 1402 1758 1438">
    <p class='ocr_par' dir='ltr' id='par_1_61' title="bbox 967 1402 1758 1438">
     <span class='ocr_line' id='line_1_61' title="bbox 967 1402 1758 1438; baseline 0.003 -9"><span class='ocrx_word' id='word_1_476' title='bbox 967 1403 1011 1429; x_wconf 76' lang='grc' dir='ltr'>Θὸν</span> <span class='ocrx_word' id='word_1_477' title='bbox 1027 1404 1074 1430; x_wconf 74' lang='grc' dir='ltr'>καὶ</span> <span class='ocrx_word' id='word_1_478' title='bbox 1087 1402 1249 1438; x_wconf 61' lang='grc' dir='ltr'>ήορεύεσοαι</span> <span class='ocrx_word' id='word_1_479' title='bbox 1265 1405 1294 1429; x_wconf 84' lang='grc' dir='ltr'>ὲν</span> <span class='ocrx_word' id='word_1_480' title='bbox 1307 1404 1390 1438; x_wconf 79' lang='grc' dir='ltr'>αὐτῷ.</span> <span class='ocrx_word' id='word_1_481' title='bbox 1408 1414 1417 1428; x_wconf 78' lang='grc' dir='ltr'><strong>ι</strong></span> <span class='ocrx_word' id='word_1_482' title='bbox 1433 1405 1487 1430; x_wconf 71' lang='grc' dir='ltr'><strong>Καὶ</strong></span> <span class='ocrx_word' id='word_1_483' title='bbox 1505 1404 1632 1435; x_wconf 76' lang='grc' dir='ltr'>Ἠσαίας·</span> <span class='ocrx_word' id='word_1_484' title='bbox 1659 1414 1669 1430; x_wconf 71' lang='grc' dir='ltr'><strong>ι</strong></span> <span class='ocrx_word' id='word_1_485' title='bbox 1695 1404 1758 1431; x_wconf 75' lang='grc' dir='ltr'><strong>Ἐὰν</strong></span> 
     </span>
    </p>
   </div>
   <div class='ocr_carea' id='block_1_62' title="bbox 968 1447 1758 1484">
    <p class='ocr_par' dir='ltr' id='par_1_62' title="bbox 968 1447 1758 1484">
     <span class='ocr_line' id='line_1_62' title="bbox 968 1447 1758 1484; baseline 0 -9"><span class='ocrx_word' id='word_1_486' title='bbox 968 1447 1063 1484; x_wconf 76' lang='grc' dir='ltr'>θέλητε</span> <span class='ocrx_word' id='word_1_487' title='bbox 1076 1449 1122 1475; x_wconf 80' lang='grc' dir='ltr'>καὶ</span> <span class='ocrx_word' id='word_1_488' title='bbox 1139 1449 1314 1483; x_wconf 75' lang='grc' dir='ltr'>εῑσακούαητέ</span> <span class='ocrx_word' id='word_1_489' title='bbox 1330 1457 1390 1483; x_wconf 83' lang='grc' dir='ltr'>μου,</span> <span class='ocrx_word' id='word_1_490' title='bbox 1408 1448 1442 1475; x_wconf 73' lang='grc' dir='ltr'><strong>τὰ</strong></span> <span class='ocrx_word' id='word_1_491' title='bbox 1454 1449 1544 1482; x_wconf 73' lang='grc' dir='ltr'>ἀγαθὰ</span> <span class='ocrx_word' id='word_1_492' title='bbox 1559 1449 1608 1484; x_wconf 78' lang='grc' dir='ltr'>τῆς</span> <span class='ocrx_word' id='word_1_493' title='bbox 1632 1450 1686 1484; x_wconf 83' lang='grc' dir='ltr'>γῆς</span> <span class='ocrx_word' id='word_1_494' title='bbox 1709 1450 1758 1484; x_wconf 79' lang='grc' dir='ltr'><strong>φά-</strong></span> 
     </span>
    </p>
   </div>
   <div class='ocr_carea' id='block_1_63' title="bbox 968 1494 1756 1530">
    <p class='ocr_par' dir='ltr' id='par_1_63' title="bbox 968 1494 1756 1530">
     <span class='ocr_line' id='line_1_63' title="bbox 968 1494 1756 1530; baseline 0.003 -10"><span class='ocrx_word' id='word_1_495' title='bbox 968 1494 1066 1529; x_wconf 81' lang='grc' dir='ltr'><strong>τισθε·</strong></span> <span class='ocrx_word' id='word_1_496' title='bbox 1084 1494 1132 1520; x_wconf 68' lang='grc' dir='ltr'><strong>ἐὰν</strong></span> <span class='ocrx_word' id='word_1_497' title='bbox 1148 1494 1177 1521; x_wconf 74' lang='grc' dir='ltr'>δὲ</span> <span class='ocrx_word' id='word_1_498' title='bbox 1203 1494 1239 1529; x_wconf 82' lang='grc' dir='ltr'>μὴ</span> <span class='ocrx_word' id='word_1_499' title='bbox 1261 1494 1356 1530; x_wconf 77' lang='grc' dir='ltr'>θέλητε</span> <span class='ocrx_word' id='word_1_500' title='bbox 1369 1514 1376 1525; x_wconf 87' lang='grc'><strong>,</strong></span> <span class='ocrx_word' id='word_1_501' title='bbox 1403 1495 1470 1530; x_wconf 86' lang='grc' dir='ltr'>μηδὲ</span> <span class='ocrx_word' id='word_1_502' title='bbox 1490 1495 1670 1530; x_wconf 75' lang='grc' dir='ltr'>εἱσακούσητέ</span> <span class='ocrx_word' id='word_1_503' title='bbox 1696 1504 1756 1530; x_wconf 87' lang='grc' dir='ltr'>μου,</span> 
     </span>
    </p>
   </div>
   <div class='ocr_carea' id='block_1_64' title="bbox 967 1539 1758 1576">
    <p class='ocr_par' dir='ltr' id='par_1_64' title="bbox 967 1539 1758 1576">
     <span class='ocr_line' id='line_1_64' title="bbox 967 1539 1758 1576; baseline 0.001 -11"><span class='ocrx_word' id='word_1_504' title='bbox 967 1539 1091 1575; x_wconf 80' lang='grc' dir='ltr'>μάχαιρα</span> <span class='ocrx_word' id='word_1_505' title='bbox 1108 1539 1179 1574; x_wconf 71' lang='grc' dir='ltr'>ὑμᾶς</span> <span class='ocrx_word' id='word_1_506' title='bbox 1191 1539 1348 1566; x_wconf 80' lang='grc' dir='ltr'>κατέδεται·</span> <span class='ocrx_word' id='word_1_507' title='bbox 1363 1540 1394 1566; x_wconf 81' lang='grc' dir='ltr'><strong>τὸ</strong></span> <span class='ocrx_word' id='word_1_508' title='bbox 1408 1539 1462 1575; x_wconf 75' lang='grc' dir='ltr'><strong>γὰρ</strong></span> <span class='ocrx_word' id='word_1_509' title='bbox 1474 1541 1559 1575; x_wconf 73' lang='grc' dir='ltr'>στόμα</span> <span class='ocrx_word' id='word_1_510' title='bbox 1579 1540 1684 1576; x_wconf 77' lang='grc' dir='ltr'>Κυρίου</span> <span class='ocrx_word' id='word_1_511' title='bbox 1697 1540 1758 1567; x_wconf 76' lang='grc' dir='ltr'><strong>ἐλά-</strong></span> 
     </span>
    </p>
   </div>
   <div class='ocr_carea' id='block_1_65' title="bbox 965 1585 1755 1621">
    <p class='ocr_par' dir='ltr' id='par_1_65' title="bbox 965 1585 1755 1621">
     <span class='ocr_line' id='line_1_65' title="bbox 965 1585 1755 1621; baseline 0.001 -10"><span class='ocrx_word' id='word_1_512' title='bbox 965 1585 1030 1620; x_wconf 84' lang='grc' dir='ltr'>λησε</span> <span class='ocrx_word' id='word_1_513' title='bbox 1047 1585 1142 1611; x_wconf 72' lang='grc' dir='ltr'>ταῦτα.</span> <span class='ocrx_word' id='word_1_514' title='bbox 1159 1595 1168 1610; x_wconf 79' lang='grc' dir='ltr'><strong>ι</strong></span> <span class='ocrx_word' id='word_1_515' title='bbox 1186 1585 1240 1611; x_wconf 77' lang='grc' dir='ltr'><strong>Καὶ</strong></span> <span class='ocrx_word' id='word_1_516' title='bbox 1258 1586 1286 1611; x_wconf 85' lang='grc' dir='ltr'>ὲν</span> <span class='ocrx_word' id='word_1_517' title='bbox 1302 1586 1356 1616; x_wconf 80' lang='grc' dir='ltr'>τοῖς</span> <span class='ocrx_word' id='word_1_518' title='bbox 1371 1585 1508 1620; x_wconf 55' lang='grc' dir='ltr'>Ψαλμοῖς</span> <span class='ocrx_word' id='word_1_519' title='bbox 1529 1595 1538 1611; x_wconf 80' lang='grc' dir='ltr'><strong>ι</strong></span> <span class='ocrx_word' id='word_1_520' title='bbox 1554 1586 1585 1612; x_wconf 79' lang='grc' dir='ltr'><strong>ΕΞ</strong></span> <span class='ocrx_word' id='word_1_521' title='bbox 1598 1587 1613 1612; x_wconf 84' lang='grc' dir='ltr'>ὁ</span> <span class='ocrx_word' id='word_1_522' title='bbox 1626 1586 1692 1618; x_wconf 82' lang='grc' dir='ltr'>λαός</span> <span class='ocrx_word' id='word_1_523' title='bbox 1705 1593 1755 1621; x_wconf 79' lang='grc' dir='ltr'><strong>μου</strong></span> 
     </span>
    </p>
   </div>
   <div class='ocr_carea' id='block_1_66' title="bbox 121 1628 909 1668">
    <p class='ocr_par' dir='ltr' id='par_1_66' title="bbox 121 1628 909 1663">
     <span class='ocr_line' id='line_1_66' title="bbox 121 1628 909 1663; baseline 0.003 -8"><span class='ocrx_word' id='word_1_524' title='bbox 121 1636 209 1663; x_wconf 79' lang='lat' dir='ltr'><strong>neque</strong></span> <span class='ocrx_word' id='word_1_525' title='bbox 232 1628 372 1655; x_wconf 80' lang='lat' dir='ltr'><strong>audieritis</strong></span> <span class='ocrx_word' id='word_1_526' title='bbox 401 1636 461 1661; x_wconf 83' lang='lat' dir='ltr'><strong>ine.</strong></span> <span class='ocrx_word' id='word_1_527' title='bbox 486 1629 591 1662; x_wconf 79' lang='lat' dir='ltr'><strong>gladius</strong></span> <span class='ocrx_word' id='word_1_528' title='bbox 614 1637 662 1656; x_wconf 87' lang='lat' dir='ltr'><strong>vos</strong></span> <span class='ocrx_word' id='word_1_529' title='bbox 688 1635 850 1662; x_wconf 83' lang='lat' dir='ltr'><strong>consumet;</strong></span> <span class='ocrx_word' id='word_1_530' title='bbox 881 1637 909 1657; x_wconf 81' lang='lat' dir='ltr'><strong>os</strong></span> 
     </span>
    </p>
   </div>
   <div class='ocr_carea' id='block_1_67' title="bbox 1005 1628 1755 1668">
    <p class='ocr_par' dir='ltr' id='par_1_67' title="bbox 1005 1630 1755 1668">
     <span class='ocr_line' id='line_1_67' title="bbox 1005 1630 1755 1668; baseline 0.005 -12"><span class='ocrx_word' id='word_1_531' title='bbox 1005 1631 1062 1657; x_wconf 71' lang='lat' dir='ltr'><strong>met</strong></span> <span class='ocrx_word' id='word_1_532' title='bbox 1079 1640 1140 1666; x_wconf 86' lang='grc' dir='ltr'>μου,</span> <span class='ocrx_word' id='word_1_533' title='bbox 1158 1631 1204 1658; x_wconf 71' lang='grc' dir='ltr'>καὶ</span> <span class='ocrx_word' id='word_1_534' title='bbox 1227 1630 1336 1665; x_wconf 79' lang='grc' dir='ltr'>Ἰσραὴλ</span> <span class='ocrx_word' id='word_1_535' title='bbox 1346 1632 1406 1662; x_wconf 84' lang='grc' dir='ltr'>ταῖς</span> <span class='ocrx_word' id='word_1_536' title='bbox 1418 1631 1487 1662; x_wconf 81' lang='grc' dir='ltr'>ὁδοῖς</span> <span class='ocrx_word' id='word_1_537' title='bbox 1505 1639 1554 1666; x_wconf 76' lang='grc' dir='ltr'><strong>μου</strong></span> <span class='ocrx_word' id='word_1_538' title='bbox 1568 1632 1592 1657; x_wconf 82' lang='grc' dir='ltr'><strong>εἰ</strong></span> <span class='ocrx_word' id='word_1_539' title='bbox 1607 1632 1755 1668; x_wconf 82' lang='grc' dir='ltr'>ἐπορεύθη.</span> 
     </span>
    </p>
   </div>
   <div class='ocr_carea' id='block_1_68' title="bbox 122 1673 907 1703">
    <p class='ocr_par' dir='ltr' id='par_1_68' title="bbox 122 1673 907 1703">
     <span class='ocr_line' id='line_1_68' title="bbox 122 1673 907 1703; baseline 0.003 -3"><span class='ocrx_word' id='word_1_540' title='bbox 122 1674 194 1701; x_wconf 90' lang='lat' dir='ltr'><strong>enim</strong></span> <span class='ocrx_word' id='word_1_541' title='bbox 214 1673 318 1701; x_wconf 91' lang='lat' dir='ltr'><strong>Domini</strong></span> <span class='ocrx_word' id='word_1_542' title='bbox 340 1673 457 1700; x_wconf 84' lang='lat' dir='ltr'><strong>locutum</strong></span> <span class='ocrx_word' id='word_1_543' title='bbox 472 1679 513 1700; x_wconf 90' lang='lat' dir='ltr'><strong>est</strong></span> <span class='ocrx_word' id='word_1_544' title='bbox 531 1675 581 1701; x_wconf 81' lang='lat' dir='ltr'><strong>ltoe</strong></span> <span class='ocrx_word' id='word_1_545' title='bbox 603 1675 636 1701; x_wconf 67' lang='grc' dir='ltr'><strong>ι’.</strong></span> <span class='ocrx_word' id='word_1_546' title='bbox 659 1685 668 1700; x_wconf 78' lang='grc' dir='ltr'><strong>ι</strong></span> <span class='ocrx_word' id='word_1_547' title='bbox 689 1675 721 1702; x_wconf 89' lang='grc' dir='ltr'><strong>Ει</strong></span> <span class='ocrx_word' id='word_1_548' title='bbox 745 1676 771 1702; x_wconf 93' lang='lat' dir='ltr'><strong>in</strong></span> <span class='ocrx_word' id='word_1_549' title='bbox 792 1675 907 1703; x_wconf 81' lang='lat' dir='ltr'><strong>Psalmis</strong></span> 
     </span>
    </p>
   </div>
   <div class='ocr_carea' id='block_1_69' title="bbox 122 1718 907 1753">
    <p class='ocr_par' dir='ltr' id='par_1_69' title="bbox 122 1718 907 1753">
     <span class='ocr_line' id='line_1_69' title="bbox 122 1718 907 1753; baseline 0 -7"><span class='ocrx_word' id='word_1_550' title='bbox 122 1719 159 1746; x_wconf 86' lang='lat' dir='ltr'><strong>ita</strong></span> <span class='ocrx_word' id='word_1_551' title='bbox 183 1719 312 1753; x_wconf 84' lang='lat' dir='ltr'><strong>scriptum</strong></span> <span class='ocrx_word' id='word_1_552' title='bbox 333 1722 392 1745; x_wconf 86' lang='lat' dir='ltr'><strong>est:</strong></span> <span class='ocrx_word' id='word_1_553' title='bbox 412 1727 421 1743; x_wconf 78' lang='grc' dir='ltr'><strong>ι</strong></span> <span class='ocrx_word' id='word_1_554' title='bbox 442 1718 470 1745; x_wconf 88' lang='lat' dir='ltr'><strong>Si</strong></span> <span class='ocrx_word' id='word_1_555' title='bbox 486 1720 600 1753; x_wconf 88' lang='lat' dir='ltr'><strong>populus</strong></span> <span class='ocrx_word' id='word_1_556' title='bbox 625 1727 700 1746; x_wconf 90' lang='lat' dir='ltr'><strong>meus</strong></span> <span class='ocrx_word' id='word_1_557' title='bbox 718 1720 838 1750; x_wconf 80' lang='lat' dir='ltr'><strong>audisset</strong></span> <span class='ocrx_word' id='word_1_558' title='bbox 855 1727 907 1753; x_wconf 88' lang='lat' dir='ltr'><strong>me,</strong></span> 
     </span>
    </p>
   </div>
   <div class='ocr_carea' id='block_1_70' title="bbox 122 1765 909 1799">
    <p class='ocr_par' dir='ltr' id='par_1_70' title="bbox 122 1765 909 1799">
     <span class='ocr_line' id='line_1_70' title="bbox 122 1765 909 1799; baseline -0.001 -7"><span class='ocrx_word' id='word_1_559' title='bbox 122 1765 204 1792; x_wconf 78' lang='lat' dir='ltr'><strong>Israel</strong></span> <span class='ocrx_word' id='word_1_560' title='bbox 221 1767 243 1792; x_wconf 90' lang='lat' dir='ltr'><strong>si</strong></span> <span class='ocrx_word' id='word_1_561' title='bbox 260 1766 286 1792; x_wconf 91' lang='lat' dir='ltr'><strong>in</strong></span> <span class='ocrx_word' id='word_1_562' title='bbox 301 1765 351 1793; x_wconf 89' lang='lat' dir='ltr'><strong>viis</strong></span> <span class='ocrx_word' id='word_1_563' title='bbox 365 1766 434 1792; x_wconf 87' lang='lat' dir='ltr'><strong>meis</strong></span> <span class='ocrx_word' id='word_1_564' title='bbox 449 1765 626 1797; x_wconf 82' lang='lat' dir='ltr'><strong>ambulasset,</strong></span> <span class='ocrx_word' id='word_1_565' title='bbox 642 1765 668 1792; x_wconf 87' lang='lat' dir='ltr'><strong>itt</strong></span> <span class='ocrx_word' id='word_1_566' title='bbox 686 1765 801 1793; x_wconf 59' lang='lat' dir='ltr'><strong>riailum</strong></span> <span class='ocrx_word' id='word_1_567' title='bbox 815 1765 909 1799; x_wconf 85' lang='lat' dir='ltr'><strong>utique</strong></span> 
     </span>
    </p>
   </div>
   <div class='ocr_carea' id='block_1_71' title="bbox 122 1810 911 1846">
    <p class='ocr_par' dir='ltr' id='par_1_71' title="bbox 122 1810 911 1846">
     <span class='ocr_line' id='line_1_71' title="bbox 122 1810 911 1846; baseline -0.001 -8"><span class='ocrx_word' id='word_1_568' title='bbox 122 1811 248 1838; x_wconf 85' lang='lat' dir='ltr'><strong>inimicos</strong></span> <span class='ocrx_word' id='word_1_569' title='bbox 259 1810 317 1845; x_wconf 86' lang='lat' dir='ltr'><strong>ejus</strong></span> <span class='ocrx_word' id='word_1_570' title='bbox 331 1812 516 1839; x_wconf 82' lang='lat' dir='ltr'><strong>humiliasseut</strong></span> <span class='ocrx_word' id='word_1_571' title='bbox 533 1811 572 1844; x_wconf 84' lang='lat'><strong>&quot;,</strong></span> <span class='ocrx_word' id='word_1_572' title='bbox 601 1821 610 1837; x_wconf 80' lang='grc' dir='ltr'><strong>ι</strong></span> <span class='ocrx_word' id='word_1_573' title='bbox 642 1818 690 1846; x_wconf 90' lang='lat' dir='ltr'><strong>per</strong></span> <span class='ocrx_word' id='word_1_574' title='bbox 704 1811 775 1845; x_wconf 91' lang='lat' dir='ltr'><strong>quod</strong></span> <span class='ocrx_word' id='word_1_575' title='bbox 793 1810 911 1838; x_wconf 88' lang='lat' dir='ltr'><strong>ostendit</strong></span> 
     </span>
    </p>
   </div>
   <div class='ocr_carea' id='block_1_72' title="bbox 119 1856 910 1894">
    <p class='ocr_par' dir='ltr' id='par_1_72' title="bbox 119 1856 910 1894">
     <span class='ocr_line' id='line_1_72' title="bbox 119 1856 910 1894; baseline -0.004 -9"><span class='ocrx_word' id='word_1_576' title='bbox 119 1859 191 1894; x_wconf 84' lang='lat' dir='ltr'><strong>quod</strong></span> <span class='ocrx_word' id='word_1_577' title='bbox 205 1863 263 1885; x_wconf 83' lang='lat' dir='ltr'><strong>erat</strong></span> <span class='ocrx_word' id='word_1_578' title='bbox 279 1858 306 1885; x_wconf 92' lang='lat' dir='ltr'><strong>in</strong></span> <span class='ocrx_word' id='word_1_579' title='bbox 320 1858 410 1893; x_wconf 89' lang='lat' dir='ltr'><strong>populi</strong></span> <span class='ocrx_word' id='word_1_580' title='bbox 428 1861 564 1892; x_wconf 85' lang='lat' dir='ltr'><strong>potestate</strong></span> <span class='ocrx_word' id='word_1_581' title='bbox 579 1856 674 1883; x_wconf 87' lang='lat' dir='ltr'><strong>audire</strong></span> <span class='ocrx_word' id='word_1_582' title='bbox 693 1862 721 1883; x_wconf 90' lang='lat' dir='ltr'><strong>et</strong></span> <span class='ocrx_word' id='word_1_583' title='bbox 741 1856 868 1883; x_wconf 83' lang='lat' dir='ltr'><strong>incedere</strong></span> <span class='ocrx_word' id='word_1_584' title='bbox 884 1856 910 1882; x_wconf 94' lang='lat' dir='ltr'><strong>in</strong></span> 
     </span>
    </p>
   </div>
   <div class='ocr_carea' id='block_1_73' title="bbox 121 1902 912 1937">
    <p class='ocr_par' dir='ltr' id='par_1_73' title="bbox 121 1902 912 1937">
     <span class='ocr_line' id='line_1_73' title="bbox 121 1902 912 1937; baseline -0.005 -6"><span class='ocrx_word' id='word_1_585' title='bbox 121 1904 172 1932; x_wconf 82' lang='lat' dir='ltr'><strong>viis</strong></span> <span class='ocrx_word' id='word_1_586' title='bbox 189 1903 245 1932; x_wconf 90' lang='lat' dir='ltr'><strong>Det.</strong></span> <span class='ocrx_word' id='word_1_587' title='bbox 262 1903 315 1931; x_wconf 89' lang='lat' dir='ltr'><strong>Sed</strong></span> <span class='ocrx_word' id='word_1_588' title='bbox 329 1909 356 1930; x_wconf 88' lang='lat' dir='ltr'><strong>et</strong></span> <span class='ocrx_word' id='word_1_589' title='bbox 370 1902 495 1930; x_wconf 84' lang='lat' dir='ltr'><strong>Salvator</strong></span> <span class='ocrx_word' id='word_1_590' title='bbox 509 1903 619 1930; x_wconf 84' lang='lat' dir='ltr'><strong>dicens:</strong></span> <span class='ocrx_word' id='word_1_591' title='bbox 638 1911 648 1927; x_wconf 77' lang='grc' dir='ltr'><strong>ι</strong></span> <span class='ocrx_word' id='word_1_592' title='bbox 665 1902 720 1937; x_wconf 80' lang='lat' dir='ltr'><strong>Ego</strong></span> <span class='ocrx_word' id='word_1_593' title='bbox 744 1907 833 1928; x_wconf 86' lang='lat' dir='ltr'><strong>autem</strong></span> <span class='ocrx_word' id='word_1_594' title='bbox 850 1902 912 1927; x_wconf 89' lang='lat' dir='ltr'><strong>dico</strong></span> 
     </span>
    </p>
   </div>
   <div class='ocr_carea' id='block_1_74' title="bbox 960 1675 1753 1711">
    <p class='ocr_par' dir='ltr' id='par_1_74' title="bbox 960 1675 1753 1711">
     <span class='ocr_line' id='line_1_74' title="bbox 960 1675 1753 1711; baseline 0 -8"><span class='ocrx_word' id='word_1_595' title='bbox 960 1677 990 1703; x_wconf 76' lang='grc' dir='ltr'>ὲν</span> <span class='ocrx_word' id='word_1_596' title='bbox 1006 1675 1045 1710; x_wconf 86' lang='grc' dir='ltr'>τῷ</span> <span class='ocrx_word' id='word_1_597' title='bbox 1060 1675 1154 1711; x_wconf 75' lang='grc' dir='ltr'>μηδενὶ</span> <span class='ocrx_word' id='word_1_598' title='bbox 1180 1677 1213 1702; x_wconf 79' lang='grc' dir='ltr'>ἂν</span> <span class='ocrx_word' id='word_1_599' title='bbox 1231 1677 1294 1706; x_wconf 70' lang='grc' dir='ltr'>τοὺς</span> <span class='ocrx_word' id='word_1_600' title='bbox 1319 1675 1432 1710; x_wconf 75' lang='grc' dir='ltr'>ἐχθροὺς</span> <span class='ocrx_word' id='word_1_601' title='bbox 1457 1675 1547 1702; x_wconf 83' lang='grc' dir='ltr'>αὐτῶν</span> <span class='ocrx_word' id='word_1_602' title='bbox 1572 1677 1753 1707; x_wconf 77' lang='grc' dir='ltr'>ὲταπείνωσα,</span> 
     </span>
    </p>
   </div>
   <div class='ocr_carea' id='block_1_75' title="bbox 962 1720 1756 1757">
    <p class='ocr_par' dir='ltr' id='par_1_75' title="bbox 962 1720 1756 1757">
     <span class='ocr_line' id='line_1_75' title="bbox 962 1720 1756 1757; baseline 0 -9"><span class='ocrx_word' id='word_1_603' title='bbox 962 1721 1009 1748; x_wconf 69' lang='grc' dir='ltr'><strong>καὶ</strong></span> <span class='ocrx_word' id='word_1_604' title='bbox 1025 1721 1071 1746; x_wconf 68' lang='grc' dir='ltr'><strong>ἐπὶ</strong></span> <span class='ocrx_word' id='word_1_605' title='bbox 1082 1721 1145 1752; x_wconf 71' lang='grc' dir='ltr'>τοὺς</span> <span class='ocrx_word' id='word_1_606' title='bbox 1160 1720 1299 1753; x_wconf 76' lang='grc' dir='ltr'>θλίϐοντας</span> <span class='ocrx_word' id='word_1_607' title='bbox 1311 1721 1410 1753; x_wconf 69' lang='grc' dir='ltr'>αὐτοὺς</span> <span class='ocrx_word' id='word_1_608' title='bbox 1426 1721 1558 1748; x_wconf 71' lang='grc' dir='ltr'>ἐπέϐαλον</span> <span class='ocrx_word' id='word_1_609' title='bbox 1567 1721 1599 1748; x_wconf 71' lang='grc' dir='ltr'>ἂν</span> <span class='ocrx_word' id='word_1_610' title='bbox 1612 1721 1663 1757; x_wconf 80' lang='grc' dir='ltr'>τὴν</span> <span class='ocrx_word' id='word_1_611' title='bbox 1677 1723 1756 1757; x_wconf 73' lang='grc' dir='ltr'>χεῖρά</span> 
     </span>
    </p>
   </div>
   <div class='ocr_carea' id='block_1_76' title="bbox 964 1766 1755 1802">
    <p class='ocr_par' dir='ltr' id='par_1_76' title="bbox 964 1766 1755 1802">
     <span class='ocr_line' id='line_1_76' title="bbox 964 1766 1755 1802; baseline 0.003 -10"><span class='ocrx_word' id='word_1_612' title='bbox 964 1775 1033 1801; x_wconf 81' lang='grc' dir='ltr'>μου·</span> <span class='ocrx_word' id='word_1_613' title='bbox 1056 1776 1065 1792; x_wconf 72' lang='grc' dir='ltr'><strong>ι</strong></span> <span class='ocrx_word' id='word_1_614' title='bbox 1091 1767 1128 1798; x_wconf 87' lang='grc' dir='ltr'>ὠς</span> <span class='ocrx_word' id='word_1_615' title='bbox 1151 1766 1197 1792; x_wconf 70' lang='grc' dir='ltr'><strong>ἐπὶ</strong></span> <span class='ocrx_word' id='word_1_616' title='bbox 1219 1767 1258 1802; x_wconf 83' lang='grc' dir='ltr'>τῷ</span> <span class='ocrx_word' id='word_1_617' title='bbox 1279 1766 1336 1802; x_wconf 81' lang='grc' dir='ltr'>λαῷ</span> <span class='ocrx_word' id='word_1_618' title='bbox 1356 1767 1432 1798; x_wconf 77' lang='grc' dir='ltr'>ὄντος</span> <span class='ocrx_word' id='word_1_619' title='bbox 1447 1766 1494 1792; x_wconf 70' lang='grc' dir='ltr'><strong>τοῦ</strong></span> <span class='ocrx_word' id='word_1_620' title='bbox 1512 1766 1621 1793; x_wconf 80' lang='grc' dir='ltr'>ἀκούειν</span> <span class='ocrx_word' id='word_1_621' title='bbox 1641 1768 1690 1794; x_wconf 81' lang='grc' dir='ltr'>καὶ</span> <span class='ocrx_word' id='word_1_622' title='bbox 1709 1775 1755 1793; x_wconf 76' lang='grc' dir='ltr'><strong>πο-</strong></span> 
     </span>
    </p>
   </div>
   <div class='ocr_carea' id='block_1_77' title="bbox 966 1812 1755 1848">
    <p class='ocr_par' dir='ltr' id='par_1_77' title="bbox 966 1812 1755 1848">
     <span class='ocr_line' id='line_1_77' title="bbox 966 1812 1755 1848; baseline 0.001 -10"><span class='ocrx_word' id='word_1_623' title='bbox 966 1812 1091 1848; x_wconf 74' lang='grc' dir='ltr'>ρεύεσθαι</span> <span class='ocrx_word' id='word_1_624' title='bbox 1107 1813 1166 1843; x_wconf 85' lang='grc' dir='ltr'>ταῖς</span> <span class='ocrx_word' id='word_1_625' title='bbox 1174 1812 1244 1844; x_wconf 80' lang='grc' dir='ltr'>ὁδοῖς</span> <span class='ocrx_word' id='word_1_626' title='bbox 1258 1812 1305 1838; x_wconf 79' lang='grc' dir='ltr'><strong>τοῦ</strong></span> <span class='ocrx_word' id='word_1_627' title='bbox 1321 1812 1399 1838; x_wconf 79' lang='grc' dir='ltr'>Θεοῦ.</span> <span class='ocrx_word' id='word_1_628' title='bbox 1419 1812 1474 1838; x_wconf 77' lang='grc' dir='ltr'><strong>Καὶ</strong></span> <span class='ocrx_word' id='word_1_629' title='bbox 1487 1813 1501 1838; x_wconf 81' lang='grc' dir='ltr'><strong>ὸ</strong></span> <span class='ocrx_word' id='word_1_630' title='bbox 1513 1812 1607 1848; x_wconf 83' lang='grc' dir='ltr'>Σωτὴρ</span> <span class='ocrx_word' id='word_1_631' title='bbox 1622 1813 1651 1839; x_wconf 81' lang='grc' dir='ltr'>δὲ</span> <span class='ocrx_word' id='word_1_632' title='bbox 1668 1813 1755 1846; x_wconf 77' lang='grc' dir='ltr'>λέγων</span> 
     </span>
    </p>
   </div>
   <div class='ocr_carea' id='block_1_78' title="bbox 961 1855 1751 1892">
    <p class='ocr_par' dir='ltr' id='par_1_78' title="bbox 961 1855 1751 1892">
     <span class='ocr_line' id='line_1_78' title="bbox 961 1855 1751 1892; baseline 0.003 -11"><span class='ocrx_word' id='word_1_633' title='bbox 961 1855 1002 1881; x_wconf 81' lang='grc' dir='ltr'>τό·</span> <span class='ocrx_word' id='word_1_634' title='bbox 1015 1865 1024 1880; x_wconf 83' lang='grc' dir='ltr'><strong>ι</strong></span> <span class='ocrx_word' id='word_1_635' title='bbox 1045 1855 1115 1889; x_wconf 81' lang='grc' dir='ltr'>Ἐγὼ</span> <span class='ocrx_word' id='word_1_636' title='bbox 1123 1855 1152 1881; x_wconf 80' lang='grc' dir='ltr'>δὲ</span> <span class='ocrx_word' id='word_1_637' title='bbox 1165 1855 1235 1889; x_wconf 80' lang='grc' dir='ltr'>λέγω</span> <span class='ocrx_word' id='word_1_638' title='bbox 1247 1856 1311 1890; x_wconf 82' lang='grc' dir='ltr'>ὑμῖν</span> <span class='ocrx_word' id='word_1_639' title='bbox 1328 1856 1365 1891; x_wconf 84' lang='grc' dir='ltr'>μὴ</span> <span class='ocrx_word' id='word_1_640' title='bbox 1378 1856 1534 1890; x_wconf 73' lang='grc' dir='ltr'>ἀντιστῆναι</span> <span class='ocrx_word' id='word_1_641' title='bbox 1549 1856 1588 1891; x_wconf 86' lang='grc' dir='ltr'><strong>τῷ</strong></span> <span class='ocrx_word' id='word_1_642' title='bbox 1599 1857 1722 1892; x_wconf 84' lang='grc' dir='ltr'>πονηρῷ,</span> <span class='ocrx_word' id='word_1_643' title='bbox 1741 1867 1751 1883; x_wconf 81' lang='grc' dir='ltr'>ι</span> 
     </span>
    </p>
   </div>
   <div class='ocr_carea' id='block_1_79' title="bbox 963 1901 1755 1937">
    <p class='ocr_par' dir='ltr' id='par_1_79' title="bbox 963 1901 1755 1937">
     <span class='ocr_line' id='line_1_79' title="bbox 963 1901 1755 1937; baseline 0.004 -10"><span class='ocrx_word' id='word_1_644' title='bbox 963 1901 1020 1930; x_wconf 78' lang='grc' dir='ltr'>καὶ,</span> <span class='ocrx_word' id='word_1_645' title='bbox 1032 1911 1041 1927; x_wconf 84' lang='grc' dir='ltr'><strong>ι</strong></span> <span class='ocrx_word' id='word_1_646' title='bbox 1056 1901 1097 1927; x_wconf 82' lang='grc' dir='ltr'><strong>ὄτι</strong></span> <span class='ocrx_word' id='word_1_647' title='bbox 1108 1901 1146 1932; x_wconf 85' lang='grc' dir='ltr'>ὡς</span> <span class='ocrx_word' id='word_1_648' title='bbox 1156 1901 1223 1936; x_wconf 69' lang='lat'><strong>(25&#39;)</strong></span> <span class='ocrx_word' id='word_1_649' title='bbox 1233 1901 1265 1927; x_wconf 77' lang='grc' dir='ltr'>ἂν</span> <span class='ocrx_word' id='word_1_650' title='bbox 1279 1901 1392 1937; x_wconf 77' lang='grc' dir='ltr'>ὀργισοῇ</span> <span class='ocrx_word' id='word_1_651' title='bbox 1404 1902 1442 1936; x_wconf 86' lang='grc' dir='ltr'>τῷ</span> <span class='ocrx_word' id='word_1_652' title='bbox 1451 1901 1573 1936; x_wconf 64' lang='grc' dir='ltr'>ἀδελφῷ,</span> <span class='ocrx_word' id='word_1_653' title='bbox 1581 1902 1755 1937; x_wconf 76' lang='grc' dir='ltr'>ἐνοχοςέσται</span> 
     </span>
    </p>
   </div>
   <div class='ocr_carea' id='block_1_80' title="bbox 743 1948 1142 1977">
    <p class='ocr_par' dir='ltr' id='par_1_80' title="bbox 743 1948 1142 1977">
     <span class='ocr_line' id='line_1_80' title="bbox 743 1948 1142 1977; baseline -0.005 0"><span class='ocrx_word' id='word_1_654' title='bbox 743 1948 1025 1977; x_wconf 71' lang='lat' dir='ltr'><strong>lNTEltPRETATlO</strong></span> <span class='ocrx_word' id='word_1_655' title='bbox 1038 1949 1142 1976; x_wconf 75' lang='lat' dir='ltr'><strong>NOV&#39;A.</strong></span> 
     </span>
    </p>
   </div>
   <div class='ocr_carea' id='block_1_81' title="bbox 120 1998 1751 2033">
    <p class='ocr_par' dir='ltr' id='par_1_81' title="bbox 120 1998 1751 2033">
     <span class='ocr_line' id='line_1_81' title="bbox 120 1998 1751 2033; baseline 0 -7"><span class='ocrx_word' id='word_1_656' title='bbox 120 1999 284 2026; x_wconf 84' lang='lat' dir='ltr'><strong>deteriorem</strong></span> <span class='ocrx_word' id='word_1_657' title='bbox 307 1999 531 2027; x_wconf 82' lang='lat' dir='ltr'><strong>consuetudinem</strong></span> <span class='ocrx_word' id='word_1_658' title='bbox 551 1999 588 2026; x_wconf 85' lang='lat' dir='ltr'><strong>ita</strong></span> <span class='ocrx_word' id='word_1_659' title='bbox 612 1999 768 2030; x_wconf 81' lang='lat' dir='ltr'><strong>deﬂectere,</strong></span> <span class='ocrx_word' id='word_1_660' title='bbox 796 2002 824 2025; x_wconf 83' lang='lat' dir='ltr'><strong>ut</strong></span> <span class='ocrx_word' id='word_1_661' title='bbox 847 1999 872 2025; x_wconf 89' lang='lat' dir='ltr'><strong>in</strong></span> <span class='ocrx_word' id='word_1_662' title='bbox 903 1998 1139 2033; x_wconf 84' lang='lat' dir='ltr'><strong>intemperantiam</strong></span> <span class='ocrx_word' id='word_1_663' title='bbox 1162 1998 1283 2024; x_wconf 84' lang='lat' dir='ltr'><strong>incidant</strong></span> <span class='ocrx_word' id='word_1_664' title='bbox 1305 1999 1390 2025; x_wconf 82' lang='lat' dir='ltr'><strong>inedia</strong></span> <span class='ocrx_word' id='word_1_665' title='bbox 1411 1999 1466 2032; x_wconf 76' lang='lat' dir='ltr'><strong>jam</strong></span> <span class='ocrx_word' id='word_1_666' title='bbox 1490 2004 1581 2031; x_wconf 64' lang='lat' dir='ltr'><strong>relate,</strong></span> <span class='ocrx_word' id='word_1_667' title='bbox 1607 2004 1751 2033; x_wconf 85' lang='lat' dir='ltr'><strong>postquam</strong></span> 
     </span>
    </p>
   </div>
   <div class='ocr_carea' id='block_1_82' title="bbox 117 2033 1751 2069">
    <p class='ocr_par' dir='ltr' id='par_1_82' title="bbox 117 2033 1751 2069">
     <span class='ocr_line' id='line_1_82' title="bbox 117 2033 1751 2069; baseline 0 -8"><span class='ocrx_word' id='word_1_668' title='bbox 117 2034 458 2069; x_wconf 80' lang='lat' dir='ltr'><strong>juventutisinstahilitas,</strong></span> <span class='ocrx_word' id='word_1_669' title='bbox 471 2039 499 2061; x_wconf 93' lang='lat' dir='ltr'><strong>ut</strong></span> <span class='ocrx_word' id='word_1_670' title='bbox 517 2034 569 2061; x_wconf 89' lang='lat' dir='ltr'><strong>fert</strong></span> <span class='ocrx_word' id='word_1_671' title='bbox 583 2039 692 2066; x_wconf 81' lang='lat' dir='ltr'><strong>natura,</strong></span> <span class='ocrx_word' id='word_1_672' title='bbox 715 2034 855 2069; x_wconf 66' lang='lat' dir='ltr'><strong>prmteriit.</strong></span> <span class='ocrx_word' id='word_1_673' title='bbox 872 2033 910 2060; x_wconf 80' lang='lat' dir='ltr'><strong>Ex</strong></span> <span class='ocrx_word' id='word_1_674' title='bbox 929 2033 972 2060; x_wconf 88' lang='lat' dir='ltr'><strong>his</strong></span> <span class='ocrx_word' id='word_1_675' title='bbox 987 2033 1069 2069; x_wconf 72' lang='lat' dir='ltr'><strong>igitur</strong></span> <span class='ocrx_word' id='word_1_676' title='bbox 1093 2033 1178 2069; x_wconf 75' lang='lat' dir='ltr'><strong>liquet</strong></span> <span class='ocrx_word' id='word_1_677' title='bbox 1201 2034 1373 2060; x_wconf 82' lang='lat' dir='ltr'><strong>extrinsecus</strong></span> <span class='ocrx_word' id='word_1_678' title='bbox 1396 2034 1540 2069; x_wconf 73' lang='lat' dir='ltr'><strong>incidentia</strong></span> <span class='ocrx_word' id='word_1_679' title='bbox 1567 2041 1621 2061; x_wconf 91' lang='lat' dir='ltr'><strong>non</strong></span> <span class='ocrx_word' id='word_1_680' title='bbox 1644 2042 1705 2062; x_wconf 78' lang='lat' dir='ltr'><strong>esse</strong></span> <span class='ocrx_word' id='word_1_681' title='bbox 1726 2034 1751 2061; x_wconf 73' lang='grc' dir='ltr'><strong>ιιι</strong></span> 
     </span>
    </p>
   </div>
   <div class='ocr_carea' id='block_1_83' title="bbox 121 2068 1752 2104">
    <p class='ocr_par' dir='ltr' id='par_1_83' title="bbox 121 2068 1752 2104">
     <span class='ocr_line' id='line_1_83' title="bbox 121 2068 1752 2104; baseline 0 -8"><span class='ocrx_word' id='word_1_682' title='bbox 121 2068 213 2096; x_wconf 79' lang='lat' dir='ltr'><strong>nostra</strong></span> <span class='ocrx_word' id='word_1_683' title='bbox 229 2074 374 2103; x_wconf 88' lang='lat' dir='ltr'><strong>potestate,</strong></span> <span class='ocrx_word' id='word_1_684' title='bbox 391 2070 443 2096; x_wconf 87' lang='lat' dir='ltr'><strong>hoc</strong></span> <span class='ocrx_word' id='word_1_685' title='bbox 463 2074 556 2096; x_wconf 87' lang='lat' dir='ltr'><strong>autem</strong></span> <span class='ocrx_word' id='word_1_686' title='bbox 575 2069 617 2095; x_wconf 91' lang='lat' dir='ltr'><strong>vel</strong></span> <span class='ocrx_word' id='word_1_687' title='bbox 631 2069 770 2095; x_wconf 88' lang='lat' dir='ltr'><strong>contrario</strong></span> <span class='ocrx_word' id='word_1_688' title='bbox 787 2068 867 2095; x_wconf 90' lang='lat' dir='ltr'><strong>modo</strong></span> <span class='ocrx_word' id='word_1_689' title='bbox 882 2068 924 2094; x_wconf 83' lang='lat' dir='ltr'><strong>Itis</strong></span> <span class='ocrx_word' id='word_1_690' title='bbox 938 2069 988 2099; x_wconf 85' lang='lat' dir='ltr'><strong>uti,</strong></span> <span class='ocrx_word' id='word_1_691' title='bbox 1006 2068 1112 2095; x_wconf 90' lang='lat' dir='ltr'><strong>ratione</strong></span> <span class='ocrx_word' id='word_1_692' title='bbox 1135 2068 1202 2095; x_wconf 90' lang='lat' dir='ltr'><strong>duce</strong></span> <span class='ocrx_word' id='word_1_693' title='bbox 1219 2073 1247 2095; x_wconf 90' lang='lat' dir='ltr'><strong>et</strong></span> <span class='ocrx_word' id='word_1_694' title='bbox 1262 2068 1436 2096; x_wconf 87' lang='lat' dir='ltr'><strong>discernente</strong></span> <span class='ocrx_word' id='word_1_695' title='bbox 1454 2076 1486 2096; x_wconf 82' lang='lat' dir='ltr'><strong>ac</strong></span> <span class='ocrx_word' id='word_1_696' title='bbox 1501 2068 1670 2104; x_wconf 81' lang='lat' dir='ltr'><strong>dijudicante</strong></span> <span class='ocrx_word' id='word_1_697' title='bbox 1685 2077 1752 2104; x_wconf 80' lang='lat' dir='ltr'><strong>quo-</strong></span> 
     </span>
    </p>
   </div>
   <div class='ocr_carea' id='block_1_84' title="bbox 121 2104 1031 2138">
    <p class='ocr_par' dir='ltr' id='par_1_84' title="bbox 121 2104 1031 2138">
     <span class='ocr_line' id='line_1_84' title="bbox 121 2104 1031 2138; baseline -0.001 -8"><span class='ocrx_word' id='word_1_698' title='bbox 121 2104 201 2130; x_wconf 87' lang='lat' dir='ltr'><strong>modo</strong></span> <span class='ocrx_word' id='word_1_699' title='bbox 215 2104 338 2138; x_wconf 82' lang='lat' dir='ltr'><strong>externis</strong></span> <span class='ocrx_word' id='word_1_700' title='bbox 350 2105 388 2130; x_wconf 94' lang='lat' dir='ltr'><strong>uti</strong></span> <span class='ocrx_word' id='word_1_701' title='bbox 407 2109 544 2138; x_wconf 80' lang='lat' dir='ltr'><strong>oporteat,</strong></span> <span class='ocrx_word' id='word_1_702' title='bbox 557 2104 584 2131; x_wconf 90' lang='lat' dir='ltr'><strong>in</strong></span> <span class='ocrx_word' id='word_1_703' title='bbox 602 2109 694 2130; x_wconf 88' lang='lat' dir='ltr'><strong>nostra</strong></span> <span class='ocrx_word' id='word_1_704' title='bbox 710 2104 791 2130; x_wconf 86' lang='lat' dir='ltr'><strong>situm</strong></span> <span class='ocrx_word' id='word_1_705' title='bbox 807 2110 869 2130; x_wconf 84' lang='lat' dir='ltr'><strong>esse</strong></span> <span class='ocrx_word' id='word_1_706' title='bbox 883 2108 1031 2136; x_wconf 81' lang='lat' dir='ltr'><strong>potestate.</strong></span> 
     </span>
    </p>
   </div>
   <div class='ocr_carea' id='block_1_85' title="bbox 155 2136 1751 2172">
    <p class='ocr_par' dir='ltr' id='par_1_85' title="bbox 155 2136 1751 2172">
     <span class='ocr_line' id='line_1_85' title="bbox 155 2136 1751 2172; baseline 0 -7"><span class='ocrx_word' id='word_1_707' title='bbox 155 2138 182 2165; x_wconf 88' lang='grc'><strong>6.</strong></span> <span class='ocrx_word' id='word_1_708' title='bbox 201 2137 328 2165; x_wconf 79' lang='lat' dir='ltr'><strong>Nostrum</strong></span> <span class='ocrx_word' id='word_1_709' title='bbox 345 2136 513 2172; x_wconf 47' lang='lat' dir='ltr'><strong>porro—opus</strong></span> <span class='ocrx_word' id='word_1_710' title='bbox 529 2146 590 2166; x_wconf 87' lang='lat' dir='ltr'><strong>esse</strong></span> <span class='ocrx_word' id='word_1_711' title='bbox 617 2143 691 2164; x_wconf 90' lang='lat' dir='ltr'><strong>recte</strong></span> <span class='ocrx_word' id='word_1_712' title='bbox 708 2139 817 2165; x_wconf 88' lang='lat' dir='ltr'><strong>vivere:</strong></span> <span class='ocrx_word' id='word_1_713' title='bbox 837 2137 918 2172; x_wconf 85' lang='lat' dir='ltr'><strong>idque</strong></span> <span class='ocrx_word' id='word_1_714' title='bbox 931 2144 946 2164; x_wconf 92' lang='lat' dir='ltr'><strong>a</strong></span> <span class='ocrx_word' id='word_1_715' title='bbox 964 2138 1042 2164; x_wconf 90' lang='lat' dir='ltr'><strong>nobis</strong></span> <span class='ocrx_word' id='word_1_716' title='bbox 1059 2145 1112 2165; x_wconf 92' lang='lat' dir='ltr'><strong>non</strong></span> <span class='ocrx_word' id='word_1_717' title='bbox 1129 2137 1207 2172; x_wconf 66' lang='lat' dir='ltr'><strong>quasi</strong></span> <span class='ocrx_word' id='word_1_718' title='bbox 1223 2145 1314 2171; x_wconf 87' lang='lat' dir='ltr'><strong>suum,</strong></span> <span class='ocrx_word' id='word_1_719' title='bbox 1332 2139 1421 2170; x_wconf 80' lang='lat' dir='ltr'><strong>neque</strong></span> <span class='ocrx_word' id='word_1_720' title='bbox 1437 2137 1471 2165; x_wconf 89' lang='lat' dir='ltr'><strong>ab</strong></span> <span class='ocrx_word' id='word_1_721' title='bbox 1487 2137 1541 2165; x_wconf 81' lang='lat' dir='ltr'><strong>alio</strong></span> <span class='ocrx_word' id='word_1_722' title='bbox 1557 2136 1681 2172; x_wconf 89' lang='lat' dir='ltr'><strong>quolibet</strong></span> <span class='ocrx_word' id='word_1_723' title='bbox 1703 2138 1751 2165; x_wconf 86' lang='lat' dir='ltr'><strong>da-</strong></span> 
     </span>
    </p>
   </div>
   <div class='ocr_carea' id='block_1_86' title="bbox 120 2171 1751 2207">
    <p class='ocr_par' dir='ltr' id='par_1_86' title="bbox 120 2171 1751 2207">
     <span class='ocr_line' id='line_1_86' title="bbox 120 2171 1751 2207; baseline 0.001 -8"><span class='ocrx_word' id='word_1_724' title='bbox 120 2177 176 2200; x_wconf 93' lang='lat' dir='ltr'><strong>tutn</strong></span> <span class='ocrx_word' id='word_1_725' title='bbox 188 2192 195 2203; x_wconf 83' lang='lat'><strong>.</strong></span> <span class='ocrx_word' id='word_1_726' title='bbox 214 2179 312 2207; x_wconf 85' lang='lat' dir='ltr'><strong>neque,</strong></span> <span class='ocrx_word' id='word_1_727' title='bbox 329 2171 360 2198; x_wconf 84' lang='lat' dir='ltr'><strong>ut</strong></span> <span class='ocrx_word' id='word_1_728' title='bbox 374 2171 482 2207; x_wconf 83' lang='lat' dir='ltr'><strong>quidam</strong></span> <span class='ocrx_word' id='word_1_729' title='bbox 500 2177 606 2207; x_wconf 78' lang='lat' dir='ltr'><strong>putant,</strong></span> <span class='ocrx_word' id='word_1_730' title='bbox 622 2181 636 2199; x_wconf 89' lang='lat' dir='ltr'><strong>a</strong></span> <span class='ocrx_word' id='word_1_731' title='bbox 652 2172 719 2204; x_wconf 84' lang='lat' dir='ltr'><strong>fato,</strong></span> <span class='ocrx_word' id='word_1_732' title='bbox 750 2173 798 2199; x_wconf 88' lang='lat' dir='ltr'><strong>sed</strong></span> <span class='ocrx_word' id='word_1_733' title='bbox 828 2176 856 2199; x_wconf 92' lang='lat' dir='ltr'><strong>ut</strong></span> <span class='ocrx_word' id='word_1_734' title='bbox 887 2177 1010 2199; x_wconf 89' lang='lat' dir='ltr'><strong>nostrutn</strong></span> <span class='ocrx_word' id='word_1_735' title='bbox 1043 2171 1146 2207; x_wconf 33' lang='lat' dir='ltr'><strong>opus,’</strong></span> <span class='ocrx_word' id='word_1_736' title='bbox 1162 2171 1245 2199; x_wconf 89' lang='lat' dir='ltr'><strong>Deum</strong></span> <span class='ocrx_word' id='word_1_737' title='bbox 1270 2172 1424 2207; x_wconf 83' lang='lat' dir='ltr'><strong>postulare,</strong></span> <span class='ocrx_word' id='word_1_738' title='bbox 1457 2171 1601 2200; x_wconf 61' lang='lat' dir='ltr'><strong>testabitur</strong></span> <span class='ocrx_word' id='word_1_739' title='bbox 1625 2172 1751 2200; x_wconf 72' lang='lat' dir='ltr'><strong>Micltaeas</strong></span> 
     </span>
    </p>
   </div>
   <div class='ocr_carea' id='block_1_87' title="bbox 138 2207 1750 2242">
    <p class='ocr_par' dir='ltr' id='par_1_87' title="bbox 138 2207 1750 2242">
     <span class='ocr_line' id='line_1_87' title="bbox 138 2207 1750 2242; baseline 0.001 -8"><span class='ocrx_word' id='word_1_740' title='bbox 138 2207 249 2241; x_wconf 82' lang='lat' dir='ltr'><strong>roplteta</strong></span> <span class='ocrx_word' id='word_1_741' title='bbox 266 2207 378 2234; x_wconf 80' lang='lat' dir='ltr'><strong>dicens:</strong></span> <span class='ocrx_word' id='word_1_742' title='bbox 394 2216 404 2232; x_wconf 78' lang='grc' dir='ltr'><strong>ι</strong></span> <span class='ocrx_word' id='word_1_743' title='bbox 420 2207 449 2234; x_wconf 89' lang='lat' dir='ltr'><strong>Si</strong></span> <span class='ocrx_word' id='word_1_744' title='bbox 467 2208 525 2240; x_wconf 77' lang='lat' dir='ltr'><strong>tibi,</strong></span> <span class='ocrx_word' id='word_1_745' title='bbox 550 2208 642 2239; x_wconf 82' lang='lat' dir='ltr'><strong>homo,</strong></span> <span class='ocrx_word' id='word_1_746' title='bbox 660 2207 809 2242; x_wconf 85' lang='lat' dir='ltr'><strong>indicatum</strong></span> <span class='ocrx_word' id='word_1_747' title='bbox 830 2207 950 2242; x_wconf 79' lang='lat' dir='ltr'><strong>estquid</strong></span> <span class='ocrx_word' id='word_1_748' title='bbox 963 2211 1005 2234; x_wconf 88' lang='lat' dir='ltr'><strong>est</strong></span> <span class='ocrx_word' id='word_1_749' title='bbox 1021 2208 1132 2240; x_wconf 89' lang='lat' dir='ltr'><strong>bonum,</strong></span> <span class='ocrx_word' id='word_1_750' title='bbox 1153 2213 1199 2238; x_wconf 82' lang='lat' dir='ltr'><strong>aut</strong></span> <span class='ocrx_word' id='word_1_751' title='bbox 1214 2208 1278 2242; x_wconf 86' lang='lat' dir='ltr'><strong>quid</strong></span> <span class='ocrx_word' id='word_1_752' title='bbox 1292 2208 1421 2235; x_wconf 87' lang='lat' dir='ltr'><strong>Dominus</strong></span> <span class='ocrx_word' id='word_1_753' title='bbox 1432 2215 1447 2234; x_wconf 84' lang='lat' dir='ltr'><strong>a</strong></span> <span class='ocrx_word' id='word_1_754' title='bbox 1460 2211 1486 2235; x_wconf 84' lang='lat' dir='ltr'><strong>te</strong></span> <span class='ocrx_word' id='word_1_755' title='bbox 1499 2207 1632 2242; x_wconf 81' lang='lat' dir='ltr'><strong>postulat?</strong></span> <span class='ocrx_word' id='word_1_756' title='bbox 1657 2208 1750 2235; x_wconf 78' lang='lat' dir='ltr'><strong>Annon</strong></span> 
     </span>
    </p>
   </div>
   <div class='ocr_carea' id='block_1_88' title="bbox 119 2215 1750 2277">
    <p class='ocr_par' dir='ltr' id='par_1_88' title="bbox 119 2215 1750 2277">
     <span class='ocr_line' id='line_1_88' title="bbox 138 2215 1750 2242; baseline 0.001 -8"><span class='ocrx_word' id='word_1_757' title='bbox 138 2215 249 2241; x_wconf 77' lang='lat' dir='ltr'><strong>l’Opllela</strong></span> <span class='ocrx_word' id='word_1_758' title='bbox 266 2215 378 2234; x_wconf 78' lang='lat' dir='ltr'><strong>umens:</strong></span> <span class='ocrx_word' id='word_1_759' title='bbox 394 2216 404 2232; x_wconf 77' lang='grc' dir='ltr'><strong>ι</strong></span> <span class='ocrx_word' id='word_1_760' title='bbox 420 2215 449 2234; x_wconf 73' lang='grc' dir='ltr'>δι</span> <span class='ocrx_word' id='word_1_761' title='bbox 467 2215 525 2240; x_wconf 83' lang='grc' dir='ltr'>ιιυι,</span> <span class='ocrx_word' id='word_1_762' title='bbox 551 2215 642 2239; x_wconf 87' lang='grc' dir='ltr'>ιιοιηο,</span> <span class='ocrx_word' id='word_1_763' title='bbox 661 2215 809 2234; x_wconf 80' lang='lat' dir='ltr'><strong>tunicatum</strong></span> <span class='ocrx_word' id='word_1_764' title='bbox 830 2215 871 2233; x_wconf 82' lang='lat' dir='ltr'><strong>est</strong></span> <span class='ocrx_word' id='word_1_765' title='bbox 885 2215 950 2241; x_wconf 81' lang='lat' dir='ltr'><strong>quia</strong></span> <span class='ocrx_word' id='word_1_766' title='bbox 963 2215 1005 2234; x_wconf 89' lang='lat' dir='ltr'><strong>est</strong></span> <span class='ocrx_word' id='word_1_767' title='bbox 1021 2215 1132 2240; x_wconf 85' lang='lat' dir='ltr'><strong>nouunt,</strong></span> <span class='ocrx_word' id='word_1_768' title='bbox 1153 2215 1199 2238; x_wconf 81' lang='lat' dir='ltr'><strong>aut</strong></span> <span class='ocrx_word' id='word_1_769' title='bbox 1214 2215 1278 2242; x_wconf 82' lang='lat' dir='ltr'><strong>quid</strong></span> <span class='ocrx_word' id='word_1_770' title='bbox 1293 2215 1421 2235; x_wconf 84' lang='lat' dir='ltr'><strong>uomtuus</strong></span> <span class='ocrx_word' id='word_1_771' title='bbox 1432 2215 1447 2234; x_wconf 72' lang='grc' dir='ltr'><strong>α</strong></span> <span class='ocrx_word' id='word_1_772' title='bbox 1460 2215 1486 2235; x_wconf 83' lang='lat' dir='ltr'><strong>te</strong></span> <span class='ocrx_word' id='word_1_773' title='bbox 1499 2215 1632 2242; x_wconf 79' lang='lat' dir='ltr'><strong>postutat!</strong></span> <span class='ocrx_word' id='word_1_774' title='bbox 1657 2215 1750 2235; x_wconf 66' lang='lat' dir='ltr'><strong>annon</strong></span> 
     </span>
     <span class='ocr_line' id='line_1_89' title="bbox 119 2215 1750 2277; baseline 0 -8"><span class='ocrx_word' id='word_1_775' title='bbox 119 2215 211 2269; x_wconf 55' lang='lat' dir='ltr'><strong>facere</strong></span> <span class='ocrx_word' id='word_1_776' title='bbox 225 2241 357 2277; x_wconf 84' lang='lat' dir='ltr'><strong>judicium</strong></span> <span class='ocrx_word' id='word_1_777' title='bbox 372 2247 401 2277; x_wconf 86' lang='lat' dir='ltr'><strong>et</strong></span> <span class='ocrx_word' id='word_1_778' title='bbox 416 2242 529 2277; x_wconf 75' lang='lat' dir='ltr'><strong>diligere</strong></span> <span class='ocrx_word' id='word_1_779' title='bbox 542 2241 777 2268; x_wconf 84' lang='lat' dir='ltr'><strong>misericordiam?</strong></span> <span class='ocrx_word' id='word_1_780' title='bbox 793 2251 802 2267; x_wconf 79' lang='grc' dir='ltr'><strong>ι</strong></span> <span class='ocrx_word' id='word_1_781' title='bbox 820 2241 852 2277; x_wconf 61' lang='lat' dir='ltr'><strong>Et</strong></span> <span class='ocrx_word' id='word_1_782' title='bbox 867 2241 988 2277; x_wconf 75' lang='lat' dir='ltr'><strong>Moyses:</strong></span> <span class='ocrx_word' id='word_1_783' title='bbox 1004 2242 1109 2277; x_wconf 73' lang='grc' dir='ltr'><strong>«Ροευί</strong></span> <span class='ocrx_word' id='word_1_784' title='bbox 1125 2247 1188 2268; x_wconf 79' lang='lat' dir='ltr'><strong>ante</strong></span> <span class='ocrx_word' id='word_1_785' title='bbox 1200 2248 1375 2276; x_wconf 87' lang='lat' dir='ltr'><strong>conspectum</strong></span> <span class='ocrx_word' id='word_1_786' title='bbox 1389 2247 1464 2269; x_wconf 90' lang='lat' dir='ltr'><strong>tuum</strong></span> <span class='ocrx_word' id='word_1_787' title='bbox 1481 2244 1550 2269; x_wconf 87' lang='lat' dir='ltr'><strong>viam</strong></span> <span class='ocrx_word' id='word_1_788' title='bbox 1564 2242 1625 2269; x_wconf 67' lang='lat' dir='ltr'><strong>vitae</strong></span> <span class='ocrx_word' id='word_1_789' title='bbox 1639 2248 1667 2270; x_wconf 88' lang='lat' dir='ltr'><strong>et</strong></span> <span class='ocrx_word' id='word_1_790' title='bbox 1679 2243 1750 2269; x_wconf 81' lang='lat' dir='ltr'><strong>viam</strong></span> 
     </span>
    </p>
   </div>
   <div class='ocr_carea' id='block_1_89' title="bbox 119 2276 1735 2309">
    <p class='ocr_par' dir='ltr' id='par_1_89' title="bbox 119 2276 1735 2309">
     <span class='ocr_line' id='line_1_90' title="bbox 119 2276 1735 2309; baseline 0 -6"><span class='ocrx_word' id='word_1_791' title='bbox 119 2277 227 2308; x_wconf 83' lang='lat' dir='ltr'><strong>mortis,</strong></span> <span class='ocrx_word' id='word_1_792' title='bbox 246 2280 275 2302; x_wconf 92' lang='lat' dir='ltr'><strong>ut</strong></span> <span class='ocrx_word' id='word_1_793' title='bbox 290 2276 373 2309; x_wconf 77' lang='lat' dir='ltr'><strong>eligas</strong></span> <span class='ocrx_word' id='word_1_794' title='bbox 396 2276 495 2303; x_wconf 83' lang='lat' dir='ltr'><strong>bonum</strong></span> <span class='ocrx_word' id='word_1_795' title='bbox 515 2281 542 2304; x_wconf 88' lang='lat' dir='ltr'><strong>et</strong></span> <span class='ocrx_word' id='word_1_796' title='bbox 565 2277 674 2303; x_wconf 81' lang='lat' dir='ltr'><strong>incedas</strong></span> <span class='ocrx_word' id='word_1_797' title='bbox 687 2277 713 2303; x_wconf 88' lang='lat' dir='ltr'><strong>itt</strong></span> <span class='ocrx_word' id='word_1_798' title='bbox 727 2283 768 2303; x_wconf 89' lang='lat' dir='ltr'><strong>eo.</strong></span> <span class='ocrx_word' id='word_1_799' title='bbox 792 2285 802 2302; x_wconf 71' lang='grc' dir='ltr'><strong>ι</strong></span> <span class='ocrx_word' id='word_1_800' title='bbox 819 2276 853 2303; x_wconf 78' lang='lat' dir='ltr'><strong>Et</strong></span> <span class='ocrx_word' id='word_1_801' title='bbox 870 2276 968 2303; x_wconf 87' lang='lat' dir='ltr'><strong>Isaias:</strong></span> <span class='ocrx_word' id='word_1_802' title='bbox 987 2285 996 2302; x_wconf 82' lang='grc' dir='ltr'><strong>ι</strong></span> <span class='ocrx_word' id='word_1_803' title='bbox 1018 2276 1047 2304; x_wconf 92' lang='lat' dir='ltr'><strong>Si</strong></span> <span class='ocrx_word' id='word_1_804' title='bbox 1060 2277 1200 2305; x_wconf 85' lang='lat' dir='ltr'><strong>volueritis</strong></span> <span class='ocrx_word' id='word_1_805' title='bbox 1215 2282 1241 2303; x_wconf 92' lang='lat' dir='ltr'><strong>et</strong></span> <span class='ocrx_word' id='word_1_806' title='bbox 1253 2277 1394 2304; x_wconf 82' lang='lat' dir='ltr'><strong>audieritis</strong></span> <span class='ocrx_word' id='word_1_807' title='bbox 1408 2285 1460 2308; x_wconf 85' lang='lat' dir='ltr'><strong>me.</strong></span> <span class='ocrx_word' id='word_1_808' title='bbox 1485 2278 1554 2304; x_wconf 85' lang='lat' dir='ltr'><strong>bona</strong></span> <span class='ocrx_word' id='word_1_809' title='bbox 1573 2282 1653 2304; x_wconf 74' lang='lat' dir='ltr'><strong>terra:</strong></span> <span class='ocrx_word' id='word_1_810' title='bbox 1675 2285 1735 2304; x_wconf 88' lang='lat' dir='ltr'><strong>cont</strong></span> 
     </span>
    </p>
   </div>
   <div class='ocr_carea' id='block_1_90' title="bbox 118 2310 1750 2346">
    <p class='ocr_par' dir='ltr' id='par_1_90' title="bbox 118 2310 1750 2346">
     <span class='ocr_line' id='line_1_91' title="bbox 118 2310 1750 2346; baseline 0.001 -9"><span class='ocrx_word' id='word_1_811' title='bbox 118 2310 282 2346; x_wconf 52' lang='lat' dir='ltr'><strong>edetisLsin</strong></span> <span class='ocrx_word' id='word_1_812' title='bbox 301 2316 391 2346; x_wconf 58' lang='lat' dir='ltr'><strong>autem</strong></span> <span class='ocrx_word' id='word_1_813' title='bbox 412 2311 554 2338; x_wconf 87' lang='lat' dir='ltr'><strong>nolueritis</strong></span> <span class='ocrx_word' id='word_1_814' title='bbox 567 2331 574 2343; x_wconf 90' lang='grc'><strong>,</strong></span> <span class='ocrx_word' id='word_1_815' title='bbox 597 2317 625 2337; x_wconf 85' lang='lat' dir='ltr'><strong>et</strong></span> <span class='ocrx_word' id='word_1_816' title='bbox 643 2319 694 2338; x_wconf 89' lang='lat' dir='ltr'><strong>non</strong></span> <span class='ocrx_word' id='word_1_817' title='bbox 714 2311 856 2338; x_wconf 84' lang='lat' dir='ltr'><strong>audieritis</strong></span> <span class='ocrx_word' id='word_1_818' title='bbox 874 2319 916 2338; x_wconf 89' lang='lat' dir='ltr'><strong>tne</strong></span> <span class='ocrx_word' id='word_1_819' title='bbox 927 2331 936 2343; x_wconf 80' lang='lat'><strong><em>,</em></strong></span> <span class='ocrx_word' id='word_1_820' title='bbox 952 2312 1057 2346; x_wconf 71' lang='lat' dir='ltr'><strong>gladius</strong></span> <span class='ocrx_word' id='word_1_821' title='bbox 1070 2319 1116 2339; x_wconf 87' lang='lat' dir='ltr'><strong>vos</strong></span> <span class='ocrx_word' id='word_1_822' title='bbox 1134 2312 1291 2339; x_wconf 87' lang='lat' dir='ltr'><strong>devorabit:</strong></span> <span class='ocrx_word' id='word_1_823' title='bbox 1307 2320 1338 2340; x_wconf 90' lang='lat' dir='ltr'><strong>os</strong></span> <span class='ocrx_word' id='word_1_824' title='bbox 1353 2312 1424 2339; x_wconf 90' lang='lat' dir='ltr'><strong>enim</strong></span> <span class='ocrx_word' id='word_1_825' title='bbox 1439 2312 1542 2339; x_wconf 87' lang='lat' dir='ltr'><strong>Domini</strong></span> <span class='ocrx_word' id='word_1_826' title='bbox 1559 2311 1617 2338; x_wconf 62' lang='lat' dir='ltr'><strong>liae</strong></span> <span class='ocrx_word' id='word_1_827' title='bbox 1632 2312 1750 2339; x_wconf 84' lang='lat' dir='ltr'><strong>locutum</strong></span> 
     </span>
    </p>
   </div>
   <div class='ocr_carea' id='block_1_91' title="bbox 118 2344 1751 2380">
    <p class='ocr_par' dir='ltr' id='par_1_91' title="bbox 118 2344 1751 2380">
     <span class='ocr_line' id='line_1_92' title="bbox 118 2344 1751 2380; baseline 0.001 -8"><span class='ocrx_word' id='word_1_828' title='bbox 118 2350 171 2373; x_wconf 82' lang='lat' dir='ltr'><strong>est.</strong></span> <span class='ocrx_word' id='word_1_829' title='bbox 193 2355 202 2372; x_wconf 78' lang='grc' dir='ltr'><strong>ι</strong></span> <span class='ocrx_word' id='word_1_830' title='bbox 223 2345 255 2372; x_wconf 88' lang='grc' dir='ltr'>Ει</span> <span class='ocrx_word' id='word_1_831' title='bbox 267 2346 294 2372; x_wconf 92' lang='lat' dir='ltr'><strong>in</strong></span> <span class='ocrx_word' id='word_1_832' title='bbox 310 2344 442 2372; x_wconf 82' lang='lat' dir='ltr'><strong>Psalmis:</strong></span> <span class='ocrx_word' id='word_1_833' title='bbox 457 2355 467 2371; x_wconf 74' lang='grc' dir='ltr'><strong>ι</strong></span> <span class='ocrx_word' id='word_1_834' title='bbox 479 2346 508 2373; x_wconf 89' lang='lat' dir='ltr'><strong>Si</strong></span> <span class='ocrx_word' id='word_1_835' title='bbox 526 2347 639 2380; x_wconf 85' lang='lat' dir='ltr'><strong>populus</strong></span> <span class='ocrx_word' id='word_1_836' title='bbox 656 2353 733 2372; x_wconf 88' lang='lat' dir='ltr'><strong>uteus</strong></span> <span class='ocrx_word' id='word_1_837' title='bbox 747 2347 866 2374; x_wconf 81' lang='lat' dir='ltr'><strong>audisset</strong></span> <span class='ocrx_word' id='word_1_838' title='bbox 879 2354 937 2379; x_wconf 86' lang='lat' dir='ltr'><strong>me;</strong></span> <span class='ocrx_word' id='word_1_839' title='bbox 953 2344 1033 2373; x_wconf 80' lang='lat' dir='ltr'><strong>Israel</strong></span> <span class='ocrx_word' id='word_1_840' title='bbox 1047 2346 1068 2373; x_wconf 88' lang='lat' dir='ltr'><strong>si</strong></span> <span class='ocrx_word' id='word_1_841' title='bbox 1085 2346 1112 2373; x_wconf 91' lang='lat' dir='ltr'><strong>in</strong></span> <span class='ocrx_word' id='word_1_842' title='bbox 1129 2347 1180 2374; x_wconf 85' lang='lat' dir='ltr'><strong>viis</strong></span> <span class='ocrx_word' id='word_1_843' title='bbox 1198 2347 1265 2375; x_wconf 87' lang='lat' dir='ltr'><strong>meis</strong></span> <span class='ocrx_word' id='word_1_844' title='bbox 1278 2347 1455 2378; x_wconf 83' lang='lat' dir='ltr'><strong>ambulasset.</strong></span> <span class='ocrx_word' id='word_1_845' title='bbox 1473 2347 1506 2374; x_wconf 83' lang='lat' dir='ltr'><strong>ad</strong></span> <span class='ocrx_word' id='word_1_846' title='bbox 1524 2346 1640 2374; x_wconf 82' lang='lat' dir='ltr'><strong>niltilnnt</strong></span> <span class='ocrx_word' id='word_1_847' title='bbox 1658 2347 1751 2380; x_wconf 79' lang='lat' dir='ltr'><strong>utique</strong></span> 
     </span>
    </p>
   </div>
   <div class='ocr_carea' id='block_1_92' title="bbox 119 2380 1299 2415">
    <p class='ocr_par' dir='ltr' id='par_1_92' title="bbox 119 2380 1299 2415">
     <span class='ocr_line' id='line_1_93' title="bbox 119 2380 1299 2415; baseline -0.001 -7"><span class='ocrx_word' id='word_1_848' title='bbox 119 2381 245 2408; x_wconf 81' lang='lat' dir='ltr'><strong>inimicos</strong></span> <span class='ocrx_word' id='word_1_849' title='bbox 266 2380 326 2414; x_wconf 86' lang='lat' dir='ltr'><strong>ejus</strong></span> <span class='ocrx_word' id='word_1_850' title='bbox 342 2380 539 2411; x_wconf 81' lang='lat' dir='ltr'><strong>humiliassetn.</strong></span> <span class='ocrx_word' id='word_1_851' title='bbox 554 2387 582 2408; x_wconf 86' lang='lat' dir='ltr'><strong>et</strong></span> <span class='ocrx_word' id='word_1_852' title='bbox 594 2381 620 2408; x_wconf 89' lang='lat' dir='ltr'><strong>iu</strong></span> <span class='ocrx_word' id='word_1_853' title='bbox 635 2380 785 2415; x_wconf 76' lang='lat' dir='ltr'><strong>alﬂigentes</strong></span> <span class='ocrx_word' id='word_1_854' title='bbox 798 2388 845 2408; x_wconf 84' lang='lat' dir='ltr'><strong>eos</strong></span> <span class='ocrx_word' id='word_1_855' title='bbox 858 2381 992 2408; x_wconf 81' lang='lat' dir='ltr'><strong>misissent</strong></span> <span class='ocrx_word' id='word_1_856' title='bbox 1010 2389 1118 2408; x_wconf 77' lang='lat' dir='ltr'><strong>manum</strong></span> <span class='ocrx_word' id='word_1_857' title='bbox 1133 2389 1231 2409; x_wconf 87' lang='lat' dir='ltr'><strong>meam.</strong></span> <span class='ocrx_word' id='word_1_858' title='bbox 1247 2391 1257 2407; x_wconf 84' lang='grc'><strong><em>›</em></strong></span> <span class='ocrx_word' id='word_1_859' title='bbox 1276 2381 1299 2415; x_wconf 84' lang='lat' dir='ltr'><strong>Q</strong></span> 
     </span>
    </p>
   </div>
   <div class='ocr_carea' id='block_1_93' title="bbox 1302 2381 1750 2416">
    <p class='ocr_par' dir='ltr' id='par_1_93' title="bbox 1302 2381 1750 2416">
     <span class='ocr_line' id='line_1_94' title="bbox 1302 2381 1750 2416; baseline -0.002 -8"><span class='ocrx_word' id='word_1_860' title='bbox 1302 2382 1381 2408; x_wconf 86' lang='lat' dir='ltr'><strong>uibus</strong></span> <span class='ocrx_word' id='word_1_861' title='bbox 1391 2382 1510 2408; x_wconf 86' lang='lat' dir='ltr'><strong>ostendit</strong></span> <span class='ocrx_word' id='word_1_862' title='bbox 1523 2382 1550 2408; x_wconf 92' lang='lat' dir='ltr'><strong>in</strong></span> <span class='ocrx_word' id='word_1_863' title='bbox 1564 2382 1654 2416; x_wconf 87' lang='lat' dir='ltr'><strong>populi</strong></span> <span class='ocrx_word' id='word_1_864' title='bbox 1669 2381 1750 2408; x_wconf 81' lang='lat' dir='ltr'><strong>fuisse</strong></span> 
     </span>
    </p>
   </div>
   <div class='ocr_carea' id='block_1_94' title="bbox 117 2415 1750 2451">
    <p class='ocr_par' dir='ltr' id='par_1_94' title="bbox 117 2415 1750 2451">
     <span class='ocr_line' id='line_1_95' title="bbox 117 2415 1750 2451; baseline 0 -9"><span class='ocrx_word' id='word_1_865' title='bbox 117 2420 254 2450; x_wconf 57' lang='lat' dir='ltr'><strong>potestate</strong></span> <span class='ocrx_word' id='word_1_866' title='bbox 272 2415 365 2451; x_wconf 82' lang='lat' dir='ltr'><strong>audire</strong></span> <span class='ocrx_word' id='word_1_867' title='bbox 388 2419 416 2442; x_wconf 91' lang='lat' dir='ltr'><strong>et</strong></span> <span class='ocrx_word' id='word_1_868' title='bbox 434 2415 558 2443; x_wconf 85' lang='lat' dir='ltr'><strong>incedere</strong></span> <span class='ocrx_word' id='word_1_869' title='bbox 580 2416 678 2451; x_wconf 84' lang='lat' dir='ltr'><strong>inviis</strong></span> <span class='ocrx_word' id='word_1_870' title='bbox 694 2417 750 2443; x_wconf 83' lang='lat' dir='ltr'><strong>Det.</strong></span> <span class='ocrx_word' id='word_1_871' title='bbox 770 2415 824 2443; x_wconf 89' lang='lat' dir='ltr'><strong>Sed</strong></span> <span class='ocrx_word' id='word_1_872' title='bbox 840 2421 866 2443; x_wconf 89' lang='lat' dir='ltr'><strong>et</strong></span> <span class='ocrx_word' id='word_1_873' title='bbox 883 2416 1013 2451; x_wconf 75' lang='lat' dir='ltr'><strong>Salvator</strong></span> <span class='ocrx_word' id='word_1_874' title='bbox 1021 2416 1129 2442; x_wconf 87' lang='lat' dir='ltr'><strong>dicens:</strong></span> <span class='ocrx_word' id='word_1_875' title='bbox 1150 2425 1159 2441; x_wconf 78' lang='grc' dir='ltr'><strong>ι</strong></span> <span class='ocrx_word' id='word_1_876' title='bbox 1184 2416 1241 2451; x_wconf 73' lang='lat' dir='ltr'><strong>Ego</strong></span> <span class='ocrx_word' id='word_1_877' title='bbox 1259 2423 1350 2443; x_wconf 81' lang='lat' dir='ltr'><strong>autent</strong></span> <span class='ocrx_word' id='word_1_878' title='bbox 1373 2417 1435 2443; x_wconf 88' lang='lat' dir='ltr'><strong>dico</strong></span> <span class='ocrx_word' id='word_1_879' title='bbox 1452 2416 1528 2444; x_wconf 83' lang='lat' dir='ltr'><strong>vobis</strong></span> <span class='ocrx_word' id='word_1_880' title='bbox 1549 2415 1608 2451; x_wconf 12' lang='lat' dir='ltr'><strong>non;</strong></span> <span class='ocrx_word' id='word_1_881' title='bbox 1626 2417 1750 2443; x_wconf 79' lang='lat' dir='ltr'><strong>resistere</strong></span> 
     </span>
    </p>
   </div>
   <div class='ocr_carea' id='block_1_95' title="bbox 118 2449 1748 2484">
    <p class='ocr_par' dir='ltr' id='par_1_95' title="bbox 118 2449 1748 2484">
     <span class='ocr_line' id='line_1_96' title="bbox 118 2449 1748 2484; baseline -0.001 -7"><span class='ocrx_word' id='word_1_882' title='bbox 118 2449 201 2482; x_wconf 74' lang='lat' dir='ltr'><strong>insto,</strong></span> <span class='ocrx_word' id='word_1_883' title='bbox 220 2459 230 2476; x_wconf 73' lang='grc' dir='ltr'><strong>ι</strong></span> <span class='ocrx_word' id='word_1_884' title='bbox 248 2455 293 2477; x_wconf 83' lang='lat' dir='ltr'><strong>et:</strong></span> <span class='ocrx_word' id='word_1_885' title='bbox 312 2459 322 2475; x_wconf 79' lang='grc' dir='ltr'><strong>ι</strong></span> <span class='ocrx_word' id='word_1_886' title='bbox 335 2450 494 2484; x_wconf 84' lang='lat' dir='ltr'><strong>Quicunque</strong></span> <span class='ocrx_word' id='word_1_887' title='bbox 509 2452 594 2477; x_wconf 74' lang='lat' dir='ltr'><strong>iratus</strong></span> <span class='ocrx_word' id='word_1_888' title='bbox 607 2450 686 2477; x_wconf 77' lang='lat' dir='ltr'><strong>luerit</strong></span> <span class='ocrx_word' id='word_1_889' title='bbox 698 2450 774 2478; x_wconf 87' lang='lat' dir='ltr'><strong>fratri</strong></span> <span class='ocrx_word' id='word_1_890' title='bbox 789 2459 849 2482; x_wconf 81' lang='lat' dir='ltr'><strong>suo,</strong></span> <span class='ocrx_word' id='word_1_891' title='bbox 865 2458 928 2478; x_wconf 89' lang='lat' dir='ltr'><strong>reus</strong></span> <span class='ocrx_word' id='word_1_892' title='bbox 940 2451 990 2477; x_wconf 87' lang='lat' dir='ltr'><strong>erit</strong></span> <span class='ocrx_word' id='word_1_893' title='bbox 1003 2450 1118 2484; x_wconf 88' lang='lat' dir='ltr'><strong>judicio,</strong></span> <span class='ocrx_word' id='word_1_894' title='bbox 1139 2461 1148 2476; x_wconf 72' lang='grc' dir='ltr'><strong>ι</strong></span> <span class='ocrx_word' id='word_1_895' title='bbox 1165 2456 1192 2478; x_wconf 87' lang='lat' dir='ltr'><strong>et</strong></span> <span class='ocrx_word' id='word_1_896' title='bbox 1208 2449 1218 2478; x_wconf 73' lang='grc' dir='ltr'>Ξ</span> <span class='ocrx_word' id='word_1_897' title='bbox 1241 2461 1251 2477; x_wconf 83' lang='grc' dir='ltr'><strong>ι</strong></span> <span class='ocrx_word' id='word_1_898' title='bbox 1269 2451 1428 2484; x_wconf 81' lang='lat' dir='ltr'><strong>Quicunque</strong></span> <span class='ocrx_word' id='word_1_899' title='bbox 1442 2451 1540 2478; x_wconf 90' lang='lat' dir='ltr'><strong>viderit</strong></span> <span class='ocrx_word' id='word_1_900' title='bbox 1557 2449 1696 2478; x_wconf 76' lang='lat' dir='ltr'><strong>mulierem</strong></span> <span class='ocrx_word' id='word_1_901' title='bbox 1718 2451 1748 2476; x_wconf 80' lang='lat' dir='ltr'><strong>ad</strong></span> 
     </span>
    </p>
   </div>
   <div class='ocr_carea' id='block_1_96' title="bbox 117 2484 1748 2520">
    <p class='ocr_par' dir='ltr' id='par_1_96' title="bbox 117 2484 1748 2520">
     <span class='ocr_line' id='line_1_97' title="bbox 117 2484 1748 2520; baseline 0 -9"><span class='ocrx_word' id='word_1_902' title='bbox 117 2485 364 2520; x_wconf 74' lang='lat' dir='ltr'><strong>concupiscendum</strong></span> <span class='ocrx_word' id='word_1_903' title='bbox 379 2493 450 2516; x_wconf 84' lang='lat' dir='ltr'><strong>eam,</strong></span> <span class='ocrx_word' id='word_1_904' title='bbox 462 2484 518 2520; x_wconf 83' lang='lat' dir='ltr'><strong>jatn</strong></span> <span class='ocrx_word' id='word_1_905' title='bbox 535 2486 687 2513; x_wconf 73' lang='lat' dir='ltr'><strong>moechatus</strong></span> <span class='ocrx_word' id='word_1_906' title='bbox 704 2493 744 2512; x_wconf 83' lang='lat' dir='ltr'><strong>est</strong></span> <span class='ocrx_word' id='word_1_907' title='bbox 757 2493 815 2512; x_wconf 89' lang='lat' dir='ltr'><strong>eam</strong></span> <span class='ocrx_word' id='word_1_908' title='bbox 830 2486 856 2512; x_wconf 91' lang='lat' dir='ltr'><strong>in</strong></span> <span class='ocrx_word' id='word_1_909' title='bbox 870 2486 952 2513; x_wconf 88' lang='lat' dir='ltr'><strong>corde</strong></span> <span class='ocrx_word' id='word_1_910' title='bbox 964 2493 1029 2520; x_wconf 82' lang='lat' dir='ltr'><strong>suo;</strong></span> <span class='ocrx_word' id='word_1_911' title='bbox 1048 2495 1057 2512; x_wconf 75' lang='grc' dir='ltr'>ι</span> <span class='ocrx_word' id='word_1_912' title='bbox 1070 2491 1098 2512; x_wconf 93' lang='lat' dir='ltr'><strong>et</strong></span> <span class='ocrx_word' id='word_1_913' title='bbox 1114 2493 1174 2512; x_wconf 92' lang='lat' dir='ltr'><strong>cum</strong></span> <span class='ocrx_word' id='word_1_914' title='bbox 1191 2486 1237 2513; x_wconf 89' lang='lat' dir='ltr'><strong>dat</strong></span> <span class='ocrx_word' id='word_1_915' title='bbox 1253 2492 1349 2513; x_wconf 64' lang='lat' dir='ltr'><strong>caetera</strong></span> <span class='ocrx_word' id='word_1_916' title='bbox 1361 2492 1475 2520; x_wconf 65' lang='lat' dir='ltr'><strong>quaeque</strong></span> <span class='ocrx_word' id='word_1_917' title='bbox 1487 2487 1623 2517; x_wconf 86' lang='lat' dir='ltr'><strong>mandata,</strong></span> <span class='ocrx_word' id='word_1_918' title='bbox 1639 2486 1676 2520; x_wconf 79' lang='lat' dir='ltr'><strong>ita</strong></span> <span class='ocrx_word' id='word_1_919' title='bbox 1693 2485 1748 2517; x_wconf 81' lang='lat' dir='ltr'><strong>dat,</strong></span> 
     </span>
    </p>
   </div>
   <div class='ocr_carea' id='block_1_97' title="bbox 117 2519 1747 2556">
    <p class='ocr_par' dir='ltr' id='par_1_97' title="bbox 117 2519 1747 2556">
     <span class='ocr_line' id='line_1_98' title="bbox 117 2519 1747 2556; baseline 0 -10"><span class='ocrx_word' id='word_1_920' title='bbox 117 2520 197 2555; x_wconf 82' lang='lat' dir='ltr'><strong>quasi</strong></span> <span class='ocrx_word' id='word_1_921' title='bbox 212 2520 290 2548; x_wconf 84' lang='lat' dir='ltr'><strong>nobis</strong></span> <span class='ocrx_word' id='word_1_922' title='bbox 305 2527 338 2547; x_wconf 86' lang='lat' dir='ltr'><strong>ea</strong></span> <span class='ocrx_word' id='word_1_923' title='bbox 353 2519 468 2548; x_wconf 80' lang='lat' dir='ltr'><strong>servare</strong></span> <span class='ocrx_word' id='word_1_924' title='bbox 479 2521 516 2547; x_wconf 83' lang='lat' dir='ltr'><strong>sit</strong></span> <span class='ocrx_word' id='word_1_925' title='bbox 532 2519 679 2556; x_wconf 72' lang='lat' dir='ltr'><strong>integrum,</strong></span> <span class='ocrx_word' id='word_1_926' title='bbox 693 2520 792 2554; x_wconf 87' lang='lat' dir='ltr'><strong>utjure</strong></span> <span class='ocrx_word' id='word_1_927' title='bbox 805 2521 842 2548; x_wconf 90' lang='lat' dir='ltr'><strong>rei</strong></span> <span class='ocrx_word' id='word_1_928' title='bbox 854 2521 958 2556; x_wconf 79' lang='lat' dir='ltr'><strong>judicio</strong></span> <span class='ocrx_word' id='word_1_929' title='bbox 973 2519 1056 2548; x_wconf 90' lang='lat' dir='ltr'><strong>futuri</strong></span> <span class='ocrx_word' id='word_1_930' title='bbox 1071 2520 1158 2547; x_wconf 72' lang='lat' dir='ltr'><strong>simus</strong></span> <span class='ocrx_word' id='word_1_931' title='bbox 1175 2521 1197 2548; x_wconf 86' lang='lat' dir='ltr'><strong>si</strong></span> <span class='ocrx_word' id='word_1_932' title='bbox 1210 2528 1240 2548; x_wconf 90' lang='lat' dir='ltr'><strong>ea</strong></span> <span class='ocrx_word' id='word_1_933' title='bbox 1253 2519 1550 2556; x_wconf 69' lang='lat' dir='ltr'><strong>perfringamtisrunde</strong></span> <span class='ocrx_word' id='word_1_934' title='bbox 1564 2524 1593 2547; x_wconf 86' lang='lat' dir='ltr'><strong>et</strong></span> <span class='ocrx_word' id='word_1_935' title='bbox 1608 2529 1619 2546; x_wconf 75' lang='grc' dir='ltr'><strong>ι</strong></span> <span class='ocrx_word' id='word_1_936' title='bbox 1637 2519 1747 2551; x_wconf 77' lang='lat' dir='ltr'><strong>Omnis.</strong></span> 
     </span>
    </p>
   </div>
   <div class='ocr_carea' id='block_1_98' title="bbox 144 2578 392 2612">
    <p class='ocr_par' dir='ltr' id='par_1_98' title="bbox 144 2578 392 2612">
     <span class='ocr_line' id='line_1_99' title="bbox 144 2578 392 2612; baseline 0 -6"><span class='ocrx_word' id='word_1_937' title='bbox 144 2579 168 2596; x_wconf 79' lang='lat'>&quot;</span> <span class='ocrx_word' id='word_1_938' title='bbox 182 2578 193 2606; x_wconf 90' lang='lat' dir='ltr'><strong>l</strong></span> <span class='ocrx_word' id='word_1_939' title='bbox 204 2579 267 2607; x_wconf 84' lang='lat' dir='ltr'><strong>Cor.</strong></span> <span class='ocrx_word' id='word_1_940' title='bbox 285 2586 330 2612; x_wconf 79' lang='lat' dir='ltr'><strong>xv,</strong></span> <span class='ocrx_word' id='word_1_941' title='bbox 346 2579 392 2606; x_wconf 74' lang='lat'><strong>55.</strong></span> 
     </span>
    </p>
   </div>
   <div class='ocr_carea' id='block_1_99' title="bbox 153 2638 909 2674">
    <p class='ocr_par' dir='ltr' id='par_1_99' title="bbox 153 2638 909 2674">
     <span class='ocr_line' id='line_1_100' title="bbox 153 2638 909 2674; baseline 0.001 -8"><span class='ocrx_word' id='word_1_942' title='bbox 153 2639 210 2674; x_wconf 66' lang='grc' dir='ltr'><strong>(ΞΩ)</strong></span> <span class='ocrx_word' id='word_1_943' title='bbox 231 2639 269 2666; x_wconf 83' lang='lat' dir='ltr'><strong>Ita</strong></span> <span class='ocrx_word' id='word_1_944' title='bbox 292 2647 358 2667; x_wconf 85' lang='lat' dir='ltr'><strong>mss.</strong></span> <span class='ocrx_word' id='word_1_945' title='bbox 375 2639 456 2666; x_wconf 87' lang='lat' dir='ltr'><strong>Libb.</strong></span> <span class='ocrx_word' id='word_1_946' title='bbox 476 2638 554 2672; x_wconf 82' lang='lat' dir='ltr'><strong>editi,</strong></span> <span class='ocrx_word' id='word_1_947' title='bbox 571 2647 580 2664; x_wconf 83' lang='grc' dir='ltr'><strong>ι</strong></span> <span class='ocrx_word' id='word_1_948' title='bbox 597 2639 724 2674; x_wconf 87' lang='lat' dir='ltr'><strong>quoniam</strong></span> <span class='ocrx_word' id='word_1_949' title='bbox 744 2640 816 2666; x_wconf 91' lang='lat' dir='ltr'><strong>enim</strong></span> <span class='ocrx_word' id='word_1_950' title='bbox 836 2640 909 2667; x_wconf 88' lang='lat' dir='ltr'><strong>vide-</strong></span> 
     </span>
    </p>
   </div>
   <div class='ocr_carea' id='block_1_100' title="bbox 118 2674 910 2710">
    <p class='ocr_par' dir='ltr' id='par_1_100' title="bbox 118 2674 910 2710">
     <span class='ocr_line' id='line_1_101' title="bbox 118 2674 910 2710; baseline 0.001 -9"><span class='ocrx_word' id='word_1_951' title='bbox 118 2681 187 2710; x_wconf 66' lang='lat' dir='ltr'><strong>mus.</strong></span> <span class='ocrx_word' id='word_1_952' title='bbox 205 2684 214 2700; x_wconf 76' lang='grc' dir='ltr'><strong>ι</strong></span> <span class='ocrx_word' id='word_1_953' title='bbox 226 2674 310 2701; x_wconf 85' lang='lat' dir='ltr'><strong>Paulo</strong></span> <span class='ocrx_word' id='word_1_954' title='bbox 326 2674 461 2710; x_wconf 65' lang='lat' dir='ltr'><strong>postlibb.</strong></span> <span class='ocrx_word' id='word_1_955' title='bbox 476 2675 551 2706; x_wconf 84' lang='lat' dir='ltr'><strong>editi,</strong></span> <span class='ocrx_word' id='word_1_956' title='bbox 566 2683 575 2700; x_wconf 85' lang='grc' dir='ltr'><strong>ι</strong></span> <span class='ocrx_word' id='word_1_957' title='bbox 593 2676 675 2702; x_wconf 85' lang='lat' dir='ltr'><strong>verbo</strong></span> <span class='ocrx_word' id='word_1_958' title='bbox 686 2675 815 2702; x_wconf 76' lang='lat' dir='ltr'><strong>doctrina:</strong></span> <span class='ocrx_word' id='word_1_959' title='bbox 829 2680 910 2710; x_wconf 88' lang='lat' dir='ltr'><strong>atque</strong></span> 
     </span>
    </p>
   </div>
   <div class='ocr_carea' id='block_1_101' title="bbox 118 2708 731 2738">
    <p class='ocr_par' dir='ltr' id='par_1_101' title="bbox 118 2708 731 2738">
     <span class='ocr_line' id='line_1_102' title="bbox 118 2708 731 2738; baseline 0.005 -3"><span class='ocrx_word' id='word_1_960' title='bbox 118 2708 332 2736; x_wconf 57' lang='lat' dir='ltr'><strong>eruditiOuibus.</strong></span> <span class='ocrx_word' id='word_1_961' title='bbox 345 2718 354 2734; x_wconf 86' lang='lat' dir='ltr'><strong>I</strong></span> <span class='ocrx_word' id='word_1_962' title='bbox 373 2708 437 2736; x_wconf 80' lang='lat' dir='ltr'><strong>Mss.</strong></span> <span class='ocrx_word' id='word_1_963' title='bbox 454 2714 483 2735; x_wconf 89' lang='lat' dir='ltr'><strong>ut</strong></span> <span class='ocrx_word' id='word_1_964' title='bbox 497 2710 523 2736; x_wconf 92' lang='lat' dir='ltr'><strong>in</strong></span> <span class='ocrx_word' id='word_1_965' title='bbox 538 2715 632 2737; x_wconf 85' lang='lat' dir='ltr'><strong>nostro</strong></span> <span class='ocrx_word' id='word_1_966' title='bbox 648 2714 731 2738; x_wconf 76' lang='lat' dir='ltr'><strong>textu.</strong></span> 
     </span>
    </p>
   </div>
   <div class='ocr_carea' id='block_1_102' title="bbox 154 2743 906 2779">
    <p class='ocr_par' dir='ltr' id='par_1_102' title="bbox 154 2743 906 2779">
     <span class='ocr_line' id='line_1_103' title="bbox 154 2743 906 2779; baseline 0.003 -10"><span class='ocrx_word' id='word_1_967' title='bbox 154 2743 212 2778; x_wconf 71' lang='lat'><strong>(23)</strong></span> <span class='ocrx_word' id='word_1_968' title='bbox 233 2744 269 2770; x_wconf 78' lang='lat' dir='ltr'><strong>Ac</strong></span> <span class='ocrx_word' id='word_1_969' title='bbox 291 2744 420 2777; x_wconf 68' lang='lat' dir='ltr'><strong>turpibus.</strong></span> <span class='ocrx_word' id='word_1_970' title='bbox 440 2744 522 2771; x_wconf 81' lang='lat' dir='ltr'><strong>Deest</strong></span> <span class='ocrx_word' id='word_1_971' title='bbox 543 2745 570 2770; x_wconf 93' lang='lat' dir='ltr'><strong>in</strong></span> <span class='ocrx_word' id='word_1_972' title='bbox 594 2749 672 2772; x_wconf 85' lang='lat' dir='ltr'><strong>antea</strong></span> <span class='ocrx_word' id='word_1_973' title='bbox 695 2745 786 2779; x_wconf 84' lang='lat' dir='ltr'><strong>editis.</strong></span> <span class='ocrx_word' id='word_1_974' title='bbox 806 2745 906 2772; x_wconf 85' lang='lat' dir='ltr'><strong>Ibidem</strong></span> 
     </span>
    </p>
   </div>
   <div class='ocr_carea' id='block_1_103' title="bbox 119 2778 908 2814">
    <p class='ocr_par' dir='ltr' id='par_1_103' title="bbox 119 2778 908 2814">
     <span class='ocr_line' id='line_1_104' title="bbox 119 2778 908 2814; baseline 0 -9"><span class='ocrx_word' id='word_1_975' title='bbox 119 2785 201 2814; x_wconf 45' lang='grc' dir='ltr'><strong>ιιιςιι.Δ</strong></span> <span class='ocrx_word' id='word_1_976' title='bbox 214 2787 223 2804; x_wconf 77' lang='grc' dir='ltr'><strong>ι</strong></span> <span class='ocrx_word' id='word_1_977' title='bbox 241 2778 383 2814; x_wconf 72' lang='lat' dir='ltr'><strong>colloquiis</strong></span> <span class='ocrx_word' id='word_1_978' title='bbox 401 2779 478 2806; x_wconf 86' lang='lat' dir='ltr'><strong>malis</strong></span> <span class='ocrx_word' id='word_1_979' title='bbox 490 2783 518 2807; x_wconf 89' lang='lat' dir='ltr'><strong>et</strong></span> <span class='ocrx_word' id='word_1_980' title='bbox 530 2778 608 2808; x_wconf 77' lang='lat' dir='ltr'><strong>efﬁci.</strong></span> <span class='ocrx_word' id='word_1_981' title='bbox 625 2789 634 2805; x_wconf 85' lang='lat' dir='ltr'><strong>I</strong></span> <span class='ocrx_word' id='word_1_982' title='bbox 652 2779 732 2811; x_wconf 81' lang='lat' dir='ltr'><strong>Editi,</strong></span> <span class='ocrx_word' id='word_1_983' title='bbox 745 2789 755 2806; x_wconf 73' lang='grc' dir='ltr'><strong>ι</strong></span> <span class='ocrx_word' id='word_1_984' title='bbox 774 2780 908 2814; x_wconf 83' lang='lat' dir='ltr'><strong>colloquio</strong></span> 
     </span>
    </p>
   </div>
   <div class='ocr_carea' id='block_1_104' title="bbox 118 2812 905 2850">
    <p class='ocr_par' dir='ltr' id='par_1_104' title="bbox 118 2812 905 2850">
     <span class='ocr_line' id='line_1_105' title="bbox 118 2812 905 2850; baseline 0 -8"><span class='ocrx_word' id='word_1_985' title='bbox 118 2817 147 2842; x_wconf 73' lang='lat' dir='ltr'><strong>et</strong></span> <span class='ocrx_word' id='word_1_986' title='bbox 162 2812 242 2842; x_wconf 75' lang='lat' dir='ltr'><strong>efﬁci.</strong></span> <span class='ocrx_word' id='word_1_987' title='bbox 261 2823 272 2840; x_wconf 73' lang='grc' dir='ltr'><strong>ι</strong></span> <span class='ocrx_word' id='word_1_988' title='bbox 291 2813 385 2842; x_wconf 78' lang='lat' dir='ltr'><strong>Postea</strong></span> <span class='ocrx_word' id='word_1_989' title='bbox 400 2821 482 2850; x_wconf 60' lang='lat' dir='ltr'><strong>tum,</strong></span> <span class='ocrx_word' id='word_1_990' title='bbox 499 2823 508 2841; x_wconf 85' lang='grc' dir='ltr'><strong>ι</strong></span> <span class='ocrx_word' id='word_1_991' title='bbox 530 2815 664 2844; x_wconf 85' lang='lat' dir='ltr'><strong>interdum</strong></span> <span class='ocrx_word' id='word_1_992' title='bbox 677 2818 777 2843; x_wconf 81' lang='lat' dir='ltr'><strong>evenit.</strong></span> <span class='ocrx_word' id='word_1_993' title='bbox 797 2823 807 2841; x_wconf 73' lang='grc' dir='ltr'><strong>ι</strong></span> <span class='ocrx_word' id='word_1_994' title='bbox 824 2812 905 2848; x_wconf 81' lang='lat' dir='ltr'><strong>Editi.</strong></span> 
     </span>
    </p>
   </div>
   <div class='ocr_carea' id='block_1_105' title="bbox 444 2576 1550 2612">
    <p class='ocr_par' dir='ltr' id='par_1_105' title="bbox 444 2576 1550 2612">
     <span class='ocr_line' id='line_1_106' title="bbox 444 2576 1550 2612; baseline -0.002 -6"><span class='ocrx_word' id='word_1_995' title='bbox 444 2579 468 2595; x_wconf 86' lang='grc'><strong>¹⁶</strong></span> <span class='ocrx_word' id='word_1_996' title='bbox 483 2578 565 2606; x_wconf 76' lang='lat' dir='ltr'><strong>Micli.</strong></span> <span class='ocrx_word' id='word_1_997' title='bbox 584 2586 622 2611; x_wconf 81' lang='lat' dir='ltr'><strong>VI,</strong></span> <span class='ocrx_word' id='word_1_998' title='bbox 636 2577 663 2606; x_wconf 80' lang='lat'><strong>8.</strong></span> <span class='ocrx_word' id='word_1_999' title='bbox 696 2579 718 2595; x_wconf 83' lang='lat'>&quot;</span> <span class='ocrx_word' id='word_1_1000' title='bbox 738 2579 817 2608; x_wconf 87' lang='lat' dir='ltr'><strong>Deut.</strong></span> <span class='ocrx_word' id='word_1_1001' title='bbox 833 2586 899 2612; x_wconf 76' lang='lat' dir='ltr'><strong>xu,</strong></span> <span class='ocrx_word' id='word_1_1002' title='bbox 915 2578 960 2606; x_wconf 81' lang='lat' dir='ltr'><strong>t5.</strong></span> <span class='ocrx_word' id='word_1_1003' title='bbox 996 2579 1019 2595; x_wconf 75' lang='lat'>”</span> <span class='ocrx_word' id='word_1_1004' title='bbox 1035 2577 1085 2607; x_wconf 86' lang='lat' dir='ltr'><strong>Isa.</strong></span> <span class='ocrx_word' id='word_1_1005' title='bbox 1101 2586 1121 2610; x_wconf 86' lang='grc' dir='ltr'>ι.</span> <span class='ocrx_word' id='word_1_1006' title='bbox 1139 2578 1182 2611; x_wconf 85' lang='lat' dir='ltr'><strong>l9,</strong></span> <span class='ocrx_word' id='word_1_1007' title='bbox 1199 2578 1244 2605; x_wconf 72' lang='lat'><strong>20.</strong></span> <span class='ocrx_word' id='word_1_1008' title='bbox 1277 2577 1300 2594; x_wconf 81' lang='lat'>&quot;</span> <span class='ocrx_word' id='word_1_1009' title='bbox 1316 2576 1388 2604; x_wconf 88' lang='lat' dir='ltr'><strong>Psal.</strong></span> <span class='ocrx_word' id='word_1_1010' title='bbox 1405 2584 1488 2608; x_wconf 76' lang='lat' dir='ltr'><strong>Lux.</strong></span> <span class='ocrx_word' id='word_1_1011' title='bbox 1504 2576 1550 2604; x_wconf 76' lang='lat' dir='ltr'><strong>l5.</strong></span> 
     </span>
    </p>
   </div>
   <div class='ocr_carea' id='block_1_106' title="bbox 966 2637 1746 2674">
    <p class='ocr_par' dir='ltr' id='par_1_106' title="bbox 966 2637 1746 2674">
     <span class='ocr_line' id='line_1_107' title="bbox 966 2637 1746 2674; baseline -0.003 -8"><span class='ocrx_word' id='word_1_1012' title='bbox 966 2648 976 2665; x_wconf 75' lang='grc' dir='ltr'><strong>ι</strong></span> <span class='ocrx_word' id='word_1_1013' title='bbox 998 2640 1132 2667; x_wconf 83' lang='lat' dir='ltr'><strong>interdum</strong></span> <span class='ocrx_word' id='word_1_1014' title='bbox 1148 2640 1230 2666; x_wconf 88' lang='lat' dir='ltr'><strong>venit.</strong></span> <span class='ocrx_word' id='word_1_1015' title='bbox 1254 2648 1263 2664; x_wconf 73' lang='grc' dir='ltr'><strong>ι</strong></span> <span class='ocrx_word' id='word_1_1016' title='bbox 1280 2637 1365 2666; x_wconf 83' lang='lat' dir='ltr'><strong>Paulo</strong></span> <span class='ocrx_word' id='word_1_1017' title='bbox 1377 2644 1439 2674; x_wconf 82' lang='lat' dir='ltr'><strong>past</strong></span> <span class='ocrx_word' id='word_1_1018' title='bbox 1451 2645 1534 2670; x_wconf 85' lang='lat' dir='ltr'><strong>mss..</strong></span> <span class='ocrx_word' id='word_1_1019' title='bbox 1549 2647 1559 2664; x_wconf 78' lang='grc' dir='ltr'><strong>ι</strong></span> <span class='ocrx_word' id='word_1_1020' title='bbox 1584 2638 1670 2674; x_wconf 81' lang='lat' dir='ltr'><strong>nostri</strong></span> <span class='ocrx_word' id='word_1_1021' title='bbox 1684 2644 1746 2672; x_wconf 74' lang='lat' dir='ltr'><strong>ope-</strong></span> 
     </span>
    </p>
   </div>
   <div class='ocr_carea' id='block_1_107' title="bbox 963 2672 1744 2708">
    <p class='ocr_par' dir='ltr' id='par_1_107' title="bbox 963 2672 1744 2708">
     <span class='ocr_line' id='line_1_108' title="bbox 963 2672 1744 2708; baseline -0.003 -7"><span class='ocrx_word' id='word_1_1022' title='bbox 963 2675 1000 2701; x_wconf 90' lang='lat' dir='ltr'><strong>ris</strong></span> <span class='ocrx_word' id='word_1_1023' title='bbox 1013 2679 1054 2702; x_wconf 90' lang='lat' dir='ltr'><strong>est</strong></span> <span class='ocrx_word' id='word_1_1024' title='bbox 1074 2680 1162 2706; x_wconf 81' lang='lat' dir='ltr'><strong>recte.</strong></span> <span class='ocrx_word' id='word_1_1025' title='bbox 1189 2683 1198 2700; x_wconf 72' lang='lat' dir='ltr'><strong>t</strong></span> <span class='ocrx_word' id='word_1_1026' title='bbox 1218 2679 1271 2701; x_wconf 86' lang='lat' dir='ltr'><strong>etc.</strong></span> <span class='ocrx_word' id='word_1_1027' title='bbox 1286 2674 1363 2701; x_wconf 87' lang='lat' dir='ltr'><strong>Libb.</strong></span> <span class='ocrx_word' id='word_1_1028' title='bbox 1377 2672 1486 2708; x_wconf 42' lang='lat' dir='ltr'><strong>eam”</strong></span> <span class='ocrx_word' id='word_1_1029' title='bbox 1510 2677 1610 2701; x_wconf 57' lang='lat' dir='ltr'><strong>nostra:</strong></span> <span class='ocrx_word' id='word_1_1030' title='bbox 1627 2672 1687 2708; x_wconf 89' lang='lat' dir='ltr'><strong>opis</strong></span> <span class='ocrx_word' id='word_1_1031' title='bbox 1708 2677 1744 2699; x_wconf 81' lang='lat' dir='ltr'><strong>est</strong></span> 
     </span>
    </p>
   </div>
   <div class='ocr_carea' id='block_1_108' title="bbox 963 2707 1744 2744">
    <p class='ocr_par' dir='ltr' id='par_1_108' title="bbox 963 2707 1744 2744">
     <span class='ocr_line' id='line_1_109' title="bbox 963 2707 1744 2744; baseline -0.004 -8"><span class='ocrx_word' id='word_1_1032' title='bbox 963 2715 1052 2742; x_wconf 81' lang='lat' dir='ltr'><strong>recte,</strong></span> <span class='ocrx_word' id='word_1_1033' title='bbox 1077 2719 1085 2736; x_wconf 80' lang='grc' dir='ltr'><strong>ι</strong></span> <span class='ocrx_word' id='word_1_1034' title='bbox 1105 2716 1159 2736; x_wconf 87' lang='lat' dir='ltr'><strong>etc.</strong></span> <span class='ocrx_word' id='word_1_1035' title='bbox 1177 2708 1249 2736; x_wconf 83' lang='lat' dir='ltr'><strong>Infra</strong></span> <span class='ocrx_word' id='word_1_1036' title='bbox 1271 2717 1334 2736; x_wconf 85' lang='lat' dir='ltr'><strong>mss.</strong></span> <span class='ocrx_word' id='word_1_1037' title='bbox 1348 2729 1356 2742; x_wconf 88' lang='lat'><strong><em>,</em></strong></span> <span class='ocrx_word' id='word_1_1038' title='bbox 1380 2718 1390 2734; x_wconf 80' lang='grc' dir='ltr'><strong>ι</strong></span> <span class='ocrx_word' id='word_1_1039' title='bbox 1407 2713 1435 2735; x_wconf 92' lang='lat' dir='ltr'><strong>et</strong></span> <span class='ocrx_word' id='word_1_1040' title='bbox 1451 2707 1557 2744; x_wconf 76' lang='lat' dir='ltr'><strong>Moyses</strong></span> <span class='ocrx_word' id='word_1_1041' title='bbox 1578 2709 1614 2735; x_wconf 88' lang='lat' dir='ltr'><strong>ita</strong></span> <span class='ocrx_word' id='word_1_1042' title='bbox 1634 2707 1717 2740; x_wconf 86' lang='lat' dir='ltr'><strong>dicit;</strong></span> <span class='ocrx_word' id='word_1_1043' title='bbox 1732 2715 1744 2733; x_wconf 72' lang='grc' dir='ltr'><strong>ι</strong></span> 
     </span>
    </p>
   </div>
   <div class='ocr_carea' id='block_1_109' title="bbox 961 2744 1324 2778">
    <p class='ocr_par' dir='ltr' id='par_1_109' title="bbox 961 2744 1324 2778">
     <span class='ocr_line' id='line_1_110' title="bbox 961 2744 1324 2778; baseline -0.008 -6"><span class='ocrx_word' id='word_1_1044' title='bbox 961 2745 1036 2774; x_wconf 81' lang='lat' dir='ltr'><strong>editi.</strong></span> <span class='ocrx_word' id='word_1_1045' title='bbox 1054 2754 1063 2769; x_wconf 81' lang='grc' dir='ltr'><strong>ι</strong></span> <span class='ocrx_word' id='word_1_1046' title='bbox 1078 2749 1105 2771; x_wconf 87' lang='lat' dir='ltr'><strong>et</strong></span> <span class='ocrx_word' id='word_1_1047' title='bbox 1120 2744 1202 2778; x_wconf 79' lang='lat' dir='ltr'><strong>Moysi</strong></span> <span class='ocrx_word' id='word_1_1048' title='bbox 1218 2745 1293 2771; x_wconf 79' lang='lat' dir='ltr'><strong>dicit.</strong></span> <span class='ocrx_word' id='word_1_1049' title='bbox 1314 2753 1324 2769; x_wconf 76' lang='grc' dir='ltr'><strong>ι</strong></span> 
     </span>
    </p>
   </div>
   <div class='ocr_carea' id='block_1_110' title="bbox 959 2775 1741 2841">
    <p class='ocr_par' dir='ltr' id='par_1_110' title="bbox 959 2775 1741 2841">
     <span class='ocr_line' id='line_1_111' title="bbox 959 2775 1741 2841; baseline -0.003 -35"><span class='ocrx_word' id='word_1_1050' title='bbox 959 2813 981 2841; x_wconf 72' lang='grc' dir='ltr'>Ρ</span> <span class='ocrx_word' id='word_1_1051' title='bbox 999 2779 1068 2815; x_wconf 69' lang='lat'><strong>(23&#39;)</strong></span> <span class='ocrx_word' id='word_1_1052' title='bbox 1079 2779 1144 2815; x_wconf 71' lang='lat' dir='ltr'><strong>Leg.</strong></span> <span class='ocrx_word' id='word_1_1053' title='bbox 1157 2775 1186 2810; x_wconf 77' lang='grc' dir='ltr'>ὃς</span> <span class='ocrx_word' id='word_1_1054' title='bbox 1202 2779 1244 2812; x_wconf 73' lang='grc' dir='ltr'>ἄν,</span> <span class='ocrx_word' id='word_1_1055' title='bbox 1257 2783 1284 2808; x_wconf 91' lang='lat' dir='ltr'><strong>et</strong></span> <span class='ocrx_word' id='word_1_1056' title='bbox 1298 2785 1360 2807; x_wconf 63' lang='lat' dir='ltr'><strong>tuo:</strong></span> <span class='ocrx_word' id='word_1_1057' title='bbox 1376 2780 1405 2812; x_wconf 66' lang='grc' dir='ltr'>ὂς</span> <span class='ocrx_word' id='word_1_1058' title='bbox 1422 2777 1482 2812; x_wconf 66' lang='grc' dir='ltr'>ἐάν,</span> <span class='ocrx_word' id='word_1_1059' title='bbox 1492 2778 1647 2814; x_wconf 67' lang='lat' dir='ltr'><strong>quicunque.</strong></span> <span class='ocrx_word' id='word_1_1060' title='bbox 1663 2775 1741 2805; x_wconf 74' lang='grc' dir='ltr'>Ειιιτ.</span> 
     </span>
     <span class='ocr_line' id='line_1_112' title="bbox 983 2822 1079 2841; baseline 0 0"><span class='ocrx_word' id='word_1_1061' title='bbox 983 2822 1079 2841; x_wconf 72' lang='grc' dir='ltr'>Δτιιοι..</span> 
     </span>
    </p>
   </div>
   <div class='ocr_carea' id='block_1_111' title="bbox 983 2822 1079 2842">
    <p class='ocr_par' dir='ltr' id='par_1_111' title="bbox 983 2822 1079 2842">
     <span class='ocr_line' id='line_1_113' title="bbox 983 2822 1079 2842; baseline -0.01 0"><span class='ocrx_word' id='word_1_1062' title='bbox 983 2822 1079 2842; x_wconf 74' lang='grc' dir='ltr'>Δτιοι..</span> 
     </span>
    </p>
   </div>
  </div>
