1860 3073
133 107 187 135 259

769 106 930 135 ORIGENIS
950 108 1030 135 ΠΕΡΙ
1048 107 1163 136 ΑΡΧΩΝ

1711 113 1763 141 260

133 165 231 194 denter
239 166 382 194 ostendent
394 165 494 193 habere
504 172 553 193 nos
562 165 668 193 arbitrii
679 165 757 193 liberi
765 172 938 201 potestatem.
948 167 1247 201 Alioquincoutrarium
1256 172 1329 195 esset
1345 167 1404 196 dari
1416 169 1493 197 nobis
1508 170 1633 197 mandata
1646 178 1680 197 ex
1696 178 1764 206 quo.

134 221 195 242 rum
208 213 248 242 vel
262 213 455 241 observatione
467 213 613 247 salvemur,
627 213 669 240 vel
686 215 909 249 praevaricatione
925 215 1098 246 damnemur,
1111 215 1132 242 si
1147 215 1310 242 observandi
1321 223 1352 243 ea
1367 216 1480 243 facultas
1495 217 1519 244 in
1539 217 1616 245 nobis
1633 226 1687 246 non
1710 224 1763 247 est.

170 260 196 287 7.
219 260 317 287 Verum
333 259 461 293 quoniam
483 259 659 286 inveniuntur
687 260 713 287 in
738 260 804 295 ipsis
821 261 921 288 divinis
936 264 960 292 Α

134 305 283 340 Scripturis
295 304 416 339 qumdam
431 305 511 332 verba
531 306 567 331 ita
583 306 672 339 posita
683 325 690 337 ,
706 311 732 332 ut
754 307 921 334 contrarium

133 352 223 379 ex‘his
243 351 345 384 aliquid
361 351 488 378 videatur
506 351 621 386 intelligi
637 359 733 386 posse;
750 353 922 386 proferentes

133 403 165 423 ea
181 396 206 422 in
225 395 343 422 medium
361 400 387 422 et
401 396 552 423 secundant
573 397 681 431 pietatis
702 398 821 432 regulam
837 399 923 425 disse-

133 446 241 474 rentesI
271 441 450 469 adhibeamus
468 449 563 468 eorum
584 442 771 470 absolutiones
784 463 792 475 ,
819 451 873 477 quo
888 451 921 471 ex

133 487 177 514 his
192 487 288 522 paucis
304 495 364 522 quae
388 488 550 522 exponimus
564 487 638 523 (ἓὸ),
657 489 738 515 etiam
759 494 921 516 caeterorum

134 539 194 566 quae
219 531 347 558 similiter
363 532 433 558 dicta
449 537 529 564 sunt,
554 532 652 565 quibus
666 533 772 560 arbitrii
802 539 923 568 potestas

134 577 243 604 videtur
272 577 402 609 excludi,
438 577 571 604 absolutio
604 578 716 605 evidens
747 579 803 605 ﬁat.
839 579 923 613 Igitur

133 622 353 656 qttamplurimos
375 628 485 649 tnovent
506 630 538 649 ea
558 630 616 657 qua:
632 623 664 648 de
677 623 820 650 Pharaone
836 630 850 649 a
867 623 922 650 Deo

133 667 207 694 dicta
225 671 303 699 sunt,
330 667 437 694 dicente
463 666 635 702 frequentius
656 676 663 693 :
685 677 693 693 ι
710 668 765 701 Ego
788 668 922 695 indurabo

132 719 183 740 cor
203 711 397 739 Pharaonis”.
413 722 423 738 ι
445 712 472 739 Si
493 712 565 739 enim
594 720 607 738 a
636 712 690 739 Deo
712 713 866 744 iuduratur,
891 717 916 740 et

131 765 183 792 per
202 758 253 785 hoc
269 757 341 792 quod
366 757 519 790 iuduratur,
537 757 687 791 delinquit,
712 765 766 784 non
793 758 842 784 sibi
867 758 922 792 ipse

132 804 238 831 exstitit
250 811 333 830 causa
347 803 449 831 delicti.
466 803 543 836 Quod
555 803 576 829 si
589 794 626 829 ita
643 807 700 834 est,
718 811 770 829 non
785 803 923 830 videbitur

132 847 241 874 Pharao
256 848 355 875 habere
376 848 483 875 arbitrii
508 847 588 883 114
612 847 787 880 libertatem,
812 852 839 874 et
866 848 922 882 jam

132 898 331 927 consequenter
366 899 507 920 asseretur
533 894 585 920 hoc
624 893 748 927 exemplo
773 894 844 927 quod
873 901 922 920 nec

132 940 225 967 caeteri
237 941 348 974 quidem
366 940 411 974 qui
426 944 551 974 pereunt,
568 947 600 966 ex
613 940 720 967 arbitrii
735 940 775 966 sui
793 939 920 967 libertate

132 992 242 1012 causam
261 986 422 1020 perditionis
438 985 584 1019 accipiunt.
606 985 659 1012 Sed
679 989 706 1013 et
725 986 787 1012 illud
802 987 875 1021 quod
892 986 917 1012 in

133 1029 276 1058 Ezechiele
292 1031 393 1058 dictum
405 1037 461 1065 est,
478 1039 539 1058 cum
555 1031 620 1057 dicit
636 1040 642 1058 :
663 1040 671 1056 ι
683 1031 810 1058 Auferam
825 1039 918 1058 eorum

131 1075 235 1110 lapidea
260 1077 363 1109 corda,
387 1081 415 1104 et
443 1077 588 1104 immittam
615 1078 656 1104 eis
683 1084 803 1108 caruea,
834 1081 863 1102 ut
893 1076 919 1102 iu

131 1121 275 1156 praeceptis
285 1122 351 1149 meis
362 1121 500 1154 incedant,
510 1127 537 1148 et
545 1123 604 1149 vias
613 1130 688 1149 meas
696 1122 850 1149 custodiant
858 1122 880 1137 ³⁸
890 1130 897 1154 ;
909 1130 917 1146 1

133 1172 243 1193 movere
260 1166 347 1200 possit
371 1167 489 1200 aliquem
519 1174 568 1201 pro
592 1174 623 1193 eo
639 1167 711 1201 quod
741 1174 754 1192 a
784 1166 839 1193 Deo
862 1166 920 1193 dari

132 1211 254 1244 videtur,
272 1212 313 1237 vel
329 1213 455 1238 incedere
477 1212 503 1238 in
521 1213 656 1238 mandatis
670 1211 728 1247 ejus
739 1231 747 1244 ,
767 1212 809 1239 vel
823 1212 922 1246 justiﬁ-

132 1258 255 1284 caliones
279 1256 338 1291 ejus
366 1257 522 1290 custodire;
552 1258 650 1292 quippe
673 1258 695 1284 si
721 1257 778 1292 ipse
795 1257 822 1284 id
850 1259 921 1292 quod

133 1303 226 1330 obstat
240 1303 273 1329 ad
292 1302 472 1330 custodienda
488 1303 615 1329 mandata
631 1303 765 1337 lapideum
779 1311 826 1330 cor
844 1304 921 1331 aufe-

132 1355 197 1375 rens
208 1368 216 1381 ,
232 1355 280 1375 cor
295 1347 391 1375 melius
404 1353 432 1374 et
449 1348 604 1375 sensibilius
618 1348 689 1387 qqod
703 1356 775 1374 nunc
793 1355 921 1375 carneum

132 1393 299 1424 nominatur.
315 1394 437 1420 immittit
462 1398 490 1420 et
510 1393 614 1420 inserit.
636 1393 704 1420 Vide
724 1398 814 1420 autem
839 1394 920 1420 etiam

133 1439 199 1466 illud
225 1438 297 1474 quod
322 1439 349 1466 in
379 1439 523 1473 Evangelia
548 1439 676 1466 Dominus
692 1444 719 1466 et
735 1439 866 1466 Salvator
888 1439 921 1466 ad

132 1491 181 1513 eos
193 1486 238 1520 qui
263 1485 419 1520 quaerebant
436 1486 469 1511 de
490 1486 547 1520 ipso
563 1492 648 1519 quare
667 1486 699 1512 ad
716 1485 809 1512 turbas
831 1485 856 1512 in
873 1493 922 1520 pa-

132 1530 236 1558 rabolis
260 1531 427 1566 loqueretur,
447 1531 525 1564 quale
545 1532 599 1563 sit,
626 1531 665 1558 ait
688 1532 759 1558 enim
778 1540 785 1558 :
809 1541 818 1557 (
835 1531 868 1559 Ut
882 1532 923 1558 vi-

132 1575 229 1604 dentes
244 1584 296 1604 non
309 1577 456 1604 videautet
472 1577 612 1607 audientes
627 1584 680 1603 non
696 1577 807 1604 audiant
820 1582 847 1604 et
869 1585 920 1605 non

131 1622 282 1658 intelligant
293 1622 362 1658 (50),
378 1630 411 1650 ne
426 1622 497 1650 forte
512 1627 707 1650 convertantur
723 1628 751 1650 et
763 1624 919 1651 remittatur

131 1668 172 1696 eis
183 1669 215 1695 ".
229 1678 239 1694 ι
266 1668 319 1696 Sed
333 1674 362 1695 et
381 1668 445 1696 illud
461 1669 532 1702 quod
546 1676 561 1695 a
581 1668 664 1696 Paulo
680 1669 802 1703 apostolo
818 1669 917 1696 dictum

131 1716 174 1741 est
192 1713 255 1748 quia
276 1722 285 1739 ι
298 1721 352 1741 non
369 1713 483 1741 volentis
497 1734 504 1746 ,
523 1721 609 1749 neque
624 1715 759 1742 currentis
771 1735 779 1746 ,
805 1715 853 1742 sed
872 1715 921 1741 mi-

132 1760 249 1787 serentis
262 1764 304 1787 est
320 1759 367 1787 Dei
380 1760 414 1786 ⁸ο.
431 1769 440 1786 ι
463 1759 497 1786 Et
510 1761 535 1787 iu
550 1760 606 1787 alio
621 1760 681 1787 loco
703 1769 710 1788 :
736 1770 745 1786 ι
758 1759 792 1787 Et
809 1760 877 1787 velle
894 1764 920 1787 et

131 1805 265 1839 perﬁcere
286 1813 318 1832 ex
337 1805 393 1833 Deo
417 1810 459 1833 est
471 1806 503 1832 δι.
518 1816 527 1833 ι
559 1806 592 1833 Et
609 1807 708 1834 iterum
724 1807 751 1834 in
767 1807 819 1833 alio
837 1807 897 1834 loco
912 1815 919 1833 :

132 1857 145 1877 ι
159 1849 230 1885 Ergo
254 1850 299 1877 cui
321 1850 380 1878 vult
397 1851 552 1884 miseretur,
568 1855 597 1878 et
621 1859 700 1886 quem
723 1851 781 1878 vult
803 1852 920 1878 indurat.

132 1896 210 1924 Dices
226 1896 315 1931 itaque
329 1897 394 1924 mihi
413 1906 419 1925 :
436 1897 505 1931 Quid
519 1905 583 1932 ergo
606 1898 694 1925 adhuc
724 1897 838 1932 culpat?
868 1896 922 1923 Vo-

131 1940 229 1969 luntati
246 1943 318 1969 enim
334 1943 393 1978 ejus
405 1943 467 1977 quis
488 1943 614 1970 resistet?
633 1943 654 1970 0
671 1943 761 1976 ltomo,
777 1948 803 1969 ιιι
820 1942 881 1977 quis
893 1949 922 1969 es

131 1987 176 2022 qui
189 1992 284 2015 contra
305 1989 469 2023 respondeas
488 1989 566 2016 Deo?
586 1987 712 2024 Nunquid
728 1989 794 2017 dicit
810 1990 921 2023 figmen—

131 2037 188 2060 tum
206 2033 229 2060 ei
247 2034 290 2068 qui
309 2041 339 2061 se
353 2034 450 2066 ﬁnxit,
467 2035 536 2068 Quid
552 2043 594 2062 me
608 2036 697 2063 fecisti
714 2036 777 2062 sic?
801 2036 854 2062 Aut
868 2043 921 2062 non

131 2079 211 2106 habet
229 2084 390 2113 potestatem
408 2080 504 2115 ﬁgulus
523 2081 571 2108 luti
591 2089 623 2108 ex
645 2081 741 2109 eadem
766 2088 855 2108 massa
879 2081 921 2107 fa-

131 2130 193 2150 cere
207 2131 252 2150 vas
266 2124 338 2150 aliud
355 2124 463 2158 quidem
478 2126 511 2152 ad
527 2125 659 2153 honorem
672 2146 679 2157 ,
696 2126 768 2152 aliud
783 2132 872 2153 autem
889 2126 922 2152 ad

131 2168 321 2194 contumeliam
331 2169 353 2184 “
365 2168 391 2195 ili
414 2169 478 2197 Hinc
494 2175 521 2197 et.
535 2171 575 2198 Itis
589 2171 687 2198 similia
704 2179 756 2198 non
772 2179 867 2206 parum
883 2172 923 2198 vi-

1016 261 1091 287 Ὲπεὶ
1103 261 1131 287 δὲ
1145 261 1185 292 εἰς
1196 261 1227 287 τὸ
1240 262 1372 295 ἐναντίον,
1393 263 1526 295 τουτέστι,
1543 263 1574 289 τὸ
1587 264 1624 299 μὴ
1639 265 1683 299 ἐφ’
1700 266 1764 301 ἡμῖν

973 307 1119 341 τυγχάνειν
1135 309 1228 343 τηρεῖν
1251 308 1300 340 τὰς
1315 308 1426 340 ἐντολὰς
1447 310 1495 335 καὶ
1510 310 1643 342 σώζεσθαι
1667 312 1714 338 καὶ
1735 311 1765 338 τὸ

975 353 1153 388 παραϐαίνειν
1179 354 1264 385 αὑτὰς
1282 354 1328 380 καὶ
1345 354 1527 387 ἀπόλλυσθαι,
1551 358 1675 392 περισπᾷ
1697 358 1766 394 ῥητά

974 407 1034 425 τινα
1060 399 1114 425 ἀπὸ
1141 400 1190 434 τῆς
1205 399 1324 431 Παλαιᾱς
1348 400 1394 426 καὶ
1413 401 1461 435 τῆς
1480 402 1599 436 Καινῆς,
1618 403 1685 438 φέρε
1713 403 1766 429 ἀπὸ

975 445 1073 481 μέρους
1094 446 1141 471 καὶ
1163 446 1195 471 ὲκ
1213 445 1314 472 τούτων
1331 446 1515 482 παραθέμενοι
1537 447 1699 482 θεασώμεθα
1719 448 1766 474 αὐ-

973 490 1027 516 τῶν
1042 490 1091 522 τὰς
1116 490 1223 522 λύσεις,
1253 491 1297 517 ἵνα
1317 492 1363 526 ἀφ’
1388 488 1424 518 ὧν
1450 493 1667 527 παρατιθέμεθα,
1697 493 1767 520 κατὰ

973 535 1003 561 τὸ
1020 535 1110 570 ὅμοιον
1119 535 1301 570 ’ἐκλεξάμενός
1316 545 1358 568 τις
1375 537 1463 572 ἐαυτῷ
1477 538 1567 563 πάντα
1579 538 1613 564 τὰ
1634 537 1766 565 δοκοῦντα

975 580 1096 615 ἀναιρεῖν
1111 580 1141 606 τὸ
1158 579 1339 612 αὐτεξούσιον,
1356 581 1537 617 ἐπισκέψηται
1560 582 1595 608 τὰ
1623 584 1689 619 περὶ
1718 584 1766 618 τῆς

974 623 1077 655 λύσεως
1094 624 1193 651 αὐτῶν.
1216 625 1270 650 Καὶ
1282 625 1314 660 δὴ
1328 625 1439 657 πολλοὺς
1450 626 1579 661 κεκίνηκε
1592 627 1626 653 τὰ
1643 627 1709 662 περὶ
1720 627 1766 653 τοῦ

974 669 1072 704 Φαραὼ
1083 670 1147 705 (29),
1159 670 1221 705 περὶ
1235 667 1265 696 οὗ
1276 671 1450 706 χρηματίζων
1463 672 1476 696 ὁ
1492 672 1557 703 Θεός
1572 681 1664 707 φησιν·
1673 682 1682 697 ι
1696 673 1766 707 Ἐγὼ

974 714 1002 740 δὲ
1014 715 1155 750 σκληρυνῶ
1165 715 1333 750 τὴνκαρδίαν
1348 715 1456 750 Φαραὼ,
1475 726 1483 741 ι
1498 716 1642 748 πλεονάκις
1655 725 1662 731 ·
1678 718 1702 743 εἰ
1714 718 1767 754 γὰρ

976 760 1027 786 ὑπὸ
1040 760 1106 786 Θεοῦ
1120 760 1297 796 σκληρύνεται
1311 761 1358 787 καὶ
1370 761 1413 787 διὰ
1426 761 1454 787 τὸ
1467 762 1665 796 σκληρύνεσθαι
1681 763 1768 798 ἁμαρ-

974 806 1066 837 τάνει,
1081 806 1130 832 οὐκ
1147 805 1227 836 αὐτὸς
1247 805 1335 840 ἑαυτῷ
1354 805 1403 839 τῆς
1419 805 1556 840 ἁμαρτίας
1574 807 1676 837 αἴτιος·
1695 807 1720 832 εἰ
1740 806 1767 832 δὲ

975 850 1062 881 τοῦτο,
1079 851 1139 876 οὑδὲ
1152 850 1324 882 αὑτεξούσιος
1339 852 1352 877 ό
1368 850 1478 886 Φαραώ.
1499 851 1553 877 Καὶ
1573 851 1656 886 φήσει
1670 860 1713 883 τις
1727 852 1766 877 ὅτι

976 898 1008 922 ὲκ
1022 896 1067 923 τοῦ
1082 896 1174 931 ὁμοίου
1197 897 1221 922 οἱ
1246 896 1425 931 ἀπολλύμενοι
1439 897 1488 922 οὐκ
1502 896 1684 928 αὐτεξούσιοι,
1705 897 1765 923 οὐδὲ

975 943 1039 978 παρ’
1061 943 1165 969 ἑαυτῶν
1181 942 1358 969 ἀπολοῦνται’
1387 944 1433 969 καὶ
1459 944 1487 969 ἐν
1513 943 1552 978 τῷ
1579 943 1714 978 Ίεζεκιὴλ
1739 942 1767 969 δὲ

974 989 1118 1023 λεγόμενον
1140 989 1182 1015 τὸ’
1211 999 1219 1013 ι
1240 989 1335 1020 Ἐξελῶ
1349 989 1438 1015 αὐτῶν
1454 988 1502 1020 τὰς
1516 988 1619 1019 λιθίνας
1639 988 1765 1024 καρδίας,

971 1034 1018 1060 καὶ
1047 1034 1158 1068 ἐμϐαλῶ
1174 1034 1314 1069 σαργίνας,
1343 1034 1418 1065 ὅπως
1441 1035 1469 1060 ἐν
1496 1035 1552 1065 τοῖς
1573 1033 1766 1070 προστάγμασι

973 1088 1023 1114 μου
1035 1079 1215 1114 πορεύωνται,
1226 1079 1313 1106 καὶτὰ
1326 1078 1502 1114 δικαιώματὰ
1511 1088 1561 1114 μου
1571 1079 1732 1113 (puleio-amet
1741 1088 1764 1111 ,ι

972 1118 1080 1160 κὶνήσαι
1097 1125 1128 1152 ἄν
1143 1133 1202 1151 τινα
1219 1125 1257 1156 ὡς
1278 1124 1324 1150 τοῦ
1339 1124 1406 1150 Θεοῦ
1428 1124 1544 1156 διδόντος
1557 1124 1587 1150 τὸ
1602 1124 1767 1159 πορεύεσθαι

973 1169 1001 1195 ὲν
1017 1170 1076 1200 ταῖς
1099 1168 1218 1200 ἐντολαῖς
1242 1169 1287 1195 καὶ
1307 1168 1454 1203 φυλάσσειν
1470 1169 1502 1195 τὰ
1524 1168 1717 1204 δικαιώματα,
1739 1168 1768 1195 ἐν

976 1214 1015 1249 τῷ
1035 1214 1066 1240 τὸ
1084 1214 1227 1248 ἐμποδίζον
1243 1214 1443 1250 ὑπεξῃρηκέναι
1454 1214 1503 1250 τὴν
1522 1214 1626 1250 λιθίνην
1641 1215 1765 1250 καρδίαν,

973 1260 1020 1286 καὶ
1038 1259 1069 1286 τὸ
1086 1261 1208 1295 κρεῖττον
1224 1260 1403 1286 ὲντεθεικέναι
1419 1259 1468 1295 τὴν
1490 1260 1629 1295 σαρκίνην.
1654 1260 1767 1296 Ἶδωμεν

973 1306 1002 1332 δὲ
1015 1306 1063 1333 καὶ
1079 1306 1109 1332 τὸ
1122 1307 1153 1332 ἐκ
1169 1305 1214 1332 τοῦ
1233 1306 1401 1339 Εὑαγγελιου
1415 1305 1440 1332 τί
1455 1307 1469 1332 6
1481 1306 1577 1341 Σωτὴρ
1588 1306 1768 1341 ἀποκρίνεται

974 1351 1042 1387 πρὸς
1066 1352 1128 1383 τοὺς
1153 1351 1320 1386 πυθομένους
1344 1351 1387 1377 διὰ
1412 1352 1440 1378 τί
1466 1352 1495 1378 ὲν
1517 1352 1690 1387 παραϐολαῖς
1713 1352 1768 1383 τοῖς

973 1397 1079 1428 πολλοῖς
1111 1396 1204 1422 λαλεῖ·
1237 1397 1282 1423 καί
1312 1405 1410 1432 φησιν,
1434 1406 1443 1422 ‹
1459 1397 1521 1423 Ἵνα
1549 1397 1696 1432 βλέποντες
1731 1397 1766 1432 μὴ

973 1441 1104 1476 βλέπωσι,
1130 1442 1175 1468 καὶ
1200 1442 1345 1474 ἀκούοντες
1359 1443 1477 1469 ἀκούωσι
1493 1443 1540 1469 καὶ
1570 1443 1606 1478 μὴ
1632 1443 1764 1470 συνιῶσι·

975 1489 1011 1523 μή
1042 1497 1107 1514 ποτε
1134 1489 1336 1524 ἐπιστρέψωσι,
1371 1489 1417 1515 καὶ
1443 1488 1608 1524 ἀφεθήσεται
1636 1490 1763 1520 αὐτοῖς.»

976 1535 1035 1560 Ἔτι
1052 1534 1080 1560 δὲ
1094 1535 1141 1560 καὶ
1155 1534 1230 1570 παρὰ
1250 1534 1289 1569 τῷ
1309 1535 1408 1569 Παύλῳ
1420 1535 1464 1560 τό·
1485 1544 1493 1560 ι
1506 1535 1542 1561 Οὐ
1562 1535 1608 1561 τοῦ
1623 1535 1747 1566 Θέλοντος
1757 1553 1765 1567 ,

974 1579 1034 1605 οὐδὲ
1063 1580 1109 1605 τοῦ
1139 1579 1296 1614 τρέχοντος,
1322 1579 1389 1606 ἀλλὰ
1415 1579 1463 1606 τοῦ
1489 1580 1627 1612 ἐλεοῦντος
1654 1580 1763 1607 Θεοῦιι

973 1625 1019 1651 καὶ
1043 1626 1072 1651 ὲν
1086 1625 1191 1657 ἄλλοις·
1224 1625 1299 1651 (Καὶ
1320 1625 1351 1651 τὸ
1374 1624 1459 1651 θέλειν
1480 1625 1507 1651 δὲ
1534 1626 1580 1652 καὶ
1598 1626 1628 1652 τὸ
1645 1623 1766 1661 ἐνεργεῖν

972 1670 1005 1696 ὲκ
1021 1670 1066 1696 τοῦ
1089 1670 1157 1696 Θεοῦ
1172 1672 1260 1697 ἐστιν·
1287 1669 1330 1705 ἆρ’
1347 1668 1391 1696 οὖν
1409 1670 1437 1696 ὃν
1459 1670 1530 1697 θέλει
1551 1672 1565 1697 6
1586 1670 1653 1702 Θεὸς
1679 1671 1765 1702 ἐλεεῖ,

971 1715 1001 1742 ὃν
1023 1716 1051 1741 δὲ
1069 1715 1139 1742 Θέλει
1155 1715 1315 1751 σκληρύνει·
1332 1716 1404 1751 ἐρεῖς
1424 1713 1470 1742 οὗν
1487 1725 1550 1750 μοι,
1569 1716 1602 1742 Τί
1628 1716 1670 1743 ἔτι
1700 1717 1766 1752 μέμ-

973 1770 1069 1795 φεται;
1092 1761 1131 1796 τῷ
1157 1761 1209 1797 γὰρ
1232 1761 1381 1796 βουλήματι
1404 1763 1486 1789 αὺτοῦ
1507 1762 1549 1794 τίς
1574 1762 1763 1797 ἀνθέστηκε;ι

972 1807 1025 1833 Καί
1040 1815 1046 1822 ⁸
1071 1816 1079 1831 ι
1101 1807 1131 1832 'H
1156 1805 1290 1842 πεισμονὴ
1306 1807 1338 1832 ὲκ
1351 1806 1397 1832 τοῦ
1421 1806 1567 1837 καλοῦντος
1593 1805 1640 1832 καὶ
1662 1807 1712 1833 οὐκ
1737 1805 1766 1838 ἐξ

972 1852 1061 1888 ἡμῶψ
1083 1852 1212 1887 μενοῦνγε
1223 1872 1230 1885 ,
1250 1851 1386 1886 ἄνθρωπε,
1404 1852 1485 1883 sint;
1503 1849 1528 1877 εἴ
1543 1853 1556 1878 6
1571 1851 1766 1888 ἀνταποκρινό-

974 1906 1054 1932 μενος
1071 1897 1109 1932 τῷ
1129 1896 1202 1932 Θεῷ;
1219 1897 1255 1932 μὴ
1265 1897 1322 1931 ὲρεῖ
1332 1896 1361 1922 τὸ
1370 1896 1483 1932 πλάσμα
1492 1896 1531 1932 τῷ
1543 1896 1723 1927 πλάσαντι,Τί
1734 1904 1765 1931 με

975 1942 1106 1978 ἐποίησας
1124 1941 1209 1973 οὕτως
1221 1950 1228 1973 ;
1247 1941 1263 1976 ἢ
1276 1942 1325 1967 οὐκ
1337 1941 1391 1976 ἔχει
1404 1941 1528 1973 ἐξουσίαν
1538 1941 1552 1967 ὁ
1561 1942 1705 1977 κεραμεὺς
1718 1939 1764 1967 τοῦ

976 1988 1061 2024 πηλοῦ
1076 1990 1107 2015 ὲκ
1122 1987 1168 2014 τοῦ
1185 1986 1265 2014 αὑτοῦ
1292 1987 1451 2022 φυράματος
1477 1987 1603 2022 ποιῆσαι,
1619 1987 1633 2013 ὂ
1658 1987 1708 2022 μὲν
1728 1986 1765 2017 εἰς

975 2034 1057 2069 τιμὴν
1072 2032 1183 2064 σκεῦος,
1205 2033 1219 2058 ὂ
1235 2032 1263 2058 δὲ
1281 2033 1321 2063 εἰς
1335 2032 1464 2067 ἀτιμίαν,
1480 2042 1488 2057 )
1514 2031 1606 2058 Ταῦτα
1626 2031 1682 2066 γὰρ
1706 2030 1764 2057 καθ’

976 2079 1045 2106 αὐτὰ
1071 2078 1150 2105 ἱκανά
1171 2079 1229 2104 ἐστι
1250 2077 1311 2108 τοὺς
1331 2076 1444 2108 πολλοὺς
1469 2076 1617 2111 ἐκταράξαι
1631 2095 1638 2106 .
1659 2077 1698 2107 ὡς
1711 2074 1764 2110 (51)

977 2126 1027 2152 οὐκ
1038 2125 1114 2155 ὄντος
1131 2123 1178 2149 τοῦ
1191 2121 1334 2157 ἀνθρώπου
1349 2121 1524 2153 αὐτεξουσίου
1534 2141 1541 2152 ,
1557 2121 1623 2147 ἀλλὰ
1637 2120 1685 2148 τοῦ
1694 2120 1760 2146 Θεοῦ

977 2171 1109 2204 σώζοντος
1137 2169 1184 2196 καὶ
1208 2167 1372 2198 ἀπολλύντος
1394 2166 1441 2198 οὓς
1467 2167 1499 2193 ἂν
1519 2167 1601 2198 αὐτὸς
1625 2167 1763 2201 βούληται,

131 2213 229 2241 demur
260 2215 398 2244 deterrere
429 2224 508 2251 posse
540 2218 766 2252 quamplurimas,
791 2226 825 2246 ne
857 2224 965 2252 putetur
989 2218 1174 2253 unusquisque
1199 2215 1300 2243 habere
1324 2215 1363 2242 sui
1391 2215 1496 2242 arbitrii
1522 2214 1694 2246 libertatem,
1719 2213 1764 2241 sed

129 2262 202 2297 quod
215 2269 248 2290 ex
263 2262 308 2290 Dei
326 2264 465 2291 voluntate
486 2265 526 2293 vel
544 2267 644 2293 salvari
659 2265 756 2300 aliquis
771 2267 811 2292 vel
828 2267 916 2301 perire
932 2268 1064 2294 rideatur.

751 2311 1033 2339 lNTERPRETATIO
1052 2310 1158 2338 NOVA.

212 2355 264 2384 Sed
281 2358 410 2397 quoniam
427 2359 454 2386 in
469 2360 636 2397 contrarium
647 2380 654 2392 ,
667 2361 719 2387 hoc
735 2362 876 2397 estrnobis
897 2370 948 2389 non
964 2369 1024 2388 esse
1040 2361 1176 2397 integrum
1191 2364 1305 2397 servare
1318 2357 1454 2397 _mandata
1480 2361 1508 2383 et
1523 2356 1645 2397 salvari,
1661 2355 1761 2397 χοι-εδ

132 2390 326 2431 ἰιιίι-ἰιικοιοει
340 2393 440 2427 perire.
459 2395 583 2431 quaedam
604 2390 711 2431 Veteris
726 2400 754 2423 et
771 2396 836 2423 Novi
855 2396 1022 2423 Testamenti
1037 2390 1112 2422 dicti
1125 2394 1270 2431 deﬂectere
1283 2391 1489 2431 videutttraage
1503 2396 1530 2418 et
1547 2392 1581 2431 iis
1597 2391 1756 2431 singillatim

130 2427 294 2465 propositis.
309 2426 403 2455 eorum
426 2426 590 2456 solutionem
613 2430 808 2465 inspiciamus,
826 2436 854 2457 ut
873 2439 903 2457 ex
920 2438 1014 2458 eorum
1032 2438 1092 2464 qua:
1108 2428 1288 2465 proponimus
1304 2426 1496 2465 sittti_litttdiILe,
1515 2426 1626 2452 selectis
1638 2427 1764 2465 euntibus

129 2460 190 2496 quae
208 2462 495 2500 libertateurarbitrii
514 2464 610 2492 tollere
626 2460 761 2497 videntur.
783 2460 880 2493 eorum
904 2460 1067 2492 solutionem
1086 2460 1132 2500 qui
1152 2460 1268 2500 volueril
1281 2461 1439 2500 ρςςεβίρῖῆι-
1461 2460 1534 2500 sane
1546 2460 1762 2500 ιιιψιιριυτῖξηοε

130 2494 239 2535 glow!"-
249 2504 279 2523 ⁸³
292 2505 351 2535 qyae
364 2498 396 2535 tle
411 2498 552 2526 Pharaone
564 2500 701 2533 dicuntur,
715 2494 814 2535 dequo
826 2501 926 2534 smpius
938 2494 1103 2534 respondens
1118 2498 1189 2535 Deus
1205 2497 1260 2523 ait:
1281 2494 1289 2521 ἱ
1304 2496 1359 2530 Ego
1371 2495 1502 2535 indurabo
1515 2503 1562 2522 cor
1575 2494 1759 2535 Pharaonis.)

176 2532 249 2558 enim
267 2530 363 2570 an’Deo
377 2534 533 2570 induratur,
549 2539 576 2561 et
592 2534 653 2570 quia
669 2530 821 2568 iu'duratur,
839 2530 942 2569 peccat,
961 2530 1013 2560 nou
1030 2535 1087 2568 ipse
1111 2533 1162 2559 sibi
1186 2539 1268 2558 causa
1287 2530 1398 2570 peccati.
1408 2535 1460 2562 est,
1476 2531 1516 2557 sic
1532 2537 1620 2570 neque
1633 2530 1679 2570 νειιί
1696 2530 1762 2570 juris

132 2543 160 2557 DI
176 2543 249 2558 ιτιιιιιι
267 2543 281 2558 a
309 2543 363 2559 ueo
377 2543 533 2566 Illuuralllr,
549 2543 576 2561 οι
592 2543 653 2561 tula
669 2543 821 2568 tuuuratur,
839 2543 942 2569 peccat,
961 2543 1013 2560 non
1031 2543 1087 2568 Ipse
1111 2543 1162 2559 stur
1186 2543 1268 2558 cauea
1288 2543 1392 2564 peccatu
1408 2543 1460 2562 cat,
1476 2543 1516 2557 BIU
1532 2543 1620 2564 neque
1637 2543 1679 2556 sui
1696 2543 1760 2567 piri:

130 2565 248 2593 Pharao.
267 2567 338 2593 Hinc
352 2575 386 2594 ex
400 2568 482 2595 simili
500 2569 573 2596 dicet
585 2543 683 2604 aliquis
700 2579 754 2597 nou
768 2578 828 2598 esse
843 2571 943 2596 liberos
959 2569 1005 2603 qui
1024 2572 1156 2602 pereunt,
1173 2573 1261 2600 neque
1280 2573 1328 2599 per
1344 2572 1375 2591 se
1392 2566 1465 2598 ipsos
1483 2565 1595 2599 perire;
1613 2569 1641 2591 et
1651 2563 1720 2597 quod
1737 2570 1760 2588 III

130 2653 141 2674 Ι
166 2612 294 2675 "lsElfd.
312 2621 349 2648 tv,
367 2615 412 2642 2t.
452 2615 475 2631 "
490 2616 590 2644 Ezech.
610 2625 650 2650 ιι,
665 2618 708 2651 19,
723 2617 769 2644 ‘20.
806 2616 829 2634 "
844 2617 928 2644 Marc.
947 2623 983 2648 tv,
1000 2615 1040 2643 l2.
1079 2615 1101 2631 ⁸ο
1116 2615 1195 2642 Rom.
1215 2620 1254 2646 Ix,
1280 2611 1324 2638 16.
1363 2611 1385 2627 δι
1398 2611 1499 2646 Philip.
1517 2619 1549 2644 tt,
1565 2611 1609 2638 13.
1646 2611 1670 2627 δ’
1685 2611 1760 2637 Rom.

142 2654 171 2675 κ.
232 2656 247 2675 e
275 2656 334 2675 sea.

142 2654 171 2678 ιι.
186 2654 219 2675 ιδ
232 2654 259 2675 et
275 2656 334 2683 seq.

972 2703 1049 2731 Libb.
1063 2704 1139 2736 editi,
1158 2713 1166 2729 ι
1181 2703 1230 2740 sed
1246 2707 1274 2730 et
1288 2702 1500 2740 illudquondam
1516 2701 1663 2740 {Paul-oar
1680 2697 1761 2740 Paulo

973 2743 1032 2772 post
1050 2747 1127 2772 mss.,
1145 2749 1154 2764 ι
1168 2739 1231 2772 quid
1249 2745 1314 2771 ergo
1327 2736 1416 2764 adhuc
1432 2736 1523 2771 eulpat
1533 2737 1544 2763 ‘3
1556 2745 1566 2762 ι
1589 2737 1668 2763 Libb.
1680 2736 1759 2766 editi,

975 2782 983 2797 ι
996 2774 1060 2806 quid
1074 2781 1139 2808 ergo
1151 2773 1239 2800 adhuc
1256 2773 1397 2808 culpantur
1408 2773 1444 2808 ‘!_i

1006 2805 1060 2843 (51)
1081 2805 1119 2835 ΙιΓ
1134 2809 1205 2843 libb,
1217 2805 1406 2843 ed_itis_'t|ce_st_
1418 2806 1464 2837 ὡς.
1498 2805 1597 2843 Ροιιῐο-
1609 2810 1760 2843 post_mss.,

971 2839 1035 2878 περὶ
1051 2839 1097 2869 τοῦ
1113 2842 1222 2878 Φαραώ.
1245 2841 1322 2870 Libb.
1340 2841 1406 2869 editi
1420 2860 1427 2874 ,
1444 2840 1508 2875 περὶ
1522 2840 1567 2867 τὸν
1582 2839 1691 2876 Φαραώ.

166 2702 221 2743 (ξε)
242 2704 319 2732 Libb.
339 2704 422 2739 editi,
439 2705 642 2740 «exposuimus.
655 2715 664 2732 ι
682 2705 735 2733 Sed
748 2713 826 2737 mss.,
844 2713 853 2727 σ
867 2711 917 2730 ex-

130 2744 290 2842 poigglussie
305 2781 369 2801 mss.
385 2774 454 2802 Editi
472 2782 547 2807 vero,
565 2775 631 2812 περὶ
645 2775 690 2802 τὸν
705 2775 815 2811 Φαραώ.

134 2841 138 2842 ν
179 2807 223 2842 50)
243 2807 282 2834 lta
299 2817 362 2836 mss.
377 2809 455 2838 Libb.
467 2811 550 2842 editi,
569 2820 578 2836 ι
595 2818 647 2837 non
667 2811 780 2836 audiant
794 2815 815 2836 el

179 2807 223 2842 50)
243 2807 282 2834 lta
299 2817 362 2836 mss.
377 2809 455 2838 Libb.
467 2811 550 2842 editi,
569 2820 578 2836 ι
595 2807 647 2837 tiou
667 2807 780 2836 audia'ut
794 2815 819 2836 et
838 2807 916 2835 intel-

133 2841 227 2877 ligant.
238 2851 247 2869 ι
262 2841 365 2872 Ibidem
380 2852 459 2878 mss.,
475 2855 484 2872 ι
496 2841 548 2874 sed
559 2850 586 2874 et
599 2845 665 2873 illud
682 2845 751 2880 quod
767 2852 782 2871 a
797 2844 891 2872 Paulo.
904 2852 913 2868 ι
