1860 3073
173 104 229 133 863
805 101 907 131 ORIGE

1062 127 1064 130 .
1077 103 1195 131 ΑΡΧΩΝ
1747 105 1796 134 26.5

174 165 281 194 ratione
292 163 325 192 ad
338 164 515 199 perditionem
525 166 650 195 veniunt,
659 162 716 197 jam
740 169 796 190 non
821 163 993 196 naturaliter,
1009 163 1056 190 sed
1069 171 1101 191 ex
1118 162 1305 191 accidentibus
1319 165 1446 198 pereunt.
1459 162 1536 191 Tunc
1554 162 1651 191 deinde
1661 163 1744 193 dicite
1756 173 1796 194 no-

177 212 230 244 bis.
255 219 370 247 quorum
399 210 545 237 miseretur
570 209 659 237 Deus?
683 208 785 244 Nempe
811 217 906 238 eorum
932 211 980 245 qni
1011 211 1133 238 salvandi
1161 215 1234 238 sunt.
1262 210 1296 238 Et
1321 211 1348 238 in
1372 219 1426 246 quo
1445 211 1489 239 isti
1509 212 1629 240 secunda
1648 212 1798 242 misericor-

174 260 219 288 dia
235 259 291 296 (55)
311 257 435 293 indigent
447 257 494 293 qui
509 257 595 285 semel
608 257 734 285 salvandi
762 261 825 285 sunt
853 265 902 292 per
916 258 996 293 116
1018 262 1156 288 naturam.
1177 261 1205 285 et
1219 258 1253 285 ad
1273 257 1471 286 beatitudinem
1496 258 1610 286 veniunt
1633 259 1800 293 naturaliter,

173 309 226 335 nisi
243 307 307 343 quia
323 306 406 334 etiam
423 313 456 333 ex
475 305 518 333 his
533 305 699 337 ostenditur,
720 305 792 339 quod
809 305 872 339 quia
887 305 974 339 perire
987 312 1035 333 eos
1060 305 1189 339 possibile
1200 309 1269 337 erat,
1285 304 1389 332 idcirco
1400 304 1615 332 misericordiam
1637 312 1801 340 consequun-

173 359 227 392 tur,
244 359 275 382 ut
290 361 339 388 per
356 353 408 381 hoc
427 360 481 380 non
509 357 635 387 pereant,
665 352 713 380 sed
735 352 845 380 veniant
873 352 908 380 ad
941 352 1054 380 salutem
1077 357 1103 380 et
1121 353 1228 387 piorum
1254 360 1336 388 regna
1357 353 1530 388 possideant?
1565 352 1599 380 Et
1621 353 1678 380 hac
1697 353 1799 388 quidem

171 403 244 429 dicta
257 402 311 429 sint
324 401 455 428 adversus
471 407 519 428 eos
532 400 578 434 qui
593 404 706 428 naturas
727 399 814 428 bonas
837 400 878 427 vel
907 400 1002 433 malas,
1021 400 1048 428 id
1077 405 1120 428 est
1139 405 1272 433 terrenas,
1288 401 1332 428 vel
1346 400 1482 435 spiritales
1500 401 1696 429 commentitiis
1711 402 1804 431 rabulis

170 449 360 481 introducunt,
371 455 404 475 ex
425 447 525 482 quibus
543 447 604 474 ﬁeri
624 447 729 481 dicunt,
764 451 795 475 ut
817 447 859 475 vel
885 448 1006 475 salvetur
1020 448 1218 484 unusquisque,
1237 449 1279 476 vel
1294 453 1399 484 pereat.

207 496 235 524 9.
260 495 336 523 Nunc
353 502 419 522 vero
440 494 657 530 respondendum
685 498 727 522 est
746 495 829 522 etiam
851 495 894 523 his
913 503 939 530 qi

1067 496 1254 533 Επαπορητέον
1268 496 1296 523 δὲ
1313 497 1381 533 πρὸς
1392 497 1456 528 τοὺς
1471 497 1631 532 νομίζοντας
1646 497 1801 533 νενοηκέναι

171 542 257 569 Deum
279 541 345 576 legis
358 541 461 575 justum
476 541 666 569 tantummodo
679 540 785 573 volunt,
807 549 860 569 non
876 541 959 568 etiam

172 587 284 619 bonum,
298 588 435 622 quomodo
455 592 552 622 putent
574 595 589 615 a
606 588 661 615 Deo
684 587 805 615 indurari
821 594 869 614 cor
891 586 961 614 Pha-

172 633 280 665 raonis,
300 633 366 668 quid
385 633 500 660 faciente
515 633 556 660 vel
565 633 628 667 quid
645 633 842 668 prospiciente?
860 632 961 660 Obser-

171 680 278 707 vandus
290 685 333 707 est
345 680 419 707 enim
436 686 597 714 prospectus
615 685 643 707 et
656 679 771 707 intuitus
786 679 844 712 Dei,
862 686 961 706 secun-

172 725 235 751 dum
254 732 302 752 nos
315 725 424 760 quidem
440 725 504 759 iusti
520 730 547 752 et
561 725 637 756 boui,
648 725 797 752 secundum
811 726 885 759 ipsos
896 731 960 752 vero

168 769 234 803 justi
263 771 463 798 tantummodo.
488 770 522 798 Et
550 771 694 798 ostendant
721 771 798 798 nobis
823 770 960 805 quomodo

172 813 242 842 Deus
255 822 336 849 quem
355 815 447 849 utique
462 820 490 842 et
505 815 554 850 ipsi
565 815 669 850 justum
685 815 814 848 fatentur,
832 814 904 848 iuste
921 814 960 841 fa-

170 860 226 887 ciat
241 868 288 888 cor
304 860 422 888 hominis
437 861 570 893 'rndurari,
598 865 629 888 ut
649 868 681 888 ex
701 861 759 895 ipsa
781 860 958 887 indttratione

171 911 266 940 peccet
281 911 309 933 et
334 911 437 942 pereat.
452 907 484 934 Et
501 907 637 941 quomodo
662 906 688 933 in
713 907 765 934 hoc
791 907 837 933 Dei
853 905 960 939 justitia

169 952 342 984 defendetur.
369 953 391 980 si
408 953 465 987 ipse
488 953 528 979 eis
553 960 634 980 causa
658 952 818 986 perditionis
841 952 959 985 exsistit,

169 1005 238 1033 quos
252 1006 301 1034 pro
314 1006 346 1026 eo
362 999 432 1034 quod
449 999 547 1026 duritie
566 998 698 1026 increduli
719 998 884 1030 exstiterint,
902 998 960 1032 ipse

168 1046 340 1080 postmodum
374 1045 473 1080 judicis
499 1045 660 1072 auctoritate
691 1044 852 1071 damnavit?
883 1044 953 1077 Quid

169 1091 250 1118 etiam
277 1091 366 1125 culpat
388 1099 450 1119 eum
473 1091 565 1118 dicens
584 1099 590 1116 :
613 1100 623 1116 ‹
645 1091 684 1117 Tu
706 1095 796 1118 autem
821 1091 949 1125 quoniam

169 1145 222 1164 non
237 1137 278 1164 vis
293 1137 428 1164 dimittere
447 1137 572 1171 populum
586 1144 675 1163 meum
693 1136 761 1171 ('56),
774 1143 838 1163 ecce
852 1144 950 1170 pereu-

169 1182 234 1207 tiam
246 1181 338 1208 omnia
356 1182 493 1216 primitiva
509 1182 535 1208 in
549 1181 678 1216 Egypto.
695 1181 777 1208 etiam
791 1181 957 1215 primitivum

171 1230 246 1253 tuum
262 1225 303 1258 “;
331 1235 341 1251 ι
368 1230 395 1252 et
421 1233 592 1260 quaecunque
620 1226 672 1252 alia
702 1225 804 1259 scripta
821 1229 885 1252 sinit
910 1233 958 1260 per

169 1271 290 1306 Moysem
306 1271 376 1298 dicta
394 1278 454 1298 esse
474 1280 489 1298 a
504 1271 559 1299 Deo
573 1272 607 1298 ad
632 1271 824 1299 Pharaonem?
842 1271 957 1298 Necesse

167 1321 210 1344 est
226 1317 297 1344 enim
313 1324 419 1344 omnem
434 1317 479 1352 qui
503 1324 568 1344 vera
589 1317 686 1344 asserit
702 1324 732 1344 ea
754 1323 814 1351 qua:
831 1317 857 1343 in
880 1316 955 1344 Scri-

166 1362 254 1396 [Euris
280 1362 446 1394 referuntur,
463 1367 491 1389 et
511 1363 656 1390 ostendere
687 1362 745 1389 vnlt
767 1362 872 1396 justum
895 1369 956 1389 esse

1009 543 1050 575 τὸ,
1071 551 1080 568 ι
1097 542 1257 578 ὲσκλήρυνε,
1277 552 1286 569 ι
1305 544 1331 570 τί
1343 543 1444 578 δήποτε
1463 543 1570 577 λέγουσι
1589 544 1634 570 τὸν
1651 543 1719 570 Θεὸν
1732 545 1803 580 ἐνερ-

1009 587 1109 622 γοῦντα
1123 587 1283 623 σκληρύνειν
1295 588 1417 624 καρδίαν,
1430 588 1477 615 καὶ
1487 588 1512 614 τε
1524 588 1720 624 προτιθέμενον
1727 589 1802 616 τοῦτο

1009 635 1105 660 ποιεῖν.
1117 634 1292 669 Τηρείτωσαν
1310 635 1364 670 γὰρ
1383 635 1431 660 καὶ
1450 633 1556 660 ἔννοιαν
1569 634 1647 666 Θεοῦ,
1668 634 1740 661 κατὰ
1756 634 1802 670 μὲν

1009 680 1039 706 τὸ
1054 679 1129 714 ὑγιὲς
1141 679 1244 706 δικαίου
1259 679 1307 706 καὶ
1318 679 1432 713 ἀγαθοῦ·
1449 680 1473 705 εἱ
1490 679 1519 706 δὲ.
1538 679 1575 715 μὴ
1591 679 1744 714 βούλονται,
1758 680 1802 707 ἐπὶ

1008 725 1054 752 τοῦ
1071 725 1202 762 παρόντος
1218 725 1307 756 αὐτοῖς
1319 725 1548 760 συγκεχωρήσθω,
1561 724 1678 752 δικαίου⁵
1693 725 1740 752 καὶ
1755 733 1802 751 πα-

1010 771 1222 808 ραστησάτωσαν
1238 770 1297 803 πῶς
1310 771 1324 797 ὁ
1342 771 1444 805 ἀγαθὸς
1456 771 1503 797 καὶ
1517 771 1631 804 δίκαιος,
1646 772 1663 808 ἦ
1679 773 1694 798 ό
1704 771 1802 803 δίκαιος

1011 818 1089 852 μόνον
1102 817 1226 851 φαίνεται
1239 816 1352 848 δίκαιος,
1366 816 1431 852 σκλη
1437 816 1522 852 ρύνων
1534 817 1649 853 καρδίαν
1662 816 1710 843 τοῦ
1724 816 1766 843 διὰ
1774 816 1802 842 τὸ

1010 861 1206 896 σκληρύνεσθαι
1226 861 1423 897 ἀπολλυμένου,
1443 862 1489 888 καὶ
1505 861 1565 893 πῶς
1581 861 1711 893 ὁδίκαιος
1723 862 1800 893 αἴτιος

1009 907 1146 938 ἀπωλείας
1164 907 1267 941 γίνεται
1289 907 1336 934 καὶ
1354 907 1498 939 ἀπειθείας
1518 907 1572 934 τῶν
1588 908 1634 933 ὑπ’
1661 907 1743 934 αὑτοῦ
1761 906 1801 933 διὰ

1008 953 1038 980 τὸ
1055 952 1252 988 σκληρύνεσθαι
1267 953 1314 979 καὶ
1329 953 1450 980 ἀπειθεῖν
1464 953 1538 988 αὐτῷ
1559 952 1759 988 κολαζομένων.
1772 952 1800 979 Τί

1008 998 1035 1025 δὲ
1046 997 1120 1032 αὐτῷ
1135 997 1180 1024 καὶ
1201 997 1338 1033 μέμφεται
1354 997 1450 1032 λέγων·
1469 1007 1478 1023 ι
1497 998 1533 1023 Σὺ
1546 997 1576 1024 δὲ
1587 997 1618 1024 οὺ
1637 997 1730 1032 βούλει
1744 996 1800 1029 ἑξα-

1009 1042 1146 1069 ποστεῖλαι
1157 1042 1202 1069 τὸν
1215 1042 1279 1069 λαόν
1293 1051 1353 1078 μου·
1371 1043 1425 1069 ἰδοὺ
1441 1042 1553 1075 πατάξω
1571 1043 1662 1070 πάντα
1675 1043 1710 1070 τὰ
1730 1052 1798 1079 πρω-

1008 1088 1106 1115 τότοκα
1124 1090 1153 1115 ἐν
1169 1089 1311 1125 Αἰγύπτῳ,
1327 1089 1374 1116 καὶ
1389 1089 1433 1116 τὸν
1458 1090 1629 1125 πρωτότοχὰδ
1647 1098 1705 1116 σου·
1726 1099 1735 1116 ι
1759 1090 1800 1116 καὶ

1008 1133 1058 1159 ὅσα
1084 1132 1151 1159 ἄλλα
1167 1133 1373 1169 ἀναγέγραπται
1390 1134 1429 1164 ὡς
1452 1134 1500 1160 τοῦ
1525 1134 1592 1160 Θεοῦ
1613 1134 1740 1169 λέγοντος
1760 1134 1798 1160 διὰ

1011 1177 1133 1210 Μωσέως
1151 1177 1189 1212 τῷ
1203 1178 1318 1213 Φαραώς
1341 1179 1501 1212 Ἀναγκαῖον
1518 1178 1572 1214 γὰρ
1584 1179 1630 1205 τὸν
1642 1179 1798 1205 πιστεύοντι

1010 1222 1050 1249 ὅτι
1065 1223 1175 1258 ἀληθεῖς
1187 1224 1214 1249 αἱ
1228 1224 1334 1259 Γριφαὶ
1345 1224 1392 1250 καὶ
1403 1225 1443 1250 ὅτι
1455 1225 1469 1250 ὁ
1482 1224 1548 1256 Θεὸς
1561 1224 1679 1257 δίκαιος,
1696 1225 1742 1251 ἐὰν
1759 1224 1797 1251 εὕ-

1010 1270 1146 1304 γνωμονῇ,
1163 1269 1342 1303 ἀγωνίζεσθαι
1356 1269 1414 1301 πῶς
1428 1271 1456 1296 ὲν
1473 1270 1613 1302 τοιαύταις
1634 1270 1726 1303 λέξεσι
1740 1278 1798 1306 τρα-

1009 1313 1062 1345 νῶς
1074 1314 1176 1346 δίκαιος
1197 1315 1291 1350 νοηθῇ.
1316 1316 1346 1341 Εἰ
1366 1316 1414 1350 μὲν
1431 1315 1484 1351 γὰρ
1509 1315 1742 1351 ἀπογραψάμενος
1760 1323 1796 1346 τις

1009 1361 1098 1396 γυμνῇ
1121 1361 1153 1396 τῇ
1173 1360 1276 1395 κεφαλῇ
1299 1360 1391 1386 ἵστατο
1406 1361 1474 1396 πρὸς
1487 1360 1517 1387 τὸ
1535 1361 1656 1396 πονηρὸν
1671 1358 1740 1388 εἶναι
1756 1360 1796 1387 τὸν

168 1407 251 1434 Deum
267 1407 334 1442 legis
350 1411 378 1434 et
398 1408 603 1442 prophetarum,
621 1415 669 1441 pro
688 1407 729 1434 his
752 1407 879 1434 omnibus
901 1415 902 1433 ι

901 1407 957 1434 red-
973 1406 993 1433 Β
1008 1405 1182 1442 δημιουργὸν,
1194 1405 1280 1433 ἄλλων
1295 1405 1348 1432 ἔδει
1361 1406 1447 1441 λόγων
1460 1406 1527 1442 πρὸς
1543 1406 1633 1433 αὐτόν.

166 1454 231 1483 (lere
260 1456 405 1488 rationem,
438 1456 573 1490 quomodo
595 1463 644 1490 per
658 1454 709 1482 hoc
740 1455 808 1481 nihil
836 1462 949 1489 prorsus
975 1454 1088 1489 justitia:
1113 1454 1158 1480 Dei
1184 1454 1341 1487 derogetur;
1372 1454 1500 1488 quoniam
1530 1454 1593 1481 licet
1615 1454 1717 1481 bonum
1741 1461 1793 1480 eum

167 1506 275 1536 negent,
287 1501 389 1536 justum
409 1507 497 1528 tamen
520 1505 548 1528 et
572 1500 692 1534 iudicem
709 1505 737 1528 et
762 1500 855 1527 mundi
876 1505 1025 1527 creatorem
1044 1500 1175 1527 fatentur.
1206 1499 1283 1526 Alius
1299 1500 1372 1526 enim
1402 1500 1587 1535 responsionis
1605 1501 1676 1528 ordo
1698 1505 1738 1528 est
1753 1500 1794 1526 πάι

166 1556 261 1577 versus
276 1557 322 1577 eos
335 1549 383 1584 qui
397 1549 554 1584 malignum,
573 1549 599 1576 id
621 1554 662 1576 est
685 1549 834 1581 diabolum,
859 1548 953 1575 mundi
970 1547 1049 1582 hujus
1065 1554 1191 1575 asserunt
1204 1552 1366 1575 creatorem.

782 1657 1064 1689 iNTERPRETATiO
1084 1660 1188 1688 NOVA.

165 1752 271 1781 natura
285 1750 379 1778 dicunt
394 1749 477 1778 fuisse
489 1749 656 1777 Pharaonem
667 1771 674 1783 ,
693 1750 808 1785 ideoque
821 1751 975 1777 induratum
996 1749 1080 1777 fuisse
1093 1757 1109 1776 a
1125 1750 1179 1777 Deo
1192 1750 1238 1784 qui
1252 1749 1391 1784 spiritales
1414 1750 1562 1778 miseratur
1577 1756 1605 1778 et
1615 1755 1739 1779 terrenos
1752 1753 1786 1785 in»

165 1790 254 1815 durat.
271 1785 415 1813 Videamus
430 1793 495 1820 ergo
516 1786 643 1820 quidnam
663 1785 713 1812 sibi
737 1784 831 1812 velint.
854 1785 1012 1818 Qnazremus
1032 1786 1104 1811 enim
1123 1786 1157 1812 ab
1173 1786 1213 1812 eis
1231 1793 1265 1811 an
1287 1791 1402 1812 terrena:
1427 1790 1530 1813 natura:
1545 1791 1617 1813 esset
1637 1787 1751 1814 Pharao.
1764 1784 1789 1814 Si

166 1823 251 1850 fuisse
264 1820 459 1855 respondeant,
476 1821 610 1852 dicemus,
630 1821 676 1854 qui
694 1824 809 1847 terreme
827 1825 930 1846 natura:
946 1820 991 1852 sit,
1003 1827 1075 1855 rerum
1092 1820 1250 1855 planerDeo
1271 1820 1410 1846 resistere.
1431 1821 1460 1847 Si
1477 1825 1566 1847 autem
1589 1822 1704 1853 resistit,
1733 1820 1788 1855 quid

162 1865 230 1892 opus
248 1862 289 1892 est
299 1854 358 1890 ejus
372 1863 420 1882 cor
433 1855 553 1892 indurari
563 1875 570 1886 .
584 1862 672 1892 neque
687 1856 713 1881 id
725 1855 819 1892 semel.
834 1856 880 1892 sed
895 1854 1011 1888 smpius?
1022 1854 1076 1881 Nisi
1092 1855 1165 1892 quod
1179 1854 1260 1886 forte,
1280 1855 1408 1892 quoniam
1426 1855 1484 1881 lieri
1499 1860 1604 1889 poterat
1620 1862 1650 1883 ut
1663 1854 1788 1886 obediret,

163 1889 189 1920 ei
201 1889 319 1919 omnino
335 1894 373 1916 tot
389 1890 522 1924 prodigiis
535 1895 561 1916 et
577 1890 663 1925 signis
679 1889 819 1924 perculsus
833 1890 1073 1923 obtemperaturus
1096 1890 1202 1922 fuisset,
1226 1895 1319 1923 utpote
1340 1890 1451 1916 ntinime
1467 1895 1604 1922 terrenus,
1622 1892 1671 1918 sed
1687 1899 1718 1918 eo
1735 1898 1786 1918 ant-

162 1926 392 1962 pliusiresisleute
405 1926 502 1962 egebat
513 1925 583 1962 Deus
599 1924 628 1951 ut
643 1926 676 1962 atl
696 1925 841 1962 multorum
859 1924 1206 1962 salutem_magnitudinem
1228 1932 1305 1951 suam
1321 1925 1489 1962 ostenderet,
1506 1926 1565 1962 ideo
1577 1934 1627 1962 cor
1640 1925 1701 1959 ejus
1716 1926 1786 1952 indu-

163 1959 214 1989 rat.
236 1961 298 1988 llzcc
312 1960 428 1993 primum
455 1960 527 1986 dicta
549 1959 601 1986 sint
617 1960 650 1986 ad
671 1960 846 1986 evertcudum
858 1993 861 1994 ν
874 1959 898 1986 id
914 1959 985 1994 quod
1007 1959 1052 1986 isti
1069 1959 1229 1993 opinantur,
1245 1964 1352 1994 Vnatnrze
1370 1959 1452 1986 fuisse
1471 1961 1584 1994 perdita:
1599 1960 1763 1988 Pharaonem
1778 1968 1786 1988 :

164 1998 289 2030 idemque
306 1996 338 2021 de
351 1994 472 2028 Apostoli
489 1994 560 2021 dicto
572 1994 787 2030 respondendum
800 1999 843 2021 est
855 1993 931 2028 ipsis.
945 1993 1019 2026 Quos
1032 1994 1105 2020 enim
1120 1994 1228 2020 indurat
1242 1993 1329 2020 Deus?
1338 1993 1520 2028 Perditosqui
1529 1995 1674 2022 obedirent
1691 2001 1784 2025 tamen.

164 2032 216 2058 nisi
234 2029 446 2062 indurarentur;
465 2034 511 2055 aut
528 2036 601 2055 certe
615 2029 771 2060 salvandos,
788 2031 862 2062 quod
881 2036 933 2055 non
948 2030 1003 2054 sint
1024 2033 1126 2054 natura:
1144 2029 1267 2062 pcrditm.
1286 2030 1359 2061 Quos
1377 2036 1440 2056 vero
1455 2029 1623 2056 miseratur?
1635 2030 1677 2056 An
1692 2031 1787 2057 salvat:-

161 2066 227 2093 dos?
249 2065 301 2092 Sed
325 2065 388 2098 quid
406 2071 474 2098 opus
496 2068 536 2090 est
554 2064 670 2090 secunda
693 2064 869 2090 miseratione
884 2064 950 2097 ipsis
965 2064 1011 2097 Qui
1035 2064 1118 2090 setuel
1134 2071 1182 2097 per
1201 2068 1324 2090 naturam
1342 2063 1464 2091 sztlvandi
1485 2069 1558 2095 sunt.
1580 2070 1607 2091 et
1624 2065 1787 2092 beatitudine

162 2100 294 2133 potituri?
311 2098 372 2134 Nisi
394 2098 462 2125 forte
479 2098 553 2134 quia
567 2099 672 2125 sublata
692 2099 876 2134 misericordia
899 2099 987 2132 perire
1011 2103 1132 2134 possunt,
1160 2098 1220 2125 ideo
1240 2098 1452 2125 miscricordiam
1479 2105 1697 2134 consequuntur,
1718 2104 1745 2125 ut
1761 2107 1783 2124 ιιι

161 2135 349 2169 perditionem,
367 2133 491 2169 inquam
505 2133 621 2160 incidere
636 2137 747 2167 queunt,
766 2140 819 2159 nou
835 2133 984 2165 incurrant,
1006 2134 1051 2160 scd
1064 2133 1118 2160 sint
1134 2134 1159 2160 in
1175 2141 1268 2161 eorunt
1280 2134 1326 2168 qui
1342 2134 1482 2160 salvantur
1500 2133 1621 2169 regione.
1632 2135 1720 2169 Atque
1735 2134 1785 2160 ltro

162 2167 293 2196 adversus
310 2167 369 2194 illos
382 2167 454 2193 dicta
471 2167 536 2194 sint.

194 2204 223 2230 9..
237 2202 523 2238 Qtiaerendumautem
546 2206 588 2229 est
603 2202 640 2238 ab
662 2201 695 2238 iis
705 2201 752 2235 qui
768 2201 845 2238 illud,
864 2210 872 2227 |
898 2202 1044 2238 induravit,
1070 2211 1080 2228 ι
1099 2202 1251 2237 intelligere
1270 2202 1321 2229 sibi
1341 2202 1480 2235 videntur,
1503 2203 1568 2238 quid
1585 2203 1678 2230 dicant
1700 2211 1714 2230 a
1737 2203 1785 2229 Deo

155 2238 242 2268 eﬂiei,
257 2238 321 2271 quid
337 2236 484 2270 provideri,
500 2243 563 2263 cum
578 2235 753 2263 corindnrat.
768 2236 920 2263 Observent
934 2238 1005 2263 enim
1029 2237 1075 2264 Dei
1097 2235 1245 2268 notioﬁnu,
1269 2246 1298 2264 re
1311 2239 1419 2271 quidem
1435 2245 1499 2264 vera
1512 2235 1584 2271 ’justi
1599 2243 1626 2264 et
1639 2239 1713 2269 boni,
1733 2243 1783 2268 aut,

160 2273 182 2300 si
200 2272 345 2303 noluerint,
358 2276 386 2297 et
396 2275 431 2307 _nt
445 2271 496 2297 hoc
511 2271 552 2307 eis
568 2271 841 2307 nnuc___eoncedatur,
866 2272 998 2298 duntaxat
1019 2271 1096 2305 justi,
1115 2278 1141 2298 et
1162 2273 1310 2299 ostendant
1325 2273 1460 2307 quomodo
1476 2275 1562 2300 bonus
1583 2278 1609 2299 et
1626 2273 1726 2306 justus,
1746 2272 1783 2298 vel

153 2308 248 2341 justus
261 2311 376 2337 tantum,
393 2305 482 2339 justus
494 2305 627 2342 videatur,
642 2305 715 2331 illius
733 2312 780 2342 cor
794 2306 924 2332 induraus
943 2307 1000 2340 qni,
1013 2308 1083 2341 quod
1100 2308 1242 2334 induratus
1258 2308 1303 2340 sit,
1316 2305 1402 2341 pcrit;
1417 2313 1444 2334 et
1455 2308 1592 2342 quoutodo
1605 2305 1696 2342 justus
1708 2315 1779 2334 causa

155 2340 196 2370 {sit
210 2342 334 2376 interitus
350 2345 377 2366 et
393 2341 572 2376 contumaciae
586 2340 629 2371 iis,
642 2347 721 2374 quos,
733 2341 794 2373 quia
813 2341 931 2367 indurati
953 2340 1062 2368 suntet
1080 2343 1129 2375 ipsi
1144 2340 1415 2376 restiterunt,’punit.
1432 2340 1501 2375 Quid
1514 2350 1576 2369 vero
1594 2340 1632 2369 illi
1647 2345 1781 2369 succenset

153 2378 270 2404 .dicens:
288 2385 298 2402 ‹
312 2375 351 2407 Tu
370 2379 459 2401 autem
474 2382 527 2401 non
549 2375 590 2401 vis
604 2375 740 2401 dimittere
762 2377 897 2411 populum
915 2383 1021 2407 meum;
1041 2384 1106 2403 ecce
1129 2377 1280 2411 percutiam
1302 2375 1393 2403 omna
1416 2379 1597 2411 primogenita
1615 2381 1641 2404 in
1662 2377 1781 2411 Egypto,

153 2412 239 2438 etiam
253 2410 463 2446 primogenitum
480 2414 574 2446 tuum;
600 2419 609 2435 ι
633 2414 661 2436 et
683 2417 852 2444 qmecnnque
866 2410 917 2446 alia
931 2410 968 2446 riu
992 2410 1142 2444 Scripturis
1157 2412 1211 2438 Deo
1227 2412 1382 2438 tribuuntur
1404 2410 1573 2439 Pharaonem
1596 2421 1645 2446 per
1668 2410 1780 2446 hloj'sctu

154 2444 327 2481 alloquenti?
341 2445 456 2481 Necesse
471 2445 598 2481 enimﬂest
611 2450 640 2471 ut
652 2452 697 2478 qm
714 2451 791 2481 veras
802 2444 1034 2481 esseScripturas
1049 2452 1074 2473 et
1090 2447 1171 2472 Dcuttt
1186 2446 1289 2479 justum
1309 2447 1404 2477 credit,
1420 2447 1442 2473 si
1461 2447 1530 2473 bona
1544 2447 1578 2473 sit
1596 2444 1661 2479 iide,
1675 2444 1780 2473 sollicite

153 2479 327 2509 demonstret
339 2480 475 2515 quomodo
491 2479 558 2505 nihil
573 2481 682 2516 obstent
702 2480 833 2516 ejusmodi
856 2480 930 2506 dicta
954 2481 1102 2514 quominus
1124 2487 1217 2515 aperte
1228 2481 1319 2515 justus
1332 2481 1510 2516 intelligatur.
1534 2482 1563 2508 Si
1580 2483 1642 2516 quis
1656 2483 1725 2509 cuitu
1748 2486 1776 2507 ex

154 2517 280 2551 professo
290 2514 372 2544 enixe
385 2522 418 2542 ac
426 2518 554 2541 contente
566 2514 709 2549 palamque
720 2515 820 2541 malum
834 2522 895 2542 esse
909 2515 1001 2542 mundi
1014 2514 1284 2550 opiliceni’statueret
1296 2535 1304 2548 .
1318 2516 1371 2543 alia
1382 2514 1444 2543 cuiu
1456 2517 1515 2550 ipso
1531 2514 1640 2545 ratione
1653 2516 1777 2549 apemtum

153 2552 236 2580 foret.

188 2641 214 2658 ⁵⁵
228 2641 313 2668 Exod.
334 2649 372 2673 ix,
390 2639 437 2673 i7;
454 2647 505 2672 xu,
521 2640 572 2671 12;
601 2647 639 2672 χι,
655 2639 683 2666 5.

994 2741 1129 2768 motiones
1142 2740 1240 2768 fabulis
1256 2741 1444 2768 introducunt.
1460 2749 1469 2767 ι

995 2775 1085 2837 mgis)
1100 2776 1198 2803 Meum.
1220 2776 1299 2804 Deest
1318 2777 1346 2803 iu
1367 2776 1433 2804 libb.
1449 2776 1539 2805 editis.
1559 2777 1606 2804 sed
1624 2776 1737 2805 habetur
1750 2774 1772 2801 in

187 2739 243 2776 ('55)
259 2741 304 2768 Sic
317 2740 382 2767 libb.
401 2741 475 2777 editi.
501 2741 565 2769 Mss.
578 2749 659 2777 vero,
679 2751 687 2768 I
708 2742 733 2769 in
750 2750 805 2777 quo
825 2742 868 2769 isti
896 2749 939 2769 se-

151 2776 532 2812 cundumvosnusericordia.
550 2787 559 2803 ι
576 2776 659 2804 Paulo
668 2783 730 2812 post
746 2776 823 2808 mss.
838 2787 847 2803 ι
865 2785 940 2803 com-

149 2810 283 2839 mentitus
301 2810 402 2840 fabulis
417 2812 602 2840 introducunt.
618 2821 628 2839 ι
644 2810 724 2840 Libh.
741 2813 818 2845 editi,
833 2821 842 2838 ι
864 2819 940 2839 com-
