1860 3073
97 141 146 168 269

774 139 875 167 LIBER
894 139 1053 185 TERTIUS.

1679 142 1732 170 270

97 197 217 232 λεγέσθω
232 197 304 233 πρὸς
314 197 359 224 τὸν
369 196 477 233 Φαραὼ,
493 197 540 223 καὶ
554 197 624 224 πάνυ
633 197 771 232 ἁρμοδίως
787 207 831 233 νοτ

1001 205 1095 232 resque
1113 198 1195 230 fiunt,
1215 199 1305 226 dicere
1326 200 1414 227 solent
1429 209 1435 227 :
1455 199 1509 234 Ego
1527 204 1553 226 te
1568 199 1648 226 talem
1671 199 1735 227 fecit

98 244 182 270 ταῦτα
196 244 428 278 ἀπαγγελλόμενα
453 243 537 277 αὐτῷ,
556 243 627 269 κατὰ
651 243 699 278 τὴν
726 243 896 278 σκληρότητα

99 291 145 316 καὶ
160 289 348 324 ἀμετανόητον
365 287 447 315 αὑτοῦ
461 289 586 324 καρδίαν,
604 288 795 324 θησαυρίζοντι
808 289 896 324 ἐαυτῷ

99 335 191 370 ὀργήψ
218 335 270 369 τῆς
286 334 468 369 σκληρότητος
483 334 532 360 οὐκ
554 333 586 360 ἂν
603 333 777 369 ἐλεγχθείσης
797 334 893 366 οὕτως,

97 380 158 406 οὐδὲ
172 380 292 415 φανερᾶς
303 379 498 414 γεγενημένης,
512 380 535 405 εἰ
549 380 586 415 μὴ
600 380 634 406 τὰ
646 381 745 414 σημεῖα
761 380 893 413 ἐγεγόνει,

96 424 113 459 ἦ
129 424 252 458 ἐγεγόνει
278 424 334 459 (di)
351 424 410 458 μὲν,
433 424 470 459 μὴ
491 423 607 450 τοσαῦτα
625 424 651 450 δὲ
667 425 714 451 καὶ
730 423 890 460 τηλικαῦτα.

952 251 1003 279 ego
1018 247 1043 271 te
1057 244 1181 278 perdidi,
1205 252 1263 271 mea
1290 249 1315 272 te
1337 245 1467 279 patientia
1495 246 1642 279 pessimum
1664 245 1714 272 feci
1729 265 1737 277 ,

950 295 1001 322 ego
1016 288 1063 316 libi
1077 295 1158 315 causa
1171 288 1249 323 hujus
1268 293 1322 316 tam
1337 290 1412 317 dune
1426 296 1454 317 et
1467 292 1592 325 pessima:
1617 298 1735 318 consue-

950 334 1052 361 tudinis
1067 333 1125 368 (45)
1144 334 1246 361 exsisto
1259 354 1267 366 ,
1282 335 1328 367 qui
1345 339 1371 362 te
1383 343 1435 362 non
1449 336 1541 363 statim
1555 344 1604 371 per
1616 335 1738 371 singulas

948 379 1042 412 culpas
1063 379 1146 410 punio
1168 387 1216 414 pro
1237 380 1336 407 merito
1357 381 1530 408 delictorum.
1555 381 1673 409 Necesse
1695 387 1737 408 est

950 423 1030 458 119
1042 425 1113 450 enim
1130 431 1178 452 nos
1194 428 1300 459 tropmn
1318 425 1404 460 primo
1420 427 1460 452 vel
1476 427 1586 461 ﬁguram
1604 428 1737 454 sermonis

98 471 257 502 advertere,
274 476 303 498 et
322 471 357 497 ita
378 470 484 497 demum
503 470 629 497 virtutem
650 471 715 498 dicti
739 471 908 506 intelligere,
929 478 980 498 nec
1003 471 1104 498 inferre
1123 470 1273 498 calumnias
1294 472 1376 498 verbo
1391 471 1468 505 cujus
1492 472 1649 500 interiorem
1671 480 1737 500 sen-

97 520 159 541 sum
182 523 237 542 non
259 515 415 550 diligentius
434 515 615 549 exploremus.
640 515 762 550 Denique
781 516 923 552 apostolus
944 515 1042 543 Paulus
1066 516 1208 543 evidenter
1227 517 1260 543 de
1281 517 1380 544 talibus
1400 522 1519 544 tractans
1533 537 1541 550 ,
1561 519 1599 545 ait
1618 519 1652 546 ad
1673 527 1734 547 cum

97 561 144 594 qui
170 561 349 595 permanebat
371 561 398 588 in
424 561 559 596 peccatis:
585 571 594 588 ι
612 561 653 588 An
679 562 789 590 divitias
815 563 946 590 bonitatis
974 562 1032 597 ejus
1057 571 1089 590 ac
1116 563 1254 596 patientiae
1279 569 1306 590 et
1331 563 1543 598 longanimitatis
1570 566 1735 597 contemnis.

97 614 229 642 ignorans
257 608 321 642 quia
348 607 500 643 benignitas
524 608 571 636 Dei
599 610 632 636 ad
658 609 846 643 pmnitentiam
875 607 934 644 ($6)
962 613 988 636 te
1012 607 1143 635 adducit?
1170 608 1324 635 Secundum
1351 608 1479 635 duritiam
1503 615 1592 636 autem
1615 614 1688 637 tuam
1709 614 1737 637 et

97 653 274 687 impmnitens
299 661 346 681 cor
364 654 536 682 thesaurizas
563 654 611 682 tibi
636 655 686 689 ipsi
715 655 782 681 iram
811 655 838 681 iu
866 653 909 681 die
931 654 978 681 ira:
1003 658 1030 680 et
1053 653 1227 681 revelationis
1250 653 1315 687 justi
1330 652 1426 687 judicii
1447 653 1494 681 Dei
1511 654 1543 681 “.
1562 664 1571 680 ι
1587 654 1651 682 Hzec
1670 655 1737 683 dicit

95 699 246 733 Apostolus
259 700 292 726 ad
306 707 367 727 eum
382 701 428 735 qui
443 702 470 728 in
484 702 605 736 peccatis
630 708 681 729 est.
696 701 893 729 Couvertamus
909 702 965 729 htec
992 701 1049 736 ipsa
1069 709 1117 728 nos
1142 701 1174 728 ad
1191 701 1360 728 Pharaonem
1381 701 1433 728 dici
1444 721 1451 734 ,
1476 707 1505 728 et
1519 702 1578 729 vide
1591 703 1614 729 si
1629 711 1680 730 non
1705 711 1736 731 ea

95 747 181 774 etiam
201 748 234 775 de
257 749 316 783 ipso
331 748 384 775 dici
401 755 586 776 consonanter
598 750 733 783 invenies,
758 751 804 784 qui
828 750 973 777 secundum
994 749 1120 776 duritiam
1139 756 1215 776 suam
1233 753 1259 775 et
1279 756 1326 775 cor
1346 748 1520 783 impoanitens
1542 749 1737 779 thesaurizavit

95 799 123 821 et
145 795 303 822 recondidit
322 795 373 823 sibi
395 796 446 830 ipsi
470 795 537 822 iram
563 796 648 823 indie
666 796 732 828 iraa,
756 803 805 830 pro
826 803 859 823 eo
882 795 953 830 quod
969 802 1108 829 nunquam
1131 794 1230 821 duritia
1252 795 1310 828 ejus
1330 795 1366 820 ita
1389 794 1464 828 argui
1478 795 1545 822 etin
1562 795 1734 824 manifestum

95 840 192 866 venire
209 840 356 874 potuisset,
371 840 424 866 nisi
447 840 524 875 signa
540 845 565 867 et
582 841 706 876 prodigia
721 840 835 868 fuissent
849 847 902 867 tam
920 841 1004 868 multa
1027 845 1136 874 tamque
1151 839 1294 872 magniﬁca
1311 845 1465 874 prosecuta.

139 886 206 913 Ἀλλ’
229 886 290 912 ἐπεὶ
313 885 468 917 δυσπειθεῖς
484 886 649 914 αἱτοιαῦται
671 887 822 922 διηγήσεις,
843 887 892 913 καὶ
907 892 929 919 Β

97 933 181 968 βίαιοι
196 930 265 958 εἶναι
278 931 444 965 νομίζονται,
469 932 568 967 ἴδωμεν
585 932 632 959 καὶ
647 933 700 959 ὀιπῆ
723 932 891 968 προφητικοῦ

95 978 176 1011 λόγου
188 977 214 1002 τί
223 984 305 1011 φασιν
321 977 346 1003 οἱ
364 977 464 1012 πολλῆς
475 978 659 1013 χρηστότητος
672 978 740 1004 Θεοῦ
756 987 891 1013 πεπειρα-

99 1024 178 1058 μένοι
200 1023 246 1048 καὶ
271 1022 308 1058 μὴ
336 1022 483 1057 βἰώσαντες
502 1023 603 1055 καλῶς,
629 1024 697 1051 ἀλλὰ
724 1024 792 1059 μετὰ
806 1024 892 1051 ταῦτα

95 1070 316 1104 ἀμαρτήσαντες·
328 1078 337 1094 ‹
354 1069 385 1094 Τί
398 1068 552 1105 ὲπλάνησας
568 1071 650 1105 ἡμᾶς,
667 1071 762 1105 Κύριε,
778 1070 831 1096 ἀπὸ
842 1070 893 1104 τῆς

95 1114 156 1140 ὁδοῦ
175 1122 239 1145 σου,
265 1114 323 1140 Ἵνα
349 1113 375 1139 τί
403 1113 573 1149 ἑσκλήρυνας
599 1115 677 1149 ἡμῶν
696 1115 745 1150 τὴν
763 1114 887 1150 καρδίαν,

95 1160 144 1186 τοῦ
157 1159 194 1195 μὴ
206 1159 347 1194 φοϐεῖσθαι
362 1160 392 1186 τὸ
405 1160 490 1196 ὄνομά
505 1169 568 1193 σου;
583 1160 762 1196 Ἐπίστρεψον
776 1161 819 1187 διὰ
830 1161 892 1193 τοὺς

95 1203 207 1234 δούλους
229 1212 286 1235 σου,
304 1204 348 1230 διὰ
369 1203 417 1235 τὰς
443 1204 527 1238 φυλὰς
550 1205 599 1240 τῆς
628 1204 810 1240 κληρονομίας
833 1212 890 1236 σου,

96 1250 141 1277 ἵνα
157 1250 256 1285 μικρόν
271 1259 297 1276 τι
320 1250 567 1285 κληρονομήσωμεν
590 1250 635 1276 τοῦ
658 1250 737 1285 ὅρους
753 1250 798 1277 τοῦ
813 1250 890 1284 ἁγίου

98 1305 157 1322 σου.
174 1306 182 1321 ι
195 1296 248 1322 Καὶ
266 1297 295 1322 ὲν
310 1296 348 1331 τῷ
370 1296 500 1332 Ἱερεμίᾳ·
519 1306 528 1321 ι
548 1296 708 1330 Ἣπάτησάς
730 1305 775 1331 με,
792 1296 890 1331 Κύριε,

97 1341 146 1368 καὶ
162 1340 317 1375 ἡπατὴθην,
337 1340 492 1375 ἐκράτησας
509 1340 555 1366 καὶ
579 1339 735 1375 ἐδυνάσθης.
750 1350 758 1365 ι
776 1340 813 1366 Τὸ
826 1339 890 1375 γὰρ,

98 1398 108 1413 ι
123 1388 168 1414 ἵνα
186 1387 212 1413 τί
229 1387 398 1422 ὲσκλὴρυνας
412 1387 489 1422 ἡμῶν
505 1387 554 1422 τὴν
580 1387 704 1422 καρδίαν,
720 1387 766 1414 τοῦ
790 1387 827 1423 μὴ
843 1396 891 1421 φο-

95 1433 203 1460 εεῐπθαι
215 1434 244 1459 τὸ
256 1429 341 1467 δνομά
358 1441 403 1459 σου
415 1442 439 1464 ;›
449 1433 593 1467 λεγόμενον
608 1433 660 1459 ὑπὸ
676 1433 729 1459 τῶν
745 1433 891 1469 ἐλεηθῆναι

96 1479 337 1515 παρακαλούντων,
348 1481 375 1505 ἐν
387 1479 446 1514 ἤθει
458 1478 602 1514 λεγόμενον
617 1478 735 1505 τοιοῦτόν
745 1479 892 1505 ἑστιν-Ἵνα

94 1524 121 1550 τί
138 1524 186 1550 ἐπὶ
207 1524 332 1550 τοσοῦτον
355 1524 455 1557 ἐφείσω
480 1523 568 1558 ἡμῶν,
592 1523 641 1549 οὐκ
658 1523 890 1558 ἐπισκεπτόμενος

95 1569 170 1604 ἡμᾶς
193 1568 239 1594 ἐπὶ
260 1570 320 1599 ταῖς
344 1567 501 1603 ἁμαρτίαις,
517 1567 586 1594 ἀλλὰ
609 1567 767 1594 καταλιπὼν
783 1568 835 1599 ἓως
850 1569 890 1600 εἰς

96 1612 212 1646 μέγεοος
228 1611 291 1648 ἔλθῃ
307 1612 483 1646 πταισμάτων
505 1611 539 1638 τὰ
555 1612 695 1647 mae-rapa;
717 1612 890 1646 Ἐγκαταλεί-

95 1667 141 1685 πει
163 1658 192 1685 δὲ
214 1658 251 1694 μὴ
273 1658 470 1692 κολαζομένους
496 1659 560 1689 τοῦς
582 1658 717 1690 πλείονας,
737 1658 779 1684 ἵνα
802 1667 830 1684 τε
854 1658 888 1684 τὰ

97 1705 215 1731 ἑκάστου
233 1703 285 1739 ἥϐη
302 1705 335 1730 ὲκ
350 1703 397 1730 τοῦ
418 1705 460 1738 ἐφ’
476 1705 541 1739 ἡμῖν
560 1703 701 1739 ὲξετασῡῇ,
718 1705 765 1730 καὶ
779 1705 888 1740 φανεροὶ

97 1751 146 1786 μὲν
162 1751 195 1776 ἐκ
219 1750 268 1785 τῆς
283 1749 433 1785 γενομένης
453 1749 570 1784 βασάνου
590 1751 614 1776 οἱ
633 1750 772 1783 κρείττους
787 1750 887 1784 γένων-

95 1804 149 1822 ται·
166 1796 190 1821 οἱ
206 1795 234 1821 δὲ
250 1795 337 1821 λοιποὶ
353 1796 390 1829 μὴ
403 1795 538 1827 λαϐόντες,
557 1796 616 1830 οὐχὶ
633 1795 709 1826 Θεὸν,
730 1796 817 1822 πάντα
833 1797 887 1831 γὰρ

95 1841 148 1868 οἶδε
163 1842 216 1877 πρὸ
227 1842 359 1876 γενέσεως
373 1841 470 1873 αὐτῶν,
481 1841 548 1868 ἀλλὰ
565 1842 597 1868 τὰ
610 1841 708 1876 λογικὰ
721 1843 766 1868 καὶ
776 1843 885 1874 αὐτοὺς,

981 887 1024 914 12.
1042 886 1118 920 Quod
1134 885 1157 913 si
1174 885 1264 912 minus
1280 885 1366 920 plenis
1379 886 1504 913 videntur
1520 894 1580 915 esse
1595 888 1736 922 probatio-

943 941 991 960 nes
1007 940 1075 967 quas
1091 932 1221 964 diximus,
1232 936 1259 958 et
1270 932 1427 965 apostolica!
1440 933 1624 961 similitudinis
1639 942 1734 969 parum

943 978 1105 1005 munimenti
1130 978 1231 1005 habere
1256 978 1344 1004 adlmc
1362 978 1470 1005 videtur
1488 980 1623 1012 assertio;
1651 982 1734 1008 adhi-

943 1024 1058 1050 beamus
1080 1023 1163 1050 etiam
1189 1023 1357 1057 prophetica:
1380 1025 1554 1052 auctoritatis
1577 1033 1732 1056 assensum.

942 1071 970 1093 et
985 1066 1124 1093 videamus
1149 1065 1213 1101 quid
1237 1066 1318 1094 etiam
1345 1067 1484 1102 propheta:
1508 1071 1685 1103 pronuntient
1700 1072 1734 1098 de

943 1112 986 1138 his
1009 1112 1055 1146 qui
1078 1111 1167 1146 primo
1183 1112 1292 1146 quidem
1316 1118 1391 1141 recte
1405 1114 1537 1148 viventes,
1555 1116 1733 1151 benignitatis

943 1157 990 1184 Dei
1007 1158 1108 1185 habere
1123 1157 1325 1192 quamplurima
1349 1160 1536 1194 experimenta
1562 1168 1732 1195 meruerunt.

942 1208 1036 1238 postea
1063 1211 1127 1231 vero
1148 1209 1179 1230 ut
1195 1205 1319 1232 homines
1339 1206 1529 1240 deliquerunt;
1548 1215 1610 1234 cum
1631 1209 1733 1243 quibus

943 1256 972 1276 se
995 1256 1102 1282 quoque
1122 1256 1205 1275 unum
1222 1249 1324 1277 faciens
1340 1250 1476 1285 Propheta
1495 1252 1553 1279 ait:
1571 1262 1580 1278 ι
1593 1251 1627 1280 Ut
1644 1255 1708 1288 quid
1723 1275 1732 1287 ,

943 1294 1066 1327 Domine,
1081 1301 1173 1321 errare
1189 1302 1239 1322 nos
1262 1295 1349 1323 fecisti
1372 1303 1387 1323 a
1403 1297 1445 1324 via
1463 1298 1525 1324 tua?
1541 1298 1571 1325 Et
1590 1306 1675 1333 quare
1691 1300 1733 1327 in-

944 1339 1047 1367 durasti
1078 1347 1126 1367 cor
1148 1345 1274 1368 nostrum
1300 1341 1338 1368 uti
1363 1349 1416 1369 non
1446 1343 1607 1371 timeremus
1633 1352 1731 1372 nomen

943 1387 1038 1413 tuum?
1066 1386 1232 1414 Convertere
1259 1392 1370 1422 propter
1396 1395 1490 1416 servos
1515 1395 1585 1421 tuus,
1617 1397 1733 1425 propter

943 1433 1031 1458 tribus
1057 1432 1224 1458 haereditatis
1245 1437 1307 1464 tuae,
1335 1437 1364 1460 ut
1389 1437 1416 1460 et
1443 1442 1491 1461 nos
1507 1442 1602 1468 parum
1629 1435 1731 1470 aliquid

943 1477 1109 1505 hacreditatis
1123 1477 1179 1512 (47)
1198 1478 1338 1512 capiamus
1354 1479 1387 1506 de
1405 1485 1496 1507 monte
1511 1485 1605 1508 sancto
1625 1485 1670 1508 tuo
1678 1481 1729 1508 ⁸⁷.»

943 1521 996 1547 Sed
1021 1525 1049 1548 et
1074 1519 1205 1548 Jeremias
1235 1522 1362 1549 similiter
1383 1523 1449 1550 dicit
1467 1533 1474 1550 :
1494 1533 1502 1549 ι
1516 1524 1652 1552 Seduxisli
1670 1534 1731 1559 nos,

904 1559 924 1586 (ἶ
943 1566 1067 1598 Domine.
1084 1571 1110 1593 et
1126 1567 1230 1603 seducti
1255 1575 1367 1594 sunms:
1384 1569 1496 1596 tenuisti
1512 1574 1539 1596 et
1553 1571 1664 1603 potuisti
1673 1571 1707 1598 η.
1719 1581 1729 1597 ι

943 1611 1020 1644 Quod
1044 1618 1108 1645 ergo
1130 1612 1190 1638 ait:
1207 1611 1263 1639 (Ad
1289 1612 1364 1646 quid,
1383 1613 1508 1645 Domine.
1534 1614 1666 1641 indurasti
1683 1622 1733 1642 cor

943 1661 1065 1683 nostrum
1092 1657 1129 1683 uti
1147 1664 1199 1684 non
1218 1657 1362 1685 timeamus
1381 1666 1477 1685 nomen
1495 1660 1588 1685 tuum?
1603 1669 1612 1686 ›
1630 1660 1730 1688 dictqu

943 1702 976 1729 ab
990 1702 1033 1729 his
1049 1703 1094 1737 qui
1111 1703 1328 1730 misericordiam
1352 1704 1544 1738 precabantur,
1562 1706 1658 1733 morali
1678 1706 1732 1739 uti-

942 1755 995 1782 que
1024 1752 1103 1782 tropo
1129 1749 1320 1783 accipiendum
1348 1750 1427 1784 120
1440 1755 1498 1783 est;
1526 1751 1599 1779 velut
1620 1753 1642 1779 si
1669 1753 1732 1787 quis

942 1793 1014 1820 dicat
1031 1801 1037 1819 :
1054 1792 1091 1820 Ut
1108 1794 1172 1828 quid
1189 1794 1215 1820 in
1233 1797 1337 1820 tantum
1360 1795 1502 1828 pepercisti
1521 1796 1599 1823 nobis
1616 1804 1665 1824 nec
1688 1805 1731 1824 re-

943 1837 1050 1872 quisisti
1068 1845 1116 1864 nos
1130 1845 1190 1864 cum
1207 1845 1393 1872 peccaremus,
1418 1839 1466 1866 sed
1485 1840 1617 1873 reliquisti
1631 1849 1680 1868 nos
1702 1847 1730 1869 ut

942 1891 991 1917 per
1015 1884 1067 1910 hoc
1083 1883 1251 1910 incresceret
1273 1884 1386 1916 malum,
1409 1889 1436 1912 et
1452 1891 1649 1920 propagaretur
1663 1893 1729 1920 pec-

96 1888 208 1923 ὖπτερον
224 1888 342 1923 τύχωσιν
356 1887 416 1914 ὀδοῦ
436 1887 593 1923 θεραπείας·
617 1889 667 1913 οὐκ
684 1888 717 1914 ἂν
738 1888 887 1921 ἐγνωκότες

95 1935 144 1969 τὴν
161 1933 331 1969 εὐεργεσίαν,
355 1934 378 1959 εἰ
396 1933 432 1967 μὴ
453 1933 555 1960 ἑαυτῶν
572 1933 803 1967 κατεγνώκεισαν·
821 1934 889 1968 ὅπερ

712 1975 992 2006 INTERPRETATIO
1008 1975 1113 2003 NOVA.

95 2026 218 2053 moribus
233 2046 241 2056 .
266 2026 390 2059 ingerere
414 2025 520 2053 solent:
545 2025 599 2060 Ego
624 2025 825 2062 te_improh_um
849 2023 920 2062 feci,
945 2029 1000 2062 ego
1018 2026 1055 2062 tot
1074 2021 1212 2062 scelerum
1227 2021 1286 2062 _tibi
1312 2030 1394 2050 causa
1415 2023 1629 2062 fuiqzsermouis
1640 2025 1726 2062 _euim

97 2061 203 2087 indoles
228 2064 256 2087 et.
277 2057 318 2087 vis
340 2061 506 2087 advertenda
532 2057 580 2086 est
597 2065 625 2087 et
645 2057 718 2086 citra,
739 2059 905 2086 calumniam
930 2057 1002 2092 quod
1028 2057 1129 2093 dicitur
1153 2057 1272 2093 genuino
1301 2064 1380 2085 sensu
1406 2058 1605 2093 accipiendum.
1635 2059 1728 2093 Quare

97 2095 214 2125 Paulus.
239 2095 285 2129 qui
309 2096 366 2122 haec
384 2100 511 2123 accurate
529 2099 717 2128 perscrutatus
734 2094 843 2126 fuerat,
863 2096 1022 2129 peccantem
1045 2092 1250 2129 sicqalloquitur
1264 2100 1295 2129 ε]
1311 2093 1351 2129 An
1369 2092 1481 2120 divitias
1501 2095 1631 2121 bonitatis
1647 2094 1706 2128 ejus
1719 2115 1727 2125 .

95 2136 122 2156 et
145 2127 282 2164 patientia:
301 2136 327 2157 et
349 2127 570 2167 longanimitatis
582 2129 754 2160 contemnis,
780 2127 1062 2167 ign_orans_quoniam
1088 2127 1244 2167 benignitas
1272 2127 1375 2167 De‘i‘atl
1400 2129 1599 2167 _ptenite_ntiam
1628 2127 1665 2167 te
1680 2131 1729 2156 ad-

96 2162 193 2191 ducit?
219 2165 373 2192 Secundum
396 2162 489 2191 autem
512 2165 639 2191 duritiam
669 2170 742 2190 tuam
770 2162 801 2191 cf
821 2163 994 2196 impmnitens
1017 2169 1075 2193 cor,
1094 2162 1265 2188 thes-auritas
1287 2162 1334 2196 tibi
1356 2162 1406 2196 ipsi
1431 2164 1497 2190 iram
1514 2164 1540 2189 in
1565 2165 1608 2190 die
1628 2165 1675 2191 irae
1700 2169 1728 2191 et

96 2200 272 2227 revelationis
291 2200 358 2234 justi
382 2199 477 2233 judicii
502 2199 561 2226 Dei.
578 2209 586 2224 ι
600 2198 668 2224 Nam
692 2206 752 2232 qua:
776 2198 843 2225 dicit
860 2192 898 2224 'ad
922 2192 1079 2234 peccantem
1104 2197 1250 2234 Apostolus
1262 2218 1270 2230 ,
1286 2192 1420 2234 ,dicatitur
1444 2198 1477 2234 ad
1495 2198 1682 2231 Pharaonem,
1700 2206 1728 2225 et

95 2235 176 2268 plane
193 2232 583 2270 congruenter?intelligentur
599 2234 649 2270 ipsi
676 2237 843 2270 competere,
856 2232 1120 2270 propter_duriti_ant
1146 2236 1178 2270 et.
1195 2232 1370 2270 imputniteus
1391 2240 1438 2259 cor
1457 2233 1652 2270 thesaurizauti
1674 2234 1727 2261 sibi

96 2266 147 2304 ipsi
165 2266 320 2296 iramfNec
333 2271 404 2296 enim
422 2266 666 2304 ejus'durities'ita
681 2266 792 2302 coargui
808 2275 833 2304 et
849 2267 984 2304 decim-ari.
1002 2266 1135 2301 potuisset
1153 2266 1204 2292 nisi
1221 2266 1308 2304 signa
1331 2272 1380 2304 tot»
1394 2275 1424 2304 ac
1449 2274 1522 2294 tanta
1542 2269 1726 2296 esslitissent.

131 2305 177 2331 12.
194 2304 248 2331 Sed
267 2304 396 2338 quoniam
410 2301 594 2338 expositiones
608 2302 740 2336 ejusmodi
758 2303 863 2329 creditu
879 2302 1000 2338 dilliciles
1017 2305 1043 2327 ct
1057 2305 1187 2338 contorta:
1203 2301 1340 2338 videntur,
1356 2302 1498 2329 videamus
1515 2310 1548 2330 ex
1565 2304 1726 2337 prophetico

96 2346 224 2367 sermone
241 2335 306 2373 quid
323 2340 416 2365 dicant
433 2335 451 2365 ii
467 2339 512 2373 qui
528 2339 575 2364 Dei
591 2338 789 2373 benignitatem
801 2337 910 2373 experti
927 2342 996 2373 sunt
1013 2343 1062 2362 nec
1085 2335 1199 2362 honeste
1223 2336 1362 2369 vixerunt,
1377 2337 1423 2363 sed
1445 2343 1539 2371 postea
1556 2335 1724 2373 pecearunt;

99 2384 108 2400 ι
125 2375 179 2402 Cur
193 2371 288 2402 errare
303 2381 352 2401 nos
367 2371 610 2408 fecisti,'Dominc,
628 2382 641 2399 a
658 2371 702 2400 via
716 2372 779 2399 tua?
795 2371 850 2398 Cur
865 2371 998 2398 indurasti
1013 2378 1061 2398 cor
1077 2375 1213 2404 nostrum,
1228 2375 1256 2397 ut
1272 2378 1326 2398 non
1339 2372 1498 2401 timeremus
1515 2380 1614 2401 nomen
1630 2372 1725 2400 tuum?

943 1929 1023 1956 candi
1044 1929 1151 1956 licentia
1169 1929 1404 1958 animadversione
1419 1931 1564 1958 cessante?
1581 1931 1626 1959 Sic
1643 1939 1730 1967 equus

138 2455 161 2470 ⁸⁸
178 2454 258 2481 Rom.
274 2460 306 2485 ιι,
320 2452 347 2484 4,
365 2452 391 2479 5.
429 2451 451 2467 "
465 2451 516 2478 lsa.
531 2458 608 2482 unt,
626 2449 671 2481 Π,
691 2449 734 2476 18.
774 2447 795 2464 ⁸³
814 2447 872 2475 Jere

291 2460 306 2485 ι,
320 2452 347 2484 4,
365 2452 391 2479 5.
429 2451 451 2467 "
465 2451 516 2478 lsa.
531 2458 608 2482 unt,
626 2449 671 2481 Π,
691 2449 734 2476 18.
774 2447 795 2464 ⁸³
814 2447 915 2476 Jerem.
929 2455 978 2480 xx,
1001 2447 1025 2473 7.

132 2536 188 2572 (44)
208 2531 247 2560 Ἣ
261 2534 402 2569 ἐγεγόνει.
417 2533 479 2561 Ηιιεο
496 2534 596 2561 omissa
612 2537 674 2560 sunt
696 2533 722 2560 in
736 2537 814 2560 antea
827 2533 866 2560 edi

165 2571 212 2591 cpil
227 2570 362 2591 Imlmnlnr
377 2570 402 2591 in
417 2576 479 2591 mss,

992 2530 1033 2591 ιθ).
1051 2530 1086 2556 Ita
1102 2538 1168 2571 mss.
1180 2530 1258 2571 Lilrb.
1274 2525 1601 2574 editifrad:patientiam.
1615 2541 1624 2557 ι
1643 2531 1726 2561 Pau‘lo

992 2571 998 2591 L
1028 2565 1081 2591 Ibi).
1105 2566 1181 2591 etlttt.
1200 2574 1210 2591 ι
1227 2574 1253 2591 ιιι
1272 2567 1315 2591 die
1332 2567 1423 2591 Iuthcu
1442 2567 1499 2591 Dei.
1512 2576 1521 2591 ι
1540 2567 1594 2591 bed
1611 2575 1678 2591 mss.
1695 2575 1725 2591 ιιι

99 2565 144 2603 ns;
165 2565 212 2597 s'ed
227 2565 362 2596 hab-enim.
377 2570 403 2595 in
417 2576 480 2596 mss.
939 2571 998 2599 post
1017 2565 1081 2592 libb.
1105 2566 1181 2596 editi,
1200 2574 1210 2592 ι
1222 2567 1253 2603 in
1272 2566 1315 2603 die
1328 2566 1423 2603 judicii
1442 2567 1499 2593 Dei.
1512 2576 1521 2591 ι
1540 2567 1594 2603 Sed
1611 2575 1678 2595 mss.
1695 2575 1725 2595 ut

131 2600 257 2641 (ιὸλδίς
272 2612 338 2631 mss.
355 2604 432 2631 Lihb.
451 2603 534 2636 editi,
547 2613 556 2629 ι
571 2609 597 2630 ct
617 2602 882 2641 pessimminsolen-
937 2602 965 2628 in
991 2606 1086 2641 nostro
1107 2604 1191 2641 testu.
1217 2600 1312 2641 l’aulo_
1326 2601 1395 2641 infra
1410 2609 1484 2641 linss.
1512 2609 1522 2626 ι
1537 2602 1652 2641 deutpso
1670 2603 1726 2641 dici

97 2638 150 2668 tisi.
164 2638 277 2666 {Paulo
302 2645 364 2673 post
390 2646 466 2670 mss.,
482 2647 491 2663 ι
510 2645 558 2665 nos
582 2644 689 2672 tropum
715 2639 814 2673 primo.
831 2647 840 2664 ι
854 2638 881 2664 ln

96 2677 176 2703 editis
201 2675 279 2702 deest
293 2684 302 2699 ι
318 2675 416 2708 primo.
433 2682 442 2698 ι
461 2674 524 2700 Post
547 2674 685 2708 paululum
699 2693 707 2705 ,
725 2681 734 2698 ι
751 2673 881 2708 virtutem

97 2712 160 2738 dicti
186 2707 353 2740 intelligere.
371 2718 380 2733 ι
393 2708 421 2735 in
442 2708 522 2736 editis
549 2707 599 2742 pro
614 2718 623 2734 ι
638 2709 721 2738 dicti,
741 2718 749 2732 ι
769 2707 879 2742 legitur,

99 2755 108 2772 ι
122 2746 179 2773 Dei.
197 2755 207 2771 ι
222 2744 327 2771 lhidem
344 2751 421 2775 mss.,
438 2751 446 2768 t
463 2751 572 2771 sensum
588 2751 640 2770 nou
660 2744 818 2778 diligentius
832 2749 882 2769 ex-

95 2780 245 2817 ploremus.
259 2788 268 2804 ι
283 2778 311 2805 In
323 2780 406 2806 editis
419 2778 719 2817 deest-._A«_tton.r[fattlo
732 2782 792 2817 post
804 2785 882 2817 musa”

99 2812 155 2842 ide
182 2814 285 2842 talibus
307 2818 440 2842 tractans.
456 2822 465 2838 ι
482 2813 564 2845 Lihb.
588 2814 652 2841 editi
669 2833 676 2847 ,
698 2823 707 2839 ι
723 2814 756 2840 de
784 2812 884 2840 talibus

93 2851 216 2889 tradens.
235 2859 244 2875 ³

936 2639 1120 2663 consonanter
1134 2635 1266 2663 invenies.
1278 2645 1288 2661 ›
1306 2636 1332 2662 lu
1352 2636 1432 2662 editis
1451 2637 1526 2663 deest
1546 2645 1554 2661 ι
1568 2635 1632 2663 dici.
1645 2647 1654 2662 ι
1671 2638 1725 2665 lbi-

923 2671 996 2704 .dem
1013 2678 1089 2702 mss.,
1107 2680 1116 2695 ι
1128 2671 1277 2707 secundum
1286 2671 1420 2707 duritiam
1440 2679 1544 2698 suam.)
1565 2671 1637 2699 Editi
1650 2680 1725 2707 vero,

939 2715 949 2731 ι
959 2706 1109 2733 secundum
1126 2706 1253 2732 duritiatn
1268 2706 1337 2739 ejus.
1350 2715 1359 2731 ι

974 2740 1029 2776 (47)
1051 2740 1124 2771 Tute,
1144 2746 1170 2766 ut
1194 2745 1217 2766 et
1244 2748 1403 2776 nosﬁparum
1428 2741 1528 2775 aliquid
1548 2741 1723 2770 hwreditutis.

938 2775 1001 2802 llaze
1018 2776 1115 2802 desunt
1129 2775 1155 2801 in
1170 2780 1251 2801 antea
1267 2775 1357 2805 editis,
1372 2777 1417 2802 sed
1444 2776 1577 2802 habentur
1593 2777 1619 2803 in
1635 2778 1724 2803 omni-

939 2811 990 2838 bus
1006 2817 1070 2836 mss.
1087 2808 1158 2836 lul‘ra
1173 2817 1238 2837 mss.
1269 2818 1277 2835 ι
1291 2809 1363 2836 velut
1376 2810 1397 2837 si
1413 2810 1474 2845 quis
1497 2811 1577 2838 dicat.
1595 2821 1604 2837 ι
1622 2812 1652 2839 lu
1665 2812 1725 2840 edi-

941 2847 975 2873 tis
986 2846 1071 2878 decsr,
1087 2854 1095 2870 ι
1106 2845 1139 2872 si.
1148 2853 1156 2869 ι
