1860 3073
149 141 198 168 2⁵11
747 135 907 163 ORIGENIS
923 137 933 162 Ι

1024 135 1138 162 ΛΡΧΩΝ
1728 136 1777 164 ΞἾΞ

149 202 172 228 si
191 208 244 227 non
262 198 363 226 assidui
381 196 496 224 sessoris
513 196 643 223 ferratum
663 197 766 230 patitur
791 197 893 224 calcent
910 203 933 223 et

1025 196 1122 231 μφέρει
1138 195 1245 230 ἑκάστῳ
1268 195 1310 221 ἵνα
1329 194 1456 230 αἴσθηται
1479 195 1528 229 τῆς
1553 194 1681 230 ἰδιότητας
1698 196 1776 222 αὑτοῦ

151 247 234 273 frenis
251 253 296 272 ora
315 244 425 271 ferratis
439 242 581 273 obteritur,
607 242 767 269 indurescit.
785 242 829 269 Sic
846 242 936 276 pueri-

149 294 182 320 lis
195 291 253 328 (48)
268 296 333 318 a-tas
351 290 371 317 si
390 289 461 316 nulla
481 289 564 324 plagrc
582 287 741 321 assiduitate
757 293 881 320 curetur,
895 289 937 315 in—

151 339 282 366 solentem
310 337 390 364 simul
418 341 443 363 et
467 336 499 362 ad
528 335 594 362 vitia
621 335 787 370 prrccipitem
806 334 935 368 juvenem

150 385 251 412 reddet.
274 383 414 417 llelinquit
434 390 500 417 ergo
520 382 591 408 Deus
613 387 640 409 et
666 381 776 415 negligit
800 389 847 408 eos
867 389 936 416 quos

149 431 322 466 correptione
336 430 464 465 iudicarit
487 429 622 463 indignos.
640 437 649 453 ι
662 427 747 461 Quem
762 428 833 454 enim
847 428 936 460 diligit

147 477 289 509 Dominus,
305 476 429 510 corripit,
447 474 564 509 flagellat
594 479 683 500 autem
712 481 817 500 attinent
848 473 933 500 ﬁliuni

147 532 225 559 quem
245 523 379 558 recipit.”
394 532 403 548 ι
433 522 470 548 Ex
494 529 547 555 quo
561 521 748 547 arhitrandum
768 525 809 547 est
826 520 851 547 iu
868 520 936 547 lilio-

146 579 206 598 rum
228 571 283 604 jam
308 569 431 597 ordinem
447 573 473 595 et
492 567 616 594 affectum
643 567 726 600 recipi
750 574 796 593 eos
818 567 862 600 qui
887 566 934 593 fla-

146 617 240 652 gellari
255 624 269 642 ιι
285 615 397 642 Domino
421 614 571 641 meruerint
586 617 613 640 et
626 613 740 648 corripi,
758 621 812 647 quo
831 612 935 639 scilicet

147 670 174 689 ct
202 670 250 696 per
280 661 461 689 tentatiouum
486 665 514 686 et
541 659 747 686 tribulationum
775 659 934 692 patientiam

147 709 251 743 possint
265 707 348 733 etiam
373 706 424 740 ipsi
449 706 540 732 dicere
558 713 563 731 :
585 714 593 730 ι
607 704 672 737 Quis
691 712 739 730 nos
762 703 899 738 separabit
919 710 933 729 ιι

147 754 281 781 cltaritate
300 752 345 779 Dei
367 759 427 786 quae
449 755 489 778 est
502 751 527 776 in
540 749 649 776 Christo
665 748 746 776 Jesu?
765 748 935 775 Trihulatio?

145 807 178 826 an
201 798 344 833 angustia?
362 806 394 823 :nt
411 795 577 830 fatttes(49)?
596 803 628 821 an
651 794 780 822 nuditas?
806 802 838 821 an
862 794 935 828 peri-

144 845 255 872 culum?
271 852 303 870 an
320 843 424 878 gladius
442 841 486 867 59?
502 850 510 866 ι
532 840 584 867 Per
604 840 663 867 hinc
677 840 749 867 enim
768 840 858 867 omnia
875 847 932 866 nia-

991 244 1037 270 καὶ
1056 244 1105 278 τῆς
1133 243 1243 279 χάριτος
1265 242 1312 268 τοῦ
1336 242 1414 268 Θεοῦ.
1438 242 1467 268 '0
1486 242 1513 268 δὲ
1532 242 1568 278 μὴ
1588 241 1778 277 αἰσθανόμενος

990 290 1039 324 τῆς
1050 289 1116 320 ἰδίας
1125 287 1264 319 ἀσθενείας
1275 288 1380 323 καὶτῆς
1391 289 1467 320 Θείας
1477 288 1598 323 χάριτος,
1608 287 1658 314 κᾶν
1670 289 1779 323 εὐεργε-

990 337 1080 372 τῆται,
1093 336 1129 372 μὴ
1150 335 1245 362 ἑαυτοῦ
1265 336 1477 371 πεπειραμένος,
1499 337 1565 372 μηδὲ
1588 335 1682 362 ἑαυτοῦ
1701 344 1779 362 κατε-

989 381 1112 416 γνωκὼς,
1136 382 1256 417 οἰήσεται
1281 381 1346 408 ἴδιον
1371 380 1439 408 εἶναι
1461 382 1656 418 ἀνδραγάθημα
1682 383 1713 410 τὸ
1727 383 1779 410 ἀπὸ

989 429 1039 463 τῆς
1054 428 1179 464 οὐρανίου
1198 428 1308 463 χάριτος
1328 427 1402 462 αὑτῷ
1423 428 1631 464 ὲπιχορηγηῡὲν·
1651 429 1733 456 τοῦτο
1753 429 1780 455 δὲ

990 475 1074 510 οἴημα
1091 474 1244 509 ὲμποιῆςαν
1263 473 1311 500 καὶ
1337 474 1479 508 (periurae),
1504 475 1590 500 αἴτινιν
1609 474 1686 501 ἔσται
1702 484 1781 501 κατα-

991 520 1129 551 πτώσεως·
1143 520 1211 555 ὅπερ
1227 519 1373 554 νομίζομεν
1385 521 1432 546 καὶ
1448 520 1510 556 περὶ
1528 520 1574 547 τὸν
1594 521 1717 548 διάῦολον
1736 530 1780 556 γε-

989 566 1104 599 γονέναι,
1127 566 1214 601 ἐαυτῷ
1238 566 1420 601 χαρισάμενον
1447 566 1465 593 ἃ
1489 565 1545 601 εἶχε
1572 568 1779 603 προτερήματα,

989 610 1032 636 ὅτε
1046 610 1160 645 ἄμωμος
1175 608 1216 646 ἦν’
1238 620 1246 635 ι
1260 611 1312 642 πᾶς
1335 610 1389 646 γὰρ
1405 612 1418 637 ὁ
1444 611 1519 646 ὑψῶν
1540 612 1633 638 ἑαυτὸν
1652 621 1782 638 ταπεινω-

990 656 1110 692 θήσεται·
1133 657 1170 688 ὡς
1192 657 1245 688 πᾶς
1266 658 1280 683 ὁ
1300 656 1434 683 ταπεινῶν
1455 657 1550 683 ἑαυτὸν
1573 657 1777 693 ὑψωθήσεταιη

989 702 1123 728 Κατανόει
1137 701 1165 728 δὲ
1176 702 1216 728 ὅτι
1232 701 1275 727 διὰ
1295 701 1374 727 τοῦτο
1397 703 1604 738 ἀποκέκρυπται
1622 703 1677 729 ἀπὸ
1693 704 1780 737 σοψῶν

989 748 1036 774 καὶ
1051 747 1168 773 συνετῶν
1194 747 1228 773 τὰ
1249 747 1317 779 θεῖα,
1339 748 1392 778 ἵνα,
1409 747 1446 780 ὼς
1468 749 1550 783 φησιν
1570 750 1583 774 ὁ
1601 749 1778 780 Ἀπόστολος,

991 803 1000 818 ι
1022 793 1058 828 μὴ
1082 794 1253 828 καυχήσηται
1278 794 1353 819 πᾶσα
1375 792 1443 828 σὰρξ
1471 793 1585 820 ἐνώπιον
1611 794 1658 820 τοῦ
1675 794 1778 821 Θεοῦ-ι

989 839 1035 865 καὶ
1047 838 1269 865 ἀποκεκάλυπται
1285 839 1402 874 νηπίνιις,
1413 841 1471 871 τοῖς
1486 840 1553 874 μετὰ
1567 841 1616 875 τὴν
1630 840 1780 876 νηπιότητα

144 891 292 917 nilestatur
305 894 332 916 et
346 888 468 924 proditur
485 887 700 921 uniuscujusque
716 887 884 921 propositum
905 891 933 913 et

1021 884 1032 910 1
1045 884 1079 911 τὰ
1093 884 1234 919 κρείττονα
1250 884 1402 919 ἐληλυθόσι,
1422 885 1469 911 καὶ
1492 885 1678 920 μεμνημένοις
1693 886 1734 911 ὅτι
1751 886 1780 912 οὐ

144 936 356 971 perseverantia:
371 933 486 962 ﬁrmitas
504 934 653 965 iudicatur,
673 940 726 959 non
743 937 798 959 tam
818 931 872 959 Deo
885 931 933 966 qui

145 981 220 1008 novit
244 980 334 1007 omnia
359 983 505 1012 antequam
529 978 606 1010 fiant,
621 984 702 1012 quam
724 975 934 1003 rationabilibus

144 1026 358 1060 cmlestibusque
374 1025 531 1057 virtutibus,
553 1032 614 1058 quin
638 1023 732 1058 utique
757 1023 932 1057 procuratio-

987 930 1062 966 παρὰ
1088 930 1136 966 τὴν
1166 931 1269 957 ἑαυτῶν
1289 931 1377 957 αἰτίαν
1393 931 1520 957 τοσοῦτον
1543 932 1606 958 ὅσον
1631 932 1709 967 παρὰ
1734 932 1779 967 τὴν

986 978 1104 1014 ἇρῤητον
1120 978 1280 1013 εὐεργεσίαν
1293 978 1339 1004 ἐπὶ
1357 977 1481 1004 πλεῖστον
1496 978 1556 1005 ὅσον
1579 979 1780 1014 μακαριότητος

987 1023 1158 1058 ἐληλύθασιν.

144 1080 205 1099 nem
221 1070 317 1098 salutis
332 1071 456 1096 humanae
474 1068 546 1095 velut
569 1068 693 1102 quredant
718 1067 868 1102 adjutriccs
891 1067 936 1094 Dei
960 1068 1145 1102 ministrosque
1171 1069 1276 1096 sortita:
1303 1074 1374 1095 sttnt.
1397 1068 1429 1096 lli
1451 1076 1519 1096 vero
1541 1069 1586 1104 qui
1609 1069 1731 1097 nondum
1752 1078 1780 1097 se

146 1123 218 1146 tanta
234 1117 400 1148 constantia,
416 1123 504 1149 neqtte
530 1119 605 1141 tanto
630 1113 728 1140 all‘cctu
748 1113 868 1140 oﬂcrunt
890 1113 963 1146 Deo,
988 1122 1075 1148 neque
1100 1115 1188 1148 parati
1216 1121 1279 1142 sunt
1305 1116 1467 1142 accedentes
1493 1116 1527 1143 ad
1550 1116 1712 1143 servitutem
1735 1116 1780 1143 Dei

143 1170 298 1197 pra'parare
314 1162 418 1188 animas
432 1169 495 1188 suas
516 1161 549 1187 ad
577 1160 767 1191 tentationem,
783 1159 936 1193 derclinqui
952 1159 1080 1187 dicuntur
1096 1169 1111 1188 a
1128 1161 1192 1194 Dco,
1212 1162 1237 1188 id
1259 1166 1299 1188 est
1317 1169 1370 1188 non
1392 1161 1507 1193 erudiri,
1530 1169 1578 1196 pro
1598 1170 1631 1189 co
1657 1163 1729 1197 quod
1749 1164 1780 1190 ad

142 1210 319 1244 erudiendum
347 1209 437 1243 parati
466 1216 520 1235 non
550 1211 633 1239 sunt,
660 1207 687 1233 in
725 1212 866 1241 posterum
898 1207 956 1233 sine
983 1206 1066 1233 dubio
1095 1211 1199 1241 tempus
1225 1215 1319 1234 corum
1345 1207 1550 1241 dispensatione
1572 1209 1614 1235 vel
1637 1209 1781 1236 curatione

143 1252 238 1284 dilata.
261 1256 312 1289 Qui
334 1256 427 1289 utique
452 1254 517 1289 quid
550 1261 565 1280 a
592 1253 649 1280 Deo
676 1257 885 1287 consequentur,
912 1253 1051 1288 ignorant,
1076 1253 1128 1280 nisi
1150 1253 1226 1288 prius
1252 1253 1285 1280 ad
1311 1254 1435 1280 beneficii
1460 1253 1646 1288 consequendi
1674 1254 1780 1282 deside-

144 1307 213 1333 rium
240 1305 365 1332 venerint
386 1302 444 1339 (50)
467 1311 474 1329 :
494 1302 567 1336 quod
589 1302 627 1328 ita
653 1301 762 1328 demum
781 1301 840 1332 fiet,
860 1301 882 1327 si
909 1301 970 1335 quis
989 1305 1053 1327 ante
1077 1301 1253 1335 semetipsum
1280 1306 1446 1336 cognoscat,
1469 1306 1495 1328 et
1519 1301 1621 1329 sentiat
1644 1302 1712 1337 quid
1732 1301 1780 1329 sibi

143 1355 228 1388 desit;
243 1353 356 1388 etquod
371 1351 423 1378 sibi
442 1351 528 1382 deest,
543 1357 557 1376 a
572 1357 625 1384 quo
641 1356 764 1384 quaerere
780 1349 821 1375 vel
836 1348 935 1375 debeat
950 1348 992 1374 vel
1008 1349 1104 1382 possit,
1119 1349 1261 1382 intelligat.
1279 1348 1328 1382 Qui
1348 1349 1420 1376 cnint
1444 1357 1496 1377 non
1519 1349 1689 1377 intellexerit
1709 1349 1780 1382 prius

144 1402 329 1429 infirmitatem
354 1399 396 1426 vel
419 1397 612 1433 :egritudinem
642 1404 737 1427 suam,
763 1396 896 1423 medicum
931 1403 1053 1430 quaerere
1077 1396 1180 1430 nescit;
1208 1396 1248 1423 vcl
1273 1401 1347 1424 certe
1371 1404 1433 1424 cum
1462 1398 1595 1432 receperit
1619 1397 1776 1429 sanitatem,

144 1457 197 1475 non
216 1448 269 1475 erit
289 1451 383 1482 gratus
401 1445 518 1477 medico,
548 1444 593 1479 qui
619 1452 673 1471 non
700 1444 774 1478 prius
792 1443 940 1479 pericttlutn
953 1443 992 1470 sui
1014 1443 1154 1479 languoris
1169 1445 1291 1478 agnovit.
1307 1444 1345 1471 Ita
1359 1449 1386 1472 et
1408 1445 1432 1472 si
1447 1445 1493 1479 qui
1515 1453 1568 1472 non
1585 1446 1663 1480 prius
1683 1448 1779 1475 anima:

144 1504 200 1523 sua:
220 1496 285 1522 vitia
309 1499 335 1522 et
359 1498 535 1528 peccatorum
560 1499 673 1519 suorum
699 1492 858 1527 cognoverit
875 1491 964 1524 mala,
989 1499 1021 1518 ac
1041 1493 1143 1526 proprii
1164 1492 1219 1519 oris
1243 1491 1415 1519 confessione
1435 1493 1594 1526 prodiderit,
1618 1495 1731 1530 purgari
1758 1495 1779 1521 is

144 1542 303 1576 absolvique
319 1548 372 1567 non
391 1539 501 1574 poterit,
516 1545 550 1565 ne
569 1538 675 1573 ignoret
689 1538 739 1565 sibi
760 1546 807 1572 per
817 1538 931 1573 gratiam
949 1546 1114 1566 concessum
1139 1538 1222 1566 fuisse
1246 1539 1318 1572 quod
1337 1539 1467 1573 possidet,
1488 1544 1515 1566 et
1538 1540 1659 1567 divinam
1686 1541 1779 1568 libera-

144 1591 248 1618 litatem
267 1587 406 1622 proprium
423 1587 522 1613 bonum
540 1589 632 1619 putet:
651 1591 710 1618 quae
725 1591 767 1611 res
787 1585 846 1611 sine
860 1585 944 1612 dttbio
967 1585 1152 1618 arrogantiam
1180 1593 1277 1612 rursus
1300 1586 1398 1612 animae
1418 1585 1475 1620 (51)
1494 1591 1610 1621 generat
1634 1591 1662 1614 et
1688 1587 1779 1615 elatio-

143 1645 217 1669 nem,
235 1643 262 1663 ct
284 1635 372 1662 denuo
393 1633 417 1661 ei
439 1641 521 1660 causa
546 1633 575 1658 lit
600 1632 695 1658 ruinae.
711 1632 787 1664 Quod
804 1632 886 1659 etiam
901 1633 935 1659 de
951 1632 1058 1659 diabolo
1077 1633 1250 1660 sentiendum
1273 1637 1314 1660 est
1338 1633 1384 1667 qui
1411 1634 1546 1667 primatus
1567 1641 1631 1661 suos
1654 1635 1779 1669 proprios

144 1689 171 1711 et
186 1690 239 1709 neu
264 1689 277 1708 ε
297 1681 351 1707 Deo
366 1680 446 1707 datos
467 1679 544 1713 121
564 1686 624 1704 esse
638 1678 768 1709 credidit,
789 1685 857 1712 quos
885 1677 1001 1704 habebat
1021 1684 1085 1704 tunc
1112 1686 1173 1704 cum
1202 1677 1393 1705 immatulatus
1409 1683 1486 1710 erat;
1513 1683 1540 1705 et
1562 1678 1671 1712 impleta
1693 1685 1735 1707 est
1754 1680 1778 1706 in

144 1737 177 1757 eo
193 1729 238 1755 illa
257 1727 390 1755 sententia
411 1734 471 1760 quae
495 1725 572 1755 dicit,
600 1724 672 1758 quod
701 1734 709 1750 I
725 1724 814 1751 omnis
838 1724 883 1758 qui
906 1732 935 1750 se
957 1724 1071 1755 exultat,
1096 1725 1285 1752 liumiliabitur
1302 1725 1336 1752 ¹¹.
1360 1734 1368 1750 ι
1395 1725 1470 1752 Unde
1494 1725 1559 1752 mihi
1582 1726 1690 1753 videtur
1710 1727 1777 1760 quod

145 1776 211 1809 ideo,
225 1773 361 1801 occultata
379 1773 434 1799 sittt
450 1771 673 1806 prudentioribus
697 1775 724 1797 et
747 1770 962 1804 sapientioribus
981 1770 1071 1797 divina
1100 1772 1240 1806 mys'eria,
1262 1771 1491 1806 quemadmodum
1521 1772 1664 1807 Scriptura
1693 1775 1777 1807 dicit,

149 1833 158 1849 ι
177 1823 216 1850 uti
235 1829 268 1849 ne
282 1821 414 1856 glorietur
427 1819 517 1847 omnis
530 1826 597 1846 caro
614 1819 640 1845 in
656 1822 803 1852 conspectu
818 1817 863 1844 Dei
881 1818 941 1850 ⁵¹;ι
963 1823 987 1844 ct
1011 1818 1130 1845 revelata
1151 1818 1204 1845 sint
1224 1818 1355 1853 parvulis,
1383 1818 1426 1846 his
1447 1818 1572 1846 videlicet
1597 1821 1643 1854 qui
1672 1828 1778 1856 postca-

763 1876 1044 1905 lNTERPRETATlO
1063 1877 1166 1906 NOVA.

143 1931 311 1959 Convertere
324 1932 436 1963 propter
449 1934 544 1963 servos
564 1931 637 1963 tuos,
656 1931 768 1963 propter
783 1927 871 1963 tribus
888 1926 1058 1963 haereditatis
1072 1932 1133 1957 tum,
1147 1931 1174 1954 ιιι
1189 1927 1352 1961 particulam
1370 1927 1509 1962 capiamus
1523 1927 1694 1955 harreditatis
1706 1936 1778 1955 mon-

144 1967 179 1992 tis
194 1966 232 1992 tui
249 1961 346 1991 sancti.
362 1961 425 1989 {Et
440 1963 466 1989 itt
485 1961 626 1989 Jeremia:
645 1971 654 1987 ι
671 1961 806 1996 Deccpisti
820 1968 873 1993 me,
899 1961 1022 1992 llotuinc,
1047 1966 1075 1987 ct
1100 1963 1227 1995 deceptus
1249 1971 1321 1993 sum,
1347 1961 1487 1989 obtinuisti
1516 1967 1543 1988 et
1569 1964 1750 1996 prtevaluisti.
1766 1973 1775 1988 ›

144 2001 210 2027 111ιιι1
224 2000 297 2027 enim
314 2010 320 2026 -.
339 2009 348 2024 ι
362 1999 417 2025 Cur
432 1997 564 2024 indurasti
583 2005 630 2024 cor
646 2001 781 2028 nostrum,
798 2001 827 2032 ut
842 2004 895 2022 noti
917 1996 1076 2032 timeremus
1093 2004 1189 2023 nomen
1209 1997 1301 2024 tuum?
1326 2007 1335 2022 ι
1357 1997 1429 2031 quod
1456 1998 1490 2023 ab
1501 1997 1537 2024 iis
1551 1998 1651 2024 dicitur
1666 1999 1712 2032 qui
1727 1999 1777 2025 mi—

144 2036 322 2062 sericordiam
342 2034 500 2067 implorant,
520 2032 634 2068 perinde
649 2037 692 2059 est
706 2039 737 2058 ac
751 2032 772 2058 si
785 2031 885 2068 dicant
898 2040 904 2056 :
917 2030 972 2057 Cur
989 2030 1014 2056 in
1031 2035 1135 2068 tantum
1150 2031 1296 2068 pepercisti
1317 2030 1394 2068 nobis
1408 2039 1457 2059 nec
1474 2032 1593 2059 visitasti
1607 2040 1656 2060 nos
1671 2030 1700 2060 in
1715 2041 1776 2068 pec-

145 2072 226 2102 catis,
244 2070 290 2097 sed
307 2068 452 2102 reliquisti,
467 2068 555 2094 donec
572 2067 606 2093 atl
619 2074 754 2102 summum
775 2066 874 2102 delicta
895 2071 991 2092 nostra
1009 2067 1216 2102 pervenissent?
1234 2066 1375 2101 Relinquit
1390 2072 1481 2094 autem
1498 2068 1606 2101 impttne
1621 2066 1777 2101 plerosque,

145 2111 173 2132 ιιι
193 2104 362 2139 singulorum
377 2110 465 2129 mores
477 2109 509 2128 ex
526 2102 610 2139 libera
624 2101 766 2139 voluntate
779 2101 969 2139 exquiruntur,
987 2106 1014 2127 et
1031 2101 1157 2139 meliores
1181 2110 1213 2128 ex
1228 2103 1279 2139 illo
1295 2103 1425 2139 examine
1445 2102 1580 2129 manifesti
1605 2102 1690 2136 fiant;
1714 2104 1778 2130 reli-

147 2140 192 2174 qui
211 2136 275 2166 vero
288 2138 334 2172 qui
351 2139 404 2174 Deo
418 2145 473 2174 _no_n
490 2139 574 2174 latent
589 2136 810 2174 (omniaquippe
826 2136 903 2162 novit
920 2140 1067 2173 antequam
1083 2136 1171 2171 fiant),
1186 2138 1234 2174 sed
1249 2137 1404 2174 rationabili
1422 2142 1562 2174 creatura:
1573 2138 1680 2172 sibique
1702 2138 1777 2173 ipsis,

145 2170 239 2209 postea
254 2170 325 2209 viain
343 2170 679 2209 saltttisinvcniant;_qui
695 2170 859 2197 beneficium
876 2177 928 2209 non
943 2170 1153 2209 agnovissent,
1166 2172 1217 2209 nisi
1239 2173 1344 2206 scipsos
1357 2172 1605 2209 condemnassent;
1623 2170 1697 2206 quod
1713 2170 1772 2207 qui-

145 2205 206 2236 dem
223 2208 369 2242 uuicniqtte
383 2207 500 2238 confert,
514 2210 543 2231 ttt
557 2206 740 2242 conditionem
756 2213 834 2232 suam
850 2210 876 2242 et
903 2205 949 2231 Dei
967 2206 1084 2242 gratiam
1106 2207 1218 2234 sentiat.
1235 2205 1287 2240 Qui
1311 2215 1376 2234 vero
1391 2208 1528 2241 propriam
1548 2205 1775 2239 itubrﬁllitatétn,

145 2249 173 2271 et
187 2243 233 2270 Dei
250 2240 367 2277 gratiam
383 2249 435 2267 non
456 2241 550 2277 sentit,
565 2240 615 2266 etsi
636 2240 791 2277 adjuvetur,
811 2240 863 2277 nisi
888 2247 998 2277 suarum
1026 2241 1123 2267 virium
1141 2243 1359 2276 experimentum
1384 2240 1499 2275 ceperit,
1524 2247 1552 2268 ct
1571 2243 1690 2276 scipsutn
1712 2251 1777 2269 cou-

145 2274 296 2310 demnarit,
312 2284 389 2303 suutu
405 2283 467 2303 esse
482 2275 590 2302 facinus
604 2275 772 2301 existimabit
790 2275 861 2311 qttod
879 2274 903 2311 ei
917 2274 1030 2311 ddivino
1041 2284 1155 2303 munere
1178 2274 1340 2304 concessum
1359 2274 1424 2303 εει(
1436 2277 1500 2310 Qua:
1515 2274 1708 2311 opinio'antuti
1722 2278 1776 2304 ela-

146 2314 246 2339 tionetu
262 2308 376 2346 generat
389 2315 417 2337 ct
432 2319 513 2337 causa
529 2311 561 2346 fit.
576 2310 662 2336 ruina:
676 2318 682 2336 :
697 2311 767 2342 quod
785 2314 813 2336 ct
824 2308 941 2346 diabolo
954 2309 1091 2346 accidisse
1105 2317 1231 2344 putamus
1246 2313 1291 2346 qui
1306 2308 1494 2338 cxceilentiam
1508 2308 1582 2338 illum
1597 2320 1678 2345 quam
1695 2313 1776 2340 hahe-

147 2349 192 2375 bat
205 2344 342 2375 tunc—eum
355 2351 414 2372 erat
432 2345 637 2376 immaculatus,
657 2345 711 2371 sibi
723 2345 878 2379 arrogabat.
896 2352 904 2368 ι
919 2344 1015 2370 Omnis
1028 2346 1099 2372 cuitu
1111 2347 1158 2380 qui
1180 2354 1209 2374 se
1221 2344 1334 2380 exultat,
1347 2347 1546 2380 humihahitur,
1567 2344 1663 2381 ct’qui
1682 2356 1713 2375 se
1730 2349 1775 2374 hu-

180 2436 202 2452 "
219 2436 302 2462 llchr.
318 2443 365 2467 xu,
379 2435 406 2460 6.
443 2434 466 2449 ⁸⁰
482 2434 561 2461 11οιιι.
580 2442 637 2466 ιἰιι,
657 2434 701 2460 5'3.
744 2435 765 2449 '”
785 2434 850 2460 Luc.
871 2442 933 2461 xvttt

1043 2438 1065 2452 "
1078 2436 1089 2464 1
1101 2436 1164 2465 Cor.
1179 2446 1198 2471 t,
1214 2437 1260 2466 29.

181 2528 237 2564 (48)
250 2527 329 2554 Libb.
342 2527 419 2564 editi,
433 2535 446 2564 ι
458 2527 573 2564 sessoris
582 2527 691 2564 patitur
706 2527 821 2564 calcem,
837 2533 864 2554 et
878 2527 931 2554 frc—
947 2531 969 2559 D
985 2530 1094 2564 quenda
1109 2537 1158 2564 per
1171 2529 1334 2556 desiderium
1350 2530 1484 2556 venerint.
1497 2538 1506 2555 )
1522 2528 1592 2556 lnt‘ra
1619 2529 1685 2557 libb.
1699 2529 1773 2559 editi,
1788 2556 1791 2562 ,

146 2561 190 2591 nis
205 2561 252 2590 ora
275 2563 390 2589 ferratis
414 2562 559 2592 obteritur,
582 2561 740 2597 indurescit.
757 2562 801 2589 Sic
818 2563 930 2597 puerili-

146 2604 219 2631 tas,»
236 2602 289 2625 etc.
311 2597 394 2624 Paulo
413 2602 474 2631 post
499 2597 578 2623 iidem
602 2596 670 2623 libb.
697 2597 776 2630 editi,
801 2605 854 2624 «ex
880 2605 932 2631 quo

146 2634 335 2660 arbitrandum
348 2638 389 2658 est
404 2633 521 2658 filiorum
537 2636 565 2658 et
578 2632 605 2658 in
617 2632 750 2659 ordinem.
764 2642 773 2658 ι
791 2633 843 2659 Sed
857 2638 933 2660 utro-

147 2669 228 2702 bique
241 2675 305 2694 mss.
319 2673 347 2693 ut
361 2668 386 2692 in
402 2671 495 2693 nostro
509 2672 595 2693 textu.

181 2701 238 2737 (1’49)
258 2703 299 2728 An
315 2701 408 2737 fames.
429 2702 506 2728 Iteest
523 2702 549 2728 in
569 2707 648 2729 artea
673 2701 765 2732 editis,
782 2703 829 2729 sed
850 2703 933 2729 habe-

147 2735 192 2764 tnr
209 2735 234 2764 in
252 2744 316 2763 mss.
332 2735 403 2763 Infra
428 2744 504 2769 mss.,
523 2745 624 2771 «quam
650 2738 855 2764 rationabilibus
878 2745 934 2764 cu:-

145 2773 315 2835 Lestibusque
338 2771 493 2799 virtutibus.
507 2782 516 2798 ›
543 2772 571 2799 lu
594 2772 675 2800 cditis
698 2773 775 2800 deest
792 2772 933 2799 (cmlcs'ti-

167 2814 260 2835 llStllle.
273 2817 282 2833 D

167 2814 260 2834 usque.
273 2817 282 2833 D

183 2815 296 2878 ῖέζιῶἦῖιι
317 2849 384 2869 mss.
409 2841 486 2869 Libb.
510 2841 588 2876 editi,
609 2851 618 2867 ι
631 2842 663 2869 ad
681 2841 813 2869 beneﬁcia
837 2850 933 2869 consc-

122 2900 139 2908 ιι

987 2576 996 2590 ι
1015 2573 1067 2592 tton
1094 2566 1180 2599 egerit
1206 2566 1308 2598 gratias
1338 2564 1453 2595 tne-dico,
1478 2564 1603 2597 quoniam
1630 2572 1682 2590 ttou
1701 2565 1773 2598 prius

986 2600 1135 2634 periculum
1146 2608 1186 2626 sui
1201 2599 1340 2634 languoris
1353 2599 1488 2633 cognovit.
1502 2608 1510 2624 I
1524 2599 1589 2626 Mss.
1599 2605 1628 2625 ιιι
1641 2600 1667 2626 in
1681 2604 1773 2626 nostro

986 2641 1071 2662 textu.

1021 2670 1078 2705 (5|)
1099 2669 1137 2696 Ita
1163 2676 1228 2695 mss.
1255 2669 1282 2695 In
1305 2669 1386 2705 editis
1400 2669 1484 2705 deest
1511 2666 1627 2695 «rtirsns
1648 2669 1769 2695 anitum.»

986 2704 1070 2731 Paulo
1097 2709 1157 2739 post
1179 2711 1258 2737 tnss.,
1277 2704 1343 2738 «qui
1364 2704 1498 2737 primatus
1524 2711 1588 2730 suos
1610 2704 1743 2737 proprios.
1758 2710 1768 2728 ι

986 2739 1064 2766 Libb.
1084 2740 1161 2772 editi,
1180 2748 1189 2764 ι
1201 2740 1245 2773 qui
1261 2739 1387 2773 primitus
1403 2739 1522 2766 honores
1539 2746 1604 2765 suos
1620 2739 1768 2772 proprios.»

986 2775 1057 2801 lnl'ra
1075 2782 1140 2807 mss,
1161 2783 1170 2799 ι
1182 2775 1365 2802 meminerunt
1378 2774 1481 2809 utique.
1496 2783 1505 2800 ι
1521 2773 1599 2801 Libb.
1612 2773 1687 2806 editi,
1702 2778 1770 2799 ιιιιθ-

987 2810 1116 2836 minerint
1132 2810 1236 2843 utique.
1246 2818 1256 2834 ι
