1860 3073
145 89 198 116 2'79

744 87 904 116 ORIGENIS
922 88 1002 114 ΠΕΡΙ
1022 88 1137 114 ΑΡΧΩΝ

1716 85 1770 112 280

146 147 317 174 obedientem
339 146 395 173 ﬁeri
410 150 437 173 et
452 153 504 173 non
528 145 697 173 resistentem
715 151 810 174 contra
832 154 880 174 ver

1037 147 1106 182 άσσῃ
1135 146 1216 172 αὐτοῦ
1240 146 1288 177 τὰς
1308 145 1433 177 ἐντολὰς,
1458 144 1484 170 τί
1511 143 1574 171 ἄλλο
1597 143 1688 176 ἐστὶν,
1707 143 1724 178 ἦ
1743 152 1771 170 τι

149 196 220 223 lem,
240 196 267 218 et
285 196 440 226 operantem
462 199 543 226 opera
566 192 710 220 virtutum.
735 193 762 219 Si
783 201 849 228 ergo
873 193 931 220 ltzec

150 236 282 270 promittit
301 236 370 263 Deus
390 244 419 263 se
440 236 587 269 facturum,
604 241 633 265 et
648 243 792 272 antequam
809 239 866 273 ipse
883 246 931 264 att-

150 280 219 307 l’erat
232 288 278 307 cor
296 281 429 316 lapideum
443 281 510 316 (60),
522 283 657 316 deponere
676 283 740 309 illud
759 291 773 309 a
788 283 867 310 nobis
879 290 931 309 non

149 334 302 360 possumus.
325 335 492 362 consequens
515 333 558 356 est
580 334 608 355 ιιι
633 329 660 356 in
686 334 777 356 nostra
800 333 932 364 potestate

149 379 203 398 non
218 372 254 399 sit
266 372 383 408 abjieere
398 374 544 407 malitiam,
557 375 602 402 sed
617 377 643 402 in
662 376 726 402 Deo.
742 376 776 402 Et
795 376 892 403 iterum
909 377 931 403 si

150 425 202 445 non
225 419 252 446 in
283 424 376 446 nostro
397 424 458 446 actu
481 425 522 447 est
543 425 572 447 ut
596 421 642 448 fiat
661 421 687 448 in
711 422 789 449 nobis
809 429 857 448 cor
872 429 933 448 car-

150 471 242 497 neum,
266 464 312 491 sed
328 464 413 492 solius
432 464 476 492 Dei
501 472 568 500 opus
584 470 641 498 est.
661 473 714 493 non
737 466 790 493 erit
811 470 933 493 nostrttm

149 515 218 542 opus
242 509 389 536 secundum
415 509 541 536 virtutem
564 510 665 542 vivere,
689 512 735 538 sed
762 511 787 538 in
807 511 933 538 omnilms

150 553 196 580 Dei
214 554 309 588 gratiae
325 561 392 588 opus
416 555 561 582 videbitur.
585 556 648 582 Htec
668 556 777 590 quidem
793 557 887 583 dicunt
906 556 933 583 hi

148 599 195 633 qui
217 598 355 626 voluntex
378 601 539 628 auctoritate
561 601 659 628 divina:
683 601 830 635 Scriptura:
846 602 934 629 disse-

150 651 213 671 rere
227 644 292 671 nihil
307 652 366 672 esse
380 646 496 680 positum
514 646 540 673 in
556 651 649 673 nostra
666 651 818 681 potestate:
835 647 935 681 quibus

151 690 375 724 respondebimus
400 691 457 719 haec
472 700 524 719 non
550 693 639 719 taliter
661 693 774 728 intelligi
798 699 933 728 oportere,

152 736 199 762 sed
220 737 289 763 sicut
304 737 325 764 si
350 738 386 764 sit
403 738 502 772 aliquis
518 739 657 772 itnperitus
669 744 695 765 et
712 739 845 772 indoctus,
861 740 935 773 isque

152 781 273 808 sentiens
289 781 343 817 (6t)
370 782 510 816 imperitia:
532 790 588 810 sua:
607 788 698 810 notam
724 784 781 810 sive
804 784 934 811 adhorta-

153 828 226 853 tione
261 827 439 861 cujusquam,
467 828 525 854 sive
559 828 732 862 prudentium
767 836 935 864 quorumque

152 871 323 901 azmulatione
338 872 469 908 pulsatus,
484 873 571 899 tradat
584 880 614 900 se
627 873 708 900 alicui
721 880 736 899 a
750 881 803 907 quo
818 875 935 902 conﬁdat

151 925 230 953 posse
252 926 282 946 se
302 920 444 954 diligenter
460 918 542 947 imbui
559 923 586 947 et
606 923 790 956 competenter
810 920 910 946 erudiri
927 927 934 946 :

152 962 176 988 is
194 969 259 997 ergo
274 963 321 998 qui
338 964 392 997 jam
409 965 482 999 pritts
500 972 530 992 se
545 965 728 994 obduraverat
742 967 770 994 in
790 965 933 1002 imperitia,

151 1007 175 1033 si
194 1015 233 1040 se,
249 1012 277 1034 ut
292 1008 420 1041 diximus,
445 1017 504 1036 cum
526 1011 601 1037 omni
617 1012 698 1038 animi
721 1012 870 1039 intentione
891 1013 936 1039 dat

152 1053 294 1088 magistro,
306 1057 386 1088 atqtte
401 1056 651 1090 obtemperaturum
666 1065 694 1085 se
708 1058 735 1084 in
750 1058 878 1085 omnibus
895 1066 934 1085 re-

150 1100 295 1134 promittit,
312 1101 442 1135 propositi
463 1102 523 1135 ejus
539 1103 689 1130 intentione
704 1109 842 1138 perspecta
858 1112 935 1131 com-

150 1149 275 1179 petentcr
293 1145 375 1172 etiam
392 1147 522 1181 magister
542 1147 715 1182 pollicebitur
737 1149 891 1176 ablaturum
908 1157 936 1176 se

151 1191 186 1217 ab
202 1197 233 1217 eo
248 1197 355 1218 omnem
375 1192 550 1225 imperitiam,
567 1197 594 1218 et
610 1192 776 1220 inserturum
793 1194 934 1228 peritiam;

151 1243 205 1262 non
223 1243 275 1269 quo
303 1236 430 1263 abnuenti
462 1237 593 1271 discipulo
616 1237 658 1264 vel
686 1239 811 1266 renitenti
837 1239 888 1266 hoc
907 1247 936 1266 sc

151 1281 292 1316 promittat
313 1289 371 1309 esse
387 1282 537 1315 facturum,
558 1282 605 1310 sed
621 1283 744 1311 olferenti
760 1292 789 1311 se
804 1289 885 1319 atque
909 1285 934 1312 iu

152 1334 258 1354 omnem
284 1327 464 1354 obedientiam
499 1328 685 1362 mancipanti;
714 1329 749 1356 ita
776 1335 802 1356 et
828 1330 936 1356 divinus

152 1379 241 1399 sermo
261 1372 394 1407 promittit
410 1374 451 1400 his
468 1374 514 1407 qui
534 1374 667 1400 accedunt
681 1375 714 1401 ad
732 1382 761 1401 se
775 1374 843 1410 (6‘2).
862 1376 937 1402 θυιδ-

152 1421 240 1443 turum
255 1423 284 1443 se
297 1424 356 1444 esse
369 1425 417 1444 cor
430 1417 579 1451 lapideum,
592 1425 645 1444 non
665 1419 757 1452 utique
779 1419 812 1446 ab
835 1419 876 1446 bis
890 1420 934 1454 qui

152 1468 182 1489 se
198 1462 391 1494 non-audiunt,
414 1463 459 1490 sed
476 1464 509 1490 ab
522 1463 563 1491 his
576 1463 621 1498 qui
646 1464 775 1491 doctrina:
791 1472 846 1491 suae
868 1472 936 1499 prte-
949 1481 971 1510 C

153 1512 230 1541 cepta
255 1509 421 1542 suscipiunt;
450 1510 521 1536 sicut
544 1511 570 1537 in
602 1510 755 1546 Evangelii;
782 1512 935 1539 invenimus

152 1557 315 1586 :rgrotantes
340 1554 469 1582 accedere
490 1555 522 1581 ad
549 1556 735 1588 Salvatorem,
759 1564 885 1591 rogantes
909 1563 937 1585 ut

153 1599 308 1633 percipiant
321 1600 475 1634 sanitatem,
496 1605 524 1628 et
543 1602 578 1628 ita
599 1603 707 1629 demum
727 1603 829 1630 curari.
843 1603 876 1631 Et.
896 1608 938 1631 est

153 1643 271 1677 quidem,
292 1646 365 1672 verbi
381 1647 477 1681 gratia.
494 1651 523 1674 ιιι
537 1652 665 1674 curentur
682 1649 744 1675 cteci
765 1653 791 1675 et
812 1649 936 1679 videant.

153 1691 179 1717 in
196 1698 230 1718 eo
241 1692 349 1726 quidem
362 1693 432 1727 quod
448 1695 549 1728 precati
566 1698 629 1720 sunt
643 1694 822 1727 Sal-ratorem,
835 1701 861 1722 et
878 1702 937 1723 cre-

153 1736 280 1763 diderunt
299 1736 323 1764 ei
341 1744 421 1770 posse
443 1745 472 1765 se
488 1739 522 1765 ab
539 1746 572 1765 eo
595 1740 700 1771 curari,
725 1747 791 1774 optts
814 1740 934 1775 ipsorqu

153 1782 198 1815 qui
214 1782 300 1808 curati
317 1787 397 1814 sunt;
412 1783 438 1809 iu
455 1791 488 1810 eo
501 1792 565 1811 vero
578 1784 655 1819 125
672 1786 742 1820 quod
758 1786 798 1812 eis
815 1787 936 1814 redditur

982 193 1100 219 εἰκτικδν
1119 192 1245 226 γενέσθαι
1266 192 1312 218 καὶ
1331 192 1367 226 μὴ
1385 190 1529 217 ἀντίτυπον
1547 189 1614 224 πρὸς
1630 189 1682 224 τὴν
1703 188 1772 222 ἀλή-

982 239 1067 270 θειαν,
1090 239 1137 266 καὶ
1161 237 1310 273 πρακτικὸν
1335 238 1389 264 τῶν
1424 236 1544 271 ἀρετῶν;
1572 236 1604 262 Εἰ
1630 234 1661 261 δὲ
1685 233 1773 260 ταῦτα

982 282 1179 316 ἐπαγγέλλεται
1196 283 1210 307 ὁ
1231 281 1298 312 Θεὸς
1314 283 1411 312 ποιεῖν,
1434 281 1480 306 καὶ
1504 279 1568 315 πρὶν
1589 279 1702 313 ἀφελεῖν
1721 279 1772 305 αὺ-

982 327 1027 354 τὸν
1049 327 1098 358 τὰς
1113 327 1217 358 λιθίνας
1237 326 1361 363 καρδίας,
1385 326 1435 353 οὐκ
1459 323 1643 359 ἀποτιθέμεθα
1668 323 1773 354 αὐτὰς,

981 373 1060 407 δῆλον
1079 373 1119 399 ὅτι
1135 374 1184 400 οὐκ
1202 374 1243 406 ἐφ’
1256 373 1320 407 ἡμῖν
1339 373 1411 398 ἐστιν
1426 369 1574 397 ἀποθέσθαι
1588 369 1638 404 τὴν
1655 368 1772 395 κακίαν·

983 419 1030 445 καὶ
1047 419 1071 444 εἰ
1085 419 1134 453 οὐχ
1155 419 1234 453 ἡμεῖς
1249 426 1275 443 τι
1292 417 1447 452 πράττομεν
1467 415 1510 441 ἵνα
1533 414 1682 448 ἐγγένηται
1708 414 1775 448 ἡμῖν

983 466 1000 500 ὴ
1019 464 1130 500 σαρκίνη
1148 463 1256 498 καρδία,
1271 462 1339 490 ἀλλὰ
1354 461 1420 487 Θεοῦ
1436 460 1509 486 ἐστὶν
1530 459 1622 494 ἔργον,
1636 459 1687 493 οὺχ
1704 458 1777 493 ἡμέ-

983 519 1062 545 τερον
1076 509 1155 545 ἔργον
1170 509 1245 535 ἔσται
1260 508 1290 534 τὺ
1305 509 1364 534 κατ⁵
1379 507 1477 542 ἀρετὴν
1495 505 1580 540 βιοῦν,
1598 504 1667 532 ἀλλὰ
1684 503 1777 538 πάντη

983 556 1045 582 θεία
1063 557 1152 591 χάρις.
1168 555 1260 581 Ταῦτα
1278 554 1325 589 μὲν
1341 555 1398 589 ἐρεῖ
1410 555 1424 580 ὁ
1439 553 1492 580 ἀπὸ
1506 552 1559 578 τῶν
1576 551 1662 586 ψιλῶν
1684 550 1777 586 ῥητῶν

984 602 1014 628 τὸ
1037 602 1080 636 ἐφ’
1093 603 1158 636 ἡμῖν
1173 601 1290 636 ἀναιρῶν
1300 610 1307 616 ·
1325 601 1405 636 ἡμεῖς
1420 599 1448 626 δὲ
1471 597 1696 634 ἀποκρινούμεθα
1714 596 1778 623 τοὺ-

985 656 1039 674 των
1055 647 1141 678 οὕτως
1158 647 1265 674 ἀκούειν
1287 647 1341 673 δεῖν
1353 646 1418 681 (65),
1430 645 1554 679 λέγοντες
1569 644 1609 671 ὅτι
1634 643 1732 678 ὥσπερ
1746 644 1777 669 ἐν

986 693 1090 728 ἀμαθίᾳ
1106 693 1153 720 καὶ
1166 693 1327 728 ἀπαιδευσίᾳ
1344 692 1495 727 τυγχάνων,
1513 689 1709 724 αἰσθανόμενος
1722 688 1778 714 τῶν

988 739 1059 765 ἰδίων
1075 739 1177 769 κακῶν,
1197 739 1255 773 ἦτοι
1269 739 1300 764 ὲκ
1315 737 1473 773 προτροπῆς
1491 736 1538 763 τοῦ
1553 736 1743 766 διδάσκοντος,
1757 735 1777 769 ἢ

986 786 1033 812 καὶ
1048 785 1151 816 ἄλλως,
1172 784 1201 816 ἐξ
1218 783 1313 810 ἑαυτοῦ
1339 783 1491 809 ἐπιδίδωσιν
1517 782 1612 808 ἑαυτὸν
1629 777 1651 814 ᾧ
1669 780 1778 815 νομίζει

987 830 1114 856 δύνασθαι
1137 829 1217 855 αὐτὸν
1245 828 1460 863 χειραγωγὴσειν
1487 826 1532 852 ἐπὶ
1560 826 1703 852 παίδευσιν
1731 825 1780 851 καὶ

986 874 1103 908 ἀρετήν·
1119 873 1280 903 ἐπιδιδόντος
1298 872 1326 898 δὲ
1345 872 1440 898 τούτου
1463 871 1661 905 ἐπαγγέλλεται
1678 871 1693 897 ὁ
1714 878 1781 897 παι-

986 919 1070 945 δεὺων
1092 918 1190 951 ἐξελεῖν
1214 918 1262 952 τὴν
1290 917 1466 944 ἀπαιδευσίαν
1489 916 1536 943 καὶ⁵
1561 916 1686 951 ἐνθήσειν
1711 923 1775 941 παι-

986 963 1069 995 δείαν,
1083 964 1132 998 οὐχ
1155 963 1192 994 ὼς
1218 962 1323 993 οὐδενὸς
1346 961 1421 992 ὄντος
1438 962 1477 993 είς
1491 960 1521 987 τὺ
1537 959 1716 994 παιδευθῆναι
1733 959 1780 985 καὶ

987 1009 1098 1046 φεύγειν
1116 1005 1164 1040 τὴν
1187 1007 1365 1035 ἀπαιδευσίαν
1381 1007 1428 1033 ἐπὶ
1453 1006 1491 1041 τῷ
1508 1006 1603 1032 ἑαυτὸν
1623 1012 1781 1040 προσαγ-ηο-

987 1060 1045 1094 χότι
1073 1055 1358 1093 θεραπευθηοόμενον,
1390 1053 1446 1079 ἀλλ’
1470 1053 1507 1084 ὡς
1541 1050 1780 1085 ἐπαγγελλόμενος

988 1103 1142 1139 βελτιώσειν
1166 1102 1212 1128 τὸν
1244 1101 1418 1136 βουλόμενονσ
1447 1097 1533 1130 οὓτως
1560 1098 1574 1123 ὁ
1601 1097 1672 1127 θεῖος
1701 1095 1780 1129 λόγος

987 1148 1183 1182 ἐπαγγέλλεται
1203 1147 1257 1173 τῶν
1272 1145 1436 1181 προσιόντων
1452 1145 1500 1180 τὴν
1522 1143 1624 1171 κακίαν
1647 1141 1779 1176 ἐξαιρεῖν,

987 1194 1019 1229 ἣν
1038 1193 1161 1228 ὠνόμασε
1182 1191 1293 1228 καρδίαν
1308 1191 1423 1226 λιθίνην,
1442 1190 1502 1225 οὐχὶ
1524 1189 1634 1216 ἐκείνων
1658 1189 1696 1223 μὴ
1716 1186 1779 1222 βου-

987 1239 1116 1274 λομένων,
1143 1237 1200 1264 ἀλλ’
1223 1237 1332 1268 ἑαυτοὺς
1358 1236 1397 1270 τῷ
1424 1234 1509 1270 ίατρῷ
1534 1235 1589 1261 τῶν
1618 1234 1780 1269 καμνόντων

988 1284 1216 1319 παρεσχηκότωψ
1240 1282 1334 1318 ὥσπερ
1359 1283 1387 1308 ἐν
1411 1282 1467 1313 τοῖς
1493 1280 1672 1315 Εὐαγγελίοις
1704 1280 1785 1316 εὑρί-

988 1338 1096 1356 σκονται
1122 1331 1146 1356 οἱ
1170 1329 1319 1363 κάμνοντες
1342 1327 1553 1363 προσερχόμενοι
1579 1326 1619 1362 τῷ
1653 1326 1778 1360 Σωτῆρι,

988 1377 1035 1402 καὶ
1062 1374 1200 1407 ἀξιοῦντες
1224 1373 1321 1404 ἰάσεως
1346 1373 1451 1407 τυχεῖν,
1477 1371 1777 1407 καὶθεραπευόμενοι.

988 1420 1042 1446 Καὶ
1059 1419 1130 1453 ἐστι,
1155 1418 1215 1453 φέρ’
1236 1419 1333 1449 εἰπεῖν,
1353 1417 1383 1443 τὸ
1397 1418 1459 1448 τοὺς
1475 1416 1590 1451 τυφλοὺς
1610 1415 1777 1448 ἀναὸὶέψαι,

987 1466 1083 1500 ἔργον,
1106 1464 1177 1491 κατὰ
1207 1464 1255 1499 μὲν
1276 1459 1306 1490 τδ
1332 1463 1492 1498 ἠξιωκέναι,
1517 1462 1570 1488 τῶν
1594 1461 1779 1488 πιστευόντων

987 1509 1116 1536 δύνασθαι
1131 1507 1346 1545 θεραπεύεσθαι·
1364 1507 1434 1534 κατὰ
1452 1508 1480 1534 δὲ
1494 1507 1542 1542 τὴν
1556 1506 1780 1533 ἀποκατάστασιν

987 1558 1037 1592 τῆς
1069 1556 1206 1592 ὁράσεως,
1235 1555 1281 1582 τοῦ
1323 1555 1450 1589 Σωτῆρος
1486 1553 1574 1590 ἡμῶν.
1607 1552 1702 1584 Οὕτως
1734 1550 1779 1579 οὖν

988 1603 1210 1637 ὲπαγγέλλεταιὸ
1227 1601 1305 1636 λόγος
1327 1600 1373 1627 τοῦ
1389 1599 1457 1627 Θεοῦ
1481 1600 1641 1636 ἐμποιήσειν
1665 1600 1780 1634 ἐπιστή-

990 1657 1044 1684 μην
1058 1650 1114 1679 τοῖς
1133 1647 1302 1682 προσιοῦσιν,
1326 1646 1425 1679 ἐξελῶν
1441 1646 1490 1682 τὴν
1505 1646 1609 1682 λιθίνην
1629 1646 1677 1673 καὶ
1698 1645 1781 1681 σκλη-

991 1693 1039 1728 ρὰν
1057 1693 1179 1728 καρδίαν,
1195 1694 1263 1729 ὅπερ
1276 1694 1344 1724 ἐστὶ,
1368 1693 1417 1728 τὴν
1438 1692 1548 1723 κακίαν,
1575 1691 1645 1726 ὑπὲρ
1657 1689 1705 1716 τοῦ
1720 1693 1780 1717 τινὰ

990 1738 1153 1774 πορεύεσθαι
1170 1741 1197 1765 ὲν
1211 1740 1271 1770 ταῖς
1285 1738 1370 1770 θείαις
1383 1738 1502 1769 ἐντολαῖς
1515 1737 1562 1763 κού⁴
1578 1737 1726 1771 φυλάσσειν
1746 1737 1781 1763 τὰ

990 1788 1049 1813 θεῖα
1069 1786 1277 1822 προστάγματα.

155 1829 237 1861 visus,
252 1837 319 1864 optts
341 1835 382 1857 est
405 1830 564 1861 Salvatoris.
587 1832 623 1860 Ita
641 1833 722 1859 etiam
741 1833 766 1860 in
790 1834 840 1861 hoc
856 1835 963 1863 divinus
982 1842 1071 1862 sermo
1092 1833 1226 1868 promittit
1247 1835 1370 1858 daturum
1394 1838 1423 1858 se
1445 1837 1506 1857 esse
1523 1829 1706 1857 eruditionem
1730 1836 1780 1855 au-

154 1877 266 1906 ferendo
282 1886 328 1905 cor
345 1879 491 1913 lapideum,
506 1881 531 1907 id
548 1886 590 1908 est
606 1881 787 1916 abstergendo
807 1882 953 1916 malitiam,
970 1888 999 1910 ut
1017 1883 1122 1917 possint
1142 1888 1191 1916 per
1204 1881 1256 1907 hoc
1273 1880 1299 1906 in
1317 1879 1414 1906 divinis
1430 1877 1569 1905 ambulare
1586 1876 1730 1911 prmeeptis
1753 1880 1782 1904 et

152 1924 219 1959 legis
241 1926 367 1953 mandata
383 1934 506 1956 servare.

189 1973 231 2000 H5.
251 1972 315 2001 Post
343 1975 511 2009 propositum
538 1975 616 2003 nobis
636 1982 679 2004 est.
704 1977 785 2004 etiam
809 1977 872 2004 illttd
903 1979 936 2006 de

153 2018 299 2055 Evangelio
327 2021 396 2055 quod
425 2021 552 2050 Salvator
577 2022 680 2050 dixerat
697 2033 704 2050 :
723 2033 732 2049 ι
752 2024 786 2052 Ut
813 2025 936 2052 videntes

992 1983 994 1986 '
1023 1975 1078 2004 Ἶὶν
1096 1977 1164 2012 μετὰ
1179 1975 1266 2002 ταῦτα
1288 1974 1318 2001 τὺ
1344 1974 1398 2001 ἀπὸ
1418 1973 1465 2000 τοῦ
1488 1972 1673 2006 Εὑαγγελίου,
1699 1973 1743 1999 ὅτε
1767 1973 1782 2000 ὸ

989 2023 1083 2058 Σωτὴρ
1098 2022 1199 2056 ἔφασκε
1212 2022 1255 2048 διὰ
1267 2021 1345 2047 τοῦτο
1358 2021 1412 2051 τοῖς
1429 2019 1481 2052 ἔξω
1497 2021 1525 2046 ἐν
1549 2018 1719 2054 παραϐολαῖς
1731 2018 1781 2045 λα-

769 2102 1048 2130 INTERPRETATIO
1063 2101 1165 2129 NOVA.

190 2176 234 2203 16.
257 2175 431 2217 Sequebatur
455 2177 518 2204 illttd
537 2185 569 2205 ex
587 2177 735 2217 Evangelio
755 2179 798 2217 ubi
817 2179 943 2217 Salvator
968 2181 1033 2207 dicit
1056 2180 1118 2217 ideo
1145 2187 1174 2206 se
1191 2178 1310 2205 externis
1339 2177 1365 2204 in
1383 2177 1520 2217 parabolis
1537 2176 1624 2216 loqui,
1651 2186 1660 2203 t
1690 2177 1781 2217 ιιι)τί-

153 2213 246 2238 denlcs
275 2211 476 2250 non-Irideant,
498 2217 524 2238 et
547 2214 688 2250 audientes
714 2221 765 2250 non
791 2214 958 2250 intelligant,
991 2223 1028 2250 ne
1053 2215 1122 2241 forte
1146 2218 1341 2250 convertantur
1367 2211 1394 2239 et
1421 2213 1578 2250 remittatur
1601 2212 1652 2239 eis.
1682 2221 1692 2237 ι
1723 2212 1781 2245 Quo

153 2251 262 2279 arrepto
291 2245 420 2278 subiiciet
444 2248 619 2287 adversarius
640 2248 687 2273 :Si
719 2247 798 2282 plane
814 2245 916 2276 audtiis
943 2245 1369 2287 manifestioribussermonibus
1383 2247 1503 2287 nonnulli
1528 2247 1562 2272 ita
1576 2251 1781 2287 convertuntur

154 2286 183 2320 ιιι
202 2281 470 2321 peccatorum-venia
487 2282 559 2315 digni
581 2282 656 2321 li:i_nt,
673 2290 722 2309 nec
743 2287 831 2321 tamen
847 2289 878 2321 tit
899 2285 1051 2321 apertiores
1079 2290 1218 2321 sermones
1246 2282 1408 2321 attdian_t__in
1435 2282 1500 2315 ipsis
1525 2281 1642 2321 positum
1658 2286 1714 2321 est,
1732 2282 1779 2308 sed

154 2316 317 2356 ittltlocente
329 2315 385 2356 ’ξιιιί
399 2315 512 2356 _id(".irco
536 2323 588 2342 non
613 2316 685 2350 ipsos
702 2317 822 2356 apertius
837 2315 925 2356 docet;
953 2326 987 2345 ne
1011 2318 1088 2356 forte
1104 2319 1214 2344 videant
1236 2322 1263 2344 et
1291 2317 1523 2356 intelligant,pon
1541 2320 1585 2356 est
1604 2316 1631 2356 in
1658 2316 1727 2356 ipsis
1753 2321 1780 2342 ιιι

153 2349 404 2390 s:il\'cntttr:_Qttod
427 2350 449 2375 si
474 2351 509 2376 ita
527 2355 583 2390 est.
614 2359 666 2377 non
692 2349 733 2378 est
758 2352 836 2379 nobis
863 2353 975 2390 liberum
1002 2357 1030 2379 ut
1050 2353 1187 2390 salvemur
1212 2357 1264 2390 aut
1282 2349 1432 2390 perennius.
1460 2352 1500 2377 Ac
1516 2350 1646 2390 profecto
1670 2349 1702 2390 εἰ.
1725 2358 1777 2390 ιιοιι

153 2389 226 2421 Esset
254 2384 398 2415 additum,
419 2393 428 2409 ι
447 2392 490 2421 tte
526 2385 595 2421 forte
621 2392 814 2414 convertantur
838 2392 863 2414 et
889 2388 1044 2414 remittatur
1071 2387 1128 2418 eis,
1158 2396 1166 2412 ι
1205 2384 1384 2421 probabiliter
1408 2384 1633 2420 responderentus
1658 2385 1780 2412 noluisse

155 2418 389 2460 Salvatorenrcos
407 2419 453 2453 qui
482 2420 639 2460 [nutrimen
666 2426 748 2460 ararit
767 2421 830 2448 boni
854 2427 881 2460 et
910 2418 1238 2460 honesti,__reconditiora
1263 2421 1392 2460 mysteria
1424 2418 1636 2460 inielligerc,’ob
1662 2427 1780 2460 eamque

153 2454 400 2494 causatunip‘sis'in
416 2454 554 2494 parabolis
569 2455 879 2494 loeutum‘l’uisseised
905 2464 965 2494 cunt
993 2456 1148 2489 adjiciatur,
1169 2465 1180 2494 _t
1202 2465 1235 2483 ne
1262 2454 1332 2494 forte
1355 2460 1549 2494 convertantur
1574 2459 1602 2480 et
1622 2455 1780 2494 remittatur

153 2489 202 2529 eis,
232 2488 397 2530 illiilicilior
418 2494 459 2516 est
477 2489 631 2530 littjtts__luci
658 2489 789 2530 dcl‘ettsio.
809 2491 927 2530 Primum
958 2488 1047 2530 itaque
1075 2492 1208 2530 notandus
1233 2495 1275 2517 est
1299 2490 1444 2530 lticnlocus
1468 2490 1598 2530 adversus
1623 2489 1778 2530 itaireticos,

153 2523 200 2564 qui
217 2532 233 2550 e
254 2524 346 2564 Veteri
369 2523 542 2564 'l‘est_a_tttentti
558 2524 631 2564 dicta
648 2525 925 2564 qttmdatunaucttpari
942 2523 1040 2564 _solc]tt
1058 2533 1091 2553 ex
1108 2527 1205 2564 quibus
1230 2525 1305 2560 argui
1332 2525 1462 2564 videatur,
1489 2529 1519 2551 ut
1533 2524 1595 2564 ipsi
1609 2525 1708 2564 dicere
1731 2531 1780 2550 au-

153 2558 230 2599 dent,
246 2558 356 2599 crudele
368 2559 501 2599 quoddam
519 2558 547 2584 iit
565 2559 695 2599 (_l_reatore
715 2558 872 2599 vindicandi
885 2560 1067 2599 puniendique
1081 2558 1311 2599 cotisiliutn,_sire
1326 2567 1380 2599 quo
1394 2559 1446 2586 alio
1466 2559 1575 2586 nomine
1590 2559 1779 2599 itl‘designarc

152 2593 269 2625 malunt,
282 2598 311 2620 ut
334 2593 361 2620 in
387 2593 517 2621 Creatore
532 2593 634 2620 nu‘ilatu
651 2601 711 2622 esse
727 2594 875 2622 bonitatetn
886 2593 1052 2628 ostendant;
1070 2595 1118 2622 sed
1132 2602 1185 2622 non
1201 2596 1294 2622 eadettt
1319 2593 1422 2622 ratione
1438 2602 1525 2629 neque
1548 2594 1665 2621 candide
1689 2593 1716 2620 in
1742 2593 1780 2620 le-

188 2674 243 2711 (60)
262 2675 308 2703 Sic
332 2675 410 2702 codd.
424 2683 517 2704 omnes
534 2684 600 2704 mss.
616 2677 694 2706 Libb.
717 2678 798 2709 editi,
816 2686 825 2703 ι
842 2683 935 2706 contra
989 2678 1069 2706 editis
1082 2679 1172 2711 deest,
1192 2687 1201 2703 ι
1217 2679 1272 2705 Dei.
1285 2688 1294 2704 ι
1334 2698 1339 2702 .

152 2711 305 2742 veritatem,
319 2714 346 2737 et
361 2711 412 2748 lioc
432 2712 564 2745 promittit
582 2713 651 2739 Deus
668 2720 696 2740 se
718 2713 863 2748 facturum,
882 2714 935 2741 etsi
1028 2713 1083 2748 (6|)
1104 2714 1141 2739 lla
1156 2721 1220 2740 tnss.
1236 2713 1314 2740 Libb.
1326 2712 1402 2748 editi,
1415 2721 1425 2738 ι
1442 2713 1464 2740 is
1477 2712 1586 2747 quidem
1601 2713 1736 2742 sentiens.
1747 2722 1758 2740 ι

155 2748 298 2783 antequam
328 2745 476 2783 auferatur
492 2753 539 2783 cor
567 2748 714 2782 lapideum.
733 2756 741 2773 ι
770 2747 851 2774 Paulo
877 2753 938 2782 post
1028 2745 1083 2783 (62)
1107 2748 1173 2775 Vide
1187 2748 1338 2782 Urigem‘an.
1353 2745 1400 2783 lib.
1415 2755 1451 2783 It,
1461 2745 1492 2782 q.
1502 2748 1529 2780 7,
1545 2755 1571 2783 ιι.
1588 2748 1632 2774 lt.

154 2786 233 2812 ttiss.,
251 2787 259 2804 ι
275 2780 300 2806 in
322 2780 446 2808 omnibus
462 2781 508 2809 Dei
526 2780 620 2818 gratiae
641 2790 708 2819 opus
727 2780 888 2813 videbiturft

850 2780 894 2811 Εἰ
911 2783 940 2811 ln
1030 2780 1085 2820 (65)
1106 2782 1183 2817 Mss.,
1199 2780 1247 2811 δεῖ.
1264 2782 1342 2810 Libb.
1356 2782 1430 2818 editi,
1444 2780 1488 2822 δή,
1506 2782 1584 2811 male.
