1860 3073
100 123 154 152 281

761 119 862 147 LIBER
881 119 1040 147 TERTIUS.

1679 119 1732 149 282

102 181 171 211 λεῖν,
192 189 203 206 ί
221 179 265 206 ἵνα
282 178 426 214 βλέποντες
440 178 476 213 μὴ
495 177 623 213 βλέπωσι,
636 178 683 204 καὶ
696 176 842 208 ἀκούοντες
860 187 872 212 p

972 177 1061 203 ideant
1086 179 1112 203 et
1132 184 1186 204 non
1209 176 1334 210 videant;
1360 180 1387 203 et
1404 177 1544 204 audientes
1563 177 1684 209 audiant,
1705 183 1732 205 et

105 225 229 257 σ-δνιῶσι,
249 225 355 260 μήποτε
377 224 560 260 ἑπιστρὲψωσι
576 224 623 251 καὶ
645 223 732 258 ἀφεθῇ
755 224 853 254 αὐτοῖς.
885 232 894 247 ι

107 272 165 298 Καὶ
178 272 235 307 ἐρεῖ
248 272 263 296 ὁ
278 271 308 304 ἐξ
323 269 448 301 ἐναντίας
458 278 464 284 ·
482 270 515 296 Εἰ
532 269 638 301 πάντως
649 269 703 296 τῶν
725 268 901 303 σαφεστέρων

104 317 273 348 ἀκούσαντες
301 317 356 342 οἵδε
385 316 456 347 τινὲς
483 315 781 351 ὲπιστρέφουσιν,ὥστε
800 314 897 345 αὐτοὺς

103 362 198 395 ἀξίους
213 361 340 395 γενέσθαι
353 360 474 394 ἀφέσεως
488 359 705 395 ἁμαρτημάτων,
722 358 772 384 οὑκ
793 357 850 384 ἔστι
868 357 897 383 δὲ

104 408 151 434 ἐπ’
168 408 261 437 αὐτοῖς
277 407 307 432 τὸ
322 406 437 432 ἀκοῦσαι
453 405 506 432 τῶν
524 405 698 440 σαφεστέρων
716 403 816 437 λόγων,
840 403 896 429 ἀλλ’

103 453 152 479 ἐπὶ
165 452 206 486 τῷ
220 451 384 483 διδάσκοντι,
396 451 441 478 καὶ
456 451 499 477 διὰ
513 451 590 477 τοῦτο
605 451 655 476 οὐκ
671 449 834 483 ἀπαγγέλλει
850 449 898 475 αὐ-

101 499 160 528 τοῖς
191 498 376 532 σαφέστερον,
398 497 503 532 μήποτε
526 496 600 522 ἴδωσι
627 496 674 522 καὶ
700 495 897 526 συνιῶσιν,οὐκ

101 541 177 568 ἔστιν
194 542 238 567 ἐπ’
253 542 345 572 αὐτοῖς
365 540 394 566 τὸ
410 539 546 573 σωθῆναι·
569 540 593 565 εἰ
609 539 636 565 δὲ
652 538 739 568 τοῦτο,
751 539 800 564 οὐκ
814 538 896 572 ἐσμὲν

101 587 277 619 αὑτεξούσιοι
291 585 427 621 σωτηρίας
443 585 490 611 καὶ
504 584 650 615 ἀπωλείας.
669 583 772 618 Πιθανὴ
789 582 837 618 μὲν
851 579 896 608 οὖν

101 632 172 667 πρὸς
198 632 287 659 ταῦτα
318 632 451 666 ἀπολογία
472 629 522 666 ἧν,
549 631 573 656 εἰ
599 629 636 665 μὴ
671 629 830 665 προσέκειτο
855 628 894 661 τὺ,

103 687 111 702 ι
142 678 251 713 μήποτε
270 677 453 712 ὲπιστρέψωσι
473 677 519 702 καὶ
535 676 621 711 ἀφεθῇ
638 675 737 706 αὐτοῖς,
754 684 764 700 )
792 674 834 706 τὺ,
857 674 897 699 ὅτι

98 725 152 750 οὐκ
169 724 296 750 ἐϐούλετο
308 723 370 754 τοὺς
391 723 428 758 μὴ
441 723 584 758 ἐσομένους
604 722 702 753 καλοὺς
718 721 765 748 καὶ
780 719 897 754 ἀγαθοὺς

102 769 228 794 συνιέναι
246 768 299 794 τῶν
318 768 527 803 μυστικωτέρων
542 769 555 793 ὁ
580 767 685 801 Σωτὴρ,
700 766 746 792 καὶ
761 765 804 792 διὰ
820 765 897 792 τοῦτο

101 813 196 840 ἐλάλει
220 814 311 844 αὐτοῖς
335 814 362 839 ὲν
380 813 565 848 παραϐολαῖς·
583 812 629 838 νῦν
643 812 671 838 δὲ
690 812 814 846 κειμένου
838 810 895 843 τοῦ,

952 231 1005 249 non
1022 222 1187 257 intelligant,
1204 230 1236 249 ne
1251 222 1322 250 forte
1334 227 1525 250 convertantur
1537 228 1563 249 et
1578 223 1732 251 nemiltatur

951 269 990 295 eis
1005 269 1039 296 ⁵⁸.
1060 277 1069 293 ι
1087 268 1115 294 ln
1130 276 1184 302 quo
1201 269 1272 295 dicet
1290 270 1333 302 qui
1359 277 1374 296 e
1395 270 1500 297 diverso
1517 270 1661 304 respondet
1677 279 1684 296 :
1702 269 1730 296 Si

952 313 1108 340 omnimodo
1123 313 1150 340 hi
1171 313 1217 347 qui
1234 313 1406 341 manifestius
1422 315 1544 347 audient,
1563 315 1732 349 corrigentur

951 363 977 386 et
995 363 1202 390 convertentur,
1229 363 1256 385 et
1278 359 1314 386 ita
1338 366 1540 392 convertentur,
1558 365 1587 387 ut
1609 365 1635 387 et
1659 360 1731 395 digni

951 405 1004 431 sint
1023 404 1162 439 percipere
1179 404 1366 431 remissionem
1392 411 1583 439 peccatorum;
1612 414 1665 433 non
1691 411 1732 432 est

951 454 1040 477 atttem
1056 450 1082 476 in
1100 450 1220 484 ipsorum
1237 455 1369 484 potestate
1386 456 1415 478 ut
1429 452 1537 478 audiant
1559 452 1730 479 manifestum

951 501 1118 527 sermonem,
1134 495 1180 521 sed
1197 495 1222 521 in
1240 494 1301 528 ejus
1317 496 1409 530 utiqtte
1425 500 1556 530 potestate
1572 497 1617 531 qui
1642 498 1730 529 docet,

952 543 977 564 ut
996 539 1115 573 apertius
1132 545 1157 572 et
1178 539 1349 567 manifestius
1365 542 1475 573 doceat;
1492 540 1514 567 is
1528 548 1590 568 vero
1614 543 1659 576 qui
1682 542 1732 569 do-

951 591 1004 616 cet,
1028 591 1170 620 propterea
1190 594 1218 613 se
1236 586 1301 612 dicit
1324 586 1467 613 manifeste
1494 586 1534 614 eis
1562 593 1615 613 non
1637 587 1733 621 pratdi-

952 638 1016 657 care
1043 631 1156 658 verbum
1183 638 1216 658 ne
1246 631 1316 658 forte
1344 632 1455 659 audiant
1480 636 1508 658 et
1532 631 1682 667 intelligant
1705 637 1733 660 et

950 680 1146 702 convertantur
1161 680 1189 702 et
1203 676 1342 703 salt'cntur
1356 685 1363 703 ι
1381 684 1433 703 non
1454 677 1506 704 erit
1521 677 1613 711 utique
1627 677 1653 704 in
1668 677 1733 710 ipsis

951 726 979 747 ιιι
994 721 1061 747 salvi
1079 722 1153 748 fiant.
1168 721 1246 754 Quod
1268 721 1289 748 si
1312 727 1364 754 est,
1380 722 1456 749 liberi
1481 721 1661 749 arbitrii-non
1681 723 1734 749 eri-

951 773 1010 792 mus
1037 766 1077 793 vel
1103 767 1135 793 ad
1162 766 1288 799 salutent,
1305 767 1347 794 vel
1375 769 1408 794 ad
1433 767 1621 802 perditionem.
1652 767 1685 794 Et
1709 769 1731 795 si

950 812 1056 846 quidem
1077 820 1128 838 non
1152 819 1223 840 esset
1241 813 1373 847 adjectum
1389 814 1459 848 quod
1473 814 1541 840 dixit
1555 823 1562 840 :
1582 823 1592 840 ι
1608 813 1647 841 Ne
1663 814 1733 841 forte

102 868 112 884 ι
134 860 242 894 μήποτε
260 858 444 893 ὲπιστρέψωσι
458 858 504 884 καὶ
519 857 605 893 ἀφεθῇ
630 858 721 888 αὐτοῖς
733 865 739 871 -
761 867 770 882 ι
788 857 804 892 ὴ
823 857 872 882 ἀπε

972 862 1142 884 )nvertanlur
1164 862 1192 884 et
1219 858 1373 884 remittatur
1400 859 1450 890 eis,
1478 867 1487 884 ι
1517 863 1608 893 posset
1623 859 1733 893 pronior

100 904 181 937 λογία
202 904 261 930 ἐστὶ
278 903 466 938 χαλεπωτέρα.
492 903 603 938 Πρῶτον
625 902 712 928 τοίνυν
730 901 895 936 σημειωτέον

103 950 166 976 ἐστὶ
180 951 226 976 τὸν
240 950 322 976 τόπον
343 949 410 984 πρὸς
424 949 486 979 τοὺς
500 948 677 983 ἑτεροδόξους,
691 947 895 983 λεξιθηροῦντας

102 993 154 1028 μὲν
177 994 214 1020 τὰ
237 993 291 1019 ἀπὸ
315 994 363 1028 τῆς
385 993 505 1024 Παλαιᾶς
528 992 664 1027 Διαθήκης
685 991 805 1023 τοιαῦτα,
831 991 896 1019 ἔνθα

99 1038 278 1073 ἐμφαίνεται,
302 1038 339 1069 ὡς
362 1038 438 1065 αὐτοὶ
461 1038 612 1073 τολμῶντες
629 1038 762 1071 λέγουσιν,
786 1037 894 1072 ὠμότης

98 1080 149 1106 τοῦ
171 1080 341 1117 δημιουργοῦ
363 1082 380 1116 ὴ
403 1081 538 1116 ἀμυντικὴ
559 1082 605 1107 καὶ
629 1081 823 1117 ἁνταποδοτικὴ
840 1081 894 1108 τῶν

98 1125 233 1161 χειρόνων
249 1126 418 1161 προαίρεσις,
434 1127 449 1161 ἦ
463 1127 512 1153 ὅτι
531 1135 596 1153 ποτε
612 1127 717 1153 θέλουσι
734 1127 763 1153 τὸ
776 1127 894 1154 τοιοῦτον

97 1172 256 1206 ὀνομάζειν,
268 1173 347 1207 μόνον
362 1173 404 1198 ἵνα
419 1172 533 1206 λέγωσιν
548 1173 597 1200 οὐκ
611 1173 766 1208 ἀγαυότητα
783 1171 851 1200 εἶναι
865 1174 893 1200 ὲν

97 1215 138 1251 τῷ
162 1217 286 1243 κτίσαντι
299 1225 306 1233 ·
329 1218 379 1252 οὐχ
400 1219 501 1253 ὁμοίως
517 1218 555 1250 δὲ,
579 1218 638 1245 οὐδὲ
655 1219 834 1255 εὐγνωμόνως
849 1221 893 1246 ὲν-

96 1262 285 1296 τυγχάνοντας
307 1265 340 1298 τῇ
363 1264 463 1298 Καινῇ,
480 1263 547 1290 ἀλλὰ
571 1264 840 1300 παραπεμπομένους
859 1265 892 1292 τὰ

97 1307 281 1343 παραπλήσια
296 1305 337 1339 οἷς
349 1308 507 1344 νομίζουσιν
519 1307 588 1335 εἶναι
602 1309 760 1344 ὲπιλήπτοις
780 1311 825 1336 ἐπὶ
836 1310 891 1345 (64)

96 1354 150 1388 τῆς
163 1353 303 1385 Παλαιᾶ;’
322 1354 446 1390 φανερῶς
464 1355 517 1390 γὰρ
538 1355 584 1382 καὶ
600 1355 670 1381 κατὰ
683 1355 712 1382 τὸ
729 1356 891 1390 Εὐαγγέλιον

95 1399 110 1424 ὁ
121 1399 221 1434 Σωτὴρ
233 1399 382 1431 δείκνυται,
396 1400 433 1431 ὡς
448 1400 524 1427 αὐτοὶ
539 1401 698 1435 φάσκουσιν,
708 1401 753 1428 ἐπὶ
763 1402 816 1428 τῶν
827 1411 893 1438 προ-

94 1443 188 1478 τέρων
211 1443 254 1469 διὰ
278 1444 357 1470 τοῦτο
386 1444 478 1478 σαφῶς
503 1444 539 1479 μὴ
566 1445 758 1480 φθεγγόμενος,
787 1447 830 1473 ἵνα
854 1446 891 1481 μὴ

93 1489 302 1531 ἐπιστρέψωσιν
316 1491 341 1516 οἱ
361 1490 509 1526 ἄνθρωποι,
526 1491 572 1518 καὶ
592 1492 806 1527 ἐπιστρέψαντες
823 1493 890 1527 ἀφέ-

949 910 1010 929 esse
1033 903 1185 937 responsio,
1212 911 1264 937 qua
1289 903 1444 930 diceremus
1469 905 1597 938 qttoniam
1623 904 1732 931 nolebat

949 955 995 974 eos
1009 955 1077 981 quos
1096 947 1220 974 Salvator
1236 948 1396 982 praesciebat
1417 956 1468 975 non
1485 956 1544 976 esse
1558 948 1664 976 futuros
1682 950 1732 975 ho-

950 1002 1008 1025 nos,
1026 993 1178 1028 intelligere
1203 994 1331 1027 mysteria
1355 995 1430 1028 regni
1450 994 1594 1027 cmlorum,
1617 999 1643 1021 et
1668 1003 1732 1030 pro-

948 1044 1039 1073 pterea
1068 1039 1226 1073 loquebatur
1252 1039 1292 1066 eis
1315 1040 1341 1066 in
1368 1039 1520 1073 parabolis;
1546 1047 1616 1066 nunc
1641 1045 1730 1067 autem

948 1092 1007 1111 cum
1031 1083 1164 1118 adjectum
1188 1084 1233 1115 sit,
1252 1093 1262 1109 ι
1287 1092 1320 1110 ne
1335 1084 1405 1111 forte
1433 1089 1628 1112 convertantur
1643 1090 1671 1112 et
1687 1094 1730 1112 re-

949 1130 1072 1156 mittatur
1097 1129 1152 1162 eis,
1178 1138 1187 1154 ι
1216 1129 1349 1156 dillicilior
1380 1128 1495 1157 efﬁcitur
1519 1130 1665 1165 expositio.
1698 1131 1732 1158 Et

947 1175 1036 1207 primo
1052 1174 1158 1208 quidem
1176 1174 1377 1201 observandum
1400 1175 1479 1201 nobis
1494 1179 1536 1202 est
1549 1175 1612 1210 quid
1633 1176 1732 1202 habeat

947 1219 1106 1246 munimenti
1134 1219 1209 1246 locus
1238 1220 1289 1246 iste
1315 1220 1397 1246 etiam
1425 1220 1554 1247 adversus
1578 1221 1728 1253 haereticos,

947 1265 992 1299 qui
1016 1265 1145 1299 nuncupari
1165 1265 1246 1292 verba
1273 1265 1306 1292 de
1327 1265 1417 1293 Veteri
1433 1265 1606 1293 Testamento
1631 1266 1730 1299 solent,

946 1310 968 1337 si
995 1317 1046 1344 qua
1075 1310 1145 1337 f0rte
1169 1310 1295 1337 videntur
1311 1310 1360 1342 eis,
1377 1315 1407 1337 ut
1435 1311 1485 1346 ipsi
1515 1311 1679 1346 intelligunt,
1697 1313 1730 1340 de

947 1356 1001 1382 Deo
1025 1361 1149 1382 creatore
1176 1363 1257 1389 grave
1281 1360 1308 1383 et
1336 1356 1514 1384 inhumanum
1541 1357 1641 1392 aliquid
1659 1358 1731 1385 desi-

946 1407 1040 1434 gnare,
1059 1407 1118 1426 cum
1141 1401 1220 1435 126
1244 1400 1284 1427 vel
1309 1401 1473 1428 vindicantis
1498 1401 1553 1437 (65)
1574 1403 1730 1436 designatur

945 1445 986 1471 vel
1002 1445 1138 1480 pttnientis
1153 1445 1275 1477 allectus,
1301 1445 1342 1473 vel
1360 1447 1550 1480 quoquomodo
1573 1452 1650 1473 certe
1676 1447 1727 1481 ipsi

946 1491 1003 1517 hate
1027 1491 1168 1518 nominare
1193 1491 1293 1524 solent,
1311 1499 1342 1517 es
1361 1491 1459 1525 quibus
1474 1491 1601 1519 videlicet
1620 1493 1727 1519 bonita-

94 1546 167 1569 σεως
184 1537 389 1572 ἁμαρτημάτων
404 1536 473 1568 ἄξιοι
488 1537 620 1571 γένωνται
630 1546 638 1553 ν
660 1538 728 1573 ὅπερ
752 1538 812 1565 καθ’
825 1540 872 1565 αὐτ

972 1543 996 1562 m
1013 1537 1145 1571 denegeut
1169 1543 1228 1564 esse
1245 1537 1271 1562 in
1290 1536 1419 1563 Creatore
1435 1545 1442 1562 :
1460 1538 1595 1571 quomodo
1610 1545 1661 1564 non
1676 1545 1724 1564 ea-

92 1583 212 1615 οὒδενὸς,
232 1582 338 1608 ἔλαττόν
361 1584 419 1609 ἐστι
439 1582 493 1609 τῶν
503 1583 557 1610 ἀπὸ
569 1583 618 1619 τῆς
631 1584 752 1615 Παλαιᾶς
771 1593 889 1619 κατηγο-

93 1629 240 1665 ρουμένων
263 1627 408 1654 τοιούτων·
434 1627 481 1654 ἐὰν
505 1628 536 1655 δὲ
559 1629 623 1664 περὶ
650 1629 697 1655 τοῦ
723 1629 888 1663 Εὑαγγελίου

91 1674 245 1707 ἀπολογίαν
266 1673 379 1709 ζητῶσι,
392 1673 501 1700 λεκτέον
519 1674 587 1710 πρὸς
608 1675 716 1706 αὐτοὺς,
731 1676 754 1701 εἰ
771 1675 807 1711 μὴ
827 1676 888 1701 ὲπι-

91 1721 208 1755 λήπτως
233 1719 345 1746 ποιῶσιν
363 1719 410 1745 ἐπὶ
430 1719 483 1746 τῶν
500 1720 599 1755 ὁμοίων
614 1721 813 1756 προϐλημάτων
828 1721 888 1748 ἀνο-

93 1767 180 1801 μοίως
196 1765 346 1799 ἱστάμενοι,
360 1766 408 1792 καὶ
424 1765 496 1793 κατὰ
513 1766 563 1800 μὲν
575 1766 624 1801 τὴν
641 1766 744 1801 Καινὴν
756 1767 786 1792 οὐ
808 1775 892 1802 προσ-

89 1812 251 1842 κόπτοντες,
269 1810 325 1837 ἀλλ*
347 1810 495 1844 ἀπολογίαν
518 1810 672 1846 ζητοῦντες,
691 1810 762 1837 κατὰ
785 1810 814 1836 δὲ
835 1811 885 1845 τὴν

90 1856 217 1883 Παλαιὰν
241 1856 304 1891 περὶ
322 1855 377 1881 τῶν
395 1855 602 1890 παραπλησίων,
615 1855 673 1881 δέον
697 1855 892 1889 ἀπολογεῖσθαι

89 1902 196 1937 ὁμοίως
208 1903 264 1932 τοῖς
282 1901 336 1927 ἀπὸ
358 1900 407 1935 τῆς
428 1901 540 1936 Καινῆς,
558 1901 788 1936 κατηγοροῦντες·
805 1901 833 1934 ἐξ
853 1898 890 1928 ὧν

91 1948 303 1984 συμϐιϐἀσομεν
332 1947 430 1978 αὐτοὺς
453 1947 498 1973 διὰ
524 1947 573 1978 τὰς
599 1947 760 1983 ὁμοιότητας
783 1947 830 1973 ἐπὶ
857 1947 886 1973 τὸ

90 1993 182 2019 πάντα
198 1993 325 2028 ἡγεῖσθαι
341 1992 400 2023 ἐνὸς
413 1991 481 2018 εἶναι
495 1992 650 2028 Γράμματα.
664 1993 742 2019 Θεοῦ.
761 1993 830 2029 Φέρε
852 1993 883 2028 δὴ

89 2039 139 2065 καὶ
155 2039 224 2074 προς
245 2039 275 2065 τὸ
291 2037 470 2074 προκείμενον
491 2038 638 2072 ἀπολογίαν
662 2038 732 2066 κατὰ
752 2039 782 2066 τὸ
804 2039 882 2066 δυνα-

88 2085 136 2110 τὸν
152 2084 342 2120 πορισώμεθα.

942 1582 1002 1607 dem
1018 1587 1117 1612 mente,
1142 1588 1191 1608 nec
1205 1581 1299 1608 eodetn
1316 1589 1395 1608 sensu
1417 1582 1500 1608 etiam
1525 1581 1557 1609 de
1574 1581 1727 1617 Evangeliis

939 1625 1073 1659 iudicant,
1092 1634 1140 1653 nec
1155 1627 1302 1653 observant
1315 1626 1337 1653 si
1351 1634 1403 1661 qua
1423 1627 1484 1653 talia
1497 1627 1580 1654 etiam
1596 1628 1621 1653 in
1635 1628 1727 1655 Evan~

941 1672 1018 1707 geliis
1038 1674 1124 1707 posita
1146 1677 1219 1704 sunt,
1245 1672 1333 1706 qualia
1359 1672 1483 1707 iudicant
1498 1672 1539 1699 vel
1555 1679 1675 1708 arguunt
1698 1674 1726 1700 in

941 1718 1032 1745 Veteri
1049 1717 1234 1745 Testamento.
1250 1718 1397 1744 Evidenter
1411 1718 1482 1745 enim
1498 1718 1524 1745 in
1542 1718 1593 1745 hoc
1608 1719 1726 1753 capitulo

944 1764 1067 1791 Salvator
1090 1764 1252 1797 ostenditur,
1276 1764 1347 1790 sicut
1372 1764 1422 1797 ipsi
1451 1763 1556 1796 dicttnt,
1582 1769 1725 1798 propterea

943 1808 1086 1836 manifeste
1107 1816 1160 1836 non
1177 1808 1262 1842 loqui,
1282 1808 1320 1834 uti
1343 1816 1376 1834 ne
1393 1812 1587 1835 convertantur
1604 1808 1726 1835 homines

942 1860 967 1881 et
991 1855 1115 1881 conversi
1145 1854 1333 1881 remissionem
1369 1854 1506 1888 accipiant
1540 1858 1723 1888 peccatorum.

941 1902 1016 1933 Quod
1036 1902 1129 1936 utique
1144 1901 1166 1928 si
1183 1900 1329 1927 secundum
1353 1899 1438 1926 solam
1453 1900 1572 1926 litteram
1588 1901 1724 1935 intelliga-

942 1951 996 1978 tur,
1012 1946 1077 1973 nihil
1102 1947 1213 1973 omnino
1231 1946 1321 1972 miuus
1338 1945 1483 1972 habebitur
1497 1945 1531 1972 ab
1554 1946 1595 1972 eis
1616 1953 1675 1980 qua:
1696 1947 1723 1974 in

939 1992 1112 2019 Testamento
1125 1991 1215 2018 Veteri
1232 1990 1424 2017 criminantur.
1438 1990 1465 2017 Si
1482 1998 1548 2017 vero
1560 1990 1625 2024 ipsis
1640 1991 1722 2018 etiam

938 2037 1064 2064 ridentur
1080 2038 1137 2064 haze
1157 2037 1327 2071 expositione
1343 2037 1473 2071 indigere,
1491 2037 1513 2064 si
1531 2044 1583 2071 qua
1607 2037 1633 2064 in
1649 2036 1723 2064 Novo

938 2083 1111 2110 Testamento
1127 2083 1164 2109 ita
1190 2083 1277 2117 posita
1301 2082 1488 2115 inveniuntur,
1504 2090 1673 2118 consequens
1694 2089 1723 2111 et

90 2132 280 2158 necessarium
309 2130 374 2163 erit,
408 2131 531 2158 utetiam
561 2138 592 2157 ea
608 2138 667 2166 quze
686 2131 711 2157 in
731 2131 1007 2166 Velerij'l‘estamento
1034 2130 1228 2162 criminarunt,
1262 2131 1343 2157 simili
1371 2130 1539 2164 expositione
1561 2136 1722 2165 purgentur,

87 2181 119 2203 ut
133 2184 182 2211 per
197 2177 255 2203 haec
278 2177 358 2204 unius
380 2177 553 2210 ejusdemque
576 2176 623 2204 Dei
645 2177 795 2212 probentur
810 2185 870 2205 esse
893 2185 953 2212 qute
967 2178 992 2204 in
1011 2181 1126 2211 utroque
1142 2176 1243 2210 scripta
1266 2180 1329 2203 sunt
1345 2175 1520 2203 Testamento
1535 2176 1603 2212 (66).
1621 2176 1674 2204 Sed
1687 2178 1721 2204 ad

87 2225 259 2259 propositam
276 2225 465 2259 qtltnslionem,
483 2229 562 2259 prout
587 2231 739 2258 possumus,
763 2230 965 2252 convertamur.

711 2281 862 2309 INTERPR
868 2281 994 2309 ETATlO
1010 2281 1114 2309 NOVA.

88 2329 183 2356 ctione
199 2328 270 2355 Novi
288 2328 459 2355 Testamenti
477 2333 632 2360 versantur,
652 2329 699 2355 sed
725 2329 758 2356 iis
782 2337 843 2363 quae
867 2329 892 2355 in
907 2329 998 2356 Veteri
1015 2328 1236 2363 reprehendenda
1259 2333 1365 2362 putant,
1382 2328 1480 2355 similia
1498 2330 1719 2363 praztermittunt.

90 2363 160 2391 Nam
179 2368 275 2397 aperte
306 2363 432 2390 Salvator
448 2364 475 2390 in
492 2364 651 2397 Evangelio,
677 2364 747 2390 sicut
776 2365 824 2397 ips:
841 2365 947 2396 dicunt,
971 2365 1107 2398 prioribus
1125 2364 1215 2391 verbis
1231 2364 1381 2390 ostenditur
1399 2369 1540 2398 propterea
1564 2372 1616 2390 non
1633 2365 1721 2390 mani-

88 2399 160 2426 feste
175 2399 260 2431 loqui,
277 2407 310 2426 ne
333 2403 526 2425 convertantur
542 2399 666 2433 homines
681 2405 708 2424 et
725 2399 847 2426 conversi
864 2404 1037 2432 peccatorum
1056 2399 1215 2425 remissione
1232 2398 1306 2433 digni
1325 2398 1406 2433 fiant;
1422 2400 1494 2432 quod
1515 2399 1601 2433 ipsum
1623 2407 1670 2432 per
1690 2407 1719 2426 se

88 2434 177 2461 nihilo
192 2433 309 2460 inferius
334 2439 376 2460 est
391 2434 424 2460 iis
444 2442 503 2468 quze
528 2434 555 2459 in
587 2432 676 2460 Veteri
703 2434 878 2460 Testamento
906 2434 1153 2467 reprehenduntur.
1181 2433 1228 2460 Sin
1259 2432 1348 2459 autem
1375 2432 1720 2467 Evangeliidefensionem

87 2473 229 2503 quaerunt,
245 2469 434 2503 interrogandi
459 2474 523 2496 sunt
542 2476 633 2494 annon
650 2469 864 2502 reprehensione
889 2469 962 2502 digni
984 2470 1039 2495 sint
1053 2469 1098 2502 qtti
1124 2469 1149 2494 in
1176 2468 1310 2495 similibus
1337 2469 1534 2502 qumstionibus
1552 2469 1720 2495 dissimiliter

88 2509 245 2536 versantur,
260 2508 289 2530 et
303 2511 364 2530 cum
382 2503 408 2529 in
424 2503 498 2530 Novo
521 2503 699 2530 Testamento
725 2503 792 2530 nihil
815 2503 866 2530 sibi
891 2503 1045 2530 ollendiculi
1066 2504 1213 2534 inveniant,
1231 2503 1278 2529 sed
1302 2503 1359 2536 ejus
1383 2504 1567 2530 defensionem
1587 2508 1719 2535 quzerant,

88 2537 115 2565 in
132 2538 224 2566 Veteri
242 2543 335 2564 tamen
351 2538 450 2565 similia
478 2538 689 2573 reprehettdunt,
715 2546 834 2572 quorum
858 2538 952 2565 itidem
977 2538 1120 2571 quaerenda
1148 2542 1218 2573 erat
1234 2537 1390 2571 explicatio.
1417 2537 1491 2564 Unde
1513 2537 1573 2564 illos
1598 2537 1720 2564 locorum

88 2573 293 2609 comparatione
308 2580 342 2600 eo
365 2574 529 2609 deducemus
544 2578 573 2599 ut
596 2573 677 2609 unius
692 2574 871 2609 ejusdemque
893 2581 952 2600 esse
967 2573 1013 2600 Dei
1034 2578 1182 2609 utrumque
1198 2572 1402 2600 Testamentum
1419 2572 1544 2600 credant.
1562 2572 1622 2607 Age
1642 2579 1718 2606 vero,

89 2608 120 2634 ad
137 2608 308 2643 propositam
334 2608 512 2642 qurestionem
532 2615 582 2642 pro
601 2608 674 2634 virili
692 2608 917 2642 respondeamus.

123 2654 146 2671 ⁸⁸
164 2654 251 2682 Mare.
269 2662 307 2687 tv,
335 2654 380 2681 1‘2.

122 2702 179 2738 (6d)
195 2702 230 2738 In
240 2706 322 2728 antea
336 2701 417 2738 editis
431 2701 539 2738 legitur,
555 2703 618 2731 ἀπό.

122 2737 181 2771 (ιὶ5)
203 2736 251 2764 Sic
280 2743 346 2764 mss.
361 2736 445 2772 Alias,
461 2736 482 2762 ἰ
511 2738 553 2764 vel
578 2738 739 2772 judicantis.
758 2747 768 2764 ι
789 2737 872 2765 Paulo

88 2777 147 2806 post
164 2780 246 2804 mss.,
264 2780 274 2796 ι
298 2771 438 2805 quomodo
454 2780 506 2798 non
532 2771 626 2799 eadem
643 2778 744 2801 mente.
763 2783 773 2799 ι
800 2773 880 2800 Libb.

88 2807 160 2839 editi,
179 2816 189 2832 ι
214 2806 347 2841 quoniam
360 2813 419 2841 non
441 2807 535 2834 eadem
554 2814 654 2834 mente.
675 2817 685 2833 ι
709 2807 780 2834 Infra
804 2815 880 2840 mss.,

91 2850 99 2866 ι
115 2847 261 2877 propterea
277 2840 424 2870 manifeste
439 2849 491 2868 non
505 2841 590 2877 loqui,
614 2843 652 2870 uti
670 2849 703 2870 ne
720 2847 882 2871 convertan-

931 2708 974 2729 tur
998 2702 1132 2733 homines,
1147 2707 1174 2728 et
1187 2700 1311 2728 conversi
1327 2700 1518 2727 remissionem
1542 2700 1690 2735 accipiant.
1705 2710 1715 2727 1

926 2737 954 2764 1n
969 2737 1052 2765 editis
1070 2737 1164 2772 deest,
1175 2745 1185 2761 ι
1205 2740 1347 2772 pr0pterea
1363 2745 1372 2760 ι
1389 2740 1417 2762 et
1433 2745 1442 2760 ι
1455 2735 1590 2768 conversi,
1610 2745 1620 2761 ι
1634 2741 1659 2763 et
1670 2743 1719 2772 pro

938 2782 947 2797 ι
968 2773 1007 2798 11ιὶ
1022 2779 1066 2802 ne,
1086 2781 1094 2796 ι
1115 2771 1222 2804 legitur,
1242 2779 1251 2795 ι
1274 2775 1301 2796 ιιι
1318 2770 1344 2796 in
1364 2777 1406 2796 eo.
1426 2779 1435 2795 ι

972 2806 1026 2842 (66)
1048 2806 1133 2842 Unius
1147 2804 1316 2842 ejusdemque
1333 2804 1380 2830 Dei
1393 2805 1535 2842 probentur
1548 2813 1603 2842 esse
1617 2813 1676 2840 qum
1689 2806 1718 2842 in

937 2839 1045 2877 utroque
1061 2841 1159 2875 scripta
1177 2846 1237 2868 sunt
1263 2839 1439 2883 Teftamento.
1451 2839 1491 2868 lta
1507 2847 1574 2869 mss.
1594 2841 1621 2868 In
1637 2841 1717 2869 editis
