1860 3073
159 123 216 152 283

193 185 244 214 .17.
267 184 428 212 Dicebamus
451 184 527 218 prius
557 183 591 210 de
613 182 755 210 Pharaone
783 183 951 217 disputantes
966 185 988 212 Α

162 231 234 266 quod
254 230 389 257 interdum
405 229 493 257 curari
517 228 597 256 citius
614 236 666 255 non
691 229 764 256 cedit
787 229 813 255 in
837 229 949 260 bonum,

162 275 281 303 maxime
312 275 334 302 si
363 274 478 302 internis
511 273 665 301 visceribus
690 273 807 300 validius
839 274 951 300 morbus

160 323 300 354 grassatur
330 319 460 346 inclusus.
492 318 569 346 Unde
605 319 674 345 Deus
699 319 745 353 qui
779 318 949 345 occultorttm

159 365 285 400 cognitor
310 370 363 396 est,
393 368 420 391 et
442 364 519 391 n0vit
542 365 669 391 universa
705 368 849 399 antequam
872 364 949 396 flant,

158 418 207 446 pro
236 411 319 438 multa
346 411 514 445 benignitate
540 417 588 437 sua
612 409 703 437 dill'crt
730 411 826 437 horum
855 410 949 437 talimn

157 465 249 490 curas,
276 457 488 491 ctfmedicinam
514 456 630 491 protelat
660 457 686 483 in
712 457 828 492 longius,
857 462 948 491 atque,

155 508 186 530 ut
211 505 250 530 ita
277 503 412 536 dixerim,
439 507 517 530 curat
547 510 596 539 eos
619 502 682 529 dum
709 510 762 529 non
793 506 888 534 curat,
915 510 950 530 ne

155 555 203 576 eos
243 555 359 583 propera
392 547 495 575 sanitas
518 547 683 574 insanabiles
718 548 824 575 reddat.
854 548 949 575 Possi-

155 593 210 621 bile
234 601 299 629 ergo
323 597 366 621 est
398 597 428 620 ut
458 594 528 628 apud
561 601 608 620 eos
631 594 730 628 quibus
757 594 825 620 foris
851 594 947 626 positis

157 639 264 666 Domini
301 645 328 665 et
359 638 510 666 Salvatoris
536 639 621 665 nostri
653 646 744 666 sermo
772 639 874 670 ﬂebat,
899 647 949 673 pro

157 684 237 719 127
253 692 285 711 eo
297 683 367 718 quod
382 689 509 711 scrutatis
535 684 617 711 corda
633 688 659 710 et
683 690 761 710 renes
782 683 946 717 prmvidebat

155 739 202 758 eos
216 731 334 758 nondum
348 734 425 765 aptos
436 737 496 756 esse
504 729 702 756 manifestioris
714 729 812 762 eloquii
827 729 948 763 recipere

155 776 333 809 doctrinam,
353 775 544 810 sprofundioris
570 776 734 802 sacramenti
762 775 841 802 tidem
860 776 947 802 velato

155 828 281 849 sermone
306 826 484 856 conlegerat:
514 829 548 850 ne
576 822 647 849 forte
675 821 807 849 velociter
822 821 946 848 conversi

155 875 187 895 ac
202 868 288 895 sanati
305 888 312 900 ,
329 867 354 894 id
371 871 412 894 est
427 887 435 899 ,
465 871 639 900 peccatorum
655 875 765 894 suorutn
782 867 944 894 remissione

154 913 280 941 celeriter
291 917 402 948 accepta
417 932 426 944 ,
452 913 532 940 facile
546 913 644 940 iterum
660 913 686 939 in
702 913 826 939 eumdem
842 913 945 939 recide-

154 965 215 987 rent
232 959 355 987 morbum
371 980 378 993 ,
395 967 474 993 quem
490 963 633 986 senserant
649 959 708 985 sine
723 958 811 993 aliqua
829 958 943 985 difficul-

154 1009 210 1031 tate
222 1009 362 1033 curatum.
393 1003 470 1037 Quod
497 1004 589 1037 utique
611 1003 633 1030 si
659 1004 727 1036 fiat,
750 1003 815 1030 nulli
833 1004 943 1030 dubium

152 1055 194 1078 cst
209 1050 339 1085 duplicari
356 1057 465 1084 pcenam
493 1055 520 1077 et
544 1049 607 1076 mali
626 1054 773 1084 augmenta
799 1050 942 1082 cumulari,

151 1098 216 1123 dum
232 1103 284 1123 non
297 1096 383 1123 solum
408 1100 520 1131 peccata
550 1103 609 1130 qua:
634 1095 735 1122 retnitti
754 1095 810 1122 visa
836 1094 945 1122 fuerant

152 1142 208 1177 (6'1)
231 1146 391 1176 repetuntur
406 1161 413 1174 ,
443 1148 535 1168 verum
548 1142 631 1168 etiam
645 1141 755 1168 virtutis
768 1140 827 1166 auia
846 1141 942 1175 pollui-

153 1193 206 1219 tur,
226 1187 247 1214 si
265 1194 324 1213 eam
343 1186 443 1214 dolosa:
459 1192 487 1213 et
516 1186 710 1213 cantaminata:
727 1191 831 1213 mentes
854 1185 941 1220 plenae

152 1232 316 1259 intrinsecus
344 1231 453 1258 malitia:
476 1231 586 1258 latentis
614 1231 787 1258 conculecnt.
819 1231 852 1257 Et
869 1230 939 1264 quod

151 1285 271 1312 unquam
288 1277 386 1304 talibus
410 1277 560 1304 remedium
575 1277 649 1309 erit,
676 1276 721 1310 qtti
747 1280 809 1310 post
831 1275 940 1302 malitiae

151 1323 274 1358 impuros
293 1330 325 1350 ac
339 1323 462 1350 sordidos
473 1323 548 1350 cibos
563 1342 570 1353 ,
589 1321 740 1357 dcgustata‘
754 1321 863 1348 virtutis
877 1329 940 1348 sua-

149 1369 244 1402 vitate,
257 1368 399 1397 dulcedine
413 1368 472 1402 ejus
485 1369 541 1395 suis
558 1367 684 1394 faucibus
695 1371 803 1401 rccepta
819 1386 828 1399 ,
845 1374 940 1394 rursus

781 121 943 151 ORIGENIS
962 122 1040 148 ΠΕΡΙ
1059 122 1174 148 ᾹΡΧΩΝ

1743 118 1799 147 981

1046 183 1217 217 Ὲφάτκοιιεν
1238 183 1285 209 καὶ
1302 182 1364 217 περὶ
1378 181 1424 208 τοῦ
1445 179 1544 216 Φαραὼ
1565 179 1736 212 ἐξετάζοντες
1755 179 1801 206 ὃτι

1006 228 1091 253 ἐνίοτε
1108 227 1138 253 τὸ
1151 228 1243 262 τάχιον
1256 227 1467 263 θεραπευθῆναι,
1481 227 1510 252 οὐ
1534 225 1601 260 πρὸς
1619 224 1704 251 καλοῦ
1726 224 1803 257 γίνε-

1005 281 1048 298 ται
1070 275 1125 304 τοῖς
1143 274 1382 308 θεραπευομένοις,
1395 273 1472 307 εἴπερ
1489 272 1520 299 ἂν
1534 273 1590 302 τοῖς
1605 270 1734 305 χαλεποῖς
1744 270 1803 305 (68)

1005 318 1198 353 περιπεσόντες
1215 319 1335 354 εὐχερῶς
1349 318 1531 352 ἀπαλλαγεῖεν
1544 317 1646 343 τούτων
1665 313 1707 348 οἷς
1722 324 1806 351 περι-

1005 363 1184 390 πεπτὼκατι·
1215 363 1446 400 καταφρονοῦντες
1472 363 1525 398 γὰρ
1552 363 1590 394 ὡς
1616 362 1726 389 εὐιάτου
1752 361 1805 387 τοῦ

1005 409 1108 442 κακοῦ,
1133 409 1258 445 δεύτερον
1283 410 1312 436 οὺ
1345 409 1539 444 φυλαττόμενοι
1564 407 1611 434 τοῦ
1639 407 1806 442 περιπεσεῖν

1004 454 1088 489 αὐτῷ,
1111 456 1139 481 ἐν
1162 455 1237 490 αὑτῴ
1261 455 1384 481 ἔσονται·
1408 455 1502 490 διόπερ
1521 454 1567 480 ἐπὶ
1591 452 1646 479 τῶν
1669 451 1805 478 τοιούτων

1002 501 1016 526 ὁ
1045 500 1112 532 Θεὸς
1136 502 1150 527 ὁ
1179 501 1286 532 αἰώνιος
1319 502 1333 527 ὁ
1365 500 1420 528 τῶν
1452 500 1582 535 κρυπῶν
1611 498 1758 533 γνώστης.
1791 498 1806 523 ὁ

1003 545 1086 579 εἰδὼς
1100 547 1134 574 τὰ
1161 547 1248 574 πάντα
1276 547 1339 582 πρὶν
1363 546 1496 580 γενέσεως
1524 544 1623 576 αὐτῶν,
1649 543 1724 570 κατὰ
1754 542 1806 576 τὴν

1003 594 1174 628 χρηστότητα
1188 593 1269 619 αὑτοῦ
1294 593 1467 628 ὑπερτίθεται
1488 591 1538 627 τὴν
1560 590 1717 626 ταχυτέραν
1735 589 1806 624 πῷς

1003 639 1101 669 αὐτοὺς
1114 638 1249 673 βοήθειαν,
1269 639 1326 670 καὶ,
1341 638 1374 664 ἵν’
1386 637 1472 668 οὕτως
1488 636 1567 668 εἴπω,
1588 635 1695 671 βοηθῶν
1708 635 1806 664 αὐτοῖς

1002 685 1031 710 οὐ
1049 684 1159 719 βοηθεῖ,
1184 684 1278 710 τούτου
1296 685 1387 715 αὐτοῖς
1410 681 1620 712 λυσιτελοῦντος.
1647 681 1731 711 Εἰκὸς
1757 678 1805 706 οὖν

1003 730 1122 762 καὶτοὺς
1138 730 1190 762 ἔξω
1208 731 1270 766 περὶ
1295 728 1332 756 ὧν
1353 731 1366 755 ὁ
1385 729 1463 763 λόγος
1477 750 1484 761 ,
1499 729 1537 764 τῷ
1550 728 1658 763 Σωτῆρι
1674 727 1749 753 κατὰ
1775 726 1807 753 τὺ

1002 775 1181 810 προκείμενον
1202 776 1374 811 ἑιυραμὲνους
1397 776 1426 802 οὐ
1450 774 1574 808 βεϐαίους
1590 773 1702 799 ἔσεσθαι
1722 773 1752 798 ἐν
1770 774 1804 806 τῇ

1002 821 1165 855 ἐπιστροφῇ,
1181 822 1205 847 εὶ
1221 821 1382 856 τρανότερον
1397 819 1541 846 ἀκοὺταιεν
1553 819 1607 844 τῶν
1628 817 1804 852 λεγομένοιν,

1001 867 1052 893 ὑπὸ
1069 866 1115 893 τοῦ
1132 867 1235 902 Κυρίου
1245 867 1433 902 ᾠκονομῆσθαι
1450 865 1486 901 μὴ
1500 865 1668 899 σαφέστερον
1684 864 1806 889 ἀκοῦσαι

999 913 1054 939 τῶν
1067 913 1240 948 βαθυτέρων,
1269 913 1372 948 μήποτε
1399 913 1491 947 τάχιον
1508 911 1728 946 ἐπιστρέψαντες
1756 910 1807 936 καὶ

1002 956 1123 988 ἱαθέντες
1136 958 1165 983 ὲν
1181 956 1219 992 τῷ
1231 957 1357 991 ἀφέσεως
1369 958 1471 991 τυχεῖν,
1491 957 1528 988 ὼς
1543 955 1665 990 εὖχερῶν
1679 955 1736 980 τῶν
1751 953 1806 988 τῆς

1001 1003 1100 1034 κακίας
1123 1003 1287 1038 τραυμάτων
1310 1003 1356 1028 καὶ
1383 1001 1499 1028 εὺιάτων
1525 1002 1804 1036 καταφρονήσαντες,

1000 1047 1080 1074 πάλιν
1093 1048 1140 1073 καὶ
1161 1048 1254 1082 τάχιον
1270 1047 1362 1078 αὐτοῖς
1383 1046 1562 1082 περιπέτωσι.
1594 1045 1673 1079 Τάχα
1697 1044 1728 1070 δὲ
1754 1046 1806 1070 καὶ

998 1093 1116 1125 τίνοντες
1141 1093 1218 1125 δίκας
1241 1087 1294 1119 τῶν
1310 1093 1451 1128 προτέρων
1473 1092 1685 1127 ἁμαρτημάτων
1706 1088 1746 1117 ὧν
1762 1091 1806 1122 εἰς

997 1139 1045 1174 τὴν
1063 1139 1162 1175 ἀρετὴν
1187 1139 1402 1175 ἐπλημμέλησαν
1415 1139 1612 1170 καταλιπόντες
1633 1137 1734 1172 αὐτὴν,
1757 1137 1805 1163 οὖ-

995 1185 1069 1211 δέπω
1082 1185 1127 1211 τὸν
1143 1185 1238 1220 χρόνον
1253 1184 1530 1219 ἑκπεπληρὼκεισαν·
1547 1184 1586 1219 τῷ
1600 1183 1806 1217 καταλειπομέ-

994 1239 1055 1262 νους
1063 1230 1160 1261 αὐτοὺς
1166 1231 1218 1256 ἀπὸ
1225 1231 1273 1263 τῆς
1282 1230 1356 1262 θείας
1365 1229 1670 1265 ἐπισκοπῆς.ἐπιπλεῖον
1680 1230 1806 1264 ἐμφορηο

995 1276 1088 1307 θέντας
1100 1276 1153 1302 τῶν
1172 1276 1242 1302 ἰδίων
1254 1274 1272 1301 ἃ
1286 1276 1414 1311 ἐστ-τειραν
1437 1275 1538 1306 κακῶν¹
1555 1275 1671 1310 ὕστερον
1695 1275 1737 1306 εἰς
1756 1274 1804 1308 βε-

995 1321 1135 1356 ϐαιοτέραν
1152 1322 1294 1356 μετάνοιαν
1303 1321 1452 1348 καλεῖοθαι·
1469 1321 1498 1347 οὐ
1509 1321 1614 1356 ταχέως
1628 1328 1803 1355 περιπεσου-

996 1367 1092 1402 μένους
1109 1364 1149 1399 οἷς
1164 1368 1294 1403 πρότερον
1308 1366 1564 1403 περιπεπτὼκεισαν
1577 1367 1606 1393 τὸ
1615 1367 1729 1401 ἀξίωμα
1741 1367 1804 1392 ἐνυ-

151 1423 181 1442 se
196 1415 229 1442 ad
245 1415 397 1443 virulentos
414 1419 441 1442 et
460 1413 616 1442 mortiferus
630 1413 704 1440 cibos
723 1413 848 1448 nequitia:
874 1420 938 1440 con-

1037 1413 1136 1445 ἷπαντες
1149 1413 1201 1439 τῶν
1213 1413 1312 1446 καλῶν,
1322 1414 1368 1440 καὶ
1379 1415 1435 1445 τοῖς
1448 1413 1567 1448 χείροσιν
1577 1413 1695 1444 ἑαυτοὺς
1708 1411 1802 1439 ἐπιδε-

767 1469 919 1496 ΙΝΤΕῐίΙἪ
925 1469 1052 1497 ETATIO
1073 1470 1178 1498 NOV'A.

188 1517 230 1544 Π.
257 1517 418 1544 Dicebamus
435 1524 515 1550 supra
535 1517 567 1544 de
593 1516 735 1544 Pharaone
758 1516 928 1551 disputantes
943 1517 1102 1545 celeriorem
1124 1517 1295 1545 cttrationem
1318 1517 1454 1545 interdum
1473 1524 1525 1544 non
1557 1517 1590 1544 iis
1611 1524 1677 1543 esse
1697 1517 1794 1543 utilem

151 1553 198 1586 qui
216 1556 358 1584 curantur,
374 1553 395 1578 si
413 1552 504 1579 statim
519 1556 600 1585 atque
615 1553 640 1578 in
663 1552 786 1578 morbum
804 1552 960 1583 inciderint,
975 1560 1009 1579 eo
1032 1552 1110 1579 facile
1135 1553 1301 1579 releventur.
1326 1553 1424 1579 Malum
1448 1553 1522 1579 enim
1547 1556 1576 1579 ut
1597 1556 1698 1578 cnralu
1717 1552 1800 1578 facile

152 1591 373 1617 contemnentes,
399 1593 493 1622 rursus
517 1587 543 1613 in
561 1587 626 1613 illud
651 1588 722 1621 qttod
745 1594 798 1613 non
819 1591 917 1614 cavent
942 1588 1074 1614 incident.
1098 1587 1278 1619 Quamobrem
1295 1593 1414 1614 mternus
1440 1587 1521 1622 Deus,
1541 1587 1590 1622 qui
1615 1588 1797 1613 Occultoruni

150 1621 276 1655 cognitor
300 1626 341 1648 est
363 1625 392 1648 et
415 1621 505 1647 omnia
531 1622 606 1648 novit
630 1624 788 1656 priusquam
817 1622 894 1655 fiant,
917 1622 1076 1649 celeriorem
1103 1623 1232 1649 horumce
1253 1624 1422 1649 curationem
1448 1621 1552 1655 diﬂert,
1579 1627 1676 1656 atque,
1701 1628 1730 1648 ut
1757 1622 1796 1648 ita

151 1656 254 1687 dicam,
270 1660 350 1682 curat
366 1663 413 1683 eos
425 1656 488 1682 dum
511 1663 563 1682 non
584 1662 680 1689 curat,
708 1658 834 1690 quoniam
855 1657 890 1682 ita
917 1657 985 1691 ipsis
999 1657 1117 1690 expedit.
1138 1657 1204 1684 Cum
1227 1665 1292 1691 ergo
1317 1657 1420 1684 videret
1444 1656 1571 1683 Salvator
1595 1664 1646 1683 eos
1662 1657 1711 1689 qui
1729 1656 1798 1684 foris

151 1695 228 1722 sunt,
241 1695 269 1717 et
286 1691 321 1718 de
333 1691 432 1724 quibus
447 1698 518 1717 nunc
539 1699 629 1718 sermo
641 1698 703 1723 est,
721 1691 747 1717 in
764 1690 946 1718 conversione
962 1699 1014 1718 non
1037 1692 1096 1718 fore
1112 1692 1225 1719 stabiles
1239 1690 1270 1718 si
1284 1692 1365 1719 verba
1381 1690 1440 1725 cjus
1462 1691 1637 1718 manifestius
1652 1691 1798 1723 audirent,

150 1725 300 1753 verisimile
318 1729 360 1752 est
374 1726 408 1752 ita
422 1733 484 1752 cum
501 1726 555 1752 illis
569 1727 656 1761 egisse
672 1726 812 1753 Dominum
826 1731 854 1752 ut
870 1726 968 1753 altiora
985 1734 1038 1753 non
1051 1731 1147 1760 aperte
1164 1726 1357 1761 intelligerent,
1382 1734 1415 1754 ne
1431 1726 1500 1753 forte
1525 1727 1644 1753 celerius
1657 1727 1801 1757 conversi,

151 1767 178 1788 et
191 1761 268 1787 venia
287 1765 466 1796 peccatorum
478 1766 588 1794 accepta
602 1762 689 1788 sanati
705 1781 713 1793 ,
737 1761 864 1787 vitiorum
890 1761 1002 1789 vulnera
1016 1761 1094 1796 quasi
1116 1767 1214 1788 curatu
1236 1761 1364 1789 facillima
1379 1767 1589 1789 contemnerent
1614 1766 1644 1788 et
1671 1761 1758 1788 citius
1773 1761 1800 1787 in

151 1795 246 1822 eadem
263 1795 426 1822 reciderent.
446 1795 582 1822 Fortassis
610 1797 692 1823 etiam
711 1796 893 1830 praestitutum
916 1797 956 1823 eis
982 1795 1152 1823 adreluenda
1169 1804 1228 1829 qua:
1253 1796 1383 1824 derelicta
1401 1797 1502 1823 virtute
1515 1797 1593 1830 prius
1622 1796 1801 1823 admiserant

151 1835 276 1865 peccata,
295 1835 400 1866 tempus
417 1831 536 1866 nondum
557 1831 744 1866 expleverant.
777 1831 873 1857 Divina
898 1831 999 1865 quippe
1018 1831 1078 1858 illos
1096 1831 1279 1865 dereliquerat
1297 1839 1363 1858 cura
1390 1836 1419 1857 ut
1433 1831 1554 1865 propriis
1568 1839 1630 1865 qua:
1647 1836 1796 1865 perpetra-

151 1871 249 1892 verant
264 1865 342 1892 malis
356 1865 462 1897 satiati,
481 1866 586 1892 tandem
601 1867 633 1892 ad
650 1866 797 1893 firmiorem
812 1866 1002 1899 pmuitentiam
1020 1871 1196 1899 vocarentur,
1215 1874 1264 1892 nec
1280 1866 1360 1893 facile
1373 1871 1462 1900 postea
1479 1866 1505 1892 in
1523 1867 1616 1899 priora
1635 1866 1800 1892 reciderent

149 1905 261 1935 peccata
279 1900 379 1934 quibus
399 1900 553 1935 honestatis
577 1901 734 1934 dignitatem
750 1906 929 1935 corruperant
943 1906 971 1928 et
997 1901 1165 1935 improbitati
1193 1909 1253 1928 sese
1274 1901 1416 1928 dederant.
1447 1901 1498 1932 Qui
1515 1908 1583 1935 ergo
1610 1908 1673 1928 cum
1691 1901 1724 1927 iis
1750 1901 1799 1934 qui

151 1936 226 1962 intus
241 1940 307 1962 sunt
319 1936 482 1969 comparati,
500 1934 568 1962 foris
580 1943 641 1963 esse
657 1936 785 1963 dicuntur
800 1934 850 1962 nec
872 1936 952 1968 longe
971 1936 1004 1963 ab
1021 1934 1054 1963 iis
1068 1936 1113 1970 qtti
1130 1936 1205 1963 intus
1228 1940 1291 1962 sunt
1308 1935 1410 1962 distant
1423 1955 1430 1967 ,
1459 1936 1476 1962 ii
1491 1955 1499 1968 ,
1520 1934 1584 1962 dum
1598 1935 1624 1962 hi
1652 1936 1701 1969 qui
1726 1936 1802 1962 intus

150 1974 224 2006 sunt
245 1975 337 2006 aperte
353 1971 478 2002 audiunt,
493 1971 609 2006 obscure
628 1971 743 1997 audiunt
766 1971 878 1997 verbum
896 1991 903 2000 ,
931 1975 1025 2005 utpote
1041 1971 1178 2006 parabolis
1190 1971 1370 1997 -involutum:
1397 1971 1510 1997 audiunt
1525 1975 1634 2002 tamen;
1655 1970 1703 1996 alii
1731 1977 1801 1996 vero

151 2013 185 2032 ex
208 2005 242 2032 iis
257 2005 302 2039 qui
320 2005 385 2032 foris
397 2010 459 2031 sunt
477 2025 483 2035 .
503 2005 576 2040 Tyrii
595 2006 720 2039 appellati
737 2026 745 2038 ,
773 2010 961 2039 prmuosccnle
985 2005 1048 2033 licet
1066 2006 1208 2032 Salvatore
1227 2013 1275 2032 eos
1288 2005 1352 2032 olitn
1368 2006 1394 2032 in
1413 2013 1494 2032 sacco
1507 2009 1535 2031 et
1550 2006 1643 2032 cinere
1669 2005 1802 2039 iacentes

149 2040 338 2075 paenitentiam
350 2045 462 2067 acturos
475 2040 568 2072 fuisse,
580 2041 602 2067 si
615 2041 647 2067 ad
659 2048 752 2067 eorum
769 2041 837 2067 lines
853 2041 1024 2071 accessisset.
1044 2048 1130 2074 neque
1144 2048 1175 2067 ea
1190 2040 1305 2067 audiunt
1319 2048 1380 2074 quae
1397 2041 1413 2067 ii
1430 2041 1474 2074 qui
1492 2040 1560 2067 foris
1572 2046 1650 2069 sunt.
1664 2046 1798 2074 propter-

149 2074 182 2101 ιλιι
207 2075 278 2108 quod
288 2094 295 2105 ,
309 2080 338 2101 ut
355 2075 503 2102 verisimile
515 2080 567 2106 est,
584 2076 666 2102 etiam
679 2075 759 2110 longe
772 2074 842 2101 infra
857 2076 987 2102 horumce
999 2075 1160 2110 dignitatem
1172 2080 1252 2102 erant
1265 2094 1272 2106 ,
1300 2081 1328 2101 ut
1349 2075 1402 2102 alio
1417 2080 1540 2109 tempore
1562 2080 1711 2109 postquam
1728 2075 1801 2101 tole-

150 2110 266 2144 rabilius
280 2109 334 2135 illis
347 2109 442 2141 fuerit,
454 2117 535 2143 quam
548 2109 582 2136 iis
598 2110 644 2144 qui
658 2109 770 2137 verbum
786 2118 838 2136 non
855 2110 1019 2143 receperint,
1030 2109 1100 2137 inter
1112 2117 1179 2144 quos
1196 2115 1223 2137 et
1234 2110 1378 2144 Tyriorum
1401 2110 1523 2136 meminit
1537 2130 1544 2142 ,
1560 2115 1587 2136 et
1605 2110 1794 2144 opportunius

151 2143 266 2179 audiant
278 2148 304 2170 et
316 2144 422 2179 firmius
439 2143 614 2179 resipiscam;
639 2144 691 2171 Sed
708 2145 767 2171 vide
787 2152 876 2172 annon
898 2144 985 2179 magis
1000 2146 1082 2172 etiam
1107 2150 1207 2179 prmter
1225 2145 1395 2178 disqttirendi
1415 2145 1534 2171 studium
1550 2164 1557 2175 ,
1579 2143 1715 2178 pietatem
1732 2152 1800 2178 erga

151 2178 241 2214 Deum
250 2183 278 2205 et
293 2178 434 2205 Christum
447 2178 505 2211 ejus
520 2179 547 2214 in
561 2179 688 2214 omnibus
702 2186 810 2205 servare
823 2178 962 2211 conemur,
995 2187 1057 2206 cum
1077 2178 1126 2214 pro
1141 2180 1212 2206 virili
1227 2184 1305 2213 parte
1324 2200 1332 2210 ,
1350 2183 1380 2206 ut
1396 2179 1422 2206 iu
1438 2180 1522 2206 tantis
1545 2185 1573 2206 et
1598 2180 1704 2206 talibus
1720 2187 1800 2213 qua:-

149 2212 296 2248 stionibus,
305 2213 421 2246 probare
431 2213 621 2239 contendimus
638 2213 720 2240 Deum
739 2214 885 2241 immortali
901 2216 998 2241 animm
1016 2212 1101 2241 variis
1117 2215 1204 2242 modis
1222 2212 1375 2248 providere.
1402 2214 1429 2240 Si
1452 2215 1514 2248 quis
1529 2214 1613 2248 igitur
1636 2215 1671 2241 de
1696 2215 1730 2241 iis
1749 2215 1798 2248 qui

150 2247 341 2282 vituperantur
357 2252 460 2281 qum‘at
476 2255 525 2274 cur
551 2248 672 2274 videntes
686 2248 809 2282 prodigia
828 2254 854 2275 et
877 2249 996 2276 divinum
1016 2257 1170 2276 sermonem
1199 2247 1342 2276 audientes
1369 2247 1605 2276 nihilo'meliores
1624 2250 1695 2276 fiant
1709 2269 1716 2280 ,
1733 2247 1799 2276 cum

151 2281 227 2318 Tyrii
243 2281 430 2318 pmttiteutiam
448 2281 722 2318 actttrirfuissctitpsi
736 2283 800 2308 talia
816 2284 886 2317 apud
901 2285 972 2317 ipsus
989 2285 1061 2310 dicta
1077 2290 1103 2311 ct
1121 2284 1190 2310 facta
1204 2284 1340 2316 fuissent;
1355 2284 1377 2310 si
1393 2284 1466 2318 quis,
1482 2284 1593 2317 inquam
1608 2303 1616 2314 ,
1632 2289 1742 2317 quierat
1756 2284 1800 2310 his

151 2317 244 2353 verbis
257 2325 265 2343 :
279 2316 335 2353 C_ur
347 2317 385 2344 eis
402 2316 432 2353 ill_
445 2317 593 2350 perniciem
610 2318 730 2353 ipsorum
743 2316 901 2353 praedicavit
912 2316 1041 2345 Salvator
1056 2324 1086 2346 ut
1098 2320 1209 2352 gravius
1232 2319 1298 2352 ipsis
1321 2316 1461 2353 peccatum
1480 2316 1657 2352 imputetur?
1679 2326 1799 2352 respuit-

150 2351 275 2388 debimus
291 2351 374 2388 Deum
389 2351 432 2385 qui
448 2352 523 2388 novit
542 2352 678 2388 quomodo
692 2351 780 2379 affecti
794 2352 850 2379 sint
863 2353 879 2379 ii
891 2361 985 2380 omnes
1000 2354 1044 2387 qui
1062 2351 1259 2388 providentiam
1271 2351 1346 2380 suain
1359 2351 1553 2386 criminantur,
1569 2353 1649 2386 quasi
1668 2351 1795 2388 peream

149 2387 258 2423 steterit
271 2387 419 2423 quominus
432 2387 578 2423 crederent
591 2405 599 2417 ,
625 2386 729 2423 quippei
746 2395 814 2423 quae
827 2394 893 2423 “non
913 2386 1018 2415 dederit
1035 2386 1102 2423 ipsis
1117 2389 1210 2415 videre
1226 2396 1286 2422 quae
1310 2389 1372 2415 aliis
1389 2389 1536 2422 spectanda
1554 2386 1683 2422 praebuit,
1703 2396 1796 2422 neque

149 2422 190 2448 sic
203 2428 251 2449 eos
267 2421 433 2457 disposuerit
449 2425 478 2447 ut
491 2421 617 2448 audirent
632 2429 691 2455 quae
707 2422 768 2449 aliis
782 2421 902 2449 audiisse
916 2423 1017 2456 profuit
1035 2421 1052 2455 ,“
1065 2423 1136 2457 justa
1150 2430 1197 2450 eos
1212 2421 1263 2449 non
1280 2424 1320 2449 uti
1343 2421 1520 2450 excusatione
1534 2421 1687 2450 ostendere
1702 2423 1799 2450 volen-

147 2461 266 2493 tennca
277 2456 417 2493 darerqme
432 2456 613 2493 providentia;
626 2464 681 2493 suae
700 2461 876 2484 accusatores
891 2459 1024 2491 petierant
1040 2479 1047 2490 ,
1067 2456 1106 2484 'ut
1126 2458 1157 2484 iis
1172 2458 1290 2492 acceptis
1303 2458 1481 2493 nihilominus
1505 2465 1623 2485 summa:
1642 2458 1799 2493 impietatis

149 2491 269 2527 convicti
283 2492 361 2527 quod
381 2491 453 2527 nihil
473 2491 535 2517 inde
563 2491 690 2527 utilitatis
712 2493 902 2526 perceperint,
929 2493 1065 2526 deponant
1091 2492 1222 2527 ejusmodi
1239 2491 1379 2519 audaciam
1396 2513 1402 2524 ,
1427 2492 1522 2526 sicque
1545 2493 1658 2519 liberati
1683 2491 1798 2519 discant

149 2526 236 2553 Deum
251 2527 278 2553 in
291 2525 629 2562 conferendisitieueliciis
644 2525 765 2554 cunctari
790 2525 984 2561 nonnunquam
1008 2533 1035 2554 ct
1057 2525 1158 2554 morari
1173 2546 1180 2558 .
1199 2534 1248 2554 nec
1261 2535 1293 2554 ea
1311 2528 1428 2554 videnda
1447 2532 1474 2554 et
1492 2528 1628 2554 audienda
1652 2529 1798 2562 praebere.

149 2562 251 2596 quibus
265 2565 292 2588 et
306 2561 372 2588 visis
386 2565 413 2587 et
429 2561 529 2587 auditis
544 2562 655 2595 gravior
670 2569 764 2588 eorum
781 2562 859 2596 culpa
878 2567 1010 2596 arguatur
1027 2570 1097 2596 quos
1112 2566 1151 2589 tot
1166 2569 1197 2589 ac
1215 2567 1288 2589 tanta
1303 2562 1338 2588 ad
1357 2562 1437 2589 fidem
1454 2570 1507 2589 non
1523 2561 1709 2591 adduxerim.

148 2625 214 2646 vero
229 2618 305 2645 deest
322 2627 330 2644 ι
356 2617 415 2651 Dei,
435 2627 444 2644 ›
463 2623 502 2654 et,
520 2628 530 2644 ι
547 2621 718 2646 testamento.
744 2619 843 2654 rrlufra
861 2627 937 2653 tnss.,
953 2623 974 2651 C
993 2621 1056 2647 dum
1069 2627 1122 2647 non
1136 2619 1223 2646 solum
1238 2625 1350 2654 peccata
1371 2626 1430 2653 qua:
1448 2619 1549 2646 remitti
1564 2619 1623 2647 visa
1647 2620 1765 2648 fuerint.
1787 2631 1795 2648 ι

153 2662 163 2678 σ
181 2654 348 2688 praevidcbat
361 2660 409 2680 eos
419 2653 539 2680 nondum
556 2659 634 2688 aptos
651 2662 720 2681 esse.
737 2663 745 2680 ι
761 2653 838 2682 Libb.
849 2655 939 2688 editi.,

153 2697 162 2713 ι
182 2687 347 2721 νιτιξνὶιιεικιι
362 2689 481 2715 nondum
500 2687 587 2723 aptos.
609 2698 618 2715 ι
645 2689 748 2717 Ibidem
767 2697 845 2722 mss.,
864 2698 874 2715 ι
902 2691 942 2716 fa-

150 2723 204 2749 cile
218 2723 317 2749 iterum
336 2723 362 2749 in
379 2723 502 2750 eumdem
517 2724 670 2752 reciderent
685 2724 822 2751 morbum.
839 2734 847 2750 ι
862 2725 938 2752 Libb.

151 2757 230 2788 editi,
248 2766 258 2784 ι
277 2763 371 2784 aversa
396 2757 465 2786 facie
483 2758 581 2786 iterum
599 2759 624 2786 in
641 2760 767 2788 eumdem
789 2760 942 2787 reciderent

151 2793 285 2818 morbum.
309 2801 319 2818 ›
785 2809 792 2815 -

187 2826 245 2861 (67)
265 2826 302 2854 lta
321 2834 385 2855 mss.
407 2828 491 2862 Alias,
509 2839 518 2855 I
531 2829 557 2858 in
571 2829 622 2857 alia
638 2834 782 2865 augmenta
797 2828 940 2863 cumulari,

991 2655 1076 2682 Paulo
1091 2659 1249 2690 postmssnr
1270 2663 1279 2679 ι
1290 2655 1402 2688 etquod
1424 2662 1544 2688 unquam
1570 2655 1690 2681 talibus-
1706 2663 1798 2684 reme—

991 2690 1075 2716 dium.
1092 2689 1104 2714 ⁷ι
1126 2689 1204 2715 Libb.
1218 2689 1303 2722 editi,
1330 2698 1339 2714 ι
1354 2694 1382 2716 et
1397 2690 1470 2723 quod
1483 2696 1626 2723 nunquam
1642 2690 1671 2717 in
1692 2691 1797 2719 talibus

993 2725 1157 2751 remedium.
1177 2732 1186 2748 ι

1029 2759 1085 2793 (68)
1107 2758 1185 2794 Libb.
1202 2759 1278 2794 editi,
1293 2759 1370 2794 εἴπερ
1395 2758 1509 2794 ἑαυτοὺς
1534 2759 1682 2793 χαλεποῖς.
1709 2761 1798 2789 Paulo

993 2799 1053 2853 ιῖοδι
1069 2801 1145 2832 mss_.,
1161 2793 1191 2819 οὺ
1206 2793 1400 2828 φυλαττόμενοι
1415 2793 1462 2820 τοῦ
1479 2796 1653 2828 περιπεσεῖν.
1672 2797 1702 2824 In
1715 2797 1798 2824 editis

995 2833 1069 2853 tcest
1085 2836 1142 2853 του.

995 2833 1069 2855 (iCCSl
1085 2836 1142 2854 του.
