1860 3073
81 122 130 150 285

82 226 220 261 συγκρίσει
230 226 285 252 τῶν
301 226 372 259 ἔσω,
399 228 429 254 οὺ
448 229 535 264 πάντη
555 229 647 264 πόρρω
665 230 718 255 τῶν
743 229 796 256 ἔσω
814 239 878 264 τυγ-

81 272 218 308 χάνοντες,
247 273 300 299 τῶν
328 273 382 300 ἔσω
408 273 501 308 σαφῶς
527 275 699 306 ἀκουόντων,
729 276 875 303 ἁκούουτιν

82 317 207 351 ἀσαφῶς,
242 318 286 344 διὰ
316 318 345 345 τὸ
364 319 393 345 ἑν
416 319 583 354 παραϐολαῖς
606 321 698 351 αὐτοῖς
723 321 870 354 λέγεσθαι·

82 363 146 398 πλὴν
157 362 304 389 ἀκούουσιν
317 372 324 378 ·
348 364 435 399 ἕτεροι
448 364 475 390 δὲ
491 364 545 391 τῶν
559 364 611 397 ἔξω
623 367 647 392 οι
664 366 804 401 λεγόμενοι
819 366 872 392 Τύ-

83 418 138 445 ριοι,
152 411 243 436 καίτοι
259 411 489 446 προεγνωσμένοι,
518 412 559 438 ὅτι
585 412 667 438 πάλαι
691 414 723 439 ἀν
735 414 763 439 ὲν
777 413 871 448 σάκκῳ

81 456 122 481 καὶ
139 455 231 490 σποδῷ
245 456 393 491 καθήμενοι
412 457 578 492 μετενόησαν
589 478 599 492 ι
627 459 710 492 ἐγγὺς
725 460 870 494 γενομένου

80 501 120 527 τοῦ
150 501 278 537 Σωτῆρος
294 501 348 529 τῶν
370 503 451 538 ὁρίων
478 503 578 535 αὐτῶν,
601 504 661 530 οὐδὲ
684 504 718 530 τὰ
738 505 791 531 τῶν
819 505 871 538 ἔξω

80 548 228 581 ἁκούουσιν,
243 550 282 581 ὡς
299 549 372 582 εἰκὸς
389 548 487 585 μᾶλλον
509 551 603 586 πόρρω
629 551 705 582 ὄντες
722 551 771 586 τῆς
793 551 871 584 ἀξίας

79 594 127 620 τῶν
146 594 198 626 ἔξω
212 615 219 628 ,
250 595 284 621 ἶν’
306 596 334 622 ἐν
347 596 419 631 ἄλλῳ
435 596 523 632 καιρῴ
549 597 618 632 μετὰ
642 597 672 623 τὸ
695 597 870 632 ἀνεκτότερον

80 638 163 670 αὐτοῖς
177 639 309 673 γενέσθαι
323 640 399 675 παρὰ
419 641 481 672 τοὺς
506 641 543 676 μὴ
562 641 799 677 παραδεξαμένους
825 642 870 668 τὸν

79 684 161 718 λόγον,
179 684 223 719 ἐφ’
239 682 278 711 ὧν
300 686 486 721 ἐμνημόνευσε
510 687 556 714 καὶ
571 687 624 713 τῶν
636 688 742 723 Τυρίων
756 707 762 719 ,
780 688 871 714 εὐκαι-

81 730 181 766 ρότερον
219 731 408 764 ἀκούσαντες,
445 732 615 767 βεϐαιότερον
657 735 868 769 μετανοήσωειν.

81 776 145 811 Ὅρα
159 776 188 802 δὲ
218 777 243 802 εἰ
266 777 306 811 μὴ
327 777 426 812 μᾶλλον
441 778 520 811 ἡμεῖς
542 778 609 813 πρὸς
630 777 667 812 τῷ
695 778 867 813 ὲξεταστικῷ,

80 821 122 847 καὶ
133 821 161 847 τὸ
178 822 206 848 εὐ
213 822 293 854 σεΰὲς
307 823 393 860 πάντη
406 823 595 858 ἀγωνιζόμεθα
611 825 703 859 τηρεῖν
722 826 785 859 περὶ
800 823 867 850 Θεοῦ

735 125 835 153 LIBER
855 126 1017 154 TERTIUS.

80 179 202 211 δωκότες.
231 180 264 206 Οἱ
288 181 336 216 μὲν
348 178 394 208 οὖν
409 182 461 215 ἔξω
476 182 618 218 λεγόμενοι
635 203 642 216 ,
669 184 789 219 δηλονότι
816 183 869 219 (69)
886 188 905 214 Α

1653 125 1706 154 286

923 185 1086 211 verterunt?
1106 185 1138 211 Et
1165 184 1225 219 quis
1241 185 1348 212 dubitat
1366 184 1464 212 melius
1488 191 1549 212 esse
1567 183 1668 212 dilfcrri
1686 189 1714 212 el.

926 230 1033 257 interim
1055 230 1193 264 relinqui,
1226 235 1255 257 ut
1279 231 1301 257 si
1328 230 1397 258 forte
1421 230 1575 258 satietatem
1605 229 1713 257 malitize

925 276 1069 310 aliquando
1084 276 1205 310 ceperint
1231 279 1258 303 et
1280 276 1441 303 horrescere
1464 277 1604 311 potuerint
1619 276 1713 303 sordes

925 321 951 348 in
968 321 1066 355 quibus
1092 328 1162 348 nunc
1179 321 1287 347 interim
1312 321 1481 348 delectantur
1494 340 1502 353 ,
1524 325 1588 348 tunc
1604 321 1711 348 demum

925 371 1110 401 competenter
1135 367 1175 393 eis
1202 373 1293 393 sermo
1315 366 1360 393 Dei
1384 366 1592 400 manifestetur,
1608 371 1635 395 et
1659 374 1711 394 non

924 417 1046 439 sanctum
1065 412 1182 439 canibus
1197 413 1320 439 mittatur
1334 432 1342 444 ,
1374 420 1423 439 nec
1439 413 1592 448 margaritae
1606 412 1712 447 jacten-

924 461 967 481 tur
981 460 1046 483 ante
1060 463 1169 490 porcos,
1186 457 1230 490 qui
1247 456 1406 483 conculcent
1420 464 1466 483 eas
1481 457 1604 491 pedibus,
1629 461 1656 484 et
1670 457 1710 484 in-

923 509 1006 536 super
1023 502 1145 529 conversi
1166 507 1292 536 rumpant
1307 506 1333 529 ct
1351 503 1509 537 impugnent
1536 510 1581 530 eos
1597 503 1642 537 qui
1658 503 1710 530 sibi

924 548 1136 581 praedicaverunt
1149 549 1260 576 verbum
1282 549 1329 576 Dei
1345 549 1356 575 ?
1373 549 1416 576 lsti
1435 548 1492 584 (Ἠ)
1507 556 1571 584 ergo
1588 553 1651 576 sunt
1664 549 1709 584 qui

923 592 988 619 foris
1005 601 1064 620 esse
1079 593 1217 626 dicuntur,
1235 594 1294 621 sine
1306 594 1388 621 dubio
1404 594 1437 620 ad
1452 601 1546 621 eorum
1568 600 1710 628 compara-

923 638 1023 664 tionem
1041 639 1086 673 qui
1104 639 1177 666 intus
1191 646 1252 666 esse
1268 645 1296 666 et
1312 639 1485 667 manifestius
1497 639 1591 666 audire
1599 639 1708 665 verbum

923 683 968 710 Dei
987 684 1153 713 referuntur.
1184 686 1303 712 Andium
1335 690 1425 712 tamen
1449 690 1475 712 et
1491 684 1535 711 isti
1567 684 1613 718 qui
1644 683 1710 710 foris

921 734 986 756 sunt
1001 731 1125 764 verbum,
1143 731 1204 759 licet
1218 731 1356 765 parabolis
1371 733 1507 758 obtectum
1521 735 1547 758 et
1559 731 1709 766 proverbiis

921 776 1125 805 obumbratum.
1159 777 1226 804 Sunt
1242 782 1331 804 antem
1344 777 1388 803 alii
1410 781 1507 811 praeter
1521 784 1567 804 eos
1581 777 1627 811 qui
1643 777 1709 802 foris

921 826 983 847 sunt
1001 841 1009 854 ,
1030 822 1075 856 qui
1103 822 1177 857 Tyrii
1194 823 1363 856 appellantur
1377 844 1384 855 ,
1402 823 1453 856 qui
1464 822 1576 849 omnino
1591 829 1643 848 non
1662 830 1709 847 an-

80 865 121 891 καὶ
131 865 176 891 τοῦ
192 866 314 901 Χριετοῦ
335 867 426 899 αὑτοῦ,
441 868 472 894 ἐκ
486 868 584 900 παντὸς
604 865 797 902 ἀπολογεῖσθαι
811 878 855 896 πει

951 870 998 892 unt
1011 871 1039 893 el
1053 867 1161 901 quidem
1177 871 1366 900 prmuoscenle
1381 868 1413 893 de
1427 868 1467 893 eis
1482 866 1624 893 Salvatore
1637 866 1708 899 quod

82 910 197 946 ρώμενοι,
210 912 248 943 ὡς
262 913 294 938 ὲν
314 913 483 948 τηλικούτοις
499 914 546 940 καὶ
567 911 698 945 τοιούτοις
720 914 787 949 (70),
805 914 869 950 περὶ

81 956 125 991 τῆς
145 957 268 993 ποικίλης
289 959 417 995 προνοίας
442 959 487 985 τοῦ
516 959 582 986 σε)εοῦ
596 979 603 991 ,
628 959 760 986 ἀθανάτου
780 960 869 995 ψυχῆς

81 1004 284 1039 προνοουμένου.
318 1006 348 1031 ΕΞ
367 1005 431 1039 γοῦν
454 1015 495 1037 τις
512 1007 575 1041 περ).
595 1005 647 1032 τῶν
665 1005 868 1042 ὀνειδιζομένων

83 1048 178 1085 ζητοίη,
208 1051 251 1077 ὅτι
266 1051 389 1086 ὁρῶντες
415 1052 542 1087 τεράστια
564 1052 610 1078 καὶ
623 1052 768 1084 ἀκούοντες
789 1052 867 1079 θείων

80 1095 157 1129 λόγων
174 1097 222 1123 οὐκ
234 1097 405 1131 ὠφελοῦνται
419 1118 427 1128 ,
455 1098 561 1134 Τυρίων
578 1098 610 1124 ἂν
635 1098 866 1133 μετανοησάντων,

80 1142 101 1166 εἰ
112 1141 216 1168 τοιαῦτα
230 1143 299 1178 παρ’
312 1143 404 1174 αὐτοῖς
415 1143 537 1177 ἐγεγόνει
557 1144 602 1170 καὶ
612 1143 713 1179 εἴρητο,
728 1143 822 1178 ζητοίη
839 1143 867 1169 δὲ

81 1185 193 1218 φάσκων,
206 1187 238 1213 Τί
254 1187 357 1223 δήποτε
376 1189 431 1220 τοῖς
444 1189 572 1221 τοιούτοις
585 1189 718 1224 ἐκήρυξεν
740 1190 754 1215 ὀ
772 1189 867 1224 Σωτὴρ

82 1230 123 1256 ἐπὶ
138 1232 211 1267 κακῷ
229 1233 332 1265 αὐτῶν,
349 1234 392 1260 ἵνα
406 1233 556 1269 βαρύτερον
569 1235 660 1266 αὐτοῖς
673 1235 702 1261 τὸ
715 1235 867 1270 ἁμάρτημα

80 1276 197 1313 λογισθῇ;
222 1279 343 1306 Λεκτέον
363 1280 430 1315 πρὸς
453 1280 534 1307 αὐτὸν
551 1301 558 1312 ,
585 1281 625 1307 ὅτι
648 1282 662 1307 ὁ
686 1281 794 1308 πάντων
818 1281 867 1312 τὰς

81 1321 203 1355 διαθέσεις
217 1324 362 1351 κατανοῶν
384 1325 436 1352 τῶν
450 1326 618 1360 αἰτιωμένων
634 1327 717 1353 αὐτοῦ
730 1327 779 1362 τὴν
800 1327 866 1363 πρό-

81 1375 154 1399 νοιαν,
167 1368 203 1400 ὡς
217 1371 281 1405 παρ’
295 1370 406 1406 ἐκείνην
422 1371 459 1406 μὴ
478 1372 708 1403 πεπιστευκότων,
725 1373 760 1408 μὴ
777 1373 866 1408 δωρη-

82 1414 190 1450 σαμένην
205 1415 268 1442 ἰδεῖν
281 1416 299 1442 ἃ.
315 1416 419 1451 ἑτέροις
436 1417 584 1444 θεάσασθαι
599 1417 754 1453 ἐχαρίσατο,
768 1418 813 1444 καὶ
828 1418 865 1452 μὴ

80 1459 286 1495 οἰκονομήεαεαν
301 1461 417 1488 ἀκοῦσαι
439 1461 540 1489 τούτων
553 1482 560 1494 ,
577 1463 594 1490 ἃ.
611 1463 685 1490 ἄλλοι
701 1463 866 1495 ἀκούσαντες

80 1503 238 1540 ὼιρέληνταισ
260 1506 311 1542 τὴν
325 1506 472 1540 ἀπολογίαν
497 1507 547 1533 οὐκ
564 1506 673 1541 εὔλογον
687 1505 769 1534 οὖσαν
789 1508 864 1542 ἐλέγ-

81 1548 119 1580 ξαι
134 1550 305 1586 βουλόμενος,
322 1551 511 1587 δίδωσιιταῦτα
533 1552 551 1579 ἃ
573 1554 598 1578 οἱ
623 1554 791 1589 μεμψάμενοι
815 1555 864 1590 τὴν

79 1594 200 1631 διοίκησιν
216 1598 300 1624 αὑτοῦ
323 1598 444 1633 ᾔτησαν·
467 1599 510 1624 ἵνα
536 1598 606 1634 μετὰ
629 1600 659 1626 τὸ
677 1600 768 1626 λαϐεῖν
784 1596 866 1635 μηδεν

79 1637 150 1674 ἧττον
162 1641 338 1676 ἐλεγχθέντες
358 1643 395 1674 ὡς
408 1643 584 1670 ἀσεϐέστατοι
599 1643 638 1678 τῷ
659 1644 720 1679 μηδ’
732 1645 818 1676 οὕτως
829 1645 866 1680 τῷ

80 1685 230 1720 ὡφελεῖεθαι
257 1689 374 1721 ἑαυτοὺς
407 1689 617 1721 ἐπιδεδωκέναι,
643 1690 799 1717 παύσωνται
820 1691 867 1717 τοῦ

80 1733 188 1760 τοιούτου
199 1734 329 1769 θράσους,
342 1735 389 1761 καὶ
399 1736 458 1761 κατ’
469 1735 534 1762 αὐτὸ
545 1728 624 1762 τοῦτο
637 1735 863 1772 ἐλευθερωθέντες

82 1778 191 1812 μάθωσιν
206 1781 246 1807 ὃτι
260 1781 327 1807 ποτὲ
342 1780 495 1816 εὐεργετῶν
514 1789 590 1812 τινας
605 1781 618 1806 ὁ
633 1781 700 1812 Θεὸς
714 1780 803 1815 μέλλει
816 1782 863 1808 καὶ

81 1823 204 1859 βραδύνει,
229 1826 266 1861 μὴ
284 1825 464 1861 χαριζόμενος
478 1826 543 1861 ὁρᾷν
568 1827 614 1852 καὶ
632 1825 739 1853 ἀκούειν
752 1826 863 1853 τοιαῦτα

81 1870 117 1904 ἐφ’
130 1869 166 1903 οἷς
180 1872 301 1907 ὁραθεῖπι
316 1873 363 1898 καὶ
378 1873 548 1904 ἁκουσθεῐσι,
564 1872 699 1908 βαρυτέρα
723 1873 769 1899 καὶ
784 1873 863 1907 χαλε-

81 1917 206 1953 πωτέραή
230 1918 355 1954 ἁμαρτία
381 1919 520 1954 ἐλέγχεται
539 1919 593 1945 τῶν
620 1919 689 1954 μετὰ
711 1918 861 1954 τηλικαῦτα

81 1961 121 1987 καὶ
131 1962 236 1990 τοιαῦτα
255 1964 292 1999 μὴ
312 1964 542 1991 πεπιστευκότων.

920 911 983 938 olim
1002 913 1028 939 in
1047 919 1128 939 sacco
1142 917 1168 939 et
1187 913 1278 940 cinere
1293 913 1425 947 jacentes,
1439 913 1624 947 paenitentiam
1640 912 1709 946 egis-

921 963 991 990 sent,
1017 959 1039 985 si
1055 958 1135 986 factm
1148 958 1262 986 fuissent
1282 960 1351 994 apud
1376 967 1421 986 eos
1435 961 1548 987 virtutes
1565 967 1625 994 qna:
1639 960 1708 994 apud

920 1003 986 1030 alios
1003 1003 1081 1031 facta:
1097 1008 1176 1033 sunt:
1191 1009 1215 1031 et
1234 1009 1322 1032 tamen
1342 1013 1393 1031 non
1411 1005 1536 1037 audiunt,
1552 1013 1585 1032 ne
1601 1012 1631 1032 ea
1649 1005 1709 1039 qni-

918 1049 978 1076 dem
995 1057 1054 1083 qua:
1073 1050 1097 1076 hi
1112 1049 1160 1084 qui
1180 1050 1246 1076 foris
1270 1055 1334 1078 sunt
1350 1051 1482 1078 audiunt:
1515 1050 1597 1077 credo
1613 1058 1660 1085 pro
1675 1058 1708 1077 eo

919 1095 989 1128 quod
1004 1095 1082 1127 longe
1097 1095 1193 1122 horum
1211 1096 1323 1123 inferior
1338 1100 1364 1122 et
1380 1096 1494 1130 nequior
1507 1096 1573 1123 ordo
1594 1101 1663 1123 esset
1679 1096 1705 1122 in

920 1140 1034 1172 malitia,
1048 1148 1127 1174 quant
1138 1148 1233 1168 eorum
1249 1142 1294 1175 qui
1311 1141 1377 1168 foris
1391 1147 1450 1168 esse
1464 1141 1598 1172 dicuntur,
1613 1141 1637 1167 id
1652 1145 1701 1171 est.

919 1193 972 1212 non
988 1186 1067 1220 longe
1081 1186 1170 1213 abhis
1184 1186 1228 1221 qui
1244 1187 1315 1213 intus
1330 1192 1392 1214 sunt
1410 1206 1417 1219 ,
1439 1191 1465 1213 et
1479 1186 1574 1213 audire
1593 1186 1705 1212 verbum

919 1229 982 1256 licet
999 1230 1024 1256 in
1038 1231 1176 1264 parabolis
1193 1250 1201 1263 ,
1219 1231 1395 1258 merebantur
1409 1251 1416 1262 ,
1444 1236 1472 1257 et
1490 1232 1560 1265 quod
1583 1231 1705 1257 fortassis

918 1275 1125 1310 dispensabatur
1144 1283 1240 1304 eorum
1256 1277 1364 1304 curatio
1389 1277 1415 1303 in
1432 1277 1496 1304 illud
1517 1282 1621 1310 tempus
1637 1276 1704 1312 (72'),

918 1330 971 1356 quo
989 1323 1155 1350 tolerabilius
1170 1323 1223 1350 erit
1245 1324 1285 1351 eis
1307 1324 1334 1350 in
1361 1324 1509 1358 diejudicii
1523 1344 1531 1356 ,
1549 1331 1629 1358 quam
1654 1323 1706 1349 illis

917 1370 988 1403 apud
1000 1377 1068 1404 quos
1081 1369 1158 1397 facta:
1167 1374 1230 1396 sunt
1241 1371 1323 1405 128
1332 1370 1384 1397 illae
1396 1370 1512 1397 virtutes
1525 1377 1585 1404 qum
1598 1369 1705 1403 scripta

918 1420 999 1443 sunt:
1016 1421 1044 1442 ut
1058 1416 1093 1442 ita
1109 1417 1215 1443 demum
1229 1417 1339 1443 relevati
1358 1421 1422 1443 tunc
1440 1416 1559 1450 poudere
1573 1415 1703 1442 malorum

917 1469 1038 1494 suorum,
1054 1461 1161 1489 facilius
1176 1466 1201 1489 et
1214 1462 1381 1489 tolerabilius
1397 1469 1444 1497 per
1460 1462 1532 1488 viam
1551 1461 1646 1488 salutis
1665 1461 1704 1487 in-

917 1507 1023 1534 cedant.
1046 1506 1146 1534 Verum
1172 1507 1237 1534 illud
1253 1512 1295 1534 est
1319 1507 1390 1541 quod
1408 1507 1559 1534 admonitos
1575 1506 1633 1532 illos
1645 1513 1705 1532 esse

916 1553 960 1587 qui
975 1553 1033 1580 haec
1047 1553 1160 1588 legunt,
1177 1554 1248 1586 volo,
1263 1561 1312 1581 nos
1333 1553 1359 1580 in
1374 1553 1524 1588 bujusmodi
1540 1551 1705 1579 difﬁcillimis

915 1604 942 1626 et
956 1599 1159 1626 obscurissimis
1174 1599 1241 1626 locis
1262 1607 1368 1626 summo
1383 1599 1473 1626 studio
1484 1598 1532 1625 niti
1545 1618 1552 1631 ,
1583 1605 1634 1624 non
1650 1601 1704 1623 tam

915 1643 1137 1679 utqumstionum
1153 1643 1340 1672 absolutiones
1363 1644 1396 1670 ad
1424 1643 1554 1677 liquidum
1578 1641 1704 1676 dispicia—

916 1697 986 1723 mus,
1015 1690 1066 1718 hoc
1080 1690 1154 1717 enim
1182 1690 1263 1718 faciet
1287 1691 1475 1725 unusquisque
1490 1693 1571 1724 prout
1584 1688 1704 1723 Spiritus

917 1735 992 1762 dabit
1005 1735 1095 1770 eloqui
1112 1736 1135 1762 ei
1154 1744 1158 1760 :
1186 1736 1232 1763 sed
1249 1741 1276 1763 ut
1291 1736 1400 1771 pietatis
1422 1735 1544 1770 regulam
1558 1735 1704 1762 evidentis-

918 1783 984 1809 sima
1000 1783 1150 1810 assertione
1163 1788 1313 1815 teneamus,
1332 1783 1402 1810 ineo
1418 1783 1489 1817 quod
1507 1781 1703 1816 providentiam

917 1827 963 1853 Dei
977 1827 1050 1860 juste
1070 1827 1160 1854 omnia
1198 1828 1405 1860 moderantem,
1428 1832 1456 1855 et
1477 1826 1639 1861 aequissimis
1660 1825 1702 1852 di-

917 1873 1138 1906 spensationibus
1162 1881 1211 1907 pro
1234 1874 1404 1907 singulorum
1427 1873 1534 1900 meritis
1559 1877 1585 1899 et
1613 1871 1704 1898 causis

915 1926 1010 1953 regere
1034 1919 1202 1946 immortales
1231 1919 1336 1946 animas
1360 1919 1500 1946 studemus
1533 1918 1700 1949 ostendere;

916 1964 979 1991 dum
995 1971 1047 1991 non
1069 1965 1139 1992 intra
1162 1966 1243 2000 hujus
1264 1965 1354 1992 s:ecnli
1372 1965 1453 1992 vitam
1473 1964 1638 1999 dispensatio
1651 1963 1701 1990 hu-

80 2015 152 2047 mana
166 2010 341 2037 concluditur
356 2030 364 2042 ,
386 2010 434 2038 sed
458 2009 540 2037 futuri
565 2015 652 2039 status
674 2018 785 2038 causam
809 2013 920 2045 praestat
943 2017 1051 2045 semper
1078 2011 1198 2039 anterior
1225 2012 1386 2038 meritorum
1412 2015 1518 2042 status,
1544 2014 1570 2037 et
1584 2010 1624 2036 sic
1649 2009 1699 2035 iut-

80 2055 176 2083 mortali
204 2060 230 2084 et
254 2061 360 2084 aeterno
387 2057 521 2092 aequitatis
545 2058 607 2093 jure
625 2063 652 2085 et
675 2057 862 2086 moderamine
880 2056 980 2085 divinze
996 2058 1189 2092 providentiae,
1214 2057 1376 2084 immortalis
1403 2057 1493 2084 anima
1512 2056 1545 2083 ad
1567 2062 1700 2082 summam

81 2102 241 2134 perfectionis
261 2104 417 2132 adducitur.
435 2104 471 2140 {Si
492 2105 554 2139 quis
577 2110 666 2132 tamen
690 2108 818 2132 occurrat
840 2102 931 2136 nobis,
942 2111 990 2139 pro
1013 2111 1046 2132 eo
1071 2104 1143 2138 quod
1165 2104 1278 2131 dicimus
1304 2111 1318 2130 a
1344 2102 1525 2130 deterioribus
1545 2100 1699 2134 quibusque

80 2149 284 2182 etnequioribns
303 2150 430 2178 cons'tdto
455 2150 557 2178 dilferri
587 2151 699 2180 verbum
727 2151 937 2186 praedicationis,
969 2158 1018 2179 cur
1044 2150 1087 2178 his
1111 2151 1210 2185 quibus
1227 2149 1416 2184 eollaIiTyrii,
1429 2149 1473 2184 qui
1491 2152 1565 2176 certe
1581 2147 1699 2180 despecti

64 2190 142 2226 'sunt,
156 2196 339 2230 praeferuntur
353 2218 360 2228 ,
391 2197 554 2232 prmdieatns
571 2197 606 2224 sit
631 2205 739 2229 sermo,
773 2198 800 2225 in
818 2206 872 2233 quo
901 2199 994 2233 utique
1019 2202 1128 2225 auctum
1150 2202 1192 2224 est
1214 2197 1254 2224 cis
1281 2196 1380 2223 malum
1394 2215 1401 2227 ,
1429 2200 1456 2222 et
1476 2194 1584 2228 gravior
1601 2201 1695 2221 eorum

80 2238 164 2267 effecta
180 2246 222 2269 est
247 2243 461 2274 condemnatio,
491 2247 520 2269 ut
544 2243 669 2271 audirent
699 2244 809 2271 verbum
838 2244 882 2278 qui
914 2252 967 2271 non
984 2242 1221 2274 erantcredituri;
1247 2243 1299 2269 hoc
1322 2242 1401 2268 modo
1427 2240 1646 2275 respondendum
1659 2239 1700 2266 vi-

80 2286 150 2313 detur
168 2296 175 2314 :
192 2287 262 2315 Dens
290 2288 338 2322 qui
366 2288 554 2315 universarum
570 2288 709 2322 :mentium
737 2289 863 2316 conditor
885 2293 937 2322 est,
970 2289 1100 2315 adversus
1132 2288 1331 2323 providentiam
1357 2295 1434 2315 suam
1467 2286 1594 2321 querelas
1628 2293 1698 2321 prae-

82 2338 184 2360 noscens
211 2333 350 2368 prmcipue
372 2341 466 2361 eorum
490 2334 536 2368 qui
567 2334 664 2361 dicunt
686 2343 693 2361 :
723 2334 863 2368 Quomodo
886 2335 998 2363 credere
1024 2340 1180 2369 poteramus
1206 2343 1267 2362 cum
1291 2342 1377 2369 neque
1404 2333 1555 2361 viderimus
1576 2340 1607 2360 ea
1636 2339 1698 2367 qna‘.

81 2378 161 2405 ceteri
188 2379 328 2412 viderunt,
354 2387 442 2413 neque
464 2379 632 2406 audierimus
647 2386 677 2406 ea
699 2380 755 2414 (75)
779 2388 838 2414 qua:
861 2381 920 2408 aliis
939 2381 1085 2416 praedicata
1105 2381 1187 2408 sunt?
1212 2380 1239 2407 ln
1257 2385 1360 2407 tantum
1381 2384 1460 2407 extra
1481 2387 1530 2407 nos
1548 2383 1590 2406 cst
1602 2379 1691 2413 culpa,

81 2428 106 2450 ut
121 2424 145 2451 hi
166 2425 263 2460 quibus
276 2428 458 2454 annuntiatns
473 2431 515 2453 est
529 2433 622 2454 sermo
648 2431 675 2454 et
691 2427 768 2462 signa
787 2432 936 2456 monstrata
962 2434 1037 2462 sunt,
1056 2428 1124 2455 nihil
1150 2427 1261 2456 omnino
1289 2427 1466 2460 distulerint,
1494 2427 1541 2455 sed
1570 2427 1698 2461 obstupe-

180 2507 216 2534 lla
230 2516 298 2535 mss.
312 2508 390 2535 Libb.
402 2508 478 2540 editi,
492 2509 611 2544 δηλοῦσι.

112 2541 232 2580 (κη-Καὶ
248 2545 406 2577 τοιούτοις.
442 2544 505 2576 Πωςε
519 2541 617 2572 desunt
632 2544 658 2572 in
674 2549 752 2573 antea
767 2546 859 2580 editis,

83 2577 123 2602 sed
137 2577 266 2605 habentur
279 2579 305 2605 in
319 2586 386 2605 mss.

113 2611 164 2646 (7i)
182 2613 226 2640 Sic
242 2621 308 2640 mss.
325 2613 354 2640 ln
367 2613 431 2642 libb.
447 2614 528 2641 editis
545 2615 620 2642 deest
632 2635 639 2647 ,
658 2625 667 2641 α
683 2616 737 2643 isti.
751 2625 761 2642 ι
777 2616 862 2643 Paulo

875 2511 897 2539 D
912 2519 984 2544 rnm,
996 2520 1006 2537 ι
1023 2511 1133 2547 legitur,
1147 2520 1157 2537 ‹
1167 2518 1276 2547 suorum
1286 2514 1471 2547 peccatorum.
1485 2519 1495 2536 ι
1509 2509 1609 2547 ibidem
1620 2516 1697 2547 mss.,

914 2548 994 2583 {volo
1005 2566 1013 2578 ,
1040 2544 1089 2583 n'os
1116 2547 1144 2583 i_n
1156 2546 1337 2583 Almjusmodi.
1352 2555 1369 2583 ι⁸
1383 2545 1462 2583 _Libl_).
1480 2544 1550 2583 editi
1564 2563 1572 2575 ,
1603 2552 1612 2568 ‹
1624 2544 1696 2583 volo,

912 2581 1079 2616 hujusmodi.
1093 2590 1102 2607 ›
1121 2581 1192 2618 Infra
1209 2579 1291 2618 mss.,
1305 2589 1315 2606 ι
1328 2579 1532 2618 evidentissima
1546 2579 1699 2618 assertione

911 2615 1062 2643 teneamus.
1091 2626 1101 2642 ι
1131 2616 1211 2643 Libb.
1225 2616 1291 2643 editi
1309 2635 1317 2648 ,
1343 2615 1521 2642 reautissima
1546 2615 1698 2648 assertione

84 2650 134 2683 post
145 2655 217 2679 mss.,
232 2653 282 2685 ret
294 2649 445 2685 proverbiis
457 2649 659 2682 obumbratum,
673 2660 682 2676 ι
695 2658 755 2685 quae
765 2652 862 2678 desunt

84 2686 106 2705 In
119 2685 193 2720 antea
205 2683 296 2720 editis:
323 2683 424 2711 Lbidem
441 2691 556 2720 mss.,”:
571 2690 598 2712 et
621 2683 729 2719 quidem
755 2693 860 2720 proauo-

84 2721 166 2743 srente
179 2717 211 2744 de
224 2718 264 2756 eis
279 2718 432 2756 salvatore.
444 2729 453 2745 )
465 2719 508 2756 i_ln
524 2719 590 2746 libb.
603 2717 683 2749 editis
696 2728 745 2756 pro
756 2717 773 2747 ἰ
790 2728 860 2755 pra:-

85 2756 212 2790 tioscente,
226 2761 235 2777 ›
253 2753 369 2790 legitur,
383 2763 392 2779 ι
407 2754 584 2790 praedicante.
599 2764 608 2780 ι

114 2784 165 2820 (72)
185 2787 231 2814 Sic
246 2784 312 2815 mss.
328 2784 414 2819 Alias;
439 2798 448 2814 ‹
463 2789 632 2823 dispensatio
644 2793 735 2817 marrct
749 2791 775 2817 in
790 2790 855 2818 illud

86 2822 190 2860 Ielnpus.
208 2830 217 2847 ›
242 2823 325 2850 Paulo
342 2828 402 2860 post
417 2832 494 2860 mss.,
507 2822 523 2849 “‹
535 2824 644 2852 relevati
661 2830 723 2852 tunc
737 2826 856 2860 pondere

86 2854 204 2884 malorum
219 2854 363 2886 Suorum.)
382 2859 410 2887 In
422 2854 503 2887 editis
525 2866 575 2895 pro
587 2880 594 2893 ,
628 2869 637 2886 ‹
648 2854 779 2888 malorum
792 2867 854 2889 suo~

911 2655 1063 2678 teneamus.
1077 2661 1087 2677 ι
1111 2651 1194 2678 Paulo
1219 2650 1288 2678 infra
1307 2646 1373 2677 mss.
1388 2669 1395 2680 ,
1420 2646 1649 2683 «mqnitatisjure
1669 2652 1697 2674 et

911 2686 1106 2713 moderamine.
1121 2696 1130 2712 ι
1151 2686 1178 2712 In
1190 2686 1270 2713 editis
1280 2686 1356 2712 deest
1369 2695 1378 2710 ‹
1388 2684 1460 2718 jure.
1475 2693 1484 2709 ι

946 2721 1002 2756 (75)
1018 2720 1084 2754 Quae
1099 2721 1187 2756 ueteri
1209 2720 1328 2756 viderunt
1342 2739 1349 2750 ,
1375 2717 1633 2756 u’equ‘eaudierimus
1652 2725 1695 2743 ea.

909 2752 973 2784 llaéc
989 2752 1088 2783 omissa
1104 2760 1167 2783 sunt
1180 2755 1206 2781 in
1224 2755 1288 2781 libb.
1307 2758 1386 2780 antea
1403 2752 1483 2780 editis
1499 2773 1507 2786 ,
1536 2752 1599 2779 licet
1617 2759 1695 2786 repe-

909 2792 1018 2818 riantur
1046 2791 1073 2817 in
1096 2790 1222 2817 omnibus
1247 2797 1312 2818 mss.
1339 2788 1409 2815 Infra
1426 2795 1504 2820 mss.,
1525 2791 1575 2814 «et
1598 2787 1695 2814 nihila

909 2825 965 2853 Deo
979 2826 1073 2853 deesse
1091 2825 1154 2854 sibi.
1171 2836 1179 2852 ι
1212 2824 1240 2852 ln
1253 2824 1332 2852 editis
1358 2831 1406 2858 pro
1423 2823 1556 2852 «deesse»
1586 2821 1695 2858 legitur,

911 2869 920 2886 l
934 2867 1006 2888 CSSO.
1018 2869 1028 2886 I
