1860 3073
177 123 227 151 291

791 132 953 162 ORIGENIS
970 133 1049 159 ΠΕΡΙ
1067 131 1184 159 ΛΡΧΩΝ

1763 139 1819 168 292

177 182 365 216 est,qnoniam
381 189 433 210 non
453 182 550 221 suflicit
572 185 606 211 ad
632 186 825 220 perficiendam
848 191 911 218 salu

1083 199 1126 225 γον
1142 189 1188 216 τοῦ
1205 190 1378 224 ποτίσαντος,
1402 193 1458 220 ἀλλ’
1475 193 1553 229 ἔργον
1573 195 1620 221 τοῦ
1639 195 1709 223 Θεοῦ
1720 204 1727 212 '
1741 197 1817 227 οὕτω

177 227 233 255 sola
252 227 373 255 voluntas
396 228 534 262 humana,
560 238 610 258 nec
635 231 747 259 idoneus
773 239 814 261 est
839 236 961 264 mortalis

176 280 273 300 cursus
297 273 330 300 ad
352 275 542 309 consequenda
565 276 687 304 cmlestia
709 283 736 305 et
751 279 783 306 ad
801 281 960 315 capiendam

175 317 293 352 palmam
314 326 438 354 superna:
461 321 612 349 vocationis
636 322 680 350 Dei
707 324 732 350 in
758 325 868 354 Christo
885 326 961 360 Jesu,

175 362 227 389 nisi
252 363 308 390 ha2c
325 363 382 397 ipsa
399 364 525 392 voluntas
548 371 638 393 nostra
661 368 732 394 bona
754 376 962 406 promptumque

173 408 344 441 propositum
359 413 384 435 et
400 417 570 445 qumcunque
591 411 636 438 illa
657 411 683 438 in
703 413 781 440 nobis
800 422 860 441 esse
875 420 962 449 potest

173 452 318 485 industria,
336 453 430 480 divino
445 455 486 481 vel
506 455 618 490 juvetur
632 457 673 483 vel
694 459 834 486 muniatur
848 461 960 488 auxilio.

177 498 209 524 Et
234 499 294 526 ideo
316 499 394 526 valde
419 506 618 535 consequenter
642 502 709 529 dixit
729 503 785 539 (84)
808 503 965 538 Apostolus,

174 545 239 578 quia
257 555 265 570 ι
281 553 335 572 ιιοη
350 545 468 573 volentis
485 548 729 580 nequecurrentis,
745 549 792 575 sed
809 549 962 577 miscrentis

172 596 215 618 est
227 591 291 624 Dei;
307 601 316 617 ι
333 592 562 625 quemadmodum
577 593 598 619 si
613 593 733 620 dicamus
747 594 780 620 de
795 595 961 629 agricultura

172 636 236 663 illud
253 637 324 671 quod
342 637 474 671 scriptum
488 642 546 664 est:
565 646 574 663 ι
596 638 651 673 Ego
667 639 797 673 plantavi,
811 640 907 675 Apollo
925 641 962 668 ri-

172 681 264 715 gavit,
287 681 332 709 scd
351 682 422 709 Deus
436 682 642 717 {incrementum
667 685 751 712 dedit.
768 684 860 720 itaque
875 693 962 721 neque

172 740 218 773 qni
240 739 362 773 plantat,
390 744 432 767 est
464 740 589 774 aliquid,
613 749 701 776 neque
733 744 777 778 qui
803 744 891 779 rigatI
914 745 961 771 sed

171 785 217 819 qtti
256 786 455 812 incrementum
493 786 540 813 dat
576 787 645 814 Deus
665 787 697 814 ⁶¹.
734 797 742 813 ι
786 788 863 816 Sicut
896 798 960 825 ergo

171 839 233 858 cum
271 831 357 858 bonos
393 836 474 866 atque
512 832 611 860 uberes
649 833 754 861 fructus
790 835 823 862 ad
865 837 961 870 perfe-

1015 235 1060 261 καὶ
1074 236 1089 270 ἠ
1103 235 1224 271 ἡμετέρα
1239 236 1377 268 τελείωσις
1391 238 1451 273 οὐχὶ
1465 239 1548 274 μηδὲν
1560 240 1639 275 ἡμῶν
1650 241 1815 276 πραξάντων

1015 280 1129 314 γίνεται,
1151 281 1181 306 οὐ
1199 281 1253 316 μὴν
1270 282 1316 316 ἀφ’
1333 282 1411 318 ἡμῶν
1439 284 1633 320 ἀπαρτίζεται,
1659 287 1727 314 ἀλλὰ
1747 288 1816 320 Θεὸς

1015 325 1045 351 τὸ
1060 326 1126 352 πολὺ
1146 326 1248 361 ταύτης
1273 328 1387 363 ἐνεργεῖ.
1407 329 1461 355 Καὶ
1482 330 1524 356 ἵνα
1549 331 1747 367 ἐναργέστερον
1769 342 1815 360 πι-

1017 371 1113 406 στευθῇ
1129 371 1208 398 τοῦτο
1223 371 1292 400 εἶναι
1308 374 1337 399 τὸ
1357 374 1512 409 λεγόμενον,
1534 376 1588 402 ἀπὸ
1605 378 1654 412 τῆς
1675 379 1815 415 κυϐερνη-

1015 417 1093 451 τικῆς
1112 418 1141 444 τὸ
1157 418 1331 454 παράδειγμα
1350 419 1507 455 ληκμίμεοα·
1526 422 1593 457 προς
1614 424 1669 458 γαρ
1682 424 1740 460 τὴν
1758 425 1815 452 τῶν

1016 462 1123 497 ἀνέμων
1144 464 1243 499 πνοὴν,
1259 466 1305 491 καὶ
1319 465 1368 500 τὴν
1388 466 1442 493 τῶν
1466 467 1555 503 ἀέρων
1578 470 1728 505 εὐκρασίαν
1743 491 1750 501 ,
1766 472 1816 498 καὶ

1015 507 1064 542 τὴν
1079 507 1133 534 τῶν
1147 509 1269 544 ἀστέρων
1289 510 1468 545 λαμπρότητα
1491 513 1692 547 συνεργούντων
1709 516 1743 550 τῇ
1759 515 1816 543 τῶν

1015 553 1187 588 ἐμπλεόντων
1214 556 1352 591 σωτηρίᾳ,
1378 556 1460 584 πόσον
1484 559 1517 585 ἂν
1541 559 1658 594 ἀριθμὸν
1683 560 1757 595 ἔχειν
1774 561 1817 588 λέ-

1015 607 1089 632 γοιτο
1104 599 1151 634 τῆς
1173 601 1218 627 ἐπὶ
1233 600 1277 627 τὸν
1294 601 1390 636 λιμένα
1416 603 1667 637 ἀποκαταστάσεως
1681 606 1697 640 ἡ
1713 607 1817 642 κυϐερ-

1015 645 1109 680 νητικὴ
1129 645 1220 681 τέχνη,
1235 646 1289 673 οὐδ’
1310 647 1399 674 αὐτῶν
1415 648 1469 676 τῶν
1488 650 1663 686 κυϐερνητῶν
1677 651 1712 678 δι’
1734 653 1816 679 εὐλὰ-

1015 690 1090 717 6ειαν
1115 691 1242 723 πολλάκις
1263 693 1424 728 τολμώντων
1452 695 1593 730 ὁμολογεῖν
1610 695 1639 723 τὸ
1663 699 1815 726 σεσωκέναι

1014 737 1063 767 τὴν
1083 737 1157 770 ναῦν,
1186 738 1253 765 ἀλλὰ
1271 739 1310 774 τῷ
1332 740 1391 775 Θεῷ
1411 741 1441 767 τὸ
1462 743 1514 769 πᾶν
1545 743 1752 779 ἀναφερόντων,
1781 746 1814 773 οὐ

1014 783 1052 818 τῷ
1080 783 1133 818 (86)
1158 785 1238 819 μηδὲν
1267 786 1365 818 αὐτοὺς
1396 788 1590 823 ἐνηργηκέναι,
1617 790 1685 817 ἀλλὰ
1713 792 1753 827 τῷ
1773 793 1814 824 εἰς

1015 828 1164 864 ὑπερϐολὴν
1187 830 1384 859 πολλαπλάσιον
1405 830 1474 860 εἶναι
1494 834 1524 860 τὸ
1544 835 1597 861 ἀπὸ
1614 836 1664 871 τῆς
1684 838 1815 872 προνοίας

170 882 242 903 ctam
283 878 469 904 maturitatem
509 878 620 912 pertulit
658 886 758 914 seges,
797 888 878 908 nemo

1079 876 1130 902 ἀπὸ
1150 877 1199 911 τῆς
1225 877 1338 913 τέχνης;
1365 878 1420 905 Καὶ
1442 879 1488 906 ἐπὶ
1511 880 1560 915 τῆς
1581 882 1722 918 ἡμετέρας
1745 883 1813 918 γοῦν

171 923 247 959 13],
270 929 297 952 et
313 930 512 960 consequenter
523 926 595 953 dicet
612 927 674 961 quia
700 928 804 955 fructus
820 928 880 955 illos
891 929 963 963 agri-

169 970 228 998 cola
245 970 320 1004 fecit,
335 972 383 999 sed
400 980 414 998 a
431 971 485 999 Deo
504 972 634 999 fatebitur
656 974 807 1006 praestitos;
824 974 860 1001 ita
881 975 962 1002 etiam

168 1023 261 1044 nostra
276 1017 410 1052 perfectio
430 1027 482 1046 non
500 1019 610 1054 quidem
639 1020 720 1047 nobis
740 1021 912 1047 cessantibus
935 1026 963 1048 et

168 1063 264 1091 otiosis
289 1063 427 1097 efficitur,
460 1073 511 1093 nec
540 1070 632 1093 tamen
666 1067 870 1093 consummatio
904 1066 962 1101 ejus

169 1109 260 1142 nobis,
290 1110 337 1137 sed
363 1109 418 1137 Deo
442 1111 487 1145 qui
506 1116 547 1139 cst
570 1112 656 1146 prima
678 1116 705 1138 et
721 1112 855 1146 prmeipua
879 1119 961 1139 causa

169 1155 263 1189 operis
275 1156 440 1183 ascribetur.
459 1157 503 1184 Sic
520 1165 582 1184 cum
604 1157 680 1184 navis
709 1157 878 1191 superaverit
901 1165 960 1184 ma-

167 1202 229 1227 rina
245 1201 415 1234 discrimina,
437 1203 562 1236 quamvis
589 1202 674 1230 multo
689 1203 783 1230 labore
803 1208 959 1236 nautarum,

166 1251 195 1274 et
207 1247 280 1273 omni
299 1248 416 1274 nauticae
434 1249 503 1275 artis
520 1255 603 1283 opere
630 1249 765 1282 impenso,
785 1253 811 1275 et
825 1249 962 1283 guberna-

168 1292 236 1320 toris
253 1293 343 1320 studio
374 1298 457 1328 atque
483 1294 618 1321 industria
645 1294 766 1322 adhibita
792 1302 834 1321 res
853 1299 958 1329 agatur,

166 1342 310 1366 ventorum
327 1347 434 1374 quoque
449 1340 634 1374 aspirantibus
645 1339 769 1371 flatibus,
785 1345 812 1366 ct
827 1346 961 1367 astrorum

166 1385 254 1419 signis
272 1385 415 1420 diligenter
433 1386 551 1418 notatis;
570 1386 592 1412 si
609 1387 719 1420 quando
748 1391 838 1413 tamen
864 1392 960 1413 vexata

166 1431 247 1459 undis
263 1431 320 1467 (85)
337 1436 364 1458 et
378 1431 504 1458 ﬂuctibus
519 1432 628 1466 fatigata
644 1431 677 1458 ad
695 1437 801 1466 portum
813 1431 887 1458 salva
901 1438 962 1465 per-

164 1478 250 1510 venit,
267 1485 345 1504 nemo
362 1477 420 1504 sani
439 1484 535 1504 sensus
557 1477 610 1504 nisi
629 1477 822 1504 misericordia:
848 1476 895 1502 Dei
916 1483 958 1502 sa-

164 1521 249 1548 lutem
265 1521 341 1548 navis
353 1523 486 1548 nscribct.
514 1521 567 1548 Sed
581 1529 614 1549 ne
627 1522 678 1556 ipsi
692 1522 800 1555 quidem
817 1525 904 1548 nautae
919 1519 959 1547 vel

1015 923 1150 957 σωτηρίας
1167 922 1366 951 πολλαπλάσιον
1384 925 1456 951 ἐστιν
1472 926 1511 957 εἰς
1533 927 1687 963 ὑπερϐολὴν
1709 929 1740 955 τὸ
1759 930 1814 955 ἀπὸ

1013 966 1059 994 τοῦ
1081 968 1148 994 Θεοῦ
1172 969 1218 995 τοῦ
1245 969 1298 995 ἀπὸ
1320 969 1365 996 τοῦ
1390 971 1432 1004 ἐφ’
1454 972 1520 1006 ἡμῖν
1537 981 1543 987 ·
1573 973 1668 1009 διόπερ
1689 974 1813 1009 ἠγοῦμαι

1013 1013 1138 1048 λέγεσθαι
1153 1016 1194 1047 τὸ,
1213 1025 1221 1041 ι
1241 1016 1277 1042 Οὐ
1292 1015 1338 1042 τοῦ
1355 1016 1477 1049 Θέλοντος
1488 1038 1494 1049 ,
1510 1018 1571 1045 οὐδὲ
1588 1019 1634 1045 τοῦ
1657 1019 1811 1055 τρέχοντος,

1013 1061 1080 1087 ἀλλὰ
1100 1061 1147 1088 τοῦ
1173 1061 1311 1093 ἐλεοῦντος
1333 1061 1411 1089 Θεοῦ.
1435 1073 1443 1088 ι
1457 1062 1487 1090 Εἰ
1503 1064 1558 1100 γὰρ
1572 1065 1610 1096 ὼς
1624 1066 1724 1092 ἐκεῖνοι
1742 1066 1811 1092 ὐπο-

1011 1106 1178 1142 λαμϐάνουσι
1194 1107 1234 1134 δεῖ
1246 1107 1427 1144 ἐκλαμϐάνειν
1453 1109 1493 1142 τὸ,
1517 1120 1525 1135 ι
1544 1110 1580 1136 Οὐ
1603 1111 1650 1137 τοῦ
1674 1111 1810 1144 θέλοντος,

1012 1154 1073 1180 οὐδὲ
1097 1153 1142 1180 τοῦ
1175 1154 1324 1190 τρέχοντος,
1352 1155 1419 1182 ἀλλὰ
1444 1155 1491 1182 τοῦ
1518 1156 1656 1188 ἐλεοῦντος
1681 1157 1750 1184 Θεοῦ
1764 1178 1773 1189 ,
1800 1168 1809 1184 ι

1013 1200 1140 1235 περισσαὶ
1156 1201 1183 1227 αι
1198 1201 1320 1234 ἐντολαὶ,
1341 1201 1387 1227 καὶ
1409 1201 1497 1236 μάτην
1512 1201 1526 1227 ὁ
1547 1202 1653 1234 Παῦλος
1673 1202 1756 1234 αὐτὸς
1766 1204 1811 1228 αξ-

1013 1246 1104 1272 τιοῑταί
1121 1255 1197 1277 τινας
1229 1247 1267 1278 ὡς
1290 1247 1554 1282 παραπεπτωκότας,
1575 1247 1622 1274 καὶ
1648 1248 1812 1283 ἀπώἐχεταὶ

1012 1300 1086 1323 τινας
1097 1292 1134 1324 ὡς
1150 1293 1430 1328 κατωρθωκότας,καὶ
1451 1293 1592 1328 νομοθετεῖ
1610 1294 1670 1325 ταῖς
1692 1293 1811 1328 Ἐκκλη-

1013 1337 1100 1369 σίαις,
1122 1338 1181 1373 εἰκῆ
1202 1338 1231 1364 δὲ
1251 1339 1296 1365 καὶ
1311 1340 1393 1374 ἡμεῖς
1414 1338 1568 1373 ὲπιδίδομεν
1584 1339 1698 1370 ἑαυτοὺς
1719 1340 1767 1366 ἐπὶ
1780 1340 1811 1366 τὸ

1013 1383 1098 1410 θέλειν
1115 1384 1148 1410 τὰ
1164 1385 1303 1419 κρείττονα
1312 1405 1319 1417 ,
1337 1385 1399 1420 εἰκῆ
1412 1384 1440 1411 δὲ
1454 1385 1499 1411 καὶ
1513 1385 1558 1411 ἐπὶ
1570 1385 1600 1411 τὸ
1612 1385 1720 1421 τρέχειν
1730 1393 1737 1400 ⁵
1753 1386 1810 1412 ἀλλ’

1011 1429 1041 1456 οὺ
1065 1430 1152 1464 μάτην
1173 1431 1187 1456 ὁ
1208 1430 1312 1461 Παῦλος
1336 1430 1398 1457 τάδε
1423 1430 1601 1465 συμϐουλεύει
1637 1431 1686 1457 καὶ
1715 1431 1809 1457 τούσδε

1013 1473 1160 1508 μέμφεται,
1204 1475 1250 1500 καὶ
1285 1474 1379 1500 τούσδε
1409 1475 1597 1509 ἀποδέχεται·
1625 1475 1688 1502 οὐδὲ
1721 1476 1809 1512 μάτην

1013 1520 1092 1554 ἡμεῖς
1119 1519 1272 1554 ἐπιδίδομεν
1297 1520 1410 1551 ἑαυτοὺς
1431 1519 1470 1555 τῷ
1490 1520 1577 1548 Θέλειν
1598 1522 1632 1547 τὰ
1654 1522 1808 1557 κρείττονα,

163 1567 327 1601 gubernator
344 1567 445 1594 audent
459 1567 550 1594 dicere
563 1576 569 1593 :
588 1566 644 1602 Ego
657 1567 760 1594 salvavi
781 1574 894 1596 navem;

1074 1565 1113 1600 τῷ
1134 1565 1259 1592 σπεύδειν
1275 1566 1320 1592 ἐπὶ
1341 1566 1374 1592 τὰ
1392 1566 1563 1602 διαφέροντα.
1589 1567 1647 1594 υὺκ
1667 1568 1723 1603 ἄρα
1737 1568 1807 1594 ἐκεῖ·

165 1617 251 1640 totum
267 1613 300 1640 ad
325 1613 371 1639 Dei
397 1613 611 1639 misericordiam
635 1613 778 1646 referunt;
804 1620 858 1639 non
880 1620 896 1647 q

883 1613 952 1647 quod
1006 1620 1046 1638 νοι
1060 1611 1148 1642 καλῶς
1163 1611 1318 1646 ὲξειλήφασι
1335 1611 1369 1638 τὰ
1384 1612 1453 1638 κατὰ
1468 1612 1512 1640 τὸν
1528 1613 1617 1640 τόπον.

166 1659 288 1686 sentiant
303 1667 332 1686 sc
352 1659 419 1686 nihil
432 1659 464 1686 ad
482 1659 641 1686 salvandum
670 1667 765 1686 navem
790 1659 831 1687 vel
844 1660 911 1687 artis
925 1659 1085 1686 adhibuisse
1103 1659 1143 1685 vel
1165 1659 1276 1691 laboris,
1295 1660 1342 1686 sed
1357 1659 1429 1694 quod
1450 1661 1539 1687 sciant
1560 1669 1574 1687 a
1590 1669 1621 1688 se
1644 1662 1758 1696 quidem
1771 1662 1807 1688 1a-

170 1706 276 1738 borcm,
292 1706 407 1734 salutem
428 1714 519 1734 veroa
534 1707 589 1734 Dco
609 1709 756 1742 prmstitam
772 1708 843 1734 navi.
864 1708 902 1734 Ita
920 1708 1002 1734 etiam
1019 1707 1044 1733 in
1062 1711 1161 1734 nostra:
1176 1707 1237 1733 vita:
1251 1714 1330 1734 cursu
1348 1715 1362 1734 a
1380 1708 1459 1734 nobis
1477 1708 1588 1742 quidem
1607 1709 1806 1744 dependendus

170 1758 213 1780 cst
228 1753 315 1785 labor,
331 1759 358 1780 ct
385 1754 504 1781 studium
529 1759 610 1788 atque
628 1754 760 1781 industria
781 1754 953 1786 adhibenda;
979 1753 1079 1781 laboris
1097 1754 1181 1780 nostri
1205 1761 1268 1780 vero
1285 1753 1390 1780 fructus
1405 1761 1419 1780 a
1431 1754 1485 1781 Deo
1510 1755 1644 1787 speranda
1660 1759 1704 1782 est
1722 1756 1805 1782 salus.

168 1799 298 1834 Alioquin
310 1800 332 1827 si
345 1799 410 1827 nihil
424 1800 507 1826 nostri
523 1800 613 1833 operis
626 1800 758 1833 exposcit,
773 1799 908 1832 superflua
920 1799 1014 1833 utique
1027 1797 1191 1825 videbuntur
1200 1805 1260 1825 esse
1275 1799 1419 1831 mandata;
1433 1798 1532 1825 frustra
1542 1798 1624 1826 etiam
1639 1799 1698 1834 ipse
1707 1799 1806 1827 Paulus

165 1846 259 1880 culpat
271 1846 401 1880 quosdam
416 1845 552 1872 decidisse
563 1854 576 1872 a
595 1847 722 1877 veritate,
741 1849 767 1872 et
780 1845 914 1872 collaudat
926 1844 993 1871 alios
1006 1848 1108 1871 stantes
1120 1845 1147 1871 in
1164 1845 1232 1877 fide;
1247 1849 1382 1879 prtecepta
1394 1845 1517 1878 quadam
1534 1850 1560 1872 et
1573 1845 1698 1872 instituta
1712 1851 1744 1871 ex
1758 1853 1805 1873 suo

163 1891 267 1925 perfluo
280 1891 362 1918 tradit
376 1891 522 1925 Ecelesiis;
536 1892 636 1919 frustra
650 1893 730 1919 etiam
745 1899 794 1919 nos
806 1891 857 1926 ipsi
870 1890 912 1917 vel
928 1890 1052 1917 volumus
1066 1890 1106 1916 vel
1119 1891 1256 1918 currimus
1267 1891 1301 1917 ad
1316 1891 1394 1917 bona.
1411 1890 1588 1925 Sedgccrtum
1599 1896 1642 1918 est
1658 1891 1732 1925 quod
1748 1892 1806 1919 luce

168 1938 270 1966 frustra
286 1946 338 1965 non
356 1939 434 1971 fiunt,
449 1944 477 1965 et
491 1934 598 1966 certum
614 1945 656 1966 est
671 1939 744 1973 qttod
766 1946 815 1966 nec
830 1937 943 1972 apostoli
966 1937 1066 1964 frustra
1081 1938 1252 1972 praecipiunt,
1270 1945 1319 1964 nec
1339 1937 1468 1964 Dominus
1486 1937 1545 1964 sine
1561 1945 1644 1964 causa
1659 1938 1706 1964 dat
1720 1939 1804 1975 leges.

168 1984 299 2018 Superest
314 1992 378 2018 ergo
397 1990 426 2012 ut
440 1985 649 2019 pronuntiemus
661 1987 732 2019 quod
750 1986 836 2021 magis
851 1985 930 2012 bonis
946 1983 1027 2011 dictis
1042 1983 1160 2010 luerctici
1178 1982 1276 2010 frustra
1293 1983 1348 2018 (87)
1369 1983 1533 2010 calumniam
1551 1982 1665 2011 faciant.

184 2030 372 2066 132l9.l‘osl
383 2031 439 2058 hate
447 2032 637 2066 insequebatur
648 2033 693 2059 illa
703 2034 816 2067 qurestio
824 2033 918 2068 quonia

1071 2031 1114 2066 ρὸς
1141 2030 1245 2062 τούτοις
1259 2028 1293 2065 ἦν
1303 2039 1310 2045 -
1341 2040 1349 2055 ι
1368 2031 1404 2056 Τὸ
1420 2030 1506 2057 θέλειν
1521 2031 1568 2057 καὶ
1583 2031 1613 2057 τὸ
1628 2032 1752 2067 ἐνεργεῖν
1774 2035 1805 2060 ὲκ

165 2087 175 2102 ι
195 2083 220 2103 et
237 2077 306 2103 velle
319 2082 345 2103 et
357 2078 488 2111 perlicere
500 2085 531 2104 ex
545 2077 598 2104 Deo
614 2078 670 2112 (88)
681 2078 764 2105 est".
783 2088 792 2104 ι
807 2078 840 2105 Et
855 2078 898 2104 ain

1071 2078 1132 2104 θεοῦ
1147 2078 1215 2105 ἐστι.
1232 2088 1239 2103 ι
1251 2078 1304 2104 Kal
1313 2078 1378 2112 φασί
1392 2086 1462 2109 τινες
1473 2086 1479 2093 ·
1497 2078 1528 2104 Εἰ
1541 2077 1596 2113 (89)
1609 2078 1664 2105 ἀπὸ
1674 2079 1720 2106 τοῦ
1737 2080 1805 2107 Θεοῦ

163 2122 191 2150 Si
207 2131 238 2150 ex
255 2123 309 2149 Deo
327 2127 369 2149 est
383 2123 462 2156 velle,
485 2128 512 2150 et
527 2131 559 2150 ex
577 2124 632 2150 Deo
655 2129 695 2150 est
718 2124 867 2159 perficere;
892 2132 897 2150 ι

1071 2124 1145 2156 ἑλειν,
1166 2124 1211 2150 καὶ
1232 2124 1284 2150 ἀπὸ
1298 2123 1344 2149 τοῦ
1364 2123 1430 2149 Θεοῦ
1445 2123 1474 2150 τὸ
1486 2123 1617 2159 ἐνεργεῖν,
1639 2124 1690 2151 κᾶν
1712 2126 1805 2158 κακῶς

779 2179 1061 2208 ιΝΤΕιιιδιιΕΤΑτιο
1081 2180 1185 2208 NOVA.

200 2226 244 2252 i9.
273 2226 366 2264 Postea
401 2228 565 2264 sequebatur
582 2228 646 2264 illud
667 2237 673 2254 :
695 2237 704 2253 ι
730 2227 803 2255 Velle
818 2234 844 2255 et
859 2230 992 2264 perﬁcere
1009 2229 1113 2257 ex-Deo
1138 2234 1189 2256 est.
1213 2239 1222 2254 ›
1244 2229 1276 2256 Ει
1296 2230 1388 2256 dicunt
1412 2229 1520 2263 quidam
1539 2237 1545 2255 :
1566 2228 1593 2255 Si
1616 2229 1687 2264 velle
1700 2234 1726 2256 et
1743 2237 1804 2264 pcr-

165 2261 247 2288 ﬂcere
259 2269 291 2287 ex
307 2262 360 2288 Deo
376 2267 489 2299 cst.sen
509 2263 578 2299 male
600 2263 726 2291 velimus.
736 2271 781 2289 seu
799 2261 868 2290 male
888 2266 951 2299 quid
968 2273 1081 2299 agamus
1095 2284 1102 2294 ,
1116 2272 1130 2290 a
1149 2265 1204 2291 Deo
1228 2265 1283 2291 haec
1310 2265 1387 2291 nobis
1415 2261 1598 2299 cornigerum.
1618 2263 1696 2296 Quod
1717 2261 1750 2291 εἴ
1769 2267 1802 2291 ira

165 2301 286 2333 est,‘non
299 2303 393 2333 smnus
409 2297 497 2324 liberi.
513 2297 545 2324 lit
560 2305 667 2330 rursus,
687 2305 749 2325 cum
770 2299 838 2325 bona
855 2297 1026 2327 volumus—ct
1042 2299 1231 2333 prmstantiora
1257 2300 1423 2333 perlicitnus,
1444 2297 1572 2333 quoniam
1596 2307 1606 2322 ι
1627 2303 1656 2325 et
1678 2299 1749 2326 velle
1777 2305 1804 2327 et

162 2331 294 2366 perlicere
305 2339 338 2368 ett
359 2331 412 2358 Deo
431 2337 482 2362 est.
499 2341 508 2357 ι
523 2340 575 2368 non
592 2340 640 2359 nos
660 2334 846 2366 prtestantiora
864 2331 1236 2368 perfecimus-scdperlicere
1250 2331 1300 2361 visi
1316 2342 1423 2364 sumus;
1443 2331 1499 2360 liagc
1515 2337 1606 2359 autem
1623 2333 1696 2360 Dens
1709 2335 1801 2366 dedit;

161 2373 246 2403 quare
263 2374 312 2403 nec
331 2367 356 2392 in
378 2375 410 2393 eo
431 2374 525 2403 sumus
546 2367 634 2403 liberi.
658 2367 884 2400 liespnmlendnm
901 2375 942 2396 est
957 2378 1009 2396 non
1032 2367 1137 2396 dixisse
1153 2369 1311 2403 Apostolum
1329 2369 1395 2396 velle
1417 2370 1486 2395 mala
1511 2373 1556 2394 aut
1574 2368 1643 2403 velle
1676 2369 1761 2402 bona,
1776 2375 1803 2397 et

163 2402 227 2428 item
249 2401 358 2427 meliora
374 2406 420 2428 aut
437 2401 527 2435 pejora
543 2402 631 2429 facere
647 2410 679 2429 ex
697 2403 750 2429 Dcn
766 2411 835 2435 esse,
850 2405 896 2430 sed
913 2405 1040 2430 universe
1059 2404 1127 2430 velle
1138 2408 1165 2430 et
1178 2401 1314 2430 ‘universe
1330 2411 1450 2430 currere.
1468 2402 1704 2435 Quctnadmodutn
1730 2405 1801 2431 enim

165 2445 180 2462 ιι
195 2436 250 2463 Dco
268 2436 400 2463 habemus
425 2435 496 2470 quod
515 2437 654 2470 animalia,
670 2438 741 2472 quod
755 2439 882 2466 homines
903 2446 1010 2470 sumus,
1037 2440 1073 2465 ita
1096 2439 1169 2473 quod
1192 2438 1355 2473 generatim,
1372 2444 1401 2465 ut
1415 2440 1450 2465 ita
1468 2439 1569 2471 dicunt,
1581 2437 1802 2474 vulumus,qu0J

200 2493 220 2509 “
237 2493 246 2520 ι
263 2493 325 2520 (lor.
344 2501 386 2526 ιιι,
405 2493 432 2525 6,
453 2494 477 2520 7.

200 2538 256 2572 (84)
273 2538 319 2564 Sic
333 2546 398 2565 mss.
412 2539 503 2571 Alias,
521 2548 530 2564 ι
547 2541 738 2567 convenienter
758 2540 834 2568 dicit.
851 2549 860 2565 ι
878 2539 949 2565 infra
967 2538 988 2564 D
1003 2537 1075 2570 quod
1092 2537 1189 2564 sciant.
1207 2547 1216 2564 ι
1228 2537 1306 2565 Libb.
1317 2537 1382 2572 edit.
1402 2547 1411 2562 ι
1431 2538 1477 2564 sed
1493 2538 1622 2572 quoniam
1634 2540 1732 2568 sentit.
1753 2549 1763 2566 ι

163 2573 230 2600 libb.
246 2571 324 2604 editi,
340 2581 349 2598 ι
367 2581 446 2600 nemo
457 2576 501 2608 pie
513 2579 540 2601 et
553 2576 746 2603 convenienter
761 2576 844 2602 dicet.
861 2584 870 2600 ι
886 2573 950 2600 Mss.
1044 2573 1100 2606 (s6)
1122 2574 1167 2599 Sic
1184 2579 1338 2608 recteimss.
1356 2571 1432 2608 Lib'b.
1447 2571 1511 2600 editi
1529 2573 1611 2605 male,
1626 2573 1667 2600 τό.

163 2615 193 2636 ut
207 2609 341 2644 indttqsrlro
360 2613 447 2634 textu.
459 2607 463 2608 7

1063 2610 1093 2642 ηἸ)
1111 2608 1157 2644 Sic
1171 2616 1236 2635 mss.
1259 2607 1337 2635 Libb.
1361 2607 1439 2639 editi,
1458 2617 1466 2632 ι
1486 2614 1515 2634 ιιι
1531 2608 1630 2642 magis,
1646 2618 1657 2635 ›
1674 2614 1703 2636 et
1717 2609 1797 2637 omit-

197 2642 253 2678 (85)
269 2641 298 2668 Si
323 2645 429 2676 quando
457 2648 542 2671 tanien
571 2650 662 2671 vexata
697 2646 786 2672 nudis.
821 2645 858 2671 lta
885 2651 950 2670 mss.
1002 2641 1061 2671 lunt
1081 2654 1089 2669 ι
1110 2643 1221 2670 frustra.
1241 2652 1250 2668 ι

163 2678 248 2714 Alias,
267 2686 276 2702 ι
295 2678 425 2714 si‘tantcn
450 2679 526 2706 navis
543 2682 632 2707 undis.
657 2690 665 2706 ι
691 2681 777 2707 Paulo
799 2684 859 2714 post
886 2678 951 2704 libb.
1039 2680 1094 2714 (88)
1113 2679 1150 2704 Ita
1168 2686 1232 2714 mss.
1249 2677 1335 2714 Alias,
1351 2687 1360 2702 ι
1379 2682 1452 2714 esset
1467 2684 1499 2703 cx
1514 2678 1580 2705 Deo.
1601 2687 1611 2703 ι
1633 2677 1720 2714 Paulo
1737 2684 1796 2714 post

161 2712 238 2750 edi“.
257 2721 267 2737 ι
285 2712 331 2738 sed
346 2720 378 2750 ne
393 2714 448 2748 ipse
471 2714 577 2748 quidem
603 2721 685 2742 nauta
713 2715 754 2742 vel
787 2712 952 2750 gubernator
1001 2722 1067 2741 mss.
1082 2712 1091 2739 ὁ
1110 2717 1159 2750 aut
1172 2713 1240 2741 velle
1258 2713 1328 2740 bona
1343 2720 1376 2740 e.\'
1391 2712 1446 2739 Deo
1460 2717 1519 2746 cst,
1540 2722 1549 2738 ›
1566 2720 1628 2747 qua:
1642 2712 1744 2741 desunt
1770 2714 1794 2740 in

161 2747 299 2774 andet.....
319 2747 354 2782 ad
375 2747 588 2776 miscricordiam
619 2751 664 2777 Dei
695 2747 860 2777 refert'non
880 2748 951 2782 quod

160 2782 271 2809 sentiat.
287 2791 293 2807 ι
315 2781 378 2810 Mss.
391 2789 418 2811 ut
433 2785 456 2811 in
469 2791 562 2813 nostro
577 2791 660 2813 textu.
675 2785 776 2813 Ibidem
791 2792 856 2811 mss.
879 2793 886 2808 ι
904 2782 951 2810 sed

517 2494 539 2510 ⁸³
553 2494 649 2529 Philip.
667 2503 697 2528 ιι,
717 2495 760 2522 15.

1002 2749 1241 2819 Μέἓδξὲιὲιῧοοει
1257 2783 1283 2810 in
1302 2787 1380 2811 antea
1392 2782 1482 2815 editis,
1495 2781 1541 2811 sed
1557 2782 1676 2810 habetur
1689 2783 1714 2810 in
1731 2791 1793 2811 mss.
