1860 3073
84 132 136 160 ἲθῦ

738 130 839 158 LIBER
860 129 987 159 TERTIU
996 131 1025 159 S.

1655 135 1708 163 294

84 193 213 227 θέλωμεν,
229 192 279 219 κᾶν
295 191 385 223 κακῶς
400 191 567 227 ὲνεργῶμεν,
583 191 636 218 ἀπὸ
649 191 695 217 τοῦ
708 191 774 217 Θεοῦ
789 190 857 217 ταῦθ

948 197 987 217 ene
1002 190 1060 217 sive
1077 190 1147 217 male
1165 189 1268 224 agimus
1293 190 1335 218 vel
1364 191 1499 224 volumus,
1524 200 1558 219 ex
1576 191 1629 219 Deo
1655 199 1708 220 est.

85 238 142 274 ἡμῖν
166 238 283 273 ὑπῆρξεν
295 247 301 253 ⁸
317 239 340 264 εἰ
353 238 380 264 δὲ
396 238 483 270 τοῦτο,
501 238 549 264 οῦκ
562 237 645 272 ἐσμὲν
665 237 836 269 αὐτεξούσιον.
853 245 860 252 θ

85 283 156 310 πάλιν
174 292 203 309 τε
225 281 257 310 αὖ
285 284 425 319 κρείττονα
439 283 560 318 θέλοντες
580 283 627 309 καὶ
645 283 678 309 τὰ
703 283 864 318 διαφέροντα

85 328 254 364 ἐνεργοῦντες,
275 330 336 355 ἐπεὶ
353 329 405 354 ἀπὸ
417 328 484 354 Θεοῦ
496 329 526 354 τὺ
541 328 626 355 θέλειν
640 329 687 355 καὶ
702 328 731 355 τὸ
745 329 864 364 ἐνεργεῖν

85 376 163 406 ἐςτιν,
177 375 224 409 οὐχ
245 376 327 410 ἡμεῖς
348 375 381 401 τὰ
399 374 561 410 διαφέρονται
579 375 770 409 πεποιήκαμεν
782 395 789 406 ,
808 374 864 400 ἀλλ’

85 420 154 452 ἡμεῖς
177 419 226 453 μὲν
247 419 394 454 ἐδόξαμεν,
409 420 423 444 ό
437 418 465 444 δὲ
488 418 554 449 Θεὸς
578 417 664 444 ταῦτα
687 418 841 454 ἐδωρήσατο
857 427 863 432 ·

84 464 143 490 ὥστε
168 464 213 490 καὶ
240 465 311 490 κατὰ
333 464 412 490 τοῦτο
431 464 480 490 οὐκ
505 464 586 498 ἐσμὲν
609 463 783 494 αὑτεξούπιοι.
810 464 865 490 Καὶ

84 510 142 544 πρὸς
165 509 242 535 τοῦτο
262 509 290 535 δὲ
309 509 416 536 λεκτέον
432 510 471 535 ὅτι
496 511 511 544 ἡ
533 509 579 535 τοῦ
610 509 768 535 Ἀποστόλου
795 509 865 541 λέξις

83 554 108 580 οὺ
136 554 201 588 φησὶ
225 554 256 579 τὸ
287 554 372 580 θέλειν
406 553 439 579 τὰ
471 553 543 579 κακὰ
580 553 612 578 ὲκ
646 552 693 578 τοῦ
725 552 792 578 Θεοῦ
827 551 865 579 εἷ-

83 608 136 629 ναι,
156 599 171 634 ἢ
193 599 222 625 τὸ
252 599 339 626 θέλειν
365 599 399 625 τὰ.
422 599 512 633 ἀγαθὰ
541 600 572 625 ὲκ
600 598 647 624 τοῦ
674 598 741 625 Θεοῦ
775 597 862 626 εἶναι·

82 645 171 680 ὁμοίως
189 653 218 671 τε
235 645 267 671 τὸ
281 646 400 680 ἐνεργεῖν
415 645 448 671 τὰ
460 645 601 681 κρείττονα
619 645 665 670 καὶ
679 645 714 670 τὸ.
733 645 841 680 χείρονα
855 654 861 660 ·

82 691 140 718 ἀλλὰ
152 692 180 718 τὸ
199 692 315 719 καθόλου
331 692 417 718 θέλειν
440 693 486 718 καὶ
502 692 531 718 τὸ
553 692 668 718 καθόλου
688 692 802 728 τρέχειν.
822 692 864 723 Ὠς

83 739 128 773 γὰρ
141 738 191 764 ἀπὸ
207 738 276 764 Θεοῦ
294 738 390 773 ἔχομεν
404 739 434 764 τὸ
449 736 519 765 εἶναι
536 737 592 770 ζῶα
602 758 608 769 ,
621 738 668 764 καὶ
683 738 713 764 τὸ
728 736 798 764 εἶναι
817 738 864 765 ἄν-

83 784 190 818 θρωποι,
209 783 282 810 οὕτω
294 784 382 810 καὶτὸ
396 783 508 810 καθόλου
536 783 640 815 θέλειν,
661 784 699 815 ὡς
716 784 739 810 εἰ
758 783 861 817 ἔλεγον,

83 830 122 856 καὶ
148 829 177 856 τὸ
206 829 321 856 καθόλου
362 830 502 856 κινεῖσθαι.
526 829 632 865 Ὥσπερ
651 830 679 856 δὲ
699 829 805 864 ἔχοντες
833 831 863 856 τὸ

83 874 133 906 ζῶα
158 872 233 907 εἶναι,
256 875 288 900 τὸ
309 874 459 907 κινεῖσθαι,
483 874 530 901 καὶ
550 875 610 910 φέρ’
634 875 720 902 εἰπεῖν
745 875 808 901 τάδε
827 874 862 901 τὰ

918 236 993 269 Quod
1007 236 1028 263 si
1045 241 1096 267 est.
1131 236 1210 274 liberi
1237 237 1344 264 arbitrii
1358 245 1424 273 ‘non
1452 245 1558 266 sumus.
1574 238 1614 266 Ad
1637 239 1710 273 quod

918 281 1135 315 respondendum
1161 284 1226 314 est',
1252 282 1313 316 quia
1337 290 1426 310 sermo
1454 285 1574 319 Apostoli
1591 292 1644 312 non
1669 285 1710 311 di-

917 327 953 353 cit
965 326 1034 361 (9|),
1050 327 1114 361 quia
1131 326 1199 353 velle
1215 327 1284 354 mala
1299 335 1332 355 ex
1347 329 1401 356 Deo
1419 335 1471 362 est,
1486 335 1533 357 aut
1548 330 1616 358 velle
1639 330 1709 357 bona

917 379 949 399 ex
967 372 1021 399 Deo
1040 377 1082 399 est
1093 392 1099 403 ,
1116 379 1204 406 neque
1219 372 1351 406 perficere
1366 373 1435 401 bona
1459 380 1505 401 aut
1524 375 1592 401 mala
1606 383 1637 402 ex
1654 375 1709 402 Deo

916 421 970 448 est;
999 417 1045 444 sed
1063 418 1227 451 generaliter
1256 419 1294 445 ait
1320 420 1384 454 quia
1412 420 1480 447 velle
1499 425 1526 447 et
1548 421 1707 455 perficerca

917 464 971 490 Deo
982 468 1033 491 est.
1052 464 1128 491 Sicut
1143 465 1215 491 enim
1231 472 1245 491 a
1263 465 1316 491 Deo
1331 465 1463 492 habemus
1475 466 1525 492 hoc
1540 466 1626 500 ipsum
1637 467 1708 500 quod

917 509 1041 536 homines
1066 516 1159 536 smnus
1169 529 1176 542 ,
1191 510 1262 543 quod
1277 510 1414 543 spiramus
1427 530 1434 541 ,
1462 510 1533 544 quod
1557 518 1707 543 movemur,

916 554 952 581 ita
964 560 991 581 et
1004 554 1074 589 quod
1093 555 1227 587 voluntas,
1246 562 1279 582 ex
1297 555 1351 582 Deo
1368 555 1515 588 habemus;
1536 560 1565 583 ut
1580 558 1650 584 sicut
1666 557 1707 584 di-

915 608 1019 632 camus,
1036 601 1108 635 quod
1124 609 1276 633 movemur,
1299 609 1331 628 cx
1350 601 1404 629 Deo
1432 607 1483 633 cst,
1500 602 1539 629 vel
1554 603 1626 636 quod
1650 604 1709 630 sin-

906 646 977 681 ,gula
993 653 1110 680 quaeque
1128 646 1249 674 membra
1266 646 1358 674 officio
1371 654 1419 674 suo
1438 647 1596 674 deserviunt
1609 652 1636 675 et
1652 655 1709 674 mo-

915 696 1024 723 ventur,
1037 700 1070 719 ex
1087 693 1142 720 Deo
1154 697 1206 719 est.
1226 693 1265 719 Ex
1283 700 1316 720 eo
1334 693 1427 727 utique
1449 701 1502 720 non
1525 693 1589 720 illud
1609 694 1711 721 intelli-

915 737 987 772 gitur
1004 738 1066 772 quia
1091 739 1163 773 quod
1191 744 1317 766 movetur
1340 747 1448 771 manus,
1465 739 1540 766 verbi
1570 747 1651 767 causa
1676 740 1708 766 ad

915 785 1115 811 verbcrandum
1131 785 1241 819 injuste,
1257 786 1298 812 vel
1312 786 1344 812 ad
1359 786 1561 819 furandum,ex
1578 786 1632 813 Deo
1643 792 1684 813 est
1701 797 1707 813 :

914 829 960 856 sed
977 829 1026 857 hoc
1041 830 1127 864 ipsum
1143 830 1215 864 quod
1231 835 1365 864 movetur,
1386 838 1419 858 ex
1438 831 1491 857 Deo
1509 835 1566 862 est;
1582 836 1707 857 nostrum

913 880 979 900 vero
993 877 1036 900 est
1051 877 1139 901 motus
1162 873 1229 901 istos
1251 875 1354 908 quibus
1379 875 1483 902 moveri
1515 875 1571 910 (92)
1593 882 1626 902 ex
1653 875 1708 902 Deo

85 919 143 955 μέλη
157 921 248 952 κινεῖν,
270 921 364 956 χεῖρας
378 920 393 955 ἥ
409 920 501 952 πόδας,
523 921 573 946 οὐκ
587 920 620 947 ἂν
638 920 756 955 εὐλόγως
770 921 857 955 λέγοι-

951 920 1057 951 bemus,
1084 920 1125 947 vel
1141 920 1175 947 ad
1192 921 1262 948 bona
1281 921 1324 947 vel
1340 921 1373 948 ad
1388 921 1458 948 mala
1475 926 1645 950 convertere.
1671 922 1709 948 ita

85 973 127 998 μεν
144 964 210 999 ἔχειν
229 965 286 993 ἀπὸ
302 964 369 991 Θεοῦ
385 965 415 991 τὺ
429 965 527 991 εἰδικὸν
541 964 601 991 τόδε
618 965 677 1000 ἦτοι
687 965 717 991 τὸ
729 965 860 992 κινεῖσθαι

85 1011 143 1046 πρὸς
154 1011 182 1036 τὸ
195 1011 309 1038 τύπτειν
321 1011 337 1046 ἢ
349 1012 468 1047 ἀναιρεῖν
477 1031 485 1044 ,
500 1012 517 1044 ἦ
532 1011 707 1046 ἀφαιρεῖσθαι
730 1011 764 1038 τὰ
783 1011 861 1038 ἀλλό-

83 1065 152 1091 τρια⁴
177 1057 241 1083 ἀλλὰ
270 1058 300 1083 τὸ
324 1058 373 1092 μὲν
400 1057 508 1092 γενικδν
527 1057 557 1083 τὸ
572 1057 705 1084 κινεῖσθαι
728 1057 860 1092 ἐλάϐομεν

84 1102 129 1128 ἀπὸ
143 1102 220 1128 θεοῦ·
237 1104 323 1138 ἡμεῖς
343 1102 371 1128 δὲ
389 1102 520 1138 χρώμεθα
540 1102 579 1137 τῷ
599 1102 732 1129 κινεῖσθαι
761 1103 806 1128 ἐπὶ
827 1102 861 1128 τὰ

914 974 979 1000 ergo
998 966 1126 1000 estquod
1148 966 1215 993 dicit
1229 966 1388 1000 Apostolus,
1412 967 1475 1001 quia
1498 968 1626 995 virtutem
1645 968 1708 1002 qui-

914 1018 976 1039 dem
993 1012 1144 1039 voluntatis
1164 1012 1325 1046 accipimus,
1338 1020 1388 1039 nos
1404 1017 1494 1040 autem
1512 1013 1650 1040 abutimur
1663 1022 1709 1039 vo-

913 1057 1029 1090 luntate,
1045 1057 1088 1085 vel
1100 1058 1126 1084 in
1141 1057 1220 1084 bonis
1233 1057 1275 1084 vel
1290 1057 1316 1084 in
1331 1057 1409 1084 malis
1431 1058 1586 1086 desideriis.
1607 1059 1710 1085 Simili-

915 1108 956 1130 ter
968 1110 1076 1137 quoque
1090 1107 1118 1129 et
1134 1102 1167 1129 de
1179 1102 1323 1129 effectibus
1339 1103 1510 1130 sentiendum
1527 1109 1580 1130 est.

83 1148 177 1182 χείρονα
193 1149 209 1183 ἢ
223 1149 272 1175 ἐπὶ
287 1149 321 1174 τὰ
333 1149 454 1183 βελτίονα
465 1157 471 1163 ·
489 1148 559 1174 οὓτω
575 1148 606 1174 τὸ
624 1149 673 1183 μὲν
693 1150 824 1183 ἐνεργεῖν,
866 1148 924 1180 ζῶά
940 1149 1035 1182 ἐσμεν,
1049 1147 1200 1182 εἰλήφαμεν
1208 1147 1262 1172 ἀπὸ
1278 1146 1324 1173 τοῦ
1343 1147 1422 1180 Θεοῦ,
1439 1148 1485 1174 καὶ
1494 1148 1524 1175 τὸ
1546 1149 1631 1175 θέλειν
1649 1149 1710 1176 ἑλά-

83 1193 155 1229 6ομεν
165 1195 269 1221 ἀπὸτοῦ
279 1195 459 1231 δημιουργοῦ·
479 1195 559 1230 ἡμεῖς
569 1194 597 1220 δὲ
612 1194 650 1230 τῷ
667 1195 754 1221 θέλειν
782 1195 827 1220 ἐπὶ
839 1195 874 1221 τὰ
887 1194 1018 1221 κάλλιστα
1027 1194 1044 1229 ἢ
1057 1193 1166 1220 ἐναντία
1176 1192 1319 1229 χρώμεθα,
1332 1193 1432 1228 ὁμοίως
1449 1193 1495 1220 καὶ
1516 1193 1553 1228 τῷ
1576 1195 1706 1229 ἐνεργεῖν.

115 1240 169 1266 Ἔτι
195 1240 261 1275 πρὸς
285 1240 314 1266 τὸ
337 1240 374 1276 μὴ
399 1240 455 1275 (90)
477 1241 551 1275 ἡμᾶς
578 1238 646 1267 εἶναι
671 1241 861 1273 αύτεξουσίους

83 1284 142 1316 δόξει
154 1285 182 1311 τὸ
195 1287 373 1313 ὰποστολικὸν
394 1287 475 1322 ῥητὸν
498 1287 645 1322 περισπᾷν,
663 1287 693 1313 ὲν
714 1285 755 1319 οἷς
773 1287 861 1322 ἑαυτῷ

83 1331 260 1367 ἀνθυποφὲρων
295 1331 394 1368 φησίν·
414 1342 422 1358 ι
449 1333 509 1368 Ἀρ*
525 1330 571 1359 οῦν
592 1332 621 1359 ὃν
640 1332 712 1359 θέλει
738 1333 818 1365 ἐλεεῖ,
831 1333 860 1360 ὃν

83 1375 106 1401 δὲ
126 1377 190 1403 θέλει
213 1378 369 1414 σκληρύνει.
392 1378 487 1414 Ἐρεῖς
516 1387 560 1412 μοι
578 1376 644 1410 οὖν,
672 1378 705 1404 Τί
721 1377 760 1404 ἔτι
791 1378 861 1413 μὲμκ

83 1430 165 1455 φεταις
178 1423 219 1458 Τῷ
234 1424 287 1459 γὰρ
302 1424 449 1459 βουλήματι
461 1423 544 1450 αὑτοῦ
556 1423 598 1455 τίς
611 1423 760 1458 ἁνθέστηκε
771 1431 778 1455 ;
789 1424 860 1449 Μεν-

82 1467 161 1501 οὖνγε,
181 1469 203 1494 ὦ
223 1470 369 1505 ἄνθρωπε,
396 1470 427 1496 σὺ
464 1471 505 1501 τίς
524 1468 552 1496 εἷ
566 1470 580 1495 ὁ
597 1469 861 1504 ἀνταποκρινόμενος

82 1513 114 1547 τῷ
144 1514 219 1549 Θεῷ;
240 1515 286 1550 Μὴ
315 1516 373 1550 ἐρεῖ
397 1515 426 1541 τὸ
453 1515 565 1550 πλάσμα
588 1514 627 1550 τῷ
657 1516 809 1547 πλάσαντι,
828 1515 860 1541 Τί

953 1241 999 1268 20.
1008 1241 1102 1275 Sedde
1111 1248 1143 1267 eo
1154 1239 1224 1275 quod
1234 1239 1470 1275 dixitApostoius:
1491 1249 1499 1265 ι
1518 1240 1587 1275 Ergo
1599 1241 1642 1267 cui
1652 1235 1709 1268 vdit

916 1285 1188 1319 miseretur,etquem
1198 1283 1255 1311 vult
1264 1284 1326 1311 indu
1332 1288 1382 1311 rat.
1392 1284 1472 1311 Dices
1478 1291 1542 1319 ergo
1550 1285 1627 1311 mihi:
1639 1285 1708 1318 Quid

915 1331 1003 1358 adhuc
1019 1331 1164 1365 queritur?
1178 1329 1317 1358 Voluntati
1333 1331 1406 1358 enim
1423 1330 1481 1364 ejus
1498 1332 1560 1365 quis
1576 1332 1705 1358 resistet?

917 1377 1073 1409 Enimvero,
1090 1376 1182 1408 homo,
1194 1381 1220 1403 tu
1241 1377 1287 1411 qui
1310 1384 1338 1403 es
1358 1377 1403 1411 qui
1425 1382 1520 1404 contra
1542 1378 1706 1411 respondeas

915 1422 971 1449 Deo
985 1422 1132 1456 ?Nunquid
1147 1422 1211 1449 dicit
1226 1423 1381 1457 figmentum
1395 1423 1418 1448 ei
1433 1423 1479 1456 qni
1491 1430 1519 1449 se
1534 1422 1621 1452 finxit.
1634 1422 1706 1455 Quid

913 1475 956 1494 nte
971 1468 1057 1495 fecisti
1066 1467 1118 1494 sic?
1127 1468 1242 1494 Autnon
1253 1467 1330 1494 habet
1341 1472 1499 1501 potestatem
1511 1467 1608 1501 figulus
1617 1467 1664 1493 luti
1673 1475 1706 1493 cx

911 1513 1003 1540 eadem
1015 1513 1093 1548 133
1106 1521 1195 1540 massa
1213 1513 1304 1541 facere
1316 1513 1389 1541 aliud
1406 1514 1514 1548 quidem
1525 1514 1607 1541 vasin
1618 1515 1706 1541 hono-

82 1567 111 1592 με
126 1560 250 1595 ἐποίησας
263 1560 352 1592 οὕτως
365 1569 371 1593 ;
389 1561 423 1587 Ἦ
435 1561 485 1587 οὐκ
497 1561 554 1596 ἕχει
566 1561 692 1595 ὲχουσίαν
701 1561 857 1596 ὀκεραμεὺς

948 1567 980 1591 m,
1000 1559 1072 1586 aliud
1087 1563 1175 1586 autem
1189 1560 1216 1586 in
1238 1559 1484 1587 coritumeliamM?»
1497 1559 1574 1587 Dicet
1588 1559 1706 1587 fortasse

81 1603 120 1630 τοῦ
136 1605 216 1640 πηλοῦ
239 1607 271 1632 ἐκ
290 1606 338 1632 τοῦ
350 1606 432 1632 αὑτοῦ
451 1607 611 1641 φυράματος
639 1606 749 1641 ποιῆσαι
780 1606 794 1631 ὃ
814 1606 864 1640 μὲν

83 1649 117 1679 εἰς
131 1649 208 1684 τιμὴν
225 1650 334 1681 σκεῦος,
345 1650 359 1676 ὃ
372 1651 399 1676 οὲ
415 1651 454 1681 εὶς
467 1650 596 1685 ἁτιμίαν;
620 1660 628 1675 ι
651 1651 725 1685 Ἑρεί
739 1652 794 1685 γάρ
811 1659 862 1682 τις·

914 1605 1014 1639 aliquis
1034 1613 1040 1631 :
1060 1604 1139 1632 Sicut
1162 1605 1260 1640 figulus
1279 1613 1312 1632 ex
1338 1606 1433 1632 eadem
1460 1613 1549 1632 massa
1571 1605 1635 1632 facit
1652 1605 1706 1632 alia

913 1651 1020 1685 quidem
1037 1658 1103 1677 vasa
1120 1651 1153 1677 ad
1167 1651 1311 1683 honorem,
1328 1651 1381 1677 alia
1405 1655 1494 1677 autem
1510 1651 1542 1677 ad
1558 1656 1704 1678 contume-

81 1694 108 1720 Εἰ
120 1695 132 1721 6
145 1696 278 1730 κεραμεὺς
302 1697 334 1722 ἐκ
351 1696 397 1722 τοῦ
414 1696 495 1723 αὑτοῦ
517 1696 678 1731 φυράματος
694 1698 765 1722 ποιεῖ
785 1696 802 1722 ἃ
817 1696 857 1730 μὲι

952 1704 990 1727 m;
1005 1697 1042 1723 ita
1062 1695 1133 1723 Deus
1149 1697 1218 1723 alios
1231 1697 1264 1723 ad
1283 1697 1478 1731 perditionem.
1497 1697 1566 1724 alios
1580 1698 1613 1724 ad
1632 1697 1705 1724 sala-

82 1739 115 1770 εἱς
125 1739 216 1775 τιμὴν,
230 1741 248 1766 ἃ.
271 1740 300 1765 δὲ
317 1741 357 1771 εἰς
377 1740 491 1775 ἀτιμίαν
507 1740 592 1775 σκεύη
606 1761 613 1772 ,
626 1740 714 1771 οὕτως
734 1741 748 1766 ὁ
763 1740 829 1771 Θεὸς
850 1740 857 1766 Ξ

950 1750 967 1768 ιι
985 1742 1068 1775 facit;
1086 1749 1140 1768 non
1155 1747 1198 1769 est
1213 1750 1279 1777 ergo
1295 1743 1320 1769 in
1338 1743 1417 1769 nobis
1430 1743 1473 1770 vel
1488 1743 1579 1769 salvos
1593 1743 1651 1770 ficri
1664 1743 1706 1770 vel

83 1786 124 1819 μὲν
143 1787 180 1817 εἰς
198 1786 335 1821 σωτηρίαν
346 1806 353 1816 .
367 1786 385 1812 ἃ.
402 1786 430 1812 δὲ
448 1787 487 1818 εἰς
506 1786 656 1813 ἀπώλειαν·
669 1787 698 1812 οὐ
716 1787 780 1821 παρ’
795 1787 857 1821 ﬂuat

953 1787 1006 1813 ινιιό
1023 1794 1029 1812 z
1046 1793 1094 1820 per
1108 1786 1182 1820 quod
1197 1794 1248 1813 non
1261 1787 1387 1813 videmur
1408 1787 1496 1814 nostri
1511 1795 1571 1814 esse
1585 1787 1703 1814 arbitrii.

81 1829 107 1856 τὺ
118 1830 243 1862 σώζεσθαι
258 1831 275 1866 ἦ
293 1830 459 1857 ἀπόλλυσθαι
470 1832 585 1865 γίνεται,
595 1831 655 1857 οὐδέ
671 1832 754 1866 ἐσμεν
770 1831 857 1863 αὐτεξ-

948 1831 1153 1870 espondendum
1176 1836 1218 1858 est.
1247 1839 1310 1866 ergo
1334 1832 1377 1858 his
1393 1833 1439 1865 qui
1467 1833 1525 1859 hinc
1554 1833 1589 1858 ita
1612 1833 1707 1860 intelli-

81 1874 163 1903 ούειοι.
177 1877 292 1904 Λεκτέον
306 1877 334 1904 δὲ
352 1877 418 1912 πρὸς
440 1877 485 1903 τὸν
499 1876 570 1903 οὕτω
587 1876 694 1908 τούτοις
706 1876 857 1912 χρώι.ι.ενον1

948 1881 988 1903 ιιιι
1007 1885 1013 1903 :
1034 1876 1063 1902 Si
1076 1881 1166 1910 potest
1182 1877 1241 1903 fieri
1267 1881 1297 1904 ut
1322 1877 1409 1911 possit
1424 1877 1573 1911 Apostolus
1587 1877 1639 1905 sibi
1654 1878 1705 1912 ipsi

685 1935 966 1964 lNTERPRETATIO
984 1935 1088 1962 NOVA.

83 1999 216 2030 generatim
244 2006 398 2030 movemur,
416 1998 441 2024 id
462 2003 601 2032 acceptum
620 1998 676 2024 Deo
691 1996 787 2024 referri
807 2000 926 2030 oportet.
946 1995 1025 2022 Sicut
1047 1999 1149 2032 autem,
1179 1994 1229 2021 etsi
1255 1994 1410 2032 accepimus
1433 1993 1504 2028 quod
1527 1993 1656 2020 animalia
1671 1993 1705 2020 si-

84 2029 144 2064 inus,
168 2035 235 2067 quod
253 2041 422 2065 moveamur,
439 2034 510 2067 quod
524 2029 642 2060 membra
660 2033 716 2059 haec
730 2031 771 2058 vel
788 2029 843 2064 illa,
855 2038 961 2061 manus,
974 2029 1089 2064 exetnpli
1108 2037 1202 2067 causa,
1217 2035 1262 2055 aut
1280 2029 1362 2063 pedes
1370 2036 1544 2067 _n_iovcamus,
1562 2036 1614 2067 non
1630 2033 1705 2055 recte

83 2067 136 2104 quis
147 2063 242 2095 diierit
262 2063 419 2103 speci-lem
434 2063 505 2095 hunc
520 2068 597 2095 nobis
614 2072 715 2104 motum
731 2075 744 2092 a
760 2067 813 2093 Deo
829 2067 857 2092 da

948 2073 1007 2097 :sse,
1024 2063 1260 2104 ut’verbcr-cmus,
1277 2069 1305 2089 ut
1318 2064 1532 2104 OCCitiii'tllllS,ul'll
1553 2063 1642 2089 aliena
1658 2071 1703 2089 ra-

83 2098 193 2135 piamus;
211 2098 372 2130 cum-motus
385 2104 410 2129 in
429 2103 585 2130 universmn
600 2102 678 2129 nobis
693 2102 764 2138 Deus
780 2105 876 2138 auctor
891 2101 1053 2138 f'uerit,_uos
1065 2107 1128 2138 vero
1141 2100 1175 2138 ad
1187 2099 1286 2138 pejora
1300 2103 1346 2125 aut
1359 2099 1470 2138 meliora
1490 2098 1535 2138 illo
1551 2104 1622 2123 motu
1632 2103 1700 2138 _n_ta—

82 2133 149 2169 inur;
171 2133 207 2165 sic
223 2138 295 2165 illam
319 2138 413 2171 agendi
429 2138 481 2164 vim
501 2145 553 2172 qua
575 2144 669 2164 sumus
692 2135 931 2172 animaliatnohis
951 2135 1149 2172 quidcnrDc-us
1170 2134 1310 2172 impertiit,
1334 2139 1361 2160 et
1389 2134 1457 2172 velle
1479 2141 1503 2172 a_
1517 2133 1570 2159 Deo
1593 2133 1702 2167 quidem

82 2173 236 2206 accepimus,
258 2173 305 2200 sed
329 2169 402 2199 illam
427 2169 531 2199 volendi
553 2180 603 2199 nec
628 2179 679 2198 non
701 2171 799 2205 agendi
825 2171 878 2196 vim
898 2169 1016 2206 nosipsi
1037 2170 1072 2206 ath
1090 2170 1203 2206 honesta
1219 2169 1415 2206 vei_co_a_t_raria
1434 2169 1578 2206 flectimus.
1657 2201 1663 2205 _

111 2202 152 2232 20'.
167 2202 305 2242 llefragari
321 2208 430 2241 insuper
444 2207 560 2234 libertati
583 2207 667 2233 nostri
678 2202 789 2242 arbitrii
808 2205 960 2242 videturid
974 2202 1207 2242 fluglhAposltﬂtlS
1223 2204 1492 2242 sihi_obji‘cic_ns_ait:
1511 2211 1520 2242 ι
1537 2202 1608 2242 Ergo
1622 2202 1698 2241 cuius

82 2241 132 2267 vult
157 2238 309 2273 miseretur.
325 2247 352 2269 et
365 2238 443 2276 quem
461 2243 516 2268 vult
535 2242 653 2268 indurat.
666 2241 755 2267 iDiccs
779 2241 870 2274 itaque
896 2240 961 2276 mihi
984 2247 991 2266 :
1010 2239 1079 2276 Quid
1101 2240 1190 2276 adhuc
1210 2238 1352 2273 queritur?
1374 2238 1528 2276 Voluntati"
1548 2239 1620 2276 enim
1635 2238 1703 2276 fjus

83 2277 135 2308 quis
149 2278 265 2304 resistit?
278 2271 410 2308 ΟἸιυιιιύ,
428 2282 454 2303 ιιι
472 2277 533 2311 quis
546 2284 576 2303 es
590 2277 635 2310 qui
657 2271 916 2312 respondeas—Deo?
940 2271 1066 2312 Nunquid
1091 2274 1157 2312 dicit
1174 2271 1336 2312 figmenunn
1356 2274 1380 2300 ei
1401 2274 1450 2312 qui
1467 2280 1496 2299 se
1514 2272 1593 2312 finxit
1608 2281 1617 2312 ξ
1632 2271 1702 2304 Quid

83 2307 120 2337 me
133 2311 214 2339 fecisti
228 2313 286 2339 sic?
298 2312 394 2339 Annon
410 2307 494 2338 habet
510 2307 673 2345 potestatem
695 2307 792 2345 figulus
808 2310 855 2336 ltiti
875 2317 908 2336 ex
924 2307 1018 2336 eadem
1038 2307 1236 2345 massarfacére
1263 2308 1336 2335 aliud
1362 2309 1472 2345 quidem
1494 2315 1551 2345 vas.
1565 2308 1592 2333 in
1612 2307 1698 2345 hono-

82 2351 142 2377 rem.
156 2346 225 2373 aliud
236 2354 302 2374 vero
314 2348 340 2373 in
354 2342 567 2374 contumeliam?
584 2356 593 2372 ι
618 2346 694 2372 Dicet
708 2342 781 2372 e'uim
800 2345 958 2379 quispiam:
979 2344 1008 2371 Si
1023 2344 1249 2377 quemadmodum
1267 2351 1300 2369 ex
1325 2344 1497 2379 eodemluto
1515 2342 1699 2379 aliaquidem

84 2379 107 2405 in
123 2380 254 2414 honorem,
273 2382 326 2408 alia
338 2389 402 2409 vero
418 2382 442 2408 in
456 2381 648 2408 contumeliam
665 2389 729 2407 vasa
748 2377 848 2414 figulus
865 2377 940 2412 facit,
958 2379 996 2405 sic
1008 2385 1034 2405 et
1053 2379 1123 2405 Dens
1141 2379 1192 2404 alia
1210 2379 1236 2404 in
1251 2379 1377 2409 salutem,
1396 2378 1448 2404 alia
1463 2378 1488 2414 in
1506 2377 1698 2411 perditionem;

84 2421 129 2441 non
144 2421 183 2443 est
198 2417 223 2443 in
240 2413 322 2444 nobis
340 2417 380 2443 vel
395 2416 486 2443 salvos
503 2417 563 2443 fieri
582 2416 622 2442 vel
635 2416 736 2449 perire.
754 2413 840 2446 neque
856 2422 949 2441 sumus
967 2414 1057 2440 liberi.
1078 2414 1130 2440 Sed
1143 2414 1176 2439 ab
1189 2421 1221 2440 eo
1239 2414 1284 2446 qui
1302 2414 1358 2439 lucc
1371 2417 1408 2449 tta
1424 2413 1701 2449 accipit,_qu:ercnms

85 2450 203 2478 audeatne
219 2452 341 2485 cogitare
351 2451 508 2488 Apostolqu
524 2447 670 2488 pugnantia
684 2450 781 2488 loqlti‘!_
793 2449 1015 2488 Neminempnto
1031 2453 1111 2488 tanta
1123 2448 1182 2475 fore
1199 2449 1313 2488 audacia
1329 2453 1357 2474 ut
1369 2448 1420 2488 hoc
1435 2447 1558 2486 dicat.
1575 2454 1640 2488 ergo
1651 2452 1702 2488 pp:

85 2487 182 2520 gnantia
193 2481 327 2513 nonudicit
342 2481 497 2520 Apostolus,
513 2481 661 2520 qumnodo,
680 2481 923 2520 secundumistitts
934 2481 1207 2520 interpretationem,
1220 2484 1294 2517 juste
1311 2487 1423 2509 accusat
1435 2489 1504 2520 eum_
1515 2481 1560 2515 qui
1574 2481 1699 2520 Coriu-hi

85 2518 220 2548 fornicatus
233 2526 302 2552 erat,
315 2521 358 2548 vel
366 2516 417 2548 eos
431 2521 476 2554 qui
498 2516 681 2555 deliquerant,
694 2526 818 2556 quosque
834 2519 957 2556 libidinis
970 2516 1020 2556 ac'
1031 2519 1248 2556 intemperantia:
1265 2525 1331 2556 sua:
1344 2525 1408 2556 non
1433 2516 1618 2556 poenittterat‘!
1633 2516 1700 2556 IQuo

85 2560 155 2590 pasto
167 2556 246 2583 etiam
264 2550 300 2583 iis
315 2563 382 2590 quos
396 2550 489 2583 laudat
506 2550 583 2590 quasi
601 2550 678 2582 recte
689 2550 817 2590 egerint,
842 2553 1100 2590 Oitesipltori,verbi
1116 2550 1211 2590 :gratia
1227 2573 1243 2590 ,_
1256 2553 1350 2579 domui
1368 2550 1508 2579 benedicit
1527 2551 1569 2576 his
1582 2550 1675 2576 verbis
1691 2558 1698 2576 :

87 2596 95 2625 ς
111 2587 369 2625 Detmisericordiam
386 2587 522 2618 Dominus
544 2587 815 2623 Onesiphoriﬁdonuti
829 2597 838 2625 ;
857 2588 920 2625 quia
932 2587 1008 2622 srepe
1021 2587 1269 2625 nteircfrigeravit,
1282 2592 1309 2614 et
1323 2592 1447 2625 catenam
1464 2593 1551 2625 meam
1566 2592 1618 2625 non
1633 2591 1697 2625 eru-

85 2620 150 2660 buit;
161 2626 206 2652 sed
222 2633 284 2653 cum
303 2626 413 2652 Ilomam
428 2626 553 2657 venisset,
567 2619 684 2652 sollicite
695 2632 738 2651 tne
752 2619 879 2658 qu:csivit
891 2628 921 2660 et
937 2619 1051 2660 invenit,
1071 2624 1118 2650 Det
1133 2619 1171 2650 illi
1181 2619 1321 2660 Dominus
1339 2622 1463 2660 invenire
1479 2619 1698 2660 misericordiam

86 2664 98 2682 a
115 2657 219 2687 Domino
233 2661 259 2687 in
271 2661 315 2688 illa
327 2660 378 2688 die.
398 2669 407 2686 ι
427 2660 484 2688 Non
497 2655 579 2694 igitur
591 2660 713 2695 ejusdem
728 2655 769 2687 esi
782 2658 907 2693 Apostoli
925 2666 987 2686 eum
1005 2659 1052 2693 qui
1073 2658 1213 2692 peccavit,
1232 2663 1260 2684 ut
1277 2657 1493 2692 reprehensione
1507 2655 1620 2689 dignum
1634 2673 1641 2686 ,
1655 2655 1697 2681 vi-

114 2715 134 2732 "
146 2716 219 2745 Rom.
237 2725 275 2750 ix,
293 2717 328 2745 18
344 2725 419 2753 seqq.

947 2775 1002 2810 (9|)
1019 2775 1086 2802 Vide
1102 2775 1120 2802 Ι.
1138 2783 1155 2802 ιι
1173 2775 1329 2809 ()rigenian.
1345 2782 1372 2808 q.
1389 2773 1412 2804 7,
1434 2772 1510 2810 p.10

944 2806 999 2845 (92)
1018 2811 1054 2836 Ita
1069 2818 1133 2838 mss.
1150 2806 1234 2841 Alias,
1253 2819 1262 2835 ι
1283 2806 1394 2835 motuin.
1414 2818 1423 2833 ›
1440 2808 1510 2845 Infra
1525 2815 1588 2835 mss.
1607 2816 1617 2834 ι
1633 2806 1700 2843 quid

909 2843 996 2873 adhuc
1014 2846 1147 2882 queritur.
1166 2854 1174 2870 ι
1194 2845 1222 2872 In
1239 2845 1319 2873 editis
1337 2845 1412 2872 deest
1436 2852 1445 2868 ι
1465 2843 1562 2871 adhuc.
1579 2852 1589 2868 ι

87 2775 163 2834 ul(99)
174 2776 231 2810 Πή.
249 2777 330 2805 Deest
346 2778 426 2805 etiam
444 2777 470 2805 in
486 2782 565 2805 antea
588 2776 678 2811 editis,
692 2777 738 2804 sed
751 2777 854 2812 reperi:

113 2817 122 2834 I‘
137 2818 160 2834 Ill
175 2819 236 2834 mss.

113 2817 122 2835 Ι·
137 2818 160 2837 Ill
175 2819 236 2839 “ISS-
