1860 3073
96 107 149 136 297
775 110 872 138 LIBER
891 110 1055 139 TERTIUS.
1678 118 1730 144 293

97 157 146 192 τὴν
160 155 329 193 πρόγνωσιν,
345 157 405 184 ἐπεὶ
421 158 458 193 μὴ
478 159 538 185 κατ’
555 158 639 194 αὐτὴν
663 160 875 194 προκατακρίνει

973 159 1042 186 :l'crri
1072 164 1169 194 potest.
1206 160 1272 188 Nam
1299 161 1365 189 facit
1384 163 1501 197 quidem
1530 168 1640 191 creator
1661 164 1731 192 Deus

97 202 115 238 ἢ
130 202 294 237 πρθδικαιοῖ,
314 202 381 228 ἀλλὰ
404 202 487 237 σκεύη
508 202 590 238 τιμῆς
604 203 666 234 τοὺς
688 203 879 239 ἐκκαθάραντα

974 206 1083 232 tnddam
1111 213 1157 232 vas
1187 207 1220 234 ad
1247 207 1396 241 honorem,
1429 213 1455 236 et
1491 208 1556 236 facit
1583 209 1634 237 alia
1664 219 1729 237 vasa

100 248 225 280 ἑαυτοὺς,
243 249 292 275 καὶ
307 248 391 284 σκεύη
402 250 514 284 ἀτιμίας
529 248 764 284 ὰπερικαθάρτους
784 251 878 276 ἑαυτοῦ

973 252 978 277 l
995 252 1188 278 contumeliam
1203 261 1209 284 ;
1225 254 1271 279 sed
1285 254 1349 280 illud
1366 263 1411 282 vas
1423 256 1492 290 quod
1510 264 1540 283 se
1555 257 1681 292 purgavit
1696 259 1730 285 ab

99 293 278 330 περιιδόντας·
301 294 371 321 ὥστε
391 295 440 321 οὐκ
465 295 520 330 (96)
532 296 564 322 ὲκ
585 296 777 331 πρεσϐυτέρων
800 296 882 322 αἰτέω

973 298 1018 324 ιιιιί
1048 298 1229 328 immunditia.
1258 300 1344 333 ipsum
1369 301 1406 335 (l)
1435 300 1499 328 facit
1522 309 1568 328 vas
1587 303 1620 329 ad
1645 304 1730 329 bono-

97 339 147 374 τῆς
160 339 335 375 κατασκευῆς
345 340 399 367 τῶν
410 341 449 372 εἰς
462 342 543 376 τιμὴν
558 342 604 367 καὶ
615 342 655 373 εἰς
666 342 775 376 ἀτιμίαν
790 342 882 367 exsutis

977 351 1001 369 ιιι
1015 353 1022 372 ς
1035 344 1106 377 qttod
1124 352 1187 371 vero
1199 345 1327 371 vitiorum
1347 346 1471 373 sordibus
1491 355 1519 374 se
1540 349 1728 380 maculaverit,

97 385 221 419 γίνεσθαι
236 386 265 412 ὃν
285 386 334 421 μὲν
350 387 390 418 εἰς
414 387 496 422 τιμὴν
507 407 513 418 ,
528 388 557 413 ὃν
578 387 606 413 δὲ
619 388 659 419 εἰς
680 388 803 423 ἀτίμιαν.

975 389 1008 415 ιιι]
1022 396 1069 415 vas
1081 389 1114 415 ad
1129 389 1320 416 contumeliam
1344 390 1418 417 fac-il.
1443 392 1535 426 Itaque
1560 394 1730 421 concluditur

96 439 130 457 ex
156 432 294 465 hoc.qnia
318 433 392 466 prius
413 439 550 466 gestorum
578 433 791 468 uniuscujusque
811 442 893 461 causa
924 436 1067 469 prmcedit,
1093 441 1121 462 et
1146 444 1194 470 pro
1216 437 1320 463 meritis
1346 437 1402 464 suis
1427 439 1613 474 nnuSquisqne
1633 448 1648 467 a
1673 442 1729 468 Deo

95 479 139 505 vel
162 479 275 506 honoris
310 487 356 505 vas
384 479 500 507 cilicilnr
525 480 568 506 vel
593 480 774 508 contniuelim.
804 480 881 508 Unde
907 484 1120 517 unumquodque
1135 483 1217 517 igitur
1234 488 1319 510 vasut
1342 484 1381 511 vel
1407 484 1440 511 ad
1465 485 1626 521 honorem}
1641 489 1723 516 Crea-

96 530 156 554 tore
176 526 309 554 formetur
321 527 363 555 vel
375 527 408 554 ad
419 528 623 559 contumeliam.
635 535 668 555 ex
683 529 772 562 seipso
785 536 882 557 causas
897 535 925 557 et
936 531 1094 558 occasiones
1109 532 1236 565 prazstitit
1249 533 1393 562 conditori.

132 575 166 602 Εἰ
181 575 210 602 δὲ
223 575 298 609 ἅπαξ
308 576 476 612 προσιέμεθα

95 618 167 648 εἷναί
179 630 256 654 τινας
268 622 478 659 αἰτίαςπρεσϐυ-

94 668 235 704 τέραςτοῦ
244 668 356 698 σκεύους
370 669 420 704 τῆς
434 677 476 695 τι-

97 716 154 752 μῆς
169 716 216 742 καὶ
235 715 280 742 τοῦ
299 716 412 747 σκεύους
427 716 478 751 τῆς

95 762 225 797 ἀτιμίας,
241 762 268 787 τι
283 762 382 788 ἄτοπον
401 762 478 789 ἀνελ-

96 810 196 841 eam;
208 810 248 841 εἰς
265 809 310 836 τὸν
317 810 380 845 περ).
389 809 478 845 ψυχῆς

96 856 181 882 τόπον
191 856 256 891 (97),
265 856 435 892 πρεσϐύτερα
441 857 480 883 αἴ-

96 911 144 929 τια
162 903 210 929 τοῦ
229 903 274 929 τὸν
293 903 389 930 Ἰακὼό
410 904 479 939 ὴγα·

101 949 215 986 πῆσθαι,
225 950 270 977 καὶ
278 951 323 977 τὸν
337 951 421 977 Ἦσαῦ
432 960 479 987 με-

513 576 589 610 Qnod
605 577 627 604 si
645 578 717 612 justa
736 578 794 605 hzec
814 578 887 605 vide-

515 629 558 651 tur
586 625 718 657 assertio,
745 624 816 652 sicut
847 630 889 652 est

514 675 588 699 certe
604 671 687 705 jnsta,
700 677 727 699 et
740 680 800 698 curn
814 672 888 698 otnui

514 719 613 754 pietate
624 719 803 751 concordans,
815 724 843 746 ιιι
855 727 890 746 ex

513 766 728 800 prmccdentibus
754 767 844 792 causis
859 774 889 792 u-

515 813 708 847 numquodque
728 820 775 839 vas
798 812 838 840 vel
855 812 889 840 ad

515 859 645 886 honorem
685 859 739 886 Deo
779 859 820 886 vel
854 859 887 886 ad

941 580 1006 615 μισῆ
1011 581 1070 606 σθαι
1080 600 1087 611 ,
1112 581 1251 615 γεγονέναι
1278 582 1317 613 εἰς

939 626 984 652 τὸν
999 626 1096 653 Ἰακὼϐ
1110 627 1162 662 πρὸ
1175 628 1224 662 τῆς
1232 629 1318 654 ὲνσω-

941 672 1107 707 ματώσεως,
1129 674 1174 700 καὶ
1204 675 1244 706 εὶς
1271 675 1317 700 τὸν

947 719 1031 747 Ἡσαῦ
1056 719 1107 755 πρὸ
1126 719 1173 746 τοῦ
1202 721 1242 752 εἰς
1269 720 1316 756 τὴν

942 766 1046 793 κοιλίαν
1081 767 1130 802 τῆς
1170 768 1318 800 Ῥεϐέκκας

942 813 1076 847 γενέσθαι.

1353 583 1427 615 dum,
1439 584 1534 611 eodem
1546 584 1642 613 ordine
1651 591 1731 621 atque

1353 629 1446 655 eadem
1467 632 1662 665 consequentia
1689 634 1732 660 di-

1353 675 1499 702 scutientes
1507 684 1556 703 nos
1565 678 1731 711 antiquiores

1354 728 1465 753 causas,
1480 722 1575 749 eadem
1597 724 1679 750 etiam
1696 724 1731 751 de

1355 767 1506 794 animarum
1532 769 1636 796 ratione
1664 777 1730 797 sen-

1354 813 1405 840 tire
1419 819 1446 840 ct
1458 815 1508 841 hoc
1523 816 1617 850 esscin
1635 824 1730 848 causa.

943 861 1013 893 quod
1025 859 1106 887 Jacob
1124 860 1239 888 dilectus
1256 865 1306 892 est,
1320 865 1464 894 antequam
1480 861 1541 887 huic
1557 862 1656 889 mundo
1669 871 1730 890 nas-

515 906 710 933 conlumeliam
751 914 888 941 pr:cpare-
906 896 926 925 Β
942 910 1061 938 ceretnr,
1074 910 1102 933 et
1126 906 1195 933 Esau
1208 906 1271 932 odio
1290 905 1399 933 habitus
1423 911 1464 932 est
1484 906 1533 940 (2),
1560 907 1623 934 dum
1640 907 1729 935 adhuc

516 956 568 985 tur,
592 960 644 979 non
667 953 773 980 videtur
791 953 890 980 absur-

357 1005 431 1026 lllEll.
451 1005 556 1024 tarsar.
575 998 641 1034 (98).

99 1042 151 1070 Sin
174 1048 260 1069 autent
285 1043 363 1070 semel
382 1044 522 1078 recipimus
544 1046 614 1078 quod
634 1052 666 1070 ex
682 1044 887 1076 pra-ce/lrntilnts

97 1089 188 1116 causis
201 1089 274 1115 aliud
292 1098 336 1116 vas
354 1090 381 1116 in
396 1090 520 1116 honorem
531 1110 538 1122 ,
561 1090 634 1116 aliud
661 1091 686 1116 in
703 1092 887 1117 contumeliam

97 1137 133 1164 ait
148 1141 281 1168 creatum,-
293 1144 340 1162 cur
355 1145 407 1163 non
424 1145 588 1164 recurremus
604 1137 637 1163 ad
652 1138 747 1164 animo:
761 1145 889 1164 arcanum

135 1196 212 1231 ’Δμα
224 1195 253 1222 δὲ
267 1196 361 1230 σαφῶς
377 1196 502 1232 δηλοῦται
518 1197 559 1224 ὅτι
575 1197 636 1224 ὅσον
653 1198 699 1224 ἐπὶ
716 1199 752 1233 τῇ
778 1199 889 1225 ὑποκει-

98 1242 168 1278 μένῃ
186 1242 265 1276 φύσει
281 1242 375 1278 ὥσπερ
399 1241 440 1274 εἷς
463 1243 604 1270 ὑπόκειται
620 1243 659 1279 τῷ
675 1246 790 1280 κεραμεῖ
807 1244 890 1279 πηλὸς

96 1288 144 1322 ἀφ’
156 1283 187 1314 ait
203 1288 364 1323 φυράματος
374 1289 528 1322 γένεταιείς
548 1289 630 1325 τιμὴν
651 1290 697 1315 καὶ
720 1290 760 1320 εἰς
779 1289 890 1324 ἀτιμίαν

96 1333 200 1368 σκεύηθ
218 1333 289 1361 οὕτω
305 1335 369 1370 μιᾶς
384 1335 491 1369 φύσεως
505 1336 593 1371 πάσης
603 1335 690 1371 ψυχῆς
707 1335 891 1371 ὑποκειμένης

96 1381 137 1416 τῷ
146 1380 217 1416 Θεῷ.
229 1382 276 1408 καὶ
285 1382 353 1417 (99).
365 1382 397 1408 ἵν’
411 1381 497 1413 οὕτως
510 1382 590 1413 εἴπω,
605 1382 663 1413 ἐνὸς
675 1382 835 1418 φυράματος
847 1382 891 1408 ὅν-

945 952 970 978 ]ιι
986 956 1080 979 vcntre
1092 951 1189 979 matris
1204 951 1362 978 haberetur.

942 1002 965 1024 et
977 998 1156 1031 intelligamus
1168 1005 1226 1023 eam
1237 998 1321 1031 egisse
1339 997 1484 1031 antiquitus
1504 1003 1609 1033 propter
1621 1001 1690 1035 quod
1702 1002 1729 1027 in

943 1042 1024 1069 altero
1035 1042 1140 1073 dilecta,
1164 1043 1191 1069 in
1214 1042 1297 1069 altera
1312 1043 1373 1069 odio
1387 1043 1475 1069 Imbit'n
1490 1045 1523 1070 sil
1546 1049 1682 1080 antequam
1700 1048 1728 1074 in

942 1088 1023 1115 Jacob
1040 1097 1147 1122 corpore
1161 1087 1349 1123 supplantant,
1367 1094 1390 1115 et
1407 1092 1433 1114 in
1451 1088 1522 1116 Esau
1545 1090 1635 1124 planta
1657 1098 1729 1119 tene-

944 1139 1035 1162 retura
1045 1134 1136 1169 fratre.

978 1196 1057 1232 135
1075 1195 1119 1223 2i.
1135 1195 1189 1223 Sed
1214 1199 1242 1222 et
1270 1195 1335 1222 illud
1351 1196 1422 1229 quod
1441 1196 1542 1223 dictum
1569 1201 1628 1229 est,
1656 1197 1728 1232 quod

941 1250 973 1270 ex
990 1235 1086 1270 eadem
1104 1249 1192 1268 massa
1210 1245 1238 1268 et
1256 1241 1366 1269 honoris
1383 1247 1410 1268 et
1421 1242 1594 1270 contumeliae
1611 1250 1658 1269 vas
1670 1242 1726 1274 l'tat,

941 1297 994 1317 non
1012 1296 1062 1316 nos
1076 1288 1175 1322 poterit
1189 1292 1349 1319 coarctare;
1377 1296 1458 1315 unam
1478 1289 1577 1316 etenitn
1600 1294 1727 1317 naturam

940 1335 1061 1363 omnium
1092 1342 1153 1361 esse
1182 1334 1299 1361 dicimus
1324 1334 1526 1362 rationabiliutn
1555 1335 1726 1369 animarum,

941 1381 1012 1409 sicut
1028 1389 1079 1408 una
1105 1380 1153 1407 luti
1181 1387 1268 1407 massa
1294 1379 1438 1414 subjacere
1460 1380 1541 1414 ﬁgulo
1555 1380 1725 1416 designatur.

904 1402 925 1431 C

942 1428 1009 1455 Cum
1039 1435 1104 1462 ergo
1129 1434 1181 1454 una
1204 1426 1324 1454 omnium
1341 1426 1375 1453 sit
1399 1431 1493 1452 natura
1523 1426 1726 1454 rationabilium

942 1480 1140 1505 creaturarum.
1157 1481 1191 1501 ex
1208 1473 1265 1508 ipsa
1283 1473 1354 1500 Dens
1377 1475 1525 1502 secundum
1543 1475 1727 1508 praecedentes

943 1521 1100 1548 meritorum
1131 1527 1237 1551 causas,
1264 1520 1335 1547 sicut
1363 1527 1397 1547 ex
1424 1529 1476 1547 una
1505 1528 1594 1548 massa
1617 1521 1726 1556 ﬁgulus,

942 1566 1045 1594 creavit
1058 1570 1084 1593 et
1095 1565 1241 1600 plasmavit
1253 1565 1321 1593 alios
1338 1567 1447 1600 quidem
1461 1566 1493 1593 ad
1507 1567 1648 1600 honorem,
1660 1567 1729 1595 alios

942 1617 1031 1639 autem
1047 1613 1080 1638 ad
1100 1611 1304 1640 contumeliam.
1317 1611 1393 1645 Quod
1416 1619 1481 1640 vero
1493 1613 1566 1640 velut
1586 1612 1728 1648 increpan-

942 1660 976 1686 tis
1004 1665 1046 1686 est
1074 1659 1197 1692 Apostoli
1215 1666 1304 1686 sermo
1319 1666 1398 1692 quem
1413 1658 1449 1692 (5)
1468 1658 1554 1686 dicit:
1570 1667 1579 1684 ι
1593 1658 1616 1687 Ο
1634 1660 1726 1691 Immo.

943 1708 970 1730 tn
988 1705 1048 1738 quis
1071 1712 1101 1731 es
1125 1704 1171 1738 qui
1198 1708 1291 1731 contra
1317 1705 1480 1738 respondeas
1502 1704 1556 1732 Deo
1571 1705 1611 1732 "‘l
1627 1715 1637 1731 ι
1663 1711 1728 1740 puto

943 1749 1007 1776 illud
1021 1758 1082 1777 esse
1096 1751 1165 1784 quod
1178 1751 1295 1778 ostendit
1306 1758 1338 1778 ex
1358 1751 1408 1778 hoc
1427 1752 1555 1786 quoniam
1571 1752 1603 1778 ad
1619 1751 1726 1779 ﬁdelem

941 1804 1077 1830 quemque
1091 1803 1163 1824 recte
1177 1797 1286 1831 etjuste
1307 1798 1441 1824 viventem
1459 1803 1487 1825 et
1501 1798 1643 1825 habentem
1659 1799 1728 1825 lidn-

943 1843 1012 1869 ciam
1030 1843 1099 1877 apttd
1116 1843 1198 1869 Deum
1216 1842 1276 1870 talis
1296 1843 1445 1877 increpatio
1472 1851 1524 1871 non
1550 1843 1682 1876 refertur,
1701 1844 1728 1870 id

941 1894 994 1920 est.
1007 1889 1040 1915 ad
1053 1889 1366 1923 lalcmaliqtlem,qualis
1376 1895 1436 1916 erat
1447 1889 1550 1924 Moyses
1565 1890 1618 1921 ille,
1633 1891 1727 1924 dequo

97 1936 170 1968 σὶαν,
182 1936 301 1972 δηλονότι
317 1935 535 1971 ἢὰπθὶωλεκὼς,
551 1937 566 1972 ἦ
579 1938 640 1972 περὶ
656 1937 757 1963 τθύτων
774 1937 803 1962 ait
818 1936 882 1963 κατὰ

973 1935 1006 1961 cit
1020 1935 1170 1969 Scriptura,
1187 1935 1249 1968 quia
1265 1943 1275 1959 ι
1293 1934 1398 1969 Moyses
1409 1934 1580 1969 loquebatur,
1595 1935 1666 1963 Deus
1679 1945 1728 1963 att-

720 1993 998 2021 ItVTEllPIlE'l‘ATIO
1014 1993 1117 2021 NOVA.

131 2041 181 2068 2|.
195 2040 263 2069 Illud
280 2042 363 2070 etiam
382 2042 462 2069 simul
475 2043 637 2077 ostenditur,
649 2044 877 2077 quemadmodum
893 2050 974 2069 unmn
988 2043 1109 2076 subjacct
1125 2041 1206 2077 ﬁgulo
1223 2042 1318 2073 lutum,
1334 2049 1367 2069 ex
1382 2042 1459 2077 cujus
1472 2043 1648 2070 concretione
1662 2051 1726 2070 vasa

97 2077 126 2104 in
151 2077 282 2104 honorem
297 2082 324 2104 et
341 2077 517 2112 ignominiam
533 2077 616 2110 ﬁunt;
639 2078 675 2105 ita
692 2086 752 2105 cutn
769 2086 819 2105 una
836 2079 956 2104 omnimn
973 2078 1124 2104 animarum
1143 2083 1240 2104 natura
1262 2077 1402 2111 subjaceal
1420 2079 1486 2109 Deo,
1500 2083 1529 2105 et
1549 2086 1618 2109 una,
1637 2084 1666 2106 ut.
1689 2080 1725 2105 ita

96 2112 198 2144 dicam,
212 2112 455 2146 sittrationabilinm
470 2113 681 2140 substantiarnm
694 2121 791 2144 massa,
806 2121 838 2140 ex
854 2113 1069 2147 praecedentibus
1080 2113 1168 2140 eausis
1181 2113 1238 2140 ﬁeri
1253 2118 1282 2140 ιιι
1294 2112 1456 2147 aliiquidetu
1472 2113 1526 2140 sint
1538 2113 1564 2140 in
1581 2113 1724 2144 honorent.

96 2147 144 2173 alii
161 2154 226 2177 vero
241 2149 266 2174 in
279 2148 481 2175 contumeliam.
498 2148 575 2181 Quod
593 2149 615 2174 si
633 2148 832 2183 olijurgatorins
854 2153 895 2175 cst
913 2148 1032 2182 Apostoli
1051 2155 1142 2175 sermo
1160 2148 1318 2183 dicentisu
1337 2148 1358 2175 0
1372 2148 1468 2179 homo,
1491 2153 1517 2174 tu
1541 2149 1601 2182 quis
1625 2156 1655 2175 es
1679 2150 1724 2183 qui

96 2185 200 2218 eontra
208 2183 373 2217 respondeas
387 2183 460 2210 Deo?
479 2193 488 2208 ι
504 2192 556 2210 ιιοιι
569 2190 630 2209 cum
640 2182 756 2218 respicit
773 2184 819 2217 qui
841 2184 924 2210 libere
943 2183 999 2217 agit
1023 2191 1084 2210 eum
1102 2184 1167 2214 Deo.
1185 2184 1229 2216 qui
1243 2182 1334 2209 ﬁdelis
1355 2188 1397 2209 est
1414 2187 1441 2209 ct
1457 2188 1530 2210 recte
1546 2184 1623 2215 vivit,
1638 2182 1728 2218 qualis

95 2222 158 2244 erat
175 2216 292 2251 Moyses.
312 2227 322 2242 ι
344 2218 449 2253 Moyses
467 2219 539 2245 ettitn
558 2216 727 2252 loquebatur,
748 2216 818 2245 Deus
835 2226 899 2245 vero
917 2216 1097 2253 respondebat
1117 2218 1154 2245 illi
1175 2226 1236 2244 cum
1257 2226 1339 2251 voce;
1368 2228 1376 2243 ι
1395 2224 1476 2252 atque
1494 2223 1521 2245 ut
1544 2218 1630 2252 Moysi
1647 2216 1725 2246 'Dens

97 2253 255 2286 respondet,
278 2253 318 2280 sic
342 2253 396 2280 Dco
416 2254 458 2279 vir
474 2258 595 2280 sanctus.
615 2253 665 2286 Qui
688 2261 751 2280 vero
767 2262 796 2280 ea
812 2254 908 2280 ﬁducia
934 2262 986 2280 nou
1006 2259 1047 2280 est
1068 2254 1207 2287 prmditus.
1221 2253 1346 2280 videlicet
1360 2253 1400 2280 vel
1420 2253 1492 2287 quod
1510 2261 1569 2280 eam
1589 2254 1722 2283 amiserit.

95 2287 140 2313 vel
164 2287 237 2321 quod
255 2288 289 2315 de
310 2288 353 2314 his
374 2296 426 2315 non
446 2289 579 2317 discendi.
601 2289 647 2315 sed
662 2289 845 2316 contentionis
860 2289 950 2316 studio
962 2289 1068 2322 quaarit,
1083 2293 1164 2322 atque
1182 2289 1241 2315 ideo
1259 2289 1341 2315 dicit:
1364 2298 1373 2313 ‹
1392 2288 1460 2321 Quid
1481 2288 1570 2315 adhuc
1582 2290 1725 2322 qnetzitnr!

96 2323 227 2349 voluntati
242 2323 313 2350 enim
327 2323 385 2357 ejus
401 2324 462 2357 quis
475 2323 596 2350 resistit?
613 2333 622 2349 ι
644 2323 666 2350 is
681 2331 746 2350 sane
758 2325 853 2358 dignus
870 2324 950 2351 fuerit
965 2325 1015 2350 hac
1034 2323 1230 2356 increpatione:
1252 2331 1261 2348 ι
1278 2323 1300 2350 0
1314 2324 1404 2354 homo,
1422 2327 1449 2350 tu
1458 2323 1519 2357 quis
1528 2331 1557 2350 es
1570 2325 1616 2357 qui
1629 2329 1723 2351 contra

97 2360 262 2394 respondeas
277 2358 351 2385 Deo?
367 2368 376 2384 ι
396 2359 447 2392 Qui
463 2363 553 2385 autem
565 2359 685 2386 diversas
699 2359 830 2385 inducunt
850 2365 960 2386 naturas
976 2365 1003 2385 et
1021 2359 1145 2394 Apostuli
1165 2359 1238 2385 dicto
1254 2363 1378 2389 utuntur,
1394 2359 1426 2384 iis
1442 2359 1498 2385 lucc
1513 2359 1625 2384 dicen-la
1643 2365 1723 2385 sunt:

97 2392 125 2419 Si
139 2397 251 2419 tuentur
262 2400 300 2420 ex
313 2400 366 2420 una
381 2395 530 2428 eademque
544 2401 631 2420 massa
644 2401 704 2421 esse
716 2394 761 2428 qni
775 2398 898 2427 pereunt.
914 2400 940 2421 et
952 2395 997 2428 qui
1015 2392 1081 2421 salvi
1099 2394 1175 2426 ﬁunt,
1190 2398 1272 2427 atque
1285 2401 1368 2420 unum
1380 2393 1562 2427 eamdemque
1574 2399 1636 2420 esse
1650 2400 1725 2420 utro-

95 2435 211 2461 rumque
227 2427 371 2463 opiﬁcem;
389 2430 410 2455 si
431 2427 517 2455 lionns
533 2433 574 2455 est
593 2429 638 2464 qui
655 2436 706 2455 non
725 2427 815 2455 ’solum
830 2427 994 2464 spirituales,
1010 2430 1056 2457 sed
1073 2434 1100 2456 et
1115 2434 1257 2456 terrestres
1271 2429 1347 2463 facit,
1362 2428 1436 2463 (hinc
1453 2428 1524 2454 enim
1541 2428 1566 2454 id
1577 2429 1710 2464 consequi

96 2465 159 2497 tur)
172 2482 181 2494 ,
196 2464 253 2490 ﬁeri
272 2471 339 2490 sane
358 2469 448 2498 potest
462 2467 492 2490 ut
504 2465 550 2498 qui
564 2463 636 2491 nunc
649 2472 681 2491 ex
691 2465 834 2498 anteactis
846 2463 1008 2500 quibusdam
1024 2465 1101 2491 bonis
1116 2465 1244 2499 operibus
1256 2463 1343 2492 factus
1362 2468 1406 2491 est
1425 2470 1474 2489 vas
1488 2463 1609 2495 honoris.
1623 2463 1644 2490 si
1662 2471 1725 2490 vase

148 2510 171 2526 ‘7
183 2510 262 2538 Rom.
278 2518 317 2544 ιι,
338 2511 383 2538 2U.

131 2558 190 2594 (96)
204 2560 277 2586 Οὺκ.
295 2559 342 2586 Sic
358 2558 423 2586 libb.
440 2559 505 2586 editi
518 2563 544 2586 et
564 2567 630 2586 mss.
647 2559 699 2586 Sed
720 2560 884 2587 manifestus

93 2599 138 2638 θέε
161 2601 240 2622 error
264 2596 483 2622 amanuensium.
506 2595 638 2630 Suspicor
658 2595 801 2630 legendum
820 2603 882 2623 esse

92 2636 151 2658 ων.

132 2665 189 2702 (97)
205 2665 286 2702 Deest.
297 2665 406 2702 aliquod
424 2665 535 2692 verbum
553 2664 595 2692 vel
611 2666 692 2698 νοεῖν,
715 2665 756 2693 vel
773 2665 879 2700 λέγειν,

94 2703 136 2728 vel
149 2700 222 2728 aliud
243 2701 308 2734 quid
322 2700 421 2728 simile.

128 2737 184 2772 (98)
197 2737 225 2762 lu
238 2736 325 2770 Epist.
339 2738 373 2772 ad
389 2735 507 2763 Avitum.

129 2771 259 2809 (ῼΩλῌαί.
270 2771 350 2809 Deest
361 2771 387 2797 in
400 2775 481 2809 antea
491 2771 581 2809 editis,
594 2772 640 2800 sed
650 2773 764 2801 habetur
772 2773 800 2800 in
812 2779 878 2800 mss.

131 2806 274 2844 “iussn:
290 2807 391 2841 ipsum.
416 2815 425 2832 ι
443 2806 522 2835 Libb.
543 2808 619 2840 editi,
636 2816 646 2834 (
659 2809 734 2836 illud.
754 2818 763 2834 ι

258 2853 394 2883 ΡΑτιιοι..
417 2853 476 2884 Gn.
499 2853 554 2884 ΧΙ.

97 1435 145 1458 τος
155 1427 210 1453 τῶν
225 1427 342 1461 λογικῶν
357 1427 540 1458 ὑποστάσεων,
558 1427 730 1464 πρεσϐύτερά
741 1435 801 1455 τινα
817 1426 891 1454 αἴτια

98 1473 236 1508 mnam-as.
251 1473 345 1500 τούσδε
361 1475 409 1509 μὲν
432 1473 501 1500 εἶναι
527 1475 567 1506 εἰς
585 1475 676 1509 τιμὴν,
698 1474 792 1501 τούσδε
810 1473 838 1500 δὲ
852 1474 892 1505 εἰς

97 1519 224 1554 ἀτιμίαν.
241 1520 271 1546 ΕΞ
284 1520 311 1547 δὲ
326 1521 489 1556 ἐπιπλήσσει
505 1522 522 1556 ἡ
539 1521 611 1553 λέξις
629 1520 673 1547 τοῦ
699 1521 859 1547 ’Λποστόλου
873 1522 890 1556 ἡ

96 1566 234 1600 ETa-Joa-
254 1574 263 1591 ι
283 1566 431 1601 Μενοῦνγε,
444 1564 466 1593 ὦ
483 1567 618 1603 ἄνθρωπε,
636 1568 667 1593 σὺ
679 1567 720 1597 τίς
740 1565 765 1593 εἴ
785 1569 799 1593 ὁ
810 1567 892 1594 ἀντα-

97 1613 297 1648 ποκρινόμενος
312 1613 351 1648 τῷ
362 1613 437 1648 Θεῷς
454 1624 463 1638 ι
478 1614 600 1640 διδάσκει
615 1614 667 1644 ὅτι,
690 1615 704 1640 ὁ
722 1614 769 1649 μὲν
780 1614 890 1648 παρρη-

98 1658 161 1684 σίαν
180 1658 249 1694 ἔχων
271 1659 339 1695 πρὸς
355 1660 401 1686 τὸν
422 1660 499 1692 Θεὸν,
517 1660 563 1687 καὶ
587 1660 681 1691 πιστὸς
693 1660 740 1686 καὶ
759 1659 833 1694 βιοὺς
849 1658 890 1691 εὖ,

96 1704 149 1732 οὐκ
162 1704 196 1731 ἂν
211 1706 337 1736 ἀκούσαι,
354 1705 395 1732 Σὺ
414 1706 459 1738 τίς
474 1706 502 1732 εἷ
517 1707 532 1732 ὁ
544 1706 834 1740 ἀνταποκρινιζιιενος
852 1705 891 1738 τῷ

97 1751 174 1784 eeo,-
183 1752 273 1784 ὁποῖος
281 1750 314 1787 ἦν
322 1753 424 1787 Μωσῆς
434 1761 440 1767 ·
454 1763 462 1777 ι
475 1752 574 1788 Μωσῆς
586 1752 640 1787 γὰρ
657 1752 754 1781 ἐλάλει,
763 1753 776 1778 ὁ
788 1752 816 1778 δὲ
826 1752 891 1784 Θεὸς

95 1799 266 1834 ἀπεκρίνατο
279 1798 352 1834 αὐτῷ
371 1800 457 1834 φωνῇ,
471 1809 479 1824 ι
498 1799 544 1825 καὶ
557 1799 595 1830 ὡς
611 1799 787 1834 ἀποκρίνεται
802 1800 815 1825 ὁ
825 1799 891 1830 Θεὸς

99 1843 168 1880 7:96;
197 1844 309 1875 Μωσέα,
326 1843 413 1875 οὕτως
429 1844 604 1879 ἁπηκρίνεται
624 1845 670 1870 καὶ
693 1846 707 1870 ὁ
723 1844 798 1878 ἅγιος
821 1843 888 1878 πρὸς

95 1889 144 1918 τὸν
161 1890 237 1917 θεὸν.
257 1890 286 1917 ’0
297 1890 326 1916 δὲ
338 1890 439 1925 ταύτην
459 1890 495 1924 μὴ
517 1890 686 1925 κτησάμενος
713 1889 762 1925 τὴν
782 1891 888 1925 παρρη-

936 2570 942 2582 ι
972 2561 1010 2595 (2)
1031 2561 1172 2594 Antequam
1199 2561 1260 2587 ltuit:
1287 2560 1384 2588 munda
1406 2563 1569 2592 nasceretur,
1596 2564 1620 2586 et
1649 2559 1721 2586 Esau

936 2597 996 2622 odio
1013 2595 1117 2621 habitus
1134 2601 1182 2622 est.
1200 2596 1262 2622 "me
1278 2597 1377 2622 omissa
1390 2600 1454 2623 sunt
1480 2596 1508 2622 in
1533 2598 1614 2623 antea
1629 2595 1719 2628 editis,

935 2631 998 2658 licet
1015 2631 1185 2664 reperiantur
1201 2631 1227 2657 in
1243 2631 1369 2658 omnibus
1386 2638 1451 2658 mss.

969 2666 1007 2702 (5)
1026 2664 1154 2702 Sicanss.
1171 2666 1254 2697 Alias,
1270 2675 1279 2691 ι
1305 2666 1424 2699 quando.
1441 2675 1451 2693 ι
1468 2665 1551 2693 Paulo
1563 2670 1624 2701 post
1642 2673 1720 2697 mss..

935 2710 945 2727 ι
966 2701 1017 2729 ιιοιι
1044 2701 1168 2733 refertur,
1195 2701 1221 2727 id
1248 2706 1308 2731 est,
1336 2702 1369 2727 ad
1391 2701 1472 2728 talem
1491 2702 1617 2736 aliquem
1632 2701 1721 2735 qualis

932 2735 1117 2772 erattlloyses.
1134 2745 1143 2761 ι
1171 2736 1248 2772 Libb.
1273 2736 1354 2768 editi,
1381 2745 1389 2761 ι
1413 2744 1466 2763 ιιοιι
1483 2735 1621 2772 ‘rele'rtur.
1646 2735 1721 2763 Talis

933 2776 993 2798 erat
1013 2771 1128 2806 Moyses.
1144 2780 1153 2796 ›
1171 2771 1282 2798 .Ilbidem
1310 2778 1387 2802 mss.,
1417 2780 1425 2795 ι
1447 2772 1519 2798 sicut
1542 2773 1722 2806 respondebat

933 2808 1004 2835 Deus
1025 2806 1118 2842 Moysi.
1142 2816 1151 2832 ι
1171 2807 1197 2833 In
1212 2812 1289 2832 antea
1308 2806 1389 2834 editis
1400 2807 1475 2834 deest
1491 2815 1500 2832 ι
1521 2807 1601 2833 Deus.
1618 2817 1628 2833 ο

1524 2853 1561 2883 10
