1860 3073
102 138 147 164 5M

783 140 881 168 LIBER
902 141 1062 170 TERTIUS.

1674 142 1726 170 302

102 195 161 223 culo
176 200 292 224 venturo
309 197 336 223 in
353 205 416 224 vasa
431 198 601 226 contumelia:
622 205 832 232 convertentur;
864 206 891 228 ct
907 203 927 230 Α
941 199 1049 234 quando
1064 199 1213 234 potuerint,
1235 204 1262 227 et
1278 199 1405 234 paulatim
1420 198 1550 226 medelam
1571 198 1726 226 vulneribus

103 241 176 267 multi
195 249 305 269 rursum
321 244 378 278 {qui
406 245 432 271 iu
459 245 511 272 hac
530 245 585 272 vita
614 245 686 272 inter
702 244 827 281 Egyptia
848 247 891 273 vel

103 286 216 314 ldumtea
240 288 365 322 deputati
393 295 457 317 sunt
472 297 553 322 vasa,
575 290 760 318 lsraelitarnm
783 292 835 319 lide
859 299 892 320 ac

102 326 470 369 conversationeisuscepta
483 355 490 367 ,
520 343 581 363 eum
605 343 688 371 opera
707 336 890 364 lsraelitarum

102 379 227 412 fecerint,
246 380 397 408 Ecclesiam
418 382 524 410 Domini
545 382 659 418 ingressi
678 384 705 411 in
725 385 890 413 revelatione

101 425 219 453 ﬁliorum
239 426 285 453 Dei
301 434 365 454 vasa
380 427 491 454 honoris
508 428 651 456 exsistent.
670 429 707 456 Ex
725 437 779 464 quo
804 432 889 465 magis

102 470 234 498 convenit
252 471 353 505 regulae
365 471 486 506 pietatis,
499 477 527 499 ut
542 474 686 502 credamus
708 484 889 511 unumquem—

101 523 154 548 que
168 517 373 545 rationabilium
385 521 534 547 secundum
549 522 718 556 propositum
730 527 758 549 et
776 531 890 550 conver-

99 562 238 590 sationem
254 571 334 590 suam
348 565 494 599 aliquando
508 574 541 593 ex
558 567 634 594 malis
645 568 678 594 ad
703 568 800 595 bonum
823 576 890 596 cou-

99 609 184 641 verli,
202 609 350 643 aliquando
369 612 470 639 abonis
483 612 515 639 ad
530 614 598 639 mala
610 614 754 647 decidere;
773 616 889 642 nonnul-

100 654 142 682 los
158 662 271 683 manere
285 656 313 683 in
336 657 431 690 bonis,
450 658 519 685 alios
533 666 598 685 vero
616 660 698 687 etiam
716 661 749 687 ad
778 661 888 688 meliora

99 701 248 734 proﬁcere.
279 705 307 728 et
336 709 444 737 semper
472 704 505 730 ad
530 705 671 738 superiora
695 707 887 739 conscendere,

100 752 246 780 usquequo
261 745 294 772 ad
310 753 443 773 summum
457 748 578 775 omnium
591 750 749 783 perveniant
763 752 886 785 gradum;

98 790 170 818 alios
185 798 251 818 vero
266 799 376 819 manere
401 794 427 819 in
451 794 539 826 malis,
568 795 609 822 vel
634 796 655 823 si
682 796 835 825 didundere
858 805 888 825 se

99 837 126 863 iu
145 837 188 864 eis
208 837 309 865 malitia
335 840 460 873 coeperit,
483 841 616 874 prolicere
640 842 666 868 in
695 843 770 877 pejus
786 844 835 879 (9),
859 850 887 872 et

98 892 187 920 usque
210 887 244 913 ad
270 887 395 914 ultimum
425 889 588 922 profundum
621 891 733 918 malitias
753 892 883 928 demergi.

100 929 181 958 Unde
195 936 222 959 et
235 932 421 960 arbitrandum
438 933 493 969 (tu)
510 938 551 961 est
564 935 693 969 possibile
709 943 768 964 esse
783 936 889 972 aliquos

98 977 148 1012 qui
173 978 259 1012 primo
278 978 388 1013 quidem
404 986 418 1006 a
432 980 524 1014 parvis
545 982 665 1015 peccatis
689 983 835 1017 coeperint,
862 984 888 1011 in

98 1027 204 1050 tantam
227 1025 359 1053 malitiam
385 1026 516 1060 dilfundi,
533 1033 561 1054 et
585 1029 611 1054 iu
626 1033 731 1056 tantum
754 1030 887 1057 malorum

96 1070 193 1097 venire
207 1071 371 1104 profectum,
386 1077 413 1099 ut
431 1073 558 1107 nequitia-
574 1074 652 1100 modo
670 1080 697 1100 et
720 1076 886 1103 adverSariis

98 1118 283 1150 pOIestatibus
299 1124 489 1152 exaequentur:
505 1123 531 1146 et
549 1127 658 1147 rursum
676 1121 697 1147 si
714 1129 762 1155 per
784 1122 884 1149 multas

97 1169 242 1197 poenarum
270 1172 367 1199 graves
384 1165 634 1194 animadversiones
652 1167 812 1201 resipiscere
834 1169 884 1195 ali-

138 1222 216 1249 Ἑπεὶ
228 1223 256 1250 δὲ
267 1223 332 1250 ὅπου
350 1225 400 1259 μὲν
414 1225 428 1251 ὀ
445 1225 603 1257 Ἀπόστολος
613 1226 643 1252 οὐ
657 1228 841 1263 προσποιεῖται
860 1227 887 1253 τὸ

94 1269 144 1296 ἐπὶ
168 1270 208 1305 τῷ
223 1270 283 1306 Θεῷ
297 1272 337 1303 εἰς
356 1272 385 1298 τὸ
407 1271 532 1306 γενέσθαι
549 1273 643 1305 σκεῦος
662 1274 701 1305 εἰς
716 1274 797 1309 τιμὴν
814 1274 830 1310 ἦ
847 1276 887 1306 εἰς

94 1315 210 1349 ἀτιμίαν
225 1335 232 1347 ,
258 1315 326 1342 ἀλλὰ
340 1317 369 1343 τὸ
383 1318 436 1344 πᾶν
451 1318 492 1352 ἐφ’
517 1319 592 1353 ἡμᾶς
608 1319 737 1354 ἁναερέρει
750 1340 757 1349 .
781 1320 867 1355 λέγων
878 1329 884 1335 ·

96 1371 107 1387 ι
130 1362 197 1390 Ἐὰν
214 1360 261 1390 οὖν
283 1372 325 1395 τις
340 1364 478 1401 ἐκκαθάρῃ
495 1365 606 1398 ἑαυτὸν,
632 1366 706 1392 ἔσται
730 1366 823 1398 σκεῦος
847 1368 886 1398 εὶς

93 1408 179 1443 τιμὴν
191 1409 355 1444 ἡγιασμένον
366 1411 412 1437 καὶ
423 1411 569 1447 εὔχρηστον
582 1411 621 1446 τῷ
631 1413 763 1448 Δεσπότῃ,
779 1413 818 1444 εἰς
833 1414 886 1439 πᾶν

94 1453 177 1489 ἔργον
192 1455 293 1489 ἀγαθὸν
307 1457 522 1492 ἡτοιμασμένον·
542 1467 551 1482 ι
569 1458 635 1484 ὅπου
651 1457 679 1484 δὲ
691 1458 720 1484 οὐ
736 1459 886 1492 προσποιεῖ-

93 1508 142 1527 ται
159 1500 189 1527 τὺ
203 1502 246 1535 ἐφ’
257 1502 324 1537 ἡμῖν
333 1524 340 1536 ,
353 1503 420 1529 ἀλλὰ
432 1504 460 1530 τὺ
476 1504 529 1530 πᾶν
544 1505 589 1530 ἐπὶ
601 1504 646 1531 τὸν
659 1504 724 1530 Θεὸν
741 1504 885 1540 ἀναφέρειν

92 1546 173 1573 δοκεῖ
187 1547 298 1581 φάσκων
309 1556 316 1562 ·
335 1558 344 1573 ι
367 1548 506 1581 Ἐξουσίαν
522 1549 578 1585 ἔχει
591 1551 605 1575 ὁ
619 1550 757 1586 κεραμεὺς
771 1549 817 1576 τοῦ
834 1559 886 1585 πη-

92 1591 141 1617 λοῦ
153 1611 160 1623 ,
178 1592 210 1617 ἐκ
224 1591 270 1618 τοῦ
283 1592 365 1619 αὑτοῦ
384 1594 543 1629 φυράματος
558 1595 678 1630 ποιῆσαι,
694 1595 708 1620 ὃ
727 1595 775 1629 μὲν
790 1595 885 1627 σκεῦος

93 1638 135 1669 εἰς
150 1637 245 1674 τιμὴν,
257 1638 271 1664 ὃ
284 1639 311 1665 δὲ
327 1639 367 1671 εἰς
379 1640 490 1675 ἀτιμίαν
502 1649 508 1655 ·
528 1650 537 1665 ›
555 1641 602 1667 καὶ
611 1641 660 1667 οὐκ
676 1641 748 1668 ἐστιν
760 1641 885 1669 ὲναντιώ-

94 1693 171 1719 ματα
183 1685 217 1711 τὰ
235 1685 368 1720 εἰρημένα
384 1686 430 1712 ὑπ’
443 1686 525 1713 αὑτοῦ
535 1695 542 1702 ’
560 1687 705 1714 συνακτέον
725 1688 867 1723 ἀμφότερα
876 1709 883 1720 ,

93 1728 141 1754 καὶ
153 1727 202 1754 ἕνα
220 1728 298 1762 λόγον
311 1729 340 1761 ἐξ
354 1730 515 1766 ἀμφοτέρων
526 1731 628 1759 τέλειον
645 1732 798 1761 ἀποδοτέον.
816 1733 883 1760 Οὔτε

93 1774 124 1801 τὸ
139 1775 184 1809 ἐφ’
198 1776 263 1810 ἡμῖν
285 1777 367 1811 χωρὶς
387 1778 435 1811 τῆς
454 1778 608 1814 ἐπιστήμης
624 1779 670 1805 τοῦ
687 1779 764 1811 Θεοῦ,
781 1779 842 1806 οὔτε
866 1781 882 1816 ἡ

92 1822 235 1858 ἐπιστήμη
248 1823 292 1849 τοῦ
305 1823 372 1848 Θεοῦ
392 1824 553 1858 προκόπτειν
569 1825 643 1860 ἡμᾶς
655 1825 803 1860 ἀναγκάζει
814 1848 820 1859 ,
837 1827 882 1852 ἐὰν

95 1867 134 1903 μὴ
147 1869 195 1894 καὶ
215 1869 296 1904 ἡμεῖς
316 1868 361 1894 ἐπὶ
381 1868 410 1895 τὸ
423 1870 521 1903 ἀγαθόν
540 1880 564 1896 τι
582 1872 799 1907 συνεισάγωμεν·
822 1873 883 1899 οὔτε

943 246 998 273 suis
1026 246 1167 280 requirere
1195 246 1358 273 tentaverint
1383 245 1457 280 (ll)!,
1473 250 1595 272 cessante
1623 246 1725 272 malitia

941 292 1063 326 reparari
1081 298 1160 325 posse
1180 291 1213 317 ad
1228 291 1327 318 bonum
1341 300 1347 318 :
1369 299 1401 318 ex
1419 300 1472 325 quo
1485 292 1628 325 opinamur
1639 312 1646 324 ,
1659 299 1726 325 quo-

943 337 1015 365 niam
1035 336 1112 371 137
1131 335 1250 371 quidem,
1267 335 1337 363 sicut
1356 336 1510 370 frequenter
1526 336 1652 367 diximus.
1676 337 1728 363 im-

942 383 1065 411 mortalis
1078 388 1119 410 est
1137 383 1226 410 anima
1239 386 1267 409 et
1280 386 1393 414 aeterna,
1403 383 1509 417 quodin
1524 383 1617 409 multis
1629 387 1655 409 et
1668 382 1727 408 sine

943 429 995 457 line
1012 429 1107 463 spatiis
1123 437 1170 463 per
1183 429 1314 455 immensa
1328 433 1355 455 et
1367 429 1474 455 diversa
1491 428 1587 455 saecula
1599 428 1727 461 possibile

942 481 983 502 est
997 480 1025 502 ut
1042 475 1084 501 vel
1099 482 1113 501 a
1131 481 1236 501 summo
1249 474 1319 501 bono
1335 474 1368 500 ad
1382 474 1474 499 intima
1489 473 1557 500 mala
1568 474 1726 504 descendat,

942 521 984 548 vel
1003 521 1042 548 ab.
1053 520 1157 547 ultimis
1175 520 1253 547 malis
1269 520 1301 546 ad
1316 527 1420 546 summa
1438 520 1506 546 bona
1520 524 1672 553 reparetur.

1099 573 1192 593 vensro
1219 574 1311 592 sum
1333 573 1475 592 ttteunuvut
1499 564 1566 600 (12).

976 622 1031 658 Ego
1044 624 1159 650 arbitror
1170 632 1244 657 posse
1256 623 1382 656 quosdam
1391 622 1507 649 homines
1526 631 1541 648 ιι
1552 622 1638 653 parvis
1656 622 1725 648 vitiis

940 670 1091 703 incipientes
1103 670 1136 695 tul
1152 672 1253 695 tantum
1268 668 1409 702 nequitiam
1426 668 1556 700 peruenire
1578 667 1619 702 (si
1639 672 1726 693 tamen

941 715 1073 741 noluerint
1084 715 1116 740 ad
1134 713 1242 740 nte/iura
1257 714 1381 745 converti,
1395 719 1417 739 et
1430 713 1580 747 paenitentia
1588 714 1726 739 emendare

939 761 1074 795 peccata),
1094 766 1120 786 ttt
1141 764 1165 786 et
1179 762 1321 787 contrariw
1335 761 1506 794 fortitudines
1520 759 1604 793 fiant;
1620 764 1643 786 et
1664 767 1726 785 rur—

939 814 996 832 sum
1010 813 1042 832 ex
1061 805 1175 831 inimicis
1199 805 1390 838 contrariisque
1410 803 1549 830 virtutibus
1572 804 1598 830 in
1621 808 1725 829 tantum

902 870 924 898 Β
938 853 1067 886 quosdam
1083 859 1129 885 per
1143 850 1224 877 multa
1237 856 1352 884 tempora
1367 849 1517 876 uulneribus
1530 849 1584 875 suis
1601 849 1725 875 adhibere

938 897 1105 928 medicinam,
1122 901 1145 923 et
1164 896 1270 922 ﬂuentia
1288 895 1362 929 prius
1376 895 1470 921 delicta
1485 894 1662 928 constringere
1675 913 1683 925 ,
1696 899 1725 919 ιιι

939 944 972 969 mi
988 943 1074 969 locum
1091 947 1227 969 transeant
1252 941 1420 975 optimorum.
1446 939 1550 974 Stepius
1566 940 1682 966 diximus
1698 940 1725 965 in

938 989 1048 1023 inﬁnitis
1061 989 1244 1022 perpetuisque
1258 987 1361 1013 swrult's
1374 987 1401 1013 in
1414 986 1507 1018 quibus
1529 986 1618 1012 anima
1640 985 1725 1012 subsi-

938 1036 983 1061 slit
996 1039 1021 1060 et
1038 1035 1109 1065 vivit,
1124 1035 1160 1059 sic
1177 1033 1314 1060 nonnullas
1325 1040 1415 1059 earum
1430 1033 1464 1058 ad
1476 1035 1566 1066 pejora
1591 1039 1723 1063 corruere,

938 1086 964 1107 ut
980 1080 1099 1107 ultimum
1121 1079 1231 1105 malitia:
1252 1079 1339 1105 locant
1361 1084 1482 1109 teneant;
1501 1083 1524 1104 et
1541 1078 1577 1105 sic
1595 1078 1724 1112 quasdam

937 1123 1072 1157 proﬁcere,
1086 1129 1114 1150 ut
1135 1125 1167 1151 de
1191 1124 1283 1150 ultimo
1306 1120 1513 1157 malitiw’gradu
1529 1126 1563 1149 ad
1581 1122 1723 1157 perfectam

937 1172 1306 1204 veniantconsummatamque
1325 1170 1456 1196 virtutem.

976 1229 1022 1255 2‘2.
1042 1228 1141 1255 Verum
1158 1228 1284 1263 quoniam
1300 1227 1421 1261 Apo~2toli
1447 1234 1535 1253 sermo
1560 1227 1586 1253 in
1604 1226 1646 1253 his
1660 1226 1722 1261 qui-

942 1275 1002 1301 dem
1018 1282 1078 1308 qua!
1093 1276 1126 1302 de
1142 1275 1214 1301 vasis
1239 1274 1351 1302 honoris
1380 1274 1421 1300 vel
1441 1273 1613 1301 contumelite
1638 1274 1722 1304 dicit,

940 1321 1004 1355 quia
1022 1330 1030 1347 ι
1046 1321 1068 1348 si
1084 1321 1145 1355 quis
1163 1321 1281 1355 seipsum
1296 1320 1480 1352 mundaverit,
1496 1319 1546 1345 erit
1560 1326 1609 1346 vas
1623 1319 1657 1346 ad
1674 1319 1724 1346 ho-

941 1376 1034 1395 norem
1049 1368 1248 1395 sanctificatum
1262 1372 1288 1394 et
1301 1366 1366 1394 utile
1378 1366 1500 1398 Domino,
1515 1366 1548 1393 ad
1560 1373 1641 1393 omne
1655 1374 1723 1400 opus

940 1414 1039 1441 bonum
1054 1421 1160 1448 semper
1172 1418 1295 1447 paratum
1310 1413 1355 1444 W‘,
1379 1422 1387 1437 ι
1408 1412 1473 1439 nihil
1497 1412 1603 1439 videtur
1620 1413 1646 1439 in
1668 1411 1724 1438 Deo

940 1460 1074 1495 posuisse,
1091 1460 1138 1486 Sed
1155 1464 1240 1486 totum
1258 1459 1283 1485 iu
1297 1459 1392 1491 nobis;
1410 1459 1435 1485 in
1448 1459 1491 1485 his
1505 1465 1569 1486 vero
1583 1458 1609 1485 in
1625 1459 1724 1492 quibus

940 1507 978 1532 ait
999 1515 1006 1532 :
1033 1515 1042 1531 ι
1061 1505 1227 1532 Potestatem
1257 1504 1340 1531 habet
1365 1504 1462 1539 ﬁgulus
1488 1503 1536 1531 luti
1565 1504 1598 1530 de
1627 1504 1721 1531 cadent

940 1559 1028 1578 massa
1048 1551 1136 1578 facere
1157 1551 1229 1577 aliud
1250 1557 1300 1577 vas
1313 1549 1346 1576 ad
1361 1549 1505 1580 honorem,
1522 1548 1593 1575 aliud
1607 1550 1640 1575 ad
1658 1556 1725 1576 con-

941 1596 1088 1628 tumeliam,
1106 1606 1115 1621 ι
1137 1600 1221 1623 totum
1236 1595 1346 1622 videtur
1358 1594 1390 1621 ad
1405 1594 1490 1621 Deum
1506 1594 1632 1622 retulisse
1646 1602 1653 1626 ;
1667 1602 1723 1621 non

938 1647 980 1669 est
994 1641 1185 1676 accipiendum
1202 1641 1253 1668 ista
1265 1640 1315 1667 sibi
1333 1647 1393 1666 esse
1408 1640 1546 1666 contraria
1558 1659 1566 1671 ,
1583 1639 1630 1666 sed
1646 1644 1723 1665 uter-

938 1695 991 1721 que
1014 1695 1110 1715 sensus
1130 1687 1165 1714 ad
1181 1694 1263 1713 unum
1282 1685 1431 1717 vocandus,
1456 1689 1484 1712 et
1499 1692 1514 1712 e
1531 1685 1635 1712 duobus
1654 1692 1724 1711 unus

938 1732 1005 1759 efﬁci
1023 1732 1102 1759 debet
1125 1731 1294 1758 intellectus:
1311 1730 1337 1757 id
1348 1733 1390 1757 est
1402 1734 1431 1755 ut
1450 1736 1538 1764 neque
1557 1736 1618 1764 quae
1631 1729 1657 1755 in
1672 1736 1722 1756 no-

939 1783 997 1805 stro
1011 1778 1126 1805 arbitrio
1137 1782 1210 1810 sunt,
1225 1781 1353 1811 putemus
1366 1776 1424 1803 sine
1441 1774 1575 1809 adiutorio
1588 1775 1635 1802 Dei
1653 1775 1722 1802 elliei

938 1832 1033 1858 posse;
1055 1831 1142 1858 neque
1167 1831 1199 1851 ea
1216 1830 1275 1857 quae
1290 1824 1316 1849 in
1336 1829 1415 1848 manu
1439 1822 1484 1848 Dei
1501 1825 1580 1854 sunt,
1598 1826 1723 1856 putemus

937 1871 1039 1904 absque
1057 1870 1156 1896 uostris
1174 1869 1279 1896 actibus
1298 1873 1324 1895 et
1345 1867 1440 1895 studiis
1464 1871 1491 1893 et
1503 1868 1642 1901 proposito
1654 1875 1722 1894 con«

93 1912 125 1939 τὺ
141 1912 185 1946 ἐφ’
208 1913 271 1947 ἡμῖν
294 1913 378 1948 χωρὶς
394 1914 442 1948 τῆς
464 1915 618 1950 ἐπιστήμης
630 1916 676 1942 τοῦ
695 1916 761 1943 Θεοῦ
779 1918 880 1953 καὶτῆς

961 1918 1068 1943 imntari
1082 1924 1089 1948 ;
1112 1916 1218 1942 scilicet
1233 1916 1303 1949 quod
1317 1922 1404 1949 neque
1423 1921 1471 1941 nos
1483 1913 1551 1941 velle
1564 1913 1666 1947 aliquid
1680 1914 1721 1940 vel

93 1959 291 1994 καταχρήσεως
308 1959 354 1985 τοῦ
370 1961 427 1986 mc”
440 1961 517 1992 ἀξίαν
532 1962 577 1987 τοῦ
593 1962 633 1996 ἐφ’
645 1963 709 1997 ἡμῖν
720 1983 727 1994 ,
744 1963 884 1996 ποιοῦντος

93 2005 135 2036 εἰς
149 2005 261 2040 τιμὴνῆ
278 2006 388 2040 ἀτιμίαν
405 2006 529 2039 γενέσῦαι
545 2009 620 2034 τινά·
637 2008 698 2035 οὔτε
713 2008 758 2035 τοῦ
780 2010 825 2036 ἐπὶ
846 2010 884 2045 τῷ

92 2050 154 2085 Θεῷ
171 2050 252 2085 μόνου
265 2051 514 2083 κατασκευάζοντος
527 2054 565 2084 εὶς
580 2053 661 2088 τιμὴν
681 2054 697 2089 ἢ
714 2056 753 2086 εἰς
773 2056 883 2091 ἀτιμίαν

92 2097 154 2124 τινὰ
164 2116 172 2128 ,
195 2096 242 2123 ἐὰν
262 2096 298 2132 μὴ
312 2096 378 2132 ὕλην
395 2098 454 2124 τινὰ
468 2098 599 2134 διαφορᾶς
613 2102 662 2135 σχῇ
684 2100 731 2135 τὴν
747 2102 883 2137 ἡμετέραν

93 2143 255 2180 προαίρεσιν
269 2143 411 2170 κλίνουσαν
423 2145 468 2171 ἐπὶ
482 2145 515 2171 τὰ
528 2146 648 2181 χείρονα,
661 2146 732 2182 ἢέπὶ
746 2147 779 2173 τὰ
794 2148 883 2183 κρείτ-

91 2198 169 2216 τονα.
184 2189 238 2216 Καὶ
250 2189 335 2215 ταῦτα
357 2190 404 2224 μὲν
417 2190 559 2226 αὐτάρκως
581 2192 647 2226 ἡμῖν
673 2193 883 2220 κατεσκευάσθω

93 2237 159 2272 περὶ
174 2235 220 2263 τοῦ
238 2235 422 2268 αὐτεξουσιου.

938 1965 1044 1991 cllicere
1066 1964 1101 1989 ita
1130 1963 1155 1989 in
1174 1967 1266 1989 nostro
1290 1962 1438 1988 habeamus
1460 1960 1573 1987 arbitrio
1595 1960 1671 1996 (l5),
1693 1966 1723 1986 ιιι

939 2017 991 2035 non
1006 2009 1076 2035 scire
1090 2008 1236 2035 debeamus
1248 2007 1298 2033 hoc
1312 2007 1397 2040 ipsum
1408 2006 1478 2041 quod
1492 2013 1638 2040 possumus
1653 2006 1723 2033 velle

938 2056 980 2083 vel
992 2055 1109 2086 efﬁcere,
1125 2063 1139 2081 a
1154 2055 1208 2081 Deo
1225 2054 1303 2081 nobis
1321 2054 1412 2080 datum
1426 2060 1485 2079 esse
1500 2052 1647 2080 secundum
1661 2060 1720 2079 eam

938 2100 1140 2127 distinctionem
1165 2106 1247 2133 quam
1273 2106 1352 2133 supra
1380 2098 1507 2124 diximus.
1534 2097 1583 2125 Vel
1611 2105 1722 2125 rursum

937 2154 998 2173 cum
1014 2145 1084 2173 Deus
1097 2145 1172 2180 lingit
1184 2153 1260 2177 vasa,
1275 2145 1326 2171 alia
1339 2144 1450 2178 quidem
1465 2144 1498 2171 ad
1513 2145 1653 2176 honorem,
1668 2144 1720 2170 alia

938 2199 1001 2219 vero
1017 2191 1049 2218 ad
1065 2190 1259 2218 contumeliam
1277 2190 1344 2224 (14),
1357 2190 1504 2225 putandum
1523 2194 1565 2217 est
1579 2190 1651 2224 quod
1667 2198 1719 2216 non

936 2238 1049 2265 honoris
1070 2237 1112 2264 vel
1131 2236 1301 2264 contumelizc
1315 2243 1414 2263 causas
1431 2240 1558 2271 tanquam
1575 2237 1718 2264 materiam

685 2295 964 2324 INTERPRETATIO
984 2296 1088 2324 NOVA.

129 2353 177 2392 εἳ.
198 2352 252 2381 Sed
270 2353 565 2392 q_uoniam_Apostolus
581 2356 720 2383 interdum
735 2365 786 2383 non
799 2357 914 2384 ascribit
928 2358 981 2385 Deo
1000 2358 1072 2392 quod
1090 2364 1138 2384 vas
1153 2356 1190 2384 sit
1208 2356 1234 2392 in
1251 2355 1381 2392 honorch
1398 2354 1439 2381 vel
1464 2355 1490 2381 in
1508 2356 1716 2392 contumeliam,

92 2391 142 2429 sed
159 2390 290 2429 totum-ad
306 2397 356 2416 nos
373 2389 458 2429 refert
476 2398 538 2418 cum
552 2392 612 2429 ait»:
637 2401 646 2416 ι
668 2392 697 2418 Si
713 2393 775 2426 quis
789 2393 871 2427 igitur
887 2389 1089 2429 expurgaverit
1106 2399 1135 2419 se
1144 2391 1226 2429 >,_erit
1247 2390 1334 2429 vasin
1349 2391 1482 2429 honorem
1498 2391 1716 2429 sanctiﬁcatum,

92 2424 161 2461 utile
177 2423 303 2461 Domino,
320 2428 350 2451 et
365 2424 403 2461 ad
413 2432 493 2461 omne
505 2434 574 2461 opus
590 2427 688 2453 bonum
717 2423 840 2461 paratum
856 2436 892 2461 ;_I
911 2423 1046 2454 interdum
1066 2428 1091 2454 id
1107 2426 1186 2454 nobis
1199 2433 1252 2461 non
1273 2425 1379 2456 tribuit,
1396 2424 1446 2461 sed
1462 2429 1547 2461 totum
1561 2425 1613 2452 Deo
1629 2427 1717 2453 ascri—

95 2459 162 2486 bere
178 2459 284 2486 videtur
300 2466 362 2485 cum
377 2459 443 2486 dicit
457 2471 462 2487 :
479 2470 488 2485 ι
504 2460 669 2489 Potestatem
686 2459 770 2490 habet
787 2459 885 2498 ﬁgulus
903 2463 952 2490 luti
970 2470 1004 2490 ex
1019 2462 1113 2489 cadetu
1131 2469 1220 2488 massa
1239 2460 1330 2487 facere
1344 2460 1417 2486 aliud
1433 2459 1540 2493 quidem
1557 2467 1604 2487 vas
1621 2461 1648 2487 in
1666 2462 1717 2488 ho-

126 2506 150 2521 ¹¹⁰
166 2506 176 2516 ‘
194 2505 214 2532 ll
232 2505 303 2532 Tim.
319 2513 351 2536 ιι,
365 2505 410 2532 21.

111 2552 167 2594 ,(9)
184 2552 217 2579 In
231 2553 316 2588 pejus.
333 2553 379 2580 Sic
400 2557 472 2580 recte
490 2561 555 2581 mss.
572 2554 645 2580 Alias
657 2555 736 2588 male,
756 2564 765 2580 ι
778 2555 803 2581 in
820 2561 878 2589 pce-
891 2562 916 2592 Ι)
931 2562 983 2594 nou
1006 2555 1089 2581 multo
1111 2554 1217 2581 saniora
1238 2554 1378 2594 sput,_ab
1396 2553 1489 2579 iisdem
1512 2557 1615 2580 retenta
1640 2561 1713 2587 sunt,

91 2596 144 2615 1115.
163 2597 172 2612 ι

128 2623 185 2656 (10)
197 2622 238 2649 Ab
250 2623 292 2650 his
303 2622 431 2650 vocibus:
447 2632 456 2648 ι
473 2623 550 2651 Unde
563 2628 590 2651 et
602 2625 785 2652 arbitrandum
799 2632 850 2657 est,
865 2634 874 2650 ι

91 2666 176 2692 usque
191 2659 224 2685 ad
241 2659 326 2685 istas:
349 2667 358 2683 ι
368 2666 461 2694 verum
474 2659 600 2692 quoniam
616 2659 737 2694 Apostoli
750 2668 849 2692 sermo,
863 2670 872 2686 ι

90 2698 156 2725 etc.,
182 2694 354 2721 desideratur
377 2694 403 2720 in
431 2693 579 2721 l’hilocalia
605 2693 714 2722 Graecus
732 2700 875 2722 contextus

90 2728 167 2762 cujus
184 2727 432 2765 jacturaversione
445 2729 531 2755 sancti
553 2729 709 2765 Hieronymi
734 2738 749 2757 e
765 2731 874 2764 regione

91 2764 211 2799 apposita
227 2763 427 2799 quodammodo
441 2768 591 2798 reparatur.
606 2763 667 2792 Ideo
681 2769 771 2791 autem
793 2763 873 2799 hujus

91 2797 141 2824 loci
162 2803 252 2825 textus
265 2798 378 2825 Graecus
393 2800 427 2825 ab
440 2797 596 2826 auctoribus
619 2799 774 2826 Philocalite
791 2797 874 2826 oniis-

91 2841 137 2859 sus
149 2835 267 2865 videtur,
283 2833 356 2866 quod
371 2834 514 2860 manifesto
526 2838 554 2861 et
564 2834 691 2862 damnato
704 2835 738 2862 ab
755 2835 874 2862 Ecclesia

91 2876 183 2896 errore
196 2872 330 2900 scaterel,
344 2875 498 2903 quanquam
525 2869 578 2896 alia
592 2870 706 2905 plurima
732 2878 792 2905 quae
811 2877 875 2898 sane

930 2590 1082 2616 animarum
1105 2595 1168 2623 puta
1193 2589 1377 2625 προῦπαρξις,
1394 2593 1421 2615 et
1435 2596 1466 2625 ea
1488 2596 1547 2625 qua:
1567 2591 1712 2625 secundum

927 2624 1051 2658 Origenis
1063 2623 1246 2657 opinationem
1263 2623 1350 2651 amitti
1371 2623 1474 2656 neqttil,
1494 2623 1561 2649 bene
1581 2624 1624 2651 vel
1643 2625 1714 2652 male

926 2660 1022 2695 agendi
1037 2660 1132 2694 quovis
1145 2665 1266 2695 tempore
1279 2663 1306 2686 et
1318 2666 1479 2693 quocunque
1493 2663 1565 2686 statu
1577 2664 1712 2694 potestas;

924 2694 953 2721 et
968 2694 1019 2721 alia
1037 2694 1270 2728 bujttsmmlibeue
1286 2695 1379 2720 multa.

959 2730 1014 2764 (ll)
1035 2730 1101 2757 Vide
1114 2730 1131 2755 l.
1144 2737 1162 2755 ιι
1178 2729 1342 2762 0rigeninn.,
1358 2736 1385 2762 q.
1404 2729 1447 2756 11.
1460 2737 1536 2757 ηυιη.
1552 2729 1595 2757 19.

959 2763 1015 2798 (l2)
1037 2763 1063 2791 In
1077 2764 1189 2798 epistola
1206 2765 1238 2789 ad
1259 2764 1379 2789 Avitum.

966 2801 1022 2834 (15)
1039 2800 1085 2826 S‘ic
1102 2806 1166 2825 mss.
1194 2798 1268 2824 Alias
1282 2818 1289 2829 ,
1316 2807 1324 2823 ι
1343 2806 1374 2824 cx
1393 2804 1487 2826 nostro
1502 2800 1651 2830 habeamus
1669 2809 1713 2829 ar-

930 2835 1022 2862 bitrio.
1044 2844 1053 2860 ι
1655 2836 1659 2838 ⁷

966 2869 1021 2905 (ιι)
1041 2869 1107 2897 Vide
1126 2868 1142 2896 l.
1158 2876 1175 2895 tt
1202 2867 1366 2903 ΟιίςιειιὶιιιιἼ
1384 2876 1410 2903 q.
1427 2869 1494 2905 7,:n.
1511 2869 1554 2897 id.
