1860 3073
97 137 147 167 505

777 138 877 167 LIBER
894 137 1053 166 TERTIUS.

1681 135 1733 163 506

96 207 128 226 cx
140 198 232 226 Veteri
253 199 449 230 Testamento,
461 203 592 233 quantutn
605 199 638 225 ad
649 205 768 233 praesens
784 206 889 226 tnemo-
903 203 926 230 Α
940 198 1080 230 instinctu,
1092 202 1183 225 utruut
1196 204 1287 231 posset
1298 197 1355 225 tieri
1373 202 1402 223 ut
1413 197 1434 223 si
1446 195 1572 224 diabolus
1582 203 1633 233 non
1648 202 1732 226 esset,

99 245 147 271 ria:
167 251 332 272 succurrere
358 247 518 278 potuerunt,
547 243 619 271 dicta
635 244 690 271 sint
714 244 746 270 de
769 250 803 270 eo
820 243 892 278 quod

100 290 243 318 contraria:
267 290 388 317 virtutes
415 290 456 316 vel
481 290 659 317 nominamur
683 290 709 316 in
725 289 888 324 Scripturis,

98 338 141 362 vel
156 337 277 363 ltumano
293 336 388 368 generi
405 336 532 363 dicuntur
546 335 696 368 adversari,
713 335 889 370 postmodum

99 382 250 417 punienda.
263 381 412 408 Videamus
429 387 518 408 autent
530 386 557 408 et
571 381 598 408 in
612 380 686 408 Novo
701 381 890 413 Testamento,

98 428 144 455 ubi
161 427 280 455 Satanas
290 428 325 455 ad
340 427 513 454 Salvatorem
528 427 644 460 accedit,
659 431 768 454 teutaus
783 434 843 453 eutn
855 426 888 459 ⁸³;

96 475 210 509 spiritus
239 481 303 501 vero
319 473 431 509 maligni
456 478 485 501 et
510 473 642 501 dazmonia
663 473 814 506 imtnunda,
830 480 891 507 quae

97 520 259 554 aliquantus
274 519 451 552 obsederant,
471 518 561 553 fugata
579 524 642 546 sunt
661 527 676 545 a
693 518 836 546 Salvatore
855 517 889 545 de

97 565 263 600 corporibus
278 565 450 599 patientium,
466 564 512 598 qui
528 568 555 592 et
567 564 675 591 liberati
693 564 726 590 ab
742 571 775 590 eo
795 563 891 590 dicun-

96 618 155 640 tur.
172 612 227 639 Sed
236 617 264 639 et
275 611 369 646 ludas,
384 619 445 639 cum
457 612 513 646 jam
528 611 652 638 diabolus
666 611 786 638 misisset
803 610 830 637 itt
844 617 891 637 cor

95 657 156 691 ejus
172 661 203 684 ut
220 656 343 684 traderet
358 656 497 683 Christum
511 655 534 671 3‘
551 676 558 688 ,
574 662 669 691 postea
692 657 773 683 etiant
803 661 889 683 totunt

97 704 230 730 Satanam
243 702 363 738 suscepit
377 703 404 729 in
421 709 507 737 sese;
525 704 660 737 scriptum
677 707 719 730 est
735 703 808 729 ettitu
824 704 887 737 quia

96 755 159 785 post
185 749 337 776 burcellam
359 749 483 776 introivit
499 749 524 776 itt
549 749 626 777 illum
641 751 770 777 Satanas.
789 749 888 776 Paulus

95 803 164 822 vero
183 795 324 829 apostolus
341 795 423 822 docet
435 802 486 822 nos
510 802 573 826 non,
590 795 692 822 debere
707 795 772 822 dare
798 795 888 821 locum

95 841 219 873 diabolo,
237 851 245 866 ι
261 841 307 868 sed
323 841 438 872 induite,
453 841 554 873 inquit,
569 848 644 867 arma
660 840 718 872 Dei,
733 846 761 867 ut
778 841 889 871 possitis

96 888 231 915 resistere
260 887 391 914 adversus
407 887 522 914 astutias
539 887 641 914 diaboli
653 887 693 919 ⁸¹;
710 897 719 912 ι
743 887 887 920 designans

100 943 110 960 ι
127 935 267 961 luctamen
285 944 294 960 ι
312 941 373 961 esse
392 934 496 961 sanctis
522 942 531 958 ι
557 941 612 960 non
629 934 760 961 adversus
776 942 886 960 carnem

97 985 126 1007 ct
141 980 312 1015 sanguinem,
336 979 383 1006 sed
403 979 532 1006 adversus
547 980 718 1014 principatus
731 999 738 1011 ,
755 979 887 1006 adversus

95 1030 268 1060 potestates,
294 1026 426 1053 adversus
441 1026 534 1053 mundi
563 1027 643 1061 hujus
673 1031 794 1054 rectores
812 1031 887 1053 tene-

95 1072 231 1103 brarum,
256 1072 391 1098 adversus
416 1071 550 1106 spiritalia
574 1071 704 1106 nequitia:
724 1071 750 1098 itt
765 1071 885 1099 caelesti-

95 1118 158 1146 bus.
177 1127 185 1144 ι
206 1117 259 1145 Sed
275 1124 302 1145 et
329 1117 499 1146 Salvatorem
526 1118 688 1145 cruciﬁxum
705 1124 765 1146 esse
787 1118 851 1145 dicit
871 1126 886 1144 a

94 1164 269 1199 principibus
285 1164 365 1198 hujus
383 1165 477 1191 utuudi
489 1165 536 1199 qui
555 1165 754 1196 destruenturd
769 1172 886 1199 quorum

94 1209 179 1236 etiam
195 1210 357 1244 sapientiam
372 1210 437 1237 dicit
449 1218 479 1237 se
493 1218 544 1237 non
558 1210 631 1245 loqui
643 1210 677 1238 ⁸⁸.
692 1210 745 1238 Per
759 1211 816 1238 lure
837 1211 887 1246 igi-

95 1261 141 1283 tur
150 1257 245 1284 omnia
261 1257 342 1284 docet
353 1265 402 1284 nos
415 1257 554 1292 Scriptura
566 1257 667 1289 divina,
682 1265 742 1284 esse
756 1258 885 1292 quosdam

94 1303 247 1330 invisibiles
261 1304 355 1330 hostes
369 1302 532 1330 dimicantes
548 1303 680 1330 adversus
696 1311 757 1337 nos,
774 1309 800 1330 ct
817 1312 886 1338 pra:-

93 1348 162 1382 cipit
175 1348 281 1375 armari
297 1356 348 1375 nos
372 1348 472 1375 debere
487 1354 581 1375 contra
598 1355 655 1376 eos.
683 1347 760 1375 Unde
777 1354 804 1376 et
817 1349 885 1375 sitn-

94 1394 227 1431 pliciores
242 1395 340 1429 quique
359 1394 473 1422 Domino
486 1395 594 1422 Christo
607 1396 778 1422 credentium
794 1395 887 1422 existi-

95 1444 173 1466 mant
186 1459 194 1471 ,
210 1440 282 1474 quod
298 1440 390 1467 omnia
421 1445 533 1473 peccata
553 1447 720 1474 quaecunque
742 1441 888 1468 commise-

95 1486 150 1512 rint
163 1486 301 1518 homines,
322 1493 355 1513 ex
373 1485 432 1512 istis
447 1486 592 1513 contrariis
608 1486 753 1513 virtutibus
768 1492 886 1513 mentem

92 1532 310 1566 delinquentium
330 1533 540 1567 perurgeutibus
556 1534 633 1565 tiant,
649 1540 698 1567 pro
716 1540 749 1560 eo
762 1534 833 1568 quod
859 1533 885 1560 itt
900 1557 922 1584 Ο

93 1578 245 1606 certamine
261 1578 312 1605 isto
326 1578 455 1605 invisibili
471 1578 624 1612 superiores
643 1579 818 1606 inveniantur
837 1587 885 1614 po-

94 1628 217 1652 testates.
236 1624 311 1657 Quod
327 1624 350 1651 si
365 1644 372 1657 ,
398 1625 472 1652 verbi
486 1632 580 1657 causa,
598 1625 679 1660 139
689 1625 814 1653 diabolus
833 1633 885 1652 ttou

93 1674 177 1702 eSset,
190 1678 270 1697 nemo
289 1671 428 1697 hominum
446 1672 555 1699 omnino
571 1671 753 1706 delittqucret.

127 1718 157 1744 2.
176 1716 231 1744 Nos
248 1724 313 1744 vero
325 1717 459 1744 rationem
476 1717 771 1750 dilucidiusiuluentes,
783 1718 838 1744 lucc
850 1720 885 1744 ita

92 1770 155 1790 esse
171 1771 226 1790 non
243 1764 422 1796 arbitramur,
441 1764 647 1792 considerantes
666 1771 698 1791 ea
713 1771 774 1798 qua:
799 1765 887 1791 niani-

94 1810 168 1836 l'este
189 1817 223 1837 ex
236 1810 372 1845 corporali
391 1811 555 1837 necessitate
570 1804 750 1837 descendunt.
764 1811 805 1836 Λιι
821 1818 886 1838 vero

94 1858 245 1891 putandum
268 1858 311 1884 est
325 1857 400 1892 quod
416 1857 537 1884 diabolus
553 1857 694 1884 esuriendi
711 1857 752 1884 vel
776 1857 884 1883 sitiendi

93 1903 163 1939 (Ἃ)
177 1911 259 1930 causa
281 1903 360 1930 nobis
373 1903 505 1930 exsistat?
519 1902 660 1930 Neminem
681 1910 741 1930 esse
759 1907 826 1937 puto
839 1902 885 1937 qui

94 1951 146 1978 hoc
163 1950 263 1978 audeat
276 1949 423 1977 aﬂirmare.
439 1949 468 1976 Si
483 1957 547 1984 ergo
570 1948 705 1976 esuriendi
729 1954 756 1976 et
776 1949 884 1976 sitiendi

92 2005 147 2025 non
164 1996 246 2024 nubis
257 1997 314 2032 ipse
328 1997 364 2023 sit
377 2003 468 2029 causa,
480 1996 544 2030 quid
556 1995 629 2022 aliud
641 2003 702 2022 cum
713 1995 885 2027 uniuscujus-

91 2051 145 2078 que
157 2048 225 2070 telas
242 2044 275 2070 ad
287 2043 427 2070 virilitatis
438 2047 543 2077 tempus
552 2042 701 2074 advenerit,
713 2048 741 2068 et
754 2041 885 2068 naturalis

91 2088 193 2115 caloris
211 2088 350 2114 incentiva
375 2087 558 2121 suggesserit?
570 2087 746 2121 Consequens
771 2092 812 2113 est
827 2087 885 2114 sine

90 2135 184 2166 dubio,
202 2139 230 2160 tit
243 2134 316 2161 sicut
328 2133 467 2161 esuriendi
483 2138 512 2160 et
536 2133 644 2160 sitieudi
660 2133 782 2160 diabolus
799 2141 882 2160 causa

90 2189 142 2206 utut
161 2185 214 2211 est,
227 2180 264 2206 ita
278 2187 327 2206 nec
344 2179 404 2214 ejus
415 2179 524 2213 quidem
542 2183 632 2206 motus
641 2179 686 2213 qui
697 2178 797 2206 adulta:
811 2178 883 2206 tutati

944 246 1060 272 lnmtaua
1073 244 1239 279 experientia
1253 248 1324 271 tanta
1345 244 1370 270 in
1386 243 1560 278 percipiendo
1577 243 1639 270 cibo
1649 242 1732 269 disri‘

942 292 1015 326 plina
1048 295 1186 323 uteretur,
1218 295 1248 316 ut
1272 297 1408 324 nuttqttant
1450 290 1558 324 penitus
1589 291 1732 315 ext-ederet

942 337 1063 369 modum,
1079 337 1105 363 id
1120 341 1172 369 est,
1187 341 1216 363 ut
1231 337 1272 363 vel
1289 336 1367 362 aliter
1382 342 1462 369 quam
1484 343 1526 362 res
1541 339 1674 369 posceret,
1690 334 1731 360 vel

942 383 1058 417 amplius
1084 390 1163 417 quant
1179 382 1248 408 ratio
1273 381 1435 416 indulgeret,
1457 381 1602 414 acciperet.
1622 385 1647 406 et
1665 389 1733 406 nun-

942 437 1023 463 quam
1051 428 1171 456 eveniret
1199 426 1356 454 botninibns
1373 427 1399 454 iu
1422 427 1558 454 servando
1572 427 1624 454 cibi
1652 427 1731 463 motio

942 482 1125 510 nteusuraque
1145 474 1315 509 delinquere.
1334 472 1390 507 Ego
1404 473 1514 508 quidem
1533 481 1585 500 non
1612 461 1731 500 arbitror

943 523 995 550 hoc
1007 522 1041 549 ab
1056 521 1211 549 hominibus
1224 521 1261 548 ita
1277 521 1397 555 potuisse
1407 519 1521 552 servari,
1535 520 1640 547 etiamsi
1661 519 1731 546 nulla

941 568 1041 596 diaboli
1065 572 1239 602 provocasset
1269 566 1417 597 instinctio,
1445 571 1474 593 ut
1505 566 1530 592 in
1558 566 1731 600 percipiendo

941 614 1003 641 cibo
1019 614 1129 641 modtnn
1142 613 1208 649 (9.5)
1222 613 1450 647 disciplinamque
1465 611 1556 638 nullus
1574 612 1730 644 excederet,

943 660 1101 694 priusquam
1119 660 1145 687 id
1159 659 1239 694 lotth
1254 667 1302 685 usu
1318 658 1545 692 experientiaque
1562 658 1729 685 tlltllCISSCltl.

942 706 1010 740 Quid
1028 706 1112 741 igitur
1131 705 1231 733 est?ln
1254 705 1324 733 escis
1341 704 1449 739 quidem
1474 709 1501 731 et
1526 709 1589 738 potu
1603 704 1731 739 possibile

941 759 1000 780 erat
1013 754 1171 787 detittquere
1184 761 1233 780 nos
1247 753 1329 780 etiam
1348 752 1407 779 sine
1421 751 1520 779 diaboli
1537 751 1730 782 incitamentis,

941 800 963 826 si
980 800 1050 826 forte
1063 800 1153 826 minus
1167 799 1350 831 continentes,
1365 798 1408 825 vel
1422 798 1512 824 minus
1527 797 1651 823 industrii
1666 796 1732 823 fuis-

941 854 1033 873 semus
1048 845 1168 877 inventi;
1182 845 1208 871 itt
1220 845 1372 879 appetendo
1390 851 1453 870 vero
1463 843 1546 874 coitu,
1563 842 1605 869 vel
1621 847 1732 868 natura-

904 885 924 911 Β
940 891 1011 918 libus
1027 890 1174 918 desideriis
1197 889 1380 924 temperandis
1409 888 1489 922 (26),
1516 888 1662 922 putattdnttt
1691 892 1730 914 est

938 938 1011 971 quod
1029 937 1179 964 ttousimile
1195 937 1296 971 aliqttid
1313 934 1625 970 paterentur?Arbitror
1639 939 1730 960 autent

939 984 1009 1017 quod
1020 983 1113 1010 eadem
1132 983 1245 1010 rationis
1260 982 1458 1016 consequentia
1473 982 1554 1008 etiam
1572 981 1598 1007 itt
1625 980 1730 1007 canoris

939 1029 1107 1056 naturalibus
1124 1029 1242 1054 motibus
1257 1028 1343 1062 possit
1369 1026 1490 1061 intelligi,
1504 1026 1671 1059 cupiditatis,
1688 1023 1729 1051 vel

940 1075 995 1107 irae,
1024 1074 1067 1101 vel
1081 1073 1211 1105 tristitia},
1227 1075 1269 1100 vel
1286 1073 1312 1100 in
1327 1071 1454 1100 omnibus
1473 1072 1585 1099 ontttino
1598 1079 1657 1106 qua:
1683 1078 1731 1105 per

939 1120 1156 1155 intemperantize
1184 1120 1289 1151 vitium,
1308 1120 1417 1146 modum
1448 1127 1583 1146 mensurae
1598 1118 1729 1144 naturalis

938 1167 1081 1194 excedunt.
1099 1166 1216 1193 Evideus
1238 1166 1319 1200 igitur
1336 1165 1404 1200 (οη)
1423 1166 1491 1192 ratio
1506 1171 1557 1196 est,
1574 1164 1636 1198 quia
1656 1164 1727 1190 sicut

938 1213 964 1240 in
994 1213 1072 1240 bonis
1097 1212 1177 1239 rebus
1204 1212 1354 1238 humanum
1380 1211 1550 1246 propositutn
1568 1210 1654 1237 soltttn
1681 1218 1728 1244 per

938 1259 1055 1294 seipsqu
1072 1258 1262 1293 imperfectum
1272 1263 1313 1285 est
1326 1258 1358 1284 ad
1373 1257 1636 1284 consummationem
1651 1256 1726 1288 boui,

938 1304 1072 1338 atljutorio
1088 1311 1206 1338 namque
1221 1303 1315 1330 divino
1329 1303 1362 1329 ad
1376 1303 1495 1337 perfecta
1511 1310 1624 1337 quicque
1633 1302 1730 1336 perdu-

938 1351 1026 1383 citur;
1040 1351 1077 1378 ita
1085 1351 1170 1378 etiam
1184 1351 1209 1377 in
1219 1350 1365 1377 contrariis
1377 1349 1453 1376 initia
1469 1349 1604 1383 qua-dam,
1620 1347 1730 1374 etvelut

938 1398 1061 1431 qmedatn
1085 1397 1189 1424 semina
1215 1401 1390 1431 peccaturum
1410 1395 1445 1422 ab
1462 1396 1504 1422 his
1528 1395 1608 1422 rebus
1622 1402 1682 1428 qua:
1701 1393 1728 1419 itt

939 1453 987 1471 usu
1005 1444 1167 1470 naturaliter
1182 1444 1328 1474 habentur,
1343 1442 1503 1476 accipimus.
1519 1441 1585 1468 Cum
1604 1447 1669 1467 vero
1686 1441 1728 1466 itt-

939 1489 1102 1516 dulserimus
1119 1489 1189 1516 ultra
1202 1496 1284 1523 qttatn
1295 1489 1362 1515 satis
1371 1492 1423 1520 est,
1441 1492 1530 1515 etnon
1547 1486 1729 1513 restiterintus

939 1534 1006 1569 (‘28)
1022 1535 1151 1561 adversus
1169 1534 1272 1568 primos
1297 1533 1512 1568 intemperantiae
1538 1537 1644 1564 ntotus,
1666 1538 1729 1558 tunc

940 1581 1020 1615 primi
1037 1580 1116 1614 hujus
1131 1580 1222 1607 delicti
1248 1579 1386 1613 accipiens
1402 1579 1490 1606 locuttt
1509 1578 1594 1605 virtus
1617 1577 1728 1604 inimica

940 1626 1050 1660 instigat
1081 1630 1108 1652 et
1122 1630 1249 1660 perurget
1262 1625 1390 1652 otttttibus
1414 1624 1512 1656 modis,
1528 1623 1640 1650 studens
1664 1630 1728 1656 pro-

940 1674 1025 1701 fusius
1041 1674 1155 1700 dilataro
1173 1677 1293 1707 peccata,
1309 1672 1453 1706 etquidem
1474 1671 1552 1698 nobis
1573 1670 1729 1698 hominist

939 1721 1097 1748 occasiones
1112 1725 1138 1746 et
1156 1720 1232 1746 ittitia
1249 1718 1432 1753 pricbcutibus
1461 1722 1645 1752 peccatorum,
1675 1717 1727 1743 ini-

940 1766 1019 1793 micis
1039 1771 1130 1793 autem
1147 1766 1328 1800 potestatibus
1343 1764 1424 1791 latius
1440 1772 1470 1790 ea
1486 1769 1513 1791 et
1527 1763 1643 1798 longius,
1657 1768 1685 1790 et
1704 1763 1727 1790 si

941 1811 997 1838 tieri
1022 1815 1110 1845 potest
1129 1811 1232 1844 absque
1261 1810 1316 1837 ullo
1356 1811 1409 1837 ﬁne
1439 1810 1660 1843 propagantibus.
1689 1808 1727 1835 lta

940 1857 1056 1891 denique
1075 1857 1101 1883 itt
1119 1857 1262 1883 avaritiam
1284 1855 1376 1890 lapsus
1403 1855 1529 1886 eﬁicitur,
1554 1862 1615 1881 cum
1641 1855 1727 1888 priutu

940 1903 1062 1930 homines
1081 1910 1177 1936 parum
1202 1902 1266 1936 quid
1296 1901 1417 1936 pecunia:
1440 1900 1606 1932 desiderant,
1632 1901 1727 1927 deinde

939 1954 1103 1984 augescente
1120 1948 1183 1975 vitio
1209 1947 1345 1982 cupiditas
1371 1947 1510 1974 ittcrescit.
1524 1946 1589 1973 Post
1605 1947 1656 1973 ltoc
1670 1946 1726 1981 jatn

939 2004 1000 2023 cum
1014 1995 1096 2022 etiatn
1120 1994 1228 2022 cmcitas
1240 1993 1338 2020 mentis
1352 2000 1386 2020 ex
1411 1992 1536 2026 passione
1553 1992 1725 2023 successerit,

939 2041 1059 2068 inimicis
1081 2040 1228 2067 virtutibus
1246 2039 1320 2074 (‘29)
1335 2037 1543 2073 suggerentibus
1572 2045 1605 2064 ac
1630 2044 1726 2071 perur-

938 2088 1074 2123 gentibus,
1087 2089 1199 2122 pecttuia
1213 2086 1268 2120 jaut
1281 2094 1333 2112 non
1350 2085 1532 2116 desideratur,
1549 2085 1595 2111 sed
1610 2083 1725 2118 rapitur,

938 2138 965 2161 et
978 2134 1014 2164 vi,
1033 2134 1171 2160 autetiam
1186 2131 1326 2166 sanguinis
1339 2130 1448 2157 humani
1468 2129 1627 2163 profusione
1660 2136 1725 2155 con-

938 2179 1062 2212 quiritur.
1088 2179 1129 2205 Ad
1151 2177 1294 2205 certiorem
1322 2177 1439 2210 denique
1460 2174 1497 2201 rei
1529 2175 1619 2208 (idem,
1654 2175 1726 2208 quod

90 2227 253 2254 naturaliter
266 2227 430 2261 suggeritur,
447 2226 473 2253 id
485 2230 527 2252 cst
544 2225 687 2260 appetendi
704 2226 793 2252 coitus
807 2225 879 2252 desi-
893 2239 916 2266 Β
938 2225 1133 2252 immensitates
1158 2224 1216 2251 ista:
1231 2223 1357 2250 vitiorum
1379 2231 1394 2249 a
1412 2222 1580 2249 daemonibus
1603 2221 1725 2252 veniant,

89 2274 208 2300 det-ium.
223 2273 308 2306 Quam
326 2280 435 2299 causam
449 2280 502 2299 non
519 2272 612 2305 utique
627 2278 757 2306 setnpera
769 2271 875 2298 diabolo

88 2318 192 2344 moveri
216 2322 320 2344 certum
349 2321 402 2348 est,
420 2317 457 2343 ita
487 2322 517 2343 ut
539 2317 687 2350 putandum
719 2316 753 2343 sit
773 2317 834 2350 quia
856 2317 879 2343 si

88 2363 214 2390 diabolus
229 2371 283 2390 non
300 2368 382 2394 esset,
403 2362 591 2397 hujuscemodi
609 2362 779 2389 adtnistionis
808 2363 880 2389 desi-

87 2409 192 2436 derium
210 2417 324 2444 corpora
347 2417 399 2436 tton
419 2409 560 2436 ltaberent.
583 2408 651 2435 Tum
676 2408 774 2435 deinde
789 2408 880 2435 consi-

87 2460 213 2482 deremus
223 2456 258 2487 si,
278 2461 305 2482 ut
315 2456 439 2490 superius
447 2455 625 2486 ostendimus,
638 2454 714 2481 cibus
727 2455 881 2482 hominibus

88 2510 140 2528 non
166 2510 199 2529 ex
228 2502 352 2533 diabolo,
386 2504 432 2529 sed
461 2501 579 2528 naturali
607 2501 724 2536 quodam
745 2502 881 2536 appetitur

120 2570 143 2585 ³³
160 2570 255 2597 Matth.
274 2579 310 2598 tv.

121 2626 187 2664 (24)
220 2625 269 2653 γει
292 2627 412 2655 sitiendi.
427 2626 507 2654 Deest
524 2627 550 2653 itt
564 2632 644 2654 antea
655 2626 748 2658 editis,
762 2626 809 2653 sed
828 2627 877 2653 ba-

85 2663 165 2689 betur
181 2663 208 2688 in
227 2670 292 2688 mss.

119 2697 186 2732 (‘25)
214 2697 262 2724 Sic
290 2705 358 2723 mss.
368 2697 450 2725 Alias.
466 2707 474 2722 ι
487 2698 651 2733 percipiendi
662 2697 713 2724 cibi
729 2698 847 2733 modum.
859 2707 868 2723 ι

84 2731 154 2759 lulra
168 2740 248 2763 mss.,
267 2741 276 2757 ι
290 2732 371 2758 etiam
383 2733 441 2759 sine
451 2731 547 2759 diaboli
564 2731 761 2760 incitamentis.
775 2743 784 2758 ι
797 2732 875 2759 Libb.

83 2769 159 2797 editi,
180 2776 190 2792 ι
212 2772 240 2794 et
257 2768 318 2794 sine
340 2767 480 2795 diabolicis
496 2768 686 2796 incitamentis.
704 2777 714 2793 ι

118 2802 186 2838 (26)
229 2802 276 2829 Sit:
294 2810 359 2828 tuss.
378 2802 462 2834 Alias,
480 2813 489 2829 tt
509 2804 653 2835 tentandis,
671 2813 681 2829 ›
700 2804 780 2829 tnale.
794 2802 876 2830 Paulo

82 2844 141 2872 post
160 2846 239 2869 mss.,
252 2847 260 2862 ι
281 2838 344 2871 quin
369 2837 438 2864 sicut
452 2839 476 2865 in
499 2839 576 2866 battis
603 2839 692 2867 rebus.
713 2847 722 2864 ι
742 2838 770 2866 Ιιι
796 2843 873 2865 antea

83 2874 162 2902 cdttis
179 2874 269 2906 deest,
288 2882 298 2898 ι
317 2873 405 2901 boms.
425 2882 434 2898 ι

350 2571 373 2586 ⁸⁸
391 2571 471 2604 Joan.
498 2579 558 2598 χιιι.

606 2571 629 2586 ⁸⁵
653 2570 751 2605 Ephes.
782 2578 819 2602 vt,
844 2571 888 2603 lt,
916 2571 957 2599 1'2.

932 2273 1111 2306 contemplari
1126 2273 1208 2299 etiatn
1234 2279 1267 2298 ex
1291 2279 1323 2298 co
1345 2271 1425 2298 facile
1439 2274 1538 2305 potest,
1568 2269 1640 2303 quod
1659 2268 1724 2294 nihil

935 2318 1023 2345 tuinns
1050 2318 1091 2344 his
1106 2318 1151 2352 qui
1167 2317 1346 2351 corporaliter
1361 2323 1491 2344 vexantur
1503 2325 1518 2343 a
1543 2315 1721 2346 tliBlttOlllbtlS,
1735 2326 1739 2330 -

933 2365 1016 2391 etiant
1033 2364 1070 2390 illi
1085 2364 1235 2398 patiuntur,
1246 2363 1290 2397 qui
1305 2364 1347 2391 vel
1364 2364 1549 2391 immoderatis
1572 2361 1720 2390 amoribus,
1741 2356 1744 2362 ’

934 2410 976 2436 vel
992 2408 1317 2442 ineintemporautia,vel
1340 2408 1485 2435 niutietate-
1493 2407 1612 2434 tristitia:
1629 2412 1722 2440 perur-

934 2461 1040 2488 gentur.
1057 2454 1123 2482 Nant
1136 2459 1162 2481 et
1177 2455 1201 2481 itt
1219 2454 1355 2482 nonnullis
1376 2455 1497 2482 historiis
1510 2453 1634 2485 refertur,
1649 2451 1721 2487 quod

936 2502 962 2528 in
981 2502 1114 2529 insaniant
1141 2501 1249 2536 quidaut
1269 2509 1301 2528 ex
1314 2508 1407 2528 amore
1422 2500 1591 2531 deciderunt,
1609 2498 1670 2532 alii_
1687 2505 1721 2524 ex

1004 2572 1027 2587 ’⁸⁸
1055 2571 1143 2599 lCor.
1167 2580 1198 2600 tt.

963 2627 1019 2663 (27)
1037 2628 1104 2656 Vide
1123 2628 1169 2656 lib.
1189 2637 1208 2656 tt
1237 2627 1402 2663 0rigeut'an.,
1415 2634 1442 2661 q.
1468 2625 1495 2658 7,
1510 2633 1583 2652 nunt.
1601 2625 1618 2651 5
1630 2630 1657 2651 et
1673 2625 1717 2652 N.

963 2686 1029 2722 (9.8)
1060 2687 1103 2713 Sic
1136 2694 1201 2713 tnss.
1228 2686 1312 2718 Alias,
1334 2695 1344 2711 I
1382 2683 1620 2722 stthstiteriutttszt
1648 2682 1720 2722 Infra

928 2718 1006 2753 mss.,
1021 2718 1035 2747 ἰ
1056 2722 1153 2749 deinde
1183 2726 1346 2756 augescente
1371 2721 1447 2748 vitio.
1464 2729 1473 2745 ι
1503 2719 1531 2746 ιιι
1554 2718 1619 2746 libb.
1636 2718 1719 2746 editis

930 2759 1015 2790 deest,
1034 2767 1044 2783 t
1061 2757 1167 2784 deinde.
1189 2766 1199 2782 ι

963 2814 1031 2851 (9.9)
1071 2813 1239 2850 Virtutibus,
1257 2814 1335 2842 Deest
1355 2814 1381 2841 in
1400 2817 1478 2842 antea
1499 2813 1590 2846 editis,
1607 2812 1654 2840 sed
1671 2812 1721 2843 ha-

929 2851 1009 2878 betur
1024 2851 1051 2878 itt
1067 2858 1131 2878 mss.
