1860 3073
185 130 240 161 507

799 128 960 157 ORIGENIS
979 129 1059 154 ΠΕΡΙ
1080 127 1194 154 ΑΡΧΩΝ

1757 119 1802 146 308

187 192 337 222 iracundia,
354 189 472 218 nonnulli
490 197 520 216 ex
545 188 665 220 tristitia,
686 187 726 214 vel
752 187 834 214 nimio
857 187 947 222 gaudio

1049 203 1118 222 :ncrc
1130 194 1225 222 debeat
1237 192 1344 219 vincere
1356 190 1401 224 qui
1413 193 1545 220 tertiatur;
1558 188 1627 215 sicut
1640 187 1687 215 ille
1697 187 1802 221 quidem

186 238 258 270 quod
278 237 393 263 arbitror
413 242 445 261 ex
471 242 503 261 eo
519 234 649 264 accidere,
668 233 731 268 quia
747 233 888 260 contrariae
910 233 966 260 ista:

184 283 306 312 virtutes,
319 281 343 308 id
358 286 398 308 est
407 281 551 312 daemones,
562 280 620 307 loco
629 280 679 307 sibi
693 280 717 306 in
727 287 819 306 eorum
833 279 966 306 mentibus

183 330 257 361 dato,
272 337 351 364 quem
377 328 584 363 intemperantia
612 327 685 362 prius
709 326 866 362 patefecerit
887 325 966 361 (50),

181 382 291 401 sensum
312 382 404 401 eorum
421 375 530 408 penitus
554 374 737 408 possederint:
766 373 881 400 maxime
905 379 966 399 cum

182 420 255 446 nulla
270 427 316 446 eos
329 421 362 446 ad
379 419 558 447 resistendum
576 419 685 446 virtutis
707 419 791 454 gloria
811 419 964 446 concitarit.

219 465 246 491 5.
264 464 339 497 Quod
359 470 446 491 autem
469 465 523 491 sint
538 465 660 498 quaedam
673 469 782 498 peccata
797 472 857 499 qua:
883 471 934 491 non
951 471 965 490 a

181 507 328 535 contrariis
350 507 496 534 virtutibus
523 507 647 538 veniant,
668 507 715 533 sed
739 514 771 533 ex
799 507 966 534 naturalibus

180 553 306 588 corporis
333 553 452 580 motibus
476 553 581 579 initium
595 557 721 583 sumant,
749 553 966 580 manifestissime

181 599 304 626 declarat
318 598 457 633 apostolus
466 598 564 625 Paulus
576 598 602 625 in
621 605 655 625 eo
673 599 736 625 dum
758 598 840 625 dicit:
868 607 877 623 ι
894 598 966 626 Caro

180 644 349 678 concupiscit
373 644 502 671 adversus
522 644 656 678 spiritum,
673 644 785 679 spiritus
803 650 892 671 autem
918 644 966 671 ad-

181 697 276 717 versus
285 697 394 717 carnem
406 699 413 723 ;
425 691 483 716 hate
495 694 557 716 sunt
567 697 627 724 quae
644 690 693 716 sibi
710 689 823 717 invicem
837 689 966 716 resistunt

180 740 210 763 ut
227 743 279 763 nan
293 743 352 770 qua:
368 736 448 763 vultis
465 736 510 763 illa
527 736 634 763 faciatis
661 736 693 762 ⁸⁷.
713 745 723 761 ι
751 736 778 762 Si
813 743 877 770 ergo
902 743 965 763 caro

180 783 352 816 concupiscit
368 783 497 810 adversus
513 783 648 817 spiritum,
660 787 689 809 et
705 782 817 817 spiritus
835 782 964 809 adversus

179 836 302 861 carnem,
319 834 360 856 est
381 829 459 857 nobis
482 829 627 863 aliquando
654 829 811 858 colluctatio
835 829 964 856 adversus

1020 242 1064 275 qui
1089 242 1115 268 iu
1146 246 1230 277 agone
1256 237 1402 269 contendit,
1429 235 1550 270 quamvis
1578 241 1653 268 aqua
1683 233 1804 260 modera-

1020 287 1094 314 tione
1114 289 1284 320 comparatus
1307 281 1531 315 sitladversario,
1552 287 1606 307 non
1625 285 1717 306 tamen
1734 279 1803 306 omni

1019 339 1121 367 genere
1141 330 1250 357 vincere
1264 330 1373 364 poterit.
1398 327 1494 355 Verum
1517 326 1567 353 nisi
1589 325 1704 360 aequalis
1728 325 1806 352 luerit

1020 377 1234 406 concertantium
1264 375 1362 406 virtus,
1391 381 1444 401 non
1470 373 1522 400 erit
1539 373 1610 408 justa
1633 371 1726 406 palma
1749 370 1806 398 vin-

1020 424 1115 456 centis,
1145 430 1194 450 nec
1213 422 1285 457 iuste
1301 420 1455 454 culpabitur
1468 420 1565 450 victus,
1577 422 1724 453 propterea
1736 417 1805 451 quod

1020 470 1153 505 permittit
1165 469 1274 503 quidem
1292 473 1340 494 nos
1355 465 1465 499 tentari,
1483 471 1535 491 non
1559 468 1647 490 tamen
1676 470 1761 496 supra
1782 462 1806 489 id

1019 516 1090 551 quod
1101 521 1260 549 possumus;
1277 521 1324 549 pro
1336 513 1438 539 viribus
1449 511 1523 538 enim
1536 510 1638 537 nostris
1651 514 1805 542 tentamur;

1020 571 1069 590 nec
1084 567 1174 589 tamen
1189 561 1320 596 scriptum
1335 563 1387 587 est.
1412 558 1475 593 quia
1497 557 1579 584 faciet
1604 557 1630 583 in
1656 555 1807 582 tentatione

1019 609 1099 636 etiam
1120 609 1221 634 exitum
1244 604 1406 635 sustinendi,
1422 604 1470 631 sed
1484 603 1587 631 exitum
1603 601 1671 637 (55),
1687 606 1715 628 ut
1727 600 1807 628 susti-

1020 661 1084 681 nere
1105 652 1251 688 possimus.
1278 649 1314 678 Ut
1329 657 1395 677 vero
1414 650 1465 676 hoc
1484 655 1538 684 quo
1551 654 1631 683 posse
1646 646 1728 674 nobis
1754 646 1807 681 ipse

1019 702 1092 729 dedit
1108 701 1146 727 vel
1162 705 1283 731 strenue,
1299 699 1338 725 vel
1362 697 1482 732 segniter
1493 696 1663 732 impleamus.
1684 696 1712 723 in
1733 696 1808 723 nobis

1018 753 1068 775 est.
1085 747 1198 774 Dubiutu
1215 746 1286 773 enim
1302 752 1353 772 uon
1369 750 1411 772 est
1434 744 1505 779 quod
1524 743 1551 770 in
1569 743 1643 770 omni
1661 742 1809 770 tentatione

1018 794 1094 820 adest
1110 792 1186 819 nobis
1203 791 1334 818 tolerandi
1363 791 1460 821 virtus,
1485 789 1508 816 si
1525 794 1614 816 tamen
1631 796 1681 815 nos
1702 795 1809 822 COmpe-

1019 843 1108 865 tenter
1119 843 1227 864 utamur
1239 837 1340 863 virtute
1348 843 1488 863 concessa.
1501 834 1558 861 Non
1569 834 1643 862 enim
1656 833 1725 868 (56)
1740 834 1808 860 idem

179 883 290 902 carnem
303 880 330 902 et
346 876 517 910 sanguinem,
534 876 616 902 idest
638 883 698 902 cum
727 875 850 902 homines
874 882 947 901 sumu

1049 884 1169 910 thabere
1187 882 1311 909 vincendi
1334 881 1471 913 virtutem,
1489 885 1516 908 et
1529 880 1646 911 vincere,
1662 879 1739 906 sicut
1756 879 1810 914 ipse

179 921 259 957 (51),
271 926 297 949 et
318 921 464 948 secundum
481 929 591 948 carnem
608 921 786 954 ambulamus,
799 925 896 948 etcum
913 928 963 947 non

179 975 323 1001 possumus
347 967 444 994 tentari
469 968 494 993 in
512 967 661 1001 majoribus
675 967 870 994 teutationibus
883 974 964 1000 quam

178 1013 316 1046 humanis,
331 1021 391 1040 cum
404 1013 504 1039 dicitur
520 1013 552 1040 de
568 1012 660 1039 nobis:
680 1021 690 1038 ‹
707 1011 833 1039 Teutatio
847 1020 896 1039 vos
911 1020 962 1040 non

176 1060 388 1094 comprehendat
404 1059 455 1086 nisi
471 1060 599 1086 humana.
617 1059 718 1086 Fidelis
733 1062 822 1085 autem
835 1058 964 1094 Deusqui

177 1115 231 1134 non
239 1108 377 1141 permittet
385 1114 432 1133 vos
443 1106 628 1140 tentarilsupra
638 1105 663 1132 id
670 1104 745 1139 quod
757 1105 868 1138 potestis
875 1103 945 1132 ⁸⁸-⁸⁹.
953 1114 962 1130 ι

177 1152 255 1180 Sicut
267 1153 339 1180 enim
353 1153 380 1179 bi
398 1153 442 1186 qui
458 1152 592 1187 agonibus
605 1154 734 1185 praesunt,
745 1157 792 1177 eos
804 1150 850 1184 qui
867 1150 899 1177 ad
906 1157 965 1177 cer-

177 1203 268 1226 tamen
281 1199 404 1230 veniunt,
421 1206 473 1225 non
493 1203 639 1233 utcunque,
658 1204 745 1229 neque
760 1195 871 1223 fortuito
894 1197 964 1223 inter

177 1253 207 1272 se
217 1246 308 1273 sinunt
324 1245 395 1272 inire
407 1245 566 1281 certamina,
575 1245 622 1271 sed
634 1243 755 1278 diligenti
766 1243 965 1270 examinatione

177 1296 259 1326 prout
274 1292 315 1319 vel
331 1281 443 1326 co-rpora
463 1291 590 1322 viderint,
619 1289 660 1316 vel
682 1293 786 1321 relatos,
809 1289 964 1323 aequissima

176 1337 533 1373 comparationeiungentes
547 1336 621 1363 illum
637 1343 698 1363 cum
711 1335 767 1367 illo,
780 1335 852 1362 verbi
864 1337 962 1369 gratia,

175 1392 275 1418 pueros
299 1392 361 1412 cum
385 1383 487 1418 pueris,
506 1383 579 1410 viros
602 1390 663 1409 eum
690 1382 768 1413 viris,
784 1381 830 1416 qui
856 1381 906 1407 sibi
922 1381 963 1408 vel

175 1431 224 1456 aevi
244 1430 284 1456 vel
300 1429 405 1457 roboris
414 1428 615 1464 propinquitate
629 1427 813 1460 conveniant;
829 1427 866 1453 ita
888 1426 964 1453 intel-

175 1477 313 1512 ligendum
339 1480 381 1504 est
397 1476 478 1503 etiam
508 1475 540 1502 de
566 1475 656 1501 divina
687 1473 870 1508 providentia,
891 1472 962 1508 quod

175 1530 270 1550 ciuiles
283 1524 329 1557 qui
345 1522 372 1549 in
382 1522 431 1548 hos
447 1523 571 1549 humanae
578 1521 640 1547 vita:
648 1520 838 1548 descenderint
851 1527 963 1555 agones,
977 1541 998 1571 α

172 1570 322 1605 justissima
333 1568 519 1596 moderatione
526 1568 662 1603 dispenset
670 1567 816 1595 secundum
829 1567 963 1593 rationem

175 1616 388 1651 uniuscujusque
403 1616 525 1648 virtutis,
539 1622 619 1650 quam
647 1614 704 1648 ipse
726 1614 808 1645 solus,
823 1614 868 1648 qui
891 1613 964 1640 solus

174 1664 257 1690 corda
274 1663 413 1690 hominum
431 1662 561 1695 intuetur,
575 1661 696 1696 agnoscit
714 1665 762 1694 ;ut
774 1660 844 1687 alius
855 1659 962 1694 quidem

173 1715 275 1746 pugnet
288 1711 418 1737 adversus
429 1716 540 1736 carnem
557 1707 636 1744 ιω
650 1707 740 1740 talem,
750 1706 819 1734 alius
832 1713 896 1733 vero
913 1705 963 1732 ad-

174 1765 270 1785 versus
290 1758 370 1785 talem
393 1756 479 1792 (32),
504 1761 531 1782 et
563 1755 634 1782 alius
663 1753 771 1789 quidem
806 1753 833 1780 in
860 1757 962 1780 tanttnn

173 1809 292 1837 tempus.
305 1803 374 1829 alius
391 1810 455 1830 vero
476 1802 502 1828 in
521 1806 634 1832 tanttun,
648 1805 674 1826 ct
694 1805 722 1826 ut
734 1799 803 1826 alter
818 1799 964 1834 instigetur

171 1858 255 1877 carne
272 1850 299 1877 iu
331 1850 381 1877 hoc
408 1849 449 1877 vel
475 1848 549 1881 illud,
565 1848 634 1874 alius
647 1854 712 1874 vero
734 1847 761 1873 in
787 1846 873 1877 aliud;
905 1851 960 1872 tum

172 1904 237 1924 vero
251 1902 280 1923 ut
296 1896 365 1923 alius
383 1895 493 1923 resistat
506 1895 636 1922 adversus
648 1893 789 1920 inimicam
801 1896 959 1927 potestatem

171 1942 244 1969 illam
270 1942 310 1969 vel
327 1942 410 1973 illam,
427 1942 494 1968 alius
510 1948 575 1968 vero
598 1941 727 1966 adversus
745 1939 812 1965 duas
837 1938 878 1964 vel
905 1942 962 1964 tres

170 1987 272 2020 simul,
299 1993 345 2014 aut
371 1994 442 2014 nunc
472 1986 582 2020 quidem
615 1986 745 2011 adversus
774 1983 866 2015 aliam,
891 1990 962 2009 nunc

171 2033 269 2059 iterum
293 2033 423 2059 adversus
440 2032 531 2063 aliam,
553 2036 580 2057 et
603 2035 679 2057 certo
698 2035 819 2064 tempore
843 2028 960 2062 quodam

171 2080 302 2106 adversus
320 2078 404 2108 illam,
426 2083 454 2105 et
476 2082 551 2105 certo
570 2076 687 2111 quodam
707 2077 838 2103 adversus
868 2074 959 2106 aliam,

170 2125 213 2151 vel
226 2129 288 2157 post
305 2132 364 2158 quae
382 2128 455 2159 gesta
473 2124 604 2150 adversus
619 2130 687 2156 quas
703 2126 815 2156 pugnet,
832 2126 891 2154 post
899 2129 959 2156 qua:

170 2177 236 2197 vero
250 2169 381 2196 adversus
396 2169 463 2194 alias
479 2167 667 2203 (55).!utuere
678 2166 762 2198 enim,
775 2173 808 2192 ne
824 2166 893 2194 l'orte
908 2166 960 2193 tale

1016 930 1163 964 Apostolus
1195 928 1355 957 cautissimo
1391 934 1518 955 sermone
1550 926 1670 961 signavit
1693 924 1806 956 dicens,

1016 975 1079 1009 quia
1098 984 1107 1000 ι
1125 974 1203 1001 Dabit
1226 973 1296 1000 Deus
1314 973 1417 999 exitum
1443 975 1474 998 ut
1492 971 1626 998 sustinere
1655 970 1783 1005 possitis,
1798 979 1807 995 ι

1017 1029 1084 1053 non,
1100 1026 1129 1047 ut
1140 1019 1308 1047 sustineatis.
1325 1017 1399 1045 Multi
1415 1018 1488 1044 enim
1516 1025 1569 1044 non
1585 1016 1642 1052 (57)
1659 1016 1809 1049 sustinent,

1016 1069 1063 1095 sed
1078 1069 1103 1095 in
1125 1068 1274 1095 tentatione
1290 1067 1444 1093 vincuntur.
1470 1065 1493 1090 Α
1520 1065 1575 1091 Deo
1597 1069 1688 1090 autem
1718 1062 1810 1095 datur,

1017 1122 1069 1142 non
1084 1119 1113 1141 ut
1129 1113 1326 1141 sustineamus:
1341 1111 1461 1146 alioquin
1484 1109 1585 1137 nullum
1599 1110 1656 1144 jam
1671 1109 1810 1137 videretur

1017 1167 1077 1186 esse
1091 1164 1243 1195 certa_uten;
1256 1158 1303 1186 sed
1315 1163 1343 1184 ut
1353 1158 1490 1184 sustinere
1500 1157 1645 1191 possimus.
1661 1155 1702 1182 Ea
1718 1160 1808 1183 autent

1016 1205 1117 1232 virtute
1140 1213 1200 1239 quae
1215 1204 1294 1232 nobis
1321 1204 1382 1232 data
1399 1208 1440 1230 est
1468 1209 1496 1230 ut
1523 1204 1633 1231 vincere
1659 1202 1809 1237 possimus.

1018 1251 1164 1279 secundum
1186 1250 1262 1278 liberi
1288 1249 1393 1277 arbitrii
1414 1250 1571 1278 facultatem
1599 1255 1647 1276 aut
1676 1249 1811 1276 industrie

1017 1297 1129 1328 utimur,
1154 1300 1181 1323 et
1203 1296 1350 1327 vincimus;
1367 1302 1413 1323 aut
1436 1297 1566 1332 segniter,
1585 1300 1612 1322 et
1630 1301 1808 1329 superamur.

1017 1342 1045 1369 Si
1063 1341 1133 1369 enim
1149 1346 1233 1368 totum
1249 1341 1326 1369 nobis
1341 1342 1394 1369 hoc
1408 1337 1487 1368 detur
1503 1347 1532 1368 ut
1547 1340 1621 1368 omni
1646 1347 1751 1374 genere
1764 1347 1808 1366 su-

1016 1394 1151 1422 peremus,
1166 1391 1193 1414 et
1208 1387 1283 1414 nullo
1296 1387 1375 1414 modo
1389 1387 1540 1419 vincamur,
1554 1393 1614 1420 quae
1627 1384 1685 1420 jam
1716 1392 1809 1419 super-

1015 1437 1068 1464 est,
1083 1439 1163 1459 causa
1176 1431 1300 1459 certandi
1322 1432 1346 1458 ei
1374 1432 1419 1465 qui
1444 1431 1513 1457 vinci
1543 1438 1597 1458 non
1624 1429 1735 1464 potest?
1758 1429 1807 1455 Aut

1016 1480 1087 1514 quod
1110 1479 1204 1514 palmm
1233 1479 1375 1511 meritum,
1406 1478 1450 1505 ubi
1485 1468 1663 1513 repugnaudi‘
1679 1477 1807 1504 adimitur

1016 1525 1197 1559 viuceudique
1208 1525 1341 1552 facultas?
1352 1524 1380 1552 Si
1392 1531 1455 1551 vero
1468 1531 1544 1558 teque
1555 1523 1664 1557 quidem
1678 1522 1806 1550 omnibus

1017 1571 1094 1598 nobis
1119 1571 1246 1598 vincendi
1273 1571 1439 1606 possibilitas
1462 1570 1626 1605 praebeatur,
1652 1569 1679 1595 in
1716 1573 1806 1595 nostra

1017 1622 1109 1645 autem
1127 1617 1244 1651 positum
1257 1617 1293 1645 sit
1307 1621 1452 1651 potestate,
1466 1618 1603 1650 quomodo
1619 1616 1671 1642 hac
1694 1615 1808 1650 possibi-

1015 1663 1091 1691 litate
1118 1664 1156 1690 uti
1189 1664 1351 1696 debeamus,
1380 1663 1406 1690 id
1442 1667 1484 1690 est
1513 1662 1555 1690 vel
1585 1661 1736 1693 industrie,
1768 1661 1808 1688 vel

1015 1709 1146 1744 scguitcr,
1157 1710 1232 1744 justa
1243 1710 1344 1736 eritvel
1355 1710 1417 1736 victi
1430 1709 1518 1743 culpa,
1529 1708 1571 1735 vel
1582 1707 1672 1742 palma
1684 1707 1805 1734 victoris.

1015 1755 1099 1790 Igitur
1125 1763 1157 1783 ex
1184 1757 1225 1783 bis
1247 1763 1308 1790 quae
1332 1763 1381 1790 pro
1407 1755 1511 1782 viribus
1536 1753 1637 1781 nostris
1671 1753 1808 1788 disputata

1014 1808 1088 1836 sunt,
1102 1803 1222 1829 arbitror
1230 1802 1300 1835 quod
1316 1802 1455 1828 evidenter
1466 1800 1600 1835 apparuit,
1617 1806 1678 1827 esse
1685 1800 1806 1834 quaedam

1015 1848 1112 1875 delicta
1132 1855 1191 1882 quae
1215 1853 1386 1881 nequaquam
1403 1845 1531 1880 malignis
1553 1845 1702 1872 virtutibus
1714 1852 1807 1880 perur-

1015 1894 1140 1929 gentibus
1181 1893 1393 1923 committamus,
1430 1892 1482 1918 alia
1510 1899 1575 1919 vero
1611 1898 1673 1919 esse
1711 1893 1808 1926 quibus

1014 1940 1146 1967 instinctu
1165 1946 1258 1966 carum
1274 1939 1307 1964 ad
1320 1938 1487 1965 nimietatem
1504 1937 1649 1972 quamdam
1671 1938 1807 1965 immode-

1015 1987 1207 2020 rationemque
1243 1992 1433 2020 provocemur.
1464 1984 1540 2012 Unde
1565 1990 1738 2018 consequens
1767 1989 1808 2011 est

1014 2038 1086 2056 nunc
1108 2030 1245 2064 inquirere
1259 2029 1396 2063 quomodo
1422 2029 1487 2063 ipsa:
1514 2029 1661 2056 contraria:
1693 2030 1809 2057 virtutes

1014 2077 1071 2103 lucc
1083 2077 1138 2110 ipsa
1159 2076 1333 2102 incitamenta
1347 2079 1493 2109 operentur
1508 2075 1534 2101 iu
1555 2075 1645 2102 nobis.

1049 2122 1075 2148 ι.
1092 2121 1279 2154 Cogitationes
1298 2129 1358 2155 quae
1372 2121 1405 2148 de
1424 2121 1506 2148 corde
1526 2125 1621 2148 nostro
1642 2122 1807 2156 procedunt,

1012 2168 1053 2195 vel
1065 2168 1194 2195 tneinoria
1213 2175 1436 2202 quormucuuque
1449 2172 1598 2202 gestorum,
1612 2167 1654 2194 vel
1667 2176 1803 2202 quarum-

170 2215 271 2249 aliquid
292 2214 428 2242 indicetur
459 2221 506 2248 per
521 2214 573 2240 hoc
600 2213 670 2246 quod
700 2213 767 2239 dicit
797 2212 960 2246 Apostolus:
979 2221 1001 2248 ιδ
1016 2214 1083 2241 libet
1100 2221 1190 2240 rerum
1204 2220 1403 2247 causarumque
1425 2213 1630 2247 contemplatio,
1647 2214 1808 2241 invenimus

172 2271 181 2288 ε
201 2260 303 2289 Fidelis
328 2265 417 2287 autem
434 2259 504 2286 Deus
519 2260 564 2293 qui
585 2267 638 2286 non
663 2258 782 2293 patietur
796 2267 844 2286 vos
859 2260 957 2286 tentari

169 2315 252 2342 supra
267 2307 293 2334 id
309 2306 381 2341 quod
395 2306 508 2340 potestis
521 2325 528 2336 ,
544 2315 554 2331 ι
580 2305 604 2331 id
621 2310 672 2336 est,
700 2313 748 2339 pro
769 2313 803 2333 eo
815 2306 885 2340 quod
900 2307 956 2333 sin-

169 2353 223 2389 guli
243 2359 292 2387 pro
308 2351 420 2379 virtutis
440 2358 496 2377 suae
525 2350 686 2384 quantitate,
711 2350 754 2377 vel
783 2351 962 2385 possibilitate

169 2400 320 2423 tentantur.
340 2395 396 2422 Nec
418 2399 505 2421 tamen
530 2394 657 2428 quoniam
679 2394 798 2422 diximus
809 2395 884 2428 justo
917 2397 963 2423 Dei

169 2441 347 2476 (54)judicio
359 2447 578 2473 unutnquemque
599 2446 649 2473 pro
671 2440 781 2468 virtutis
799 2449 854 2468 sum
875 2450 961 2476 quan-

169 2488 249 2514 titale
270 2487 378 2517 tentari,
399 2486 503 2512 idcirco
533 2487 680 2520 putaudum
711 2492 763 2518 est,
791 2488 853 2521 quia
888 2489 962 2515 omni

203 2556 225 2571 ⁸⁷
243 2555 303 2583 Gal.
319 2563 349 2587 v,
366 2555 408 2582 17.
448 2554 529 2580 ⁸³-⁸’1
545 2555 606 2582 Cor.
625 2563 653 2589 x,
669 2556 712 2582 15.

203 2613 370 2651 (Βολλριιεπι
397 2614 597 2651 intemperantia
622 2615 694 2651 prius
718 2615 877 2651 patefecerit,
892 2618 945 2650 _sic

168 2648 235 2676 mss.
248 2648 333 2684 Alias,
355 2657 364 2673 ε
378 2653 431 2684 per
442 2648 676 2684 intemperantiam
693 2648 782 2684 prius.
793 2661 802 2677 ι

201 2683 274 2752 ἕδι)
293 2683 330 2710 Ita
343 2690 408 2711 mss.
423 2683 450 2710 ln
469 2683 548 2711 editis
562 2684 647 2716 deest,
667 2694 677 2710 ε
691 2683 794 2714 Sumus.
812 2696 821 2712 ι

219 2718 269 2752 5?.)
290 2719 363 2744 Alius
386 2727 444 2745 vero
465 2720 590 2746 adversus
608 2720 697 2746 talem.
721 2720 783 2747 llazc
812 2722 817 2747 i

219 2718 269 2753 5?.)
290 2719 363 2744 Alius
386 2727 444 2745 vero
465 2720 590 2746 adversus
608 2720 697 2746 talem.
721 2720 783 2747 llazc
812 2722 837 2748 in
864 2726 944 2750 antea

167 2754 244 2781 editis
256 2754 355 2780 omissa
369 2758 510 2787 sunt,qute
524 2755 668 2782 restituunt
679 2756 831 2784 coddamss.
845 2757 942 2784 Ibidem

168 2796 244 2824 mss.,
264 2798 273 2814 ι
292 2793 318 2815 et
332 2793 360 2814 ut
388 2789 456 2816 alter
473 2789 617 2824 instigetur
644 2798 734 2818 carne.
756 2801 765 2816 ι
785 2791 868 2822 Alias,
888 2801 898 2817 α
915 2797 943 2818 et

167 2828 196 2850 ut
211 2823 279 2850 alter
298 2824 406 2857 instiget
436 2823 556 2851 carnem.
577 2834 585 2849 ι
602 2824 685 2851 Paulo
706 2826 775 2852 iul'ra
798 2834 874 2857 mss.,
895 2836 904 2852 ε
917 2831 946 2854 et

167 2864 241 2887 certo
255 2864 373 2897 tempore
383 2859 499 2897 quodam
513 2859 641 2887 adversus
655 2860 744 2887 aliam.
767 2870 775 2886 ι
796 2861 868 2889 Alias
888 2869 936 2897 pro

172 2907 177 2919 λ
197 2895 310 2929 quodam
329 2904 338 2920 ι
358 2895 454 2929 legitur
471 2904 479 2920 t
511 2903 571 2928 quo.
589 2905 597 2920 ι

1015 2261 1085 2296 quod
1100 2259 1242 2294 aliquoties
1257 2266 1290 2285 cx
1305 2259 1382 2286 nobis
1396 2259 1461 2294 ipsis
1475 2258 1635 2293 procedant,
1657 2259 1807 2294 aliquoties

1015 2314 1028 2332 τι
1045 2305 1191 2332 contrariis
1207 2305 1352 2332 virtutibus
1371 2306 1544 2333 concitentur
1566 2304 1653 2340 (58);
1669 2306 1810 2333 interdum

1012 2354 1092 2379 etiam
1121 2361 1135 2379 a
1163 2352 1228 2384 Deo,
1256 2352 1298 2379 vel
1322 2360 1337 2379 a
1360 2353 1465 2380 sanctis
1489 2353 1808 2387 angelisimtnittantur.

1013 2398 1111 2425 Verum
1137 2399 1194 2425 ha-c
1210 2398 1248 2425 ita
1271 2405 1332 2425 esse
1351 2397 1502 2425 fabulosum
1522 2398 1640 2425 fortasse
1655 2398 1809 2431 videbitur,

1014 2445 1064 2472 nisi
1083 2445 1232 2477 Scripturte
1248 2444 1347 2471 divinae
1362 2444 1524 2471 testimoniis
1537 2444 1619 2471 fuerit
1643 2445 1811 2479 comprobav

1016 2495 1083 2517 tum.
1104 2490 1180 2523 Quod
1202 2497 1267 2523 ergo
1282 2490 1410 2523 cogitatio
1424 2490 1528 2516 oriatur
1539 2498 1571 2517 ex
1600 2491 1692 2523 nobis,
1724 2490 1810 2517 David

1033 2617 1095 2648 (53)
1110 2617 1156 2643 Sic
1173 2624 1238 2644 mss.
1254 2617 1339 2649 Alias,
1357 2627 1366 2643 ι
1379 2618 1510 2644 adversus
1525 2617 1653 2644 malitias.
1669 2627 1678 2642 ο

1033 2653 1096 2687 (54)
1106 2652 1162 2679 Dei.
1179 2652 1259 2679 Deest
1272 2654 1297 2679 in
1308 2658 1387 2680 antea
1403 2652 1492 2687 editis,
1506 2652 1552 2679 sed
1564 2652 1680 2679 habetur
1694 2652 1721 2678 in
1740 2659 1809 2680 mss.

1032 2687 1099 2722 (55)
1117 2687 1338 2719 Sustinendi,sed
1350 2688 1458 2714 exitum.
1472 2686 1534 2714 H320
1556 2687 1582 2714 iu
1602 2687 1684 2714 editis
1708 2689 1812 2714 omissa

995 2727 1067 2753 sunt,
1086 2723 1131 2749 sed
1146 2723 1279 2749 habentur
1293 2724 1318 2749 iu
1332 2730 1396 2750 mss.

1041 2757 1085 2789 56)
1109 2757 1170 2783 Vide
1181 2757 1333 2790 Origem'nn.
1350 2757 1395 2785 lib.
1410 2764 1441 2790 ll,
1454 2765 1481 2790 τι.
1497 2757 1523 2787 7,
1544 2765 1617 2784 nunt.
1633 2757 1679 2784 10.

1050 2792 1082 2818 57
1093 2792 1180 2825 )Nou.
1191 2791 1270 2818 Deest
1279 2794 1304 2819 iu
1315 2797 1390 2819 antea
1401 2793 1490 2824 editis,
1498 2793 1544 2819 sed
1552 2793 1690 2826 reperitur
1699 2793 1726 2819 in
1743 2800 1810 2819 mss.

1032 2828 1160 2862 t58)Sic
1178 2827 1247 2854 hunc
1265 2828 1350 2854 locum
1370 2828 1586 2855 restiluuutmss.
1604 2827 1680 2854 Alias
1697 2828 1812 2863 legitur,

1004 2872 1012 2887 ι
1035 2862 1178 2895 aliquoties
1202 2867 1227 2888 ct
1256 2863 1403 2889 contrariis
1423 2862 1571 2889 virtutibus
1594 2863 1662 2897 [ﬁeri
1688 2864 1811 2890 soleant.

1004 2897 1078 2930 Quod
1100 2897 1236 2929 SllGlll'Jll,
1268 2907 1277 2923 ›
1295 2903 1346 2927 (:lt',
1367 2898 1666 2931 Sic-qucmultactuissa
1685 2897 1810 2925 fuerant.
