1860 3073
119 132 170 161 509

778 135 878 162 LIBER
900 134 1062 162 TERTIUS.

1698 132 1750 165 3.10

118 198 237 222 testatur
259 194 286 221 in
310 192 426 222 Psalmis
443 194 557 223 dicens:
586 204 595 221 ε
610 194 679 229 Quia
711 195 842 229 cogitatio
859 195 910 222 ho-
925 196 948 224 Α
962 195 1081 222 honores
1115 194 1294 229 magniﬁcos,
1322 192 1456 221 universa:
1477 198 1566 223 autem
1593 197 1749 222 sanctorum

118 241 200 269 minis
241 240 418 269 conﬁtebitur
442 241 503 272 tibi.
533 246 560 268 et
584 241 706 276 reliquiae
735 241 908 276 cogitationis

117 287 191 314 diem
208 285 305 314 festum
317 291 398 321 agent
414 288 462 315 tibi
475 287 510 314 ".
524 298 533 313 ι
553 287 629 321 Quod
651 292 739 316 autem
764 293 792 315 et
812 296 826 315 a
841 296 908 316 con-

117 334 211 362 trariis
219 334 366 361 virtutibus
381 334 440 362 ﬁeri
457 334 551 366 soleat,
562 334 689 362 Salomon
699 335 725 361 in
742 334 908 363 Ecclesiaste

117 382 236 404 testatur
249 377 301 404 hoc
314 377 408 404 modo:
421 387 429 402 ι
443 377 470 404 Si
486 377 595 412 spiritus
607 382 767 412 potestatem
784 378 909 405 habentis

117 422 274 449 ascenderit
291 430 374 457 super
389 427 424 455 te,
439 422 526 450 locum
540 427 615 450 tuum
632 431 665 450 ne
681 423 816 455 dimittas;
841 431 909 458 quo-

116 468 190 494 niam
215 467 319 496 sanitas
346 469 495 503 compescit
526 475 636 504 peccata
667 469 751 496 multa
779 470 812 497 θ’,
837 479 846 496 ι
876 470 910 497 Et

115 511 220 540 Paulus
249 514 386 548 apostolus
412 514 445 540 de
476 513 570 541 iisdem
606 514 790 542 testimonium
824 515 907 548 dabit,

117 557 230 585 dicens:
247 566 256 584 t
275 557 459 593 Cogitationes
485 559 667 592 destruentes,
685 564 713 587 et
727 568 834 588 onmem
853 561 908 588 ela-

117 603 221 630 tionem
234 611 293 637 qua:
315 611 345 631 se
362 604 467 632 extollit
494 604 625 632 adversus
643 605 784 632 scientiam
804 606 906 634 Christi

115 647 152 677 “².
170 658 181 674 ι
196 649 235 676 Ex
252 649 307 676 Deo
331 654 421 677 autem
447 650 518 685 quod
537 650 594 682 ﬁat,
619 650 703 677 David
732 651 908 680 nihilominus

117 699 239 722 testatur
264 696 290 722 in
313 696 430 724 Psalmis
445 697 555 724 dicens:
574 707 583 723 ι
601 697 700 724 Beatus
719 698 760 725 vir
771 698 848 731 cujus
866 703 910 726 est

115 741 257 775 susceptio
271 741 340 776 apud
359 746 395 773 te,
416 741 535 773 Domine,
555 749 685 770 ascensus
708 743 733 769 in
748 743 829 771 corde
849 744 909 779 ejus

116 785 178 813 ".9
209 786 242 813 Et
261 786 407 820 Apostolus
419 787 633 821 dicit,quoniam
661 795 670 812 α
691 788 760 816 Deus
785 789 858 816 dedit
881 790 907 817 in

116 831 200 859 corde
210 832 262 859 Titi
271 831 303 860 “.
311 842 320 858 ι
334 832 410 865 Quod
419 840 483 860 vero
494 833 576 860 etiam
585 842 634 869 per
645 835 754 869 angelos
762 835 802 863 vel
813 835 906 868 bonos,

117 877 161 904 vel
189 878 275 904 malos
302 877 393 912 aliqua
415 878 540 906 humanis
566 880 693 908 cordibus
717 885 904 917 suggerantur,

117 921 244 957 designat
269 921 335 958 (59)
354 923 394 950 vel
420 922 532 950 Tobiam
551 925 663 960 angelus
691 926 836 953 comitatus
864 926 906 952 vel

117 968 256 1002 propheta:
273 975 363 995 sermo
378 968 508 996 dicentis:
540 978 549 995 ι
565 969 597 996 Et
630 970 770 1005 respondit
796 971 905 1005 angelus

116 1014 164 1047 qui
181 1013 341 1050 loquebatur
353 1013 379 1041 in
398 1021 440 1041 me
459 1015 492 1048 ’5;
507 1024 516 1040 ι
533 1015 580 1042 sed
591 1019 619 1042 et
632 1014 753 1043 Pastoris
766 1016 834 1044 liber
850 1017 906 1043 inec

114 1058 213 1085 eadem
232 1058 354 1086 declarat
375 1059 470 1086 dicens
488 1061 561 1094 quod
592 1060 648 1088 bini
674 1061 761 1096 angeli
786 1062 906 1097 singulos

114 1112 240 1140 quosque
256 1104 396 1132 hominum
412 1105 593 1139 comitentur;
605 1108 639 1142 jet
656 1107 678 1135 si
701 1109 811 1143 quando
827 1109 905 1136 bona:

115 1152 298 1187 cogitationes
322 1160 370 1180 cor
386 1156 509 1180 nostrum
532 1153 715 1185 ascenderint,
730 1162 744 1181 a
759 1154 831 1182 bono
854 1162 905 1182 an-

116 1198 180 1232 gelo
194 1199 300 1233 suggcri
318 1199 402 1234 dicit;
425 1200 446 1228 si
460 1205 526 1225 vero
543 1199 700 1233 contrariae,
723 1199 785 1226 ntali
815 1199 905 1235 angeli

114 1244 184 1271 dicit
200 1251 260 1272 esse
281 1245 449 1274 instinctum.
472 1246 572 1273 Eadem
586 1253 692 1280 quoque
718 1246 857 1273 Barnabas
878 1246 905 1273 in

114 1291 238 1326 Epistula
269 1300 317 1319 sua
342 1292 473 1325 declarat,
493 1300 555 1320 cum
580 1292 648 1319 duas
674 1292 732 1320 vias
751 1299 811 1320 esse
829 1293 904 1325 dicit,

114 1345 198 1364 unam
213 1337 291 1370 lucis.
306 1338 418 1366 alteram
433 1340 615 1372 tenebrarum,
636 1339 735 1374 quibus
748 1344 776 1366 et
791 1347 906 1374 praeesse

113 1388 207 1411 certos
223 1391 345 1418 quosque
373 1385 483 1420 angelos
507 1386 588 1413 dicit:
619 1385 669 1412 vim
690 1384 799 1421 quidem
826 1385 905 1418 lucis,

114 1430 225 1466 angelos
238 1430 300 1463 Dei;
324 1432 494 1459 tenebrarum
511 1437 600 1459 autem
613 1432 672 1466 vim,
692 1432 802 1467 angelos
825 1431 905 1459 Sata-

113 1483 166 1503 nae.
180 1475 252 1503 Nihil
270 1482 359 1504 tamen
377 1476 446 1513 (40)
461 1477 533 1504 aliud
555 1478 704 1512 putandum
722 1484 764 1505 est
779 1477 905 1505 accidere

113 1522 194 1550 nobis
205 1531 239 1550 ex
254 1523 319 1558 ipsis
333 1531 394 1558 quae
418 1523 493 1551 cordi
512 1529 605 1551 nostro
625 1529 807 1559 suggeruntur
825 1524 904 1552 bonis

963 240 1035 275 genti
1058 240 1174 268 salutem
1198 240 1384 275 periculojam
1418 240 1578 268 imminente
1601 238 1748 267 conterret.

960 285 1014 312 Per
1038 286 1205 312 contrariam
1234 293 1298 313 vero
1326 285 1426 313 diaboli
1454 286 1584 313 virtutem
1612 285 1750 312 memoria

961 331 1117 366 pontiﬁcum
1132 336 1160 358 et
1177 331 1329 359 scribarum
1355 332 1504 367 putandum
1531 335 1571 359 est
1588 334 1749 366 suggestum

961 377 1025 404 illud
1043 378 1115 412 quod
1137 378 1276 406 venientes
1295 379 1327 405 ad
1351 377 1468 405 Pilatum
1489 377 1642 405 dixerunt:
1664 385 1674 403 ι
1693 376 1747 403 Do-

960 424 1044 454 mine,
1059 423 1194 450 recordati
1208 431 1303 451 sumus
1318 424 1454 458 quomodo
1469 423 1598 450 seductor
1609 421 1655 449 ille
1667 421 1749 453 dixit,

959 469 1022 496 dum
1037 469 1126 496 adhuc
1145 470 1343 505 viveret,quia,
1363 469 1428 496 Post
1442 469 1548 496 tertiam
1567 469 1638 496 diem
1657 476 1748 495 resur—

960 523 1020 550 gam
1033 515 1067 542 “.
1082 525 1092 541 ι
1110 515 1163 544 Sed
1179 521 1206 543 et
1227 516 1311 544 Judas
1326 515 1398 550 quod
1416 517 1449 542 de
1465 515 1618 550 proditione
1634 514 1747 542 'Domiui

960 560 1110 589 Salvatoris
1122 562 1269 597 cogitavit,
1291 569 1344 588 non
1374 561 1425 588 fuit
1449 568 1464 588 a
1487 560 1544 588 sola
1562 560 1660 587 mentis
1687 560 1746 593 ejus

960 607 1059 634 malitia
1073 607 1195 634 veniens.
1221 607 1332 634 Testata
1349 611 1393 634 est
1411 607 1484 634 enim
1509 605 1662 640 Scriptura,
1685 606 1748 640 quia

961 661 971 677 ι
986 652 1109 680 diabolus
1127 652 1183 687 jam
1207 653 1326 688 misisset
1354 652 1380 678 in
1414 659 1464 679 cor
1490 651 1549 685 ejus
1574 655 1603 677 ut
1629 651 1749 677 traderet

957 704 1019 724 eum
1030 697 1064 724 θ’.
1079 707 1087 723 ι
1109 697 1221 732 Propter
1234 699 1305 732 quod
1322 703 1348 725 et
1363 697 1493 724 Salomon
1512 702 1586 724 recte
1602 697 1747 731 prmcepil.

958 742 1070 770 dicens:
1098 752 1107 768 σ
1122 743 1190 770 Cum
1207 743 1346 778 diligentia
1365 751 1444 771 serva
1473 748 1546 771 tuum
1566 750 1616 770 cor
1633 742 1666 769 ’³.
1684 751 1693 767 ι
1717 741 1750 768 Et

958 787 1057 816 Paulus
1087 789 1226 823 apostolus
1249 790 1310 816 ait;
1328 799 1336 815 ι
1362 789 1484 824 Amplius
1508 789 1638 816 debemus
1661 788 1749 814 inten-

960 833 1025 861 dere
1040 834 1083 861 his
1093 841 1152 869 qua:
1167 835 1334 868 audivimus,
1348 844 1382 863 ne
1398 835 1469 862 forte
1491 835 1676 863 ellluamus".
1693 844 1703 860 ι
1719 834 1750 861 Et

923 873 945 903 Β
959 881 1111 908 cuntdicit:
1128 890 1137 908 ι
1152 881 1239 909 Nolite
1248 881 1336 909 locum
1352 883 1419 910 dare
1434 881 1570 914 diabolo',
1584 890 1593 907 ι
1604 881 1750 909 ostendens

960 934 1007 961 per
1023 927 1084 960 hoc,
1097 927 1159 962 quia
1173 932 1248 955 certo
1264 935 1356 962 opere,
1372 927 1412 954 vel
1426 932 1499 954 certa
1514 926 1630 962 quadam
1646 926 1749 953 desidia

959 972 1042 999 animi
1058 972 1134 999 locus
1157 973 1264 1000 diabolo
1287 973 1379 1003 datur.
1399 977 1428 999 ut
1452 972 1474 999 si
1503 972 1586 999 semel
1610 972 1750 1008 ingressus

961 1018 1044 1047 fuerit
1056 1026 1104 1046 cor
1122 1024 1259 1051 nostrum,
1279 1024 1326 1046 aut
1341 1019 1464 1046 obtineat
1481 1026 1541 1050 nos,
1555 1024 1601 1045 aut
1613 1022 1687 1044 certe
1707 1018 1748 1043 vel

960 1064 1062 1098 polluat
1083 1065 1215 1096 animam,
1230 1064 1253 1092 si
1278 1072 1331 1091 non
1354 1064 1463 1099 penitus
1479 1064 1604 1092 obtinere
1619 1064 1747 1097 potuerit.

961 1118 1025 1138 cum
1041 1110 1127 1146 ignita
1151 1117 1199 1138 sua
1216 1110 1310 1144 jacula
1329 1109 1418 1144 jactat
1442 1110 1468 1136 in
1486 1117 1551 1141 nos;
1575 1109 1675 1144 quibus
1696 1109 1747 1136 ali-

959 1156 1067 1191 quando
1081 1156 1188 1192 quidem
1204 1156 1231 1183 in
1256 1156 1339 1184 altum
1357 1156 1542 1184 descendente
1557 1154 1668 1183 vulnere
1682 1163 1748 1182 satio

959 1203 1074 1234 ciamur,
1087 1201 1233 1236 aliquando
1252 1209 1317 1229 vero
1336 1200 1746 1230 tantummodoinilammamur.

960 1248 1031 1276 Raro
1044 1253 1121 1276 certe
1138 1252 1167 1278 et
1190 1248 1286 1282 paucis
1308 1247 1473 1282 quibusdam
1501 1247 1560 1275 hazc
1584 1247 1644 1282 ejus
1664 1246 1749 1281 ignita

956 1293 1047 1329 iacula
1069 1293 1300 1328 restinguuntur,
1328 1293 1365 1320 ita
1388 1298 1418 1320 ut
1446 1292 1535 1320 locum
1560 1292 1681 1320 vulneris
1694 1299 1749 1319 non

960 1339 1115 1372 inveniant,
1137 1338 1163 1366 id
1185 1342 1241 1372 est,
1265 1346 1326 1366 cum
1342 1338 1406 1374 quis
1433 1337 1617 1366 munitissimo
1634 1344 1661 1365 et
1680 1338 1750 1365 vali-

959 1386 1071 1414 dissimo
1097 1390 1175 1416 scuto
1203 1385 1263 1412 [idei
1298 1384 1384 1412 fuerit
1409 1385 1544 1412 obtectus.
1577 1383 1652 1421 Quod
1683 1391 1748 1411 vero

958 1432 1062 1460 dictum
1085 1436 1127 1460 est
1153 1432 1180 1458 iu
1207 1430 1329 1466 Epistula
1346 1431 1380 1458 ad
1405 1430 1556 1465 Ephesios:
1584 1439 1592 1455 ι
1607 1429 1676 1463 Quia
1695 1438 1748 1457 non

958 1483 999 1505 est
1018 1479 1097 1506 nobis
1119 1478 1276 1506 colluctatio
1300 1477 1432 1505 adversus
1453 1484 1564 1504 carnem
1587 1481 1614 1503 et
1637 1477 1748 1511 sangui-

958 1533 1031 1558 nem,
1048 1526 1097 1552 sed
1125 1514 1258 1552 adversus
1277 1523 1445 1559 principatus
1464 1528 1492 1550 et
1516 1527 1684 1558 potestates,
1702 1523 1748 1550 ad-

111 1569 158 1596 vel
195 1570 293 1602 malis,
323 1570 374 1597 nisi
408 1570 618 1598 commotionem
643 1570 728 1597 solatn
754 1575 781 1597 et
808 1557 941 1598 ineita-c
962 1579 1056 1599 versus
1080 1571 1175 1598 tnundi
1201 1570 1282 1605 hujus
1305 1575 1426 1597 rectores
1443 1569 1618 1597 tenebrarum
1640 1569 1748 1602 harum,

111 1619 235 1642 mentum
250 1623 400 1650 provocans
422 1623 470 1643 nos
489 1615 531 1643 vel
554 1616 587 1643 ad
610 1616 679 1644 bona
700 1616 741 1643 vel
772 1617 805 1644 ad
824 1617 904 1647 mala.

112 1660 248 1689 Possibiie
264 1667 355 1689 autem
369 1662 444 1689 nobis
474 1667 516 1689 est
528 1670 590 1690 cum
617 1662 735 1696 maligna
750 1663 838 1691 virtus
857 1672 906 1692 nos

111 1708 228 1742 cmperit
262 1708 295 1736 ad
331 1708 431 1735 malum
467 1709 595 1743 incitaref,
633 1709 760 1744 abjicere-
785 1719 799 1738 a
828 1713 905 1740 nobis

111 1762 211 1790 pravas
249 1756 453 1790 suggestiones,
498 1759 524 1782 et
563 1755 692 1783 resistere
733 1757 905 1786 suasionibus

112 1801 255 1835 pessimis,
283 1806 310 1828 et
344 1801 411 1828 nihil
440 1808 551 1836 prorsus
584 1801 757 1836 culpabilitcr
796 1811 902 1836 gerere.

114 1847 191 1884 14],
211 1848 244 1875 Et
271 1856 378 1876 rursum
402 1848 528 1883 possibile
544 1853 586 1876 est
606 1852 636 1875 ut
658 1856 718 1875 cum
741 1857 791 1876 nos
811 1850 904 1878 divina

112 1894 201 1920 virtus
222 1893 256 1920 ad
285 1893 397 1921 meliora
427 1894 634 1928 provocaverit,
660 1901 714 1920 non
739 1903 903 1930 sequamur,

112 1940 192 1967 liberi
218 1939 325 1967 arbitrii
350 1945 484 1975 potestate
502 1940 529 1967 in
554 1945 668 1976 utraque
687 1942 765 1969 nobis
786 1948 901 1970 serrata.

113 1986 277 2013 Dicebamus
294 1993 359 2013 sane
379 1986 406 2012 in
432 1985 629 2020 superioribus,
649 1987 721 2021 quod
745 1988 825 2015 etiam
845 1995 902 2015 me-

112 2033 208 2058 moria;
230 2032 306 2059 nobis
324 2032 447 2067 quzedam
473 2032 516 2060 vel
540 2031 674 2060 bonorum
702 2034 745 2061 vel
768 2034 902 2062 malorum

111 2082 305 2112 suggerantur,
321 2078 380 2105 sive
394 2085 442 2113 per
461 2077 582 2106 divinam
599 2081 814 2114 pr0videntiam,
845 2080 902 2107 sive

110 2131 161 2158 per
187 2124 301 2151 virtutes
324 2126 496 2158 contrarias;
522 2126 594 2153 sicut
608 2127 760 2154 ostenditur
777 2127 804 2153 in
832 2126 901 2154 libro

111 2169 224 2200 Esther.
242 2177 304 2196 cum
327 2170 459 2198 beneﬁcia
473 2171 616 2209 iustissimi
636 2172 798 2200 Μαι-«10611.πί
818 2173 900 2198 Arta-

111 2221 212 2241 xerxes
241 2221 294 2242 non
346 2216 534 2248 meminisset,
577 2224 605 2245 et
633 2217 774 2245 nocturnis
802 2216 901 2251 vigiliis

110 2262 259 2297 fatigatus,
274 2270 288 2288 a
309 2262 362 2290 Deo
389 2264 414 2290 in
450 2265 608 2293 memoriam
632 2266 778 2300 recepisset
809 2272 900 2292 rerum

109 2312 251 2341 gestarum
279 2309 444 2336 monimenta
469 2311 574 2338 chartis
596 2311 723 2339 mandata
743 2312 900 2346 requirere;

111 2353 139 2380 in
156 2354 258 2388 quibus
269 2353 302 2380 de
313 2354 452 2383 beneﬁciis
465 2355 627 2385 Mardochati
640 2358 795 2385 admonitus
810 2357 901 2384 inimi-

109 2408 174 2428 cum
187 2400 297 2435 quidem
312 2402 371 2436 ejus
382 2403 468 2429 Aman
483 2404 611 2438 suspendi
628 2404 751 2438 juberet;
771 2404 820 2438 ipsi
838 2411 901 2431 vero

109 2470 134 2486 "
149 2470 223 2509 Psal.
242 2478 322 2509 ιτξκχτ
340 2472 384 2509 ll.
423 2473 444 2489 “
461 2474 548 2502 Eccle.
570 2483 596 2508 x,
611 2475 638 2501 4.
678 2474 700 2490 ⁹¹
717 2474 738 2501 ll
752 2475 815 2509 (lor.
833 2482 860 2509 rt,
874 2473 903 2506 4,

111 2506 198 2543 μμ.
235 2506 269 2541 ι⁹⁶
293 2506 388 2543 Matth.
419 2517 503 2542 xxvii,
528 2506 593 2537 65.‘
621 2510 642 2525 ⁹⁷
669 2509 747 2537 Joan.
772 2506 883 2543 ἐωξὶ.

108 2541 119 2556 ’
141 2540 240 2576 Ephes.
257 2549 295 2574 vr,
318 2541 358 2569 l2.

144 2601 212 2639 (739)
243 2601 280 2628 Ita
305 2610 372 2639 mss,
395 2601 432 2639 in
456 2603 537 2639 editis
555 2604 641 2637 deest,
660 2613 669 2630 t
691 2604 860 2639 designat“
877 2607 906 2631 et

109 2636 224 2677 legitur;
245 2646 254 2663 t
270 2638 312 2677 vel
328 2637 507 2677 qui__'fobiam
522 2640 635 2677 angelus
647 2636 838 2677 cornitat'ur...._
858 2640 904 2677 sed

108 2674 181 2700 etde
194 2672 355 2699 Pastoribu‘s
369 2673 446 2705 liber,
471 2683 482 2700 ι
496 2679 548 2701 etc.
567 2675 664 2702 Utrum
685 2681 774 2702 autent
794 2674 904 2701 unicui-

108 2715 160 2742 que
191 2708 295 2738 homini
319 2708 429 2742 angelos
458 2709 536 2741 duos,
556 2710 654 2737 bonum
684 2717 780 2742 unum,
803 2709 904 2736 malum

108 2743 224 2780 alterum
252 2743 333 2780 simul
356 2744 484 2780 assistere
501 2744 634 2778 Origenes
663 2745 817 2780 putaverit,
844 2744 904 2772 fuse

107 2778 252 2805 disseritur
270 2778 492 2815 Origem'anorum
514 2780 560 2807 lib.
579 2787 609 2812 tt,
635 2778 733 2815 qtizcst.
748 2780 775 2812 5,
795 2787 908 2808 numero

109 2814 428 2851 prajsprtiuttricesitttn.

142 2849 201 2883 (49)
226 2848 292 2876 Vide
308 2849 326 2876 Ι.
352 2857 369 2876 tt
386 2849 552 2884 0rigeniau.,
572 2858 598 2885 (ι.
614 2851 629 2877 7
643 2871 651 2885 ,
670 2860 696 2879 n.
709 2851 726 2878 5
749 2855 776 2878 ct
792 2850 835 2879 16.

917 2474 942 2501 5.
983 2473 1006 2489 ⁸³
1024 2472 1095 2499 Psal.
1115 2478 1226 2504 LXXXIV,
1239 2471 1266 2497 5.

961 1617 1092 1645 adversus
1115 1616 1250 1651 spiritalia
1265 1608 1395 1650 nequitia:
1419 1616 1446 1643 in
1470 1615 1666 1643 culestibus':
1681 1624 1691 1640 ι
1712 1615 1748 1642 ita

959 1664 1097 1699 oportebit
1114 1663 1226 1699 intelligi
1238 1663 1311 1698 quod
1329 1662 1398 1689 dixit
1410 1661 1478 1698 (41),
1498 1671 1507 1687 ‹
1522 1661 1616 1695 nobis;
1630 1670 1641 1688 ι
1655 1661 1681 1688 id
1694 1668 1748 1694 est,

959 1711 1025 1738 mihi
1040 1710 1142 1742 Paulo,
1160 1715 1188 1737 et
1212 1709 1290 1737 vobis
1317 1708 1460 1743 Ephesiis,
1487 1713 1516 1735 et
1540 1708 1749 1743 quibuscunque

959 1765 1011 1784 non
1027 1761 1069 1784 est
1093 1756 1255 1784 colluctatio
1283 1763 1345 1783 cum
1363 1762 1448 1781 carne
1474 1760 1502 1782 et
1529 1755 1673 1790 sanguine.
1700 1753 1749 1782 His

958 1803 1061 1830 etenim
1076 1807 1214 1830 certamen
1230 1806 1272 1829 est
1295 1801 1426 1829 adversus
1444 1800 1612 1837 principatus
1624 1806 1652 1828 et
1669 1806 1747 1835 pote-

958 1854 1054 1882 states,
1071 1849 1203 1875 adversus
1221 1848 1314 1875 mundi
1331 1849 1414 1883 hujus
1427 1855 1547 1875 rectores
1561 1848 1746 1880 tenebrarum,

958 1903 1011 1922 non
1026 1895 1097 1923 sicut
1113 1899 1172 1921 erat
1186 1894 1351 1926 Corinthiis,
1371 1894 1470 1928 quibus
1493 1898 1632 1921 certamen
1657 1893 1747 1920 adhuc

958 1943 1088 1970 adversus
1100 1947 1210 1968 carnem
1225 1946 1253 1968 et
1274 1941 1433 1974 sanguinem
1450 1944 1524 1972 erat,
1541 1946 1610 1974 quos
1631 1939 1747 1968 tentatio

957 1997 1011 2016 non
1028 1988 1250 2023 apprehenderat
1263 1986 1313 2014 nisi
1328 1986 1458 2013 humana.

991 2033 1017 2061 5.
1035 2033 1090 2061 Nec
1106 2038 1197 2060 tamen
1214 2032 1364 2067 putandum
1381 2036 1423 2058 est
1442 2030 1514 2065 quod
1531 2029 1632 2064 singuli
1646 2029 1748 2065 quium:

957 2081 1089 2108 adversus
1096 2079 1187 2107 omnia
1201 2079 1257 2107 haec
1270 2079 1421 2106 decertent.
1429 2077 1599 2112 lmpossibile
1608 2076 1681 2104 enim
1689 2077 1745 2112 (Η)

956 2127 982 2154 id
999 2134 1060 2154 esse
1084 2125 1204 2153 arbitror
1230 2124 1275 2152 ulli
1308 2124 1468 2156 hominum,
1494 2123 1619 2158 quamvis
1641 2122 1686 2149 ille
1713 2123 1748 2150 sit

955 2177 1069 2200 sanctus
1083 2170 1152 2206 (ὦ),
1168 2175 1197 2198 ut
1219 2170 1354 2197 adversus
1369 2169 1462 2197 omnia
1489 2169 1547 2196 haec
1566 2167 1645 2200 simul
1660 2168 1750 2204 possit

956 2217 1056 2244 habere
1077 2221 1226 2247 certamen.
1244 2212 1323 2253 Quod
1345 2215 1366 2242 si
1384 2215 1440 2242 ullo
1463 2215 1548 2246 modo
1568 2215 1594 2242 id
1618 2215 1746 2247 accidat,

956 2264 1029 2298 quod
1049 2268 1124 2291 certe
1140 2263 1201 2290 lieri
1225 2270 1278 2289 non
1298 2265 1397 2297 potest,
1422 2261 1590 2296 impossibile
1613 2265 1656 2288 est
1677 2264 1707 2287 ut
1723 2261 1748 2287 id

957 2317 1069 2344 prorsus
1090 2308 1163 2336 ferre
1186 2308 1270 2343 possit
1290 2308 1409 2334 humana
1427 2312 1523 2334 natura
1546 2307 1607 2334 sine
1629 2307 1749 2333 maxima

956 2355 1132 2383 subversioue
1156 2354 1215 2385 sui;
1235 2354 1283 2380 sed
1300 2355 1383 2385 sicut,
1399 2353 1475 2381 Verbi
1496 2353 1596 2388 gratia,
1612 2352 1748 2387 quinqua—

955 2403 1028 2438 ginta
1045 2401 1129 2435 aliqui
1158 2400 1271 2438 milites
1286 2400 1308 2426 si
1325 2400 1418 2426 dicant
1444 2399 1496 2426 sibi
1522 2399 1665 2426 imminere
1689 2406 1750 2425 cer-

1307 2470 1330 2486 ”
1343 2470 1363 2497 ll
1378 2471 1442 2498 Cor.
1463 2477 1522 2501 vnn,
1539 2469 1583 2496 16.
1624 2469 1648 2485 ⁸⁸
1661 2469 1746 2497 Zach.

933 2509 956 2524 ³⁸
981 2508 1062 2536 Prov.
1087 2515 1125 2541 tv,
1150 2506 1196 2534 25.
1234 2506 1267 2540 ,³³
1284 2506 1366 2533 Hebr.
1385 2514 1419 2539 tt,
1438 2506 1463 2532 tl.
1501 2504 1509 2519 ¹
1526 2505 1626 2538 Ephes.
1641 2504 1745 2539 “.27.

1007 2601 1051 2637 Μ)
1071 2601 1098 2629 1η
1111 2601 1179 2629 libb.
1194 2605 1272 2637 antea
1296 2601 1377 2629 editis
1392 2604 1464 2635 post,
1480 2608 1490 2625 t
1502 2599 1581 2631 dixit,
1596 2609 1606 2625 ι
1624 2598 1724 2637 legitur
1738 2607 1745 2625 :

963 2646 972 2663 ι
987 2634 1051 2665 Mihi
1067 2636 1151 2665 Paulo
1173 2642 1200 2664 et
1225 2636 1351 2672 Ephesiis
1372 2634 1470 2671 quibus
1490 2641 1628 2662 certamen
1657 2634 1746 2673 adhuc

960 2672 1092 2700 adversus
1109 2679 1219 2699 carnem
1235 2677 1262 2699 et
1279 2672 1441 2706 sanguinem
1456 2675 1524 2703 erat,
1543 2678 1611 2706 tinus
1631 2672 1746 2706 teutatto

959 2715 1013 2735 nou
1035 2708 1253 2742 apprehenderat
1277 2705 1482 2733 nisi’humaua.
1503 2715 1513 2732 ι
1537 2705 1635 2740 Sicque
1661 2705 1745 2731 multa

960 2741 1063 2770 omissa
1073 2741 1144 2769 sunt
1156 2749 1216 2777 qua:
1228 2741 1378 2769 restituunt
1390 2742 1468 2768 codd.
1484 2749 1552 2768 tnss.

996 2778 1052 2813 (42)
1072 2778 1157 2813 Caute
1174 2779 1242 2812 lege.
1266 2797 1275 2805 .

995 2810 1051 2848 ('43)
1071 2810 1244 2850 Sanctusflu
1260 2811 1320 2840 cod.
1340 2811 1498 2840 Cotbcieusi
1516 2813 1643 2845 habetur,
1659 2820 1668 2837 ι
1687 2810 1746 2850 spi-

958 2849 1036 2881 ritus,
1052 2857 1062 2874 ›
1082 2848 1161 2877 male.
