1860 3073
158 117 210 147 511

781 113 945 143 ΟΒΙΟΕΝΙΞ
963 114 1041 140 ΠΕΡΙ
1059 112 1173 140 ΑΡΧΩΝ

1732 112 1778 138 Sl'.’

160 181 254 204 taiuen
273 177 404 204 adversus
420 175 489 203 alios
509 174 719 209 quinquaginta,
737 181 790 201 non
813 175 849 201 ita
867 173 948 200 iutel—
963 177 987 204 Α
1001 171 1168 206 profectibus
1183 171 1254 205 ejus,
1269 169 1352 197 etiam
1371 177 1468 196 nomen
1482 169 1506 196 ei
1528 169 1610 197 Israel
1628 169 1713 202 dedit,
1730 171 1777 198 iste

161 223 298 258 figendum
309 227 361 254 est,
376 222 447 256 quod
464 228 534 248 unus
554 227 588 247 ex
603 220 657 248 illis
668 221 799 247 adversus
812 221 947 255 quinqua-

158 271 233 303 ginta
249 269 431 295 dimicaturus
446 269 494 299 sit,
508 266 555 294 sed
579 272 651 294 reete
674 266 742 294 dicit
761 267 947 301 unusquisque

158 317 278 347 illorum,
294 315 359 349 quia
377 319 515 351 certamen
537 313 615 340 nobis
637 319 678 340 est
700 313 845 340 adversum
866 314 947 347 quin-

157 361 283 395 quaginta
299 380 307 393 ,
338 359 464 386 omnibus
493 363 581 386 tamen
602 359 748 386 adversum
773 366 883 391 omnes;
909 359 944 385 ita

155 407 237 433 etiam
260 406 311 433 hoc
335 405 500 432 audiendum
525 409 567 431 est
591 405 662 438 quod
688 403 836 438 Apostolus
865 404 943 436 dicit,

154 453 227 487 quod
244 452 382 480 universis
404 451 514 486 athletis
527 457 556 480 et
582 452 714 479 militibus
733 451 836 479 Christi
861 450 944 478 collu-

154 499 239 526 ctatio
261 503 289 526 et.
310 503 448 526 certamen
470 502 513 525 est
538 500 669 526 adversus
693 499 785 526 omnia
807 499 858 526 ista
883 506 943 534 qua:

153 550 314 572 enumerata
334 550 413 578 sunt;
429 546 565 578 omnibus,
577 546 692 581 singulis
705 551 810 578 tamen,
823 546 866 573 vel
881 553 941 573 cum

152 591 267 626 singulis
282 591 375 618 futuro
396 592 557 623 certamine,
573 591 614 618 vel
642 598 719 619 certe
738 597 818 626 prout
840 593 941 624 proba-

153 642 210 663 tutn
232 636 317 664 fuerit
341 637 375 664 ab
400 638 498 672 agottis
519 638 603 672 ipsius
626 637 700 671 justo
731 638 846 672 praeside
875 637 939 664 Deo.

153 682 279 709 Arbitror
289 689 408 717 namque
423 684 486 717 quia
507 688 581 710 certa
604 691 731 710 mensura
756 684 794 710 sit
814 683 940 710 humanae

152 734 278 755 naturae:
295 729 346 757 etsi
362 729 462 756 Paulus
479 729 524 756 ille
543 730 580 757 sit
597 730 632 757 de
647 737 702 765 quo
717 730 837 757 dicitur:
861 739 869 755 ι
887 729 939 756 Vas

150 775 295 802 electionis
320 780 361 803 est
384 776 449 802 mihi
475 776 563 809 iste“;
584 788 593 802 υ
613 781 660 803 attt
685 775 783 804 Petrus
806 776 938 804 adversus

150 829 233 854 quem
252 827 338 856 porta:
363 822 443 849 inleri
456 829 510 849 non
534 822 693 857 praevalent,
714 827 762 850 aut
786 823 808 850 si
830 822 937 857 Moyses

149 867 196 894 ille
213 868 249 894 sit
275 867 379 894 amicus
397 867 443 895 Dei
468 867 541 903 (44),
564 866 678 902 quorum
707 867 796 895 nullus
825 875 937 902 prorsus

148 921 257 940 omnem
284 913 363 940 simul
384 914 604 940 adversariarum
632 913 763 940 virtntmn
795 919 935 941 catervam

147 964 239 993 posset
254 962 314 987 sine
329 960 381 994 [sui
399 959 490 994 aliqua
509 960 633 994 pernicie
651 959 778 992 tolerare,
800 961 851 987 ttisi
867 960 936 987 forte

147 1006 222 1032 illius
237 1005 322 1033 solius
336 1006 423 1033 virtus
439 1010 568 1038 operetur
584 1006 610 1033 itt
625 1013 658 1032 eo
671 1006 715 1040 qui
737 1005 822 1033 dixit:
839 1015 847 1032 t
863 1005 935 1033 Cort-

147 1050 234 1082 tidite,
261 1057 311 1085 ego
329 1050 380 1076 vici
404 1050 568 1077 mundum‘.
583 1059 592 1076 ι
612 1050 728 1085 Propter
745 1058 825 1086 quem
849 1052 935 1078 conti-

144 1095 244 1123 denter
258 1096 338 1124 etiam
360 1095 460 1123 Paulus
476 1097 604 1123 dicebat:
629 1105 638 1122 ι
657 1097 754 1123 Omnia
780 1105 888 1131 possunt
907 1098 932 1124 in

144 1150 179 1168 eo
195 1141 241 1176 qui
258 1149 302 1169 me
315 1141 452 1169 confortat
466 1142 593 1169 Christus
603 1143 624 1169 ⁵.
638 1152 648 1169 ι
664 1143 696 1170 Ει
712 1143 827 1170 iterum:
846 1153 856 1169 ι
868 1145 932 1171 Am-

143 1187 218 1222 plius
233 1193 324 1214 autem
345 1187 401 1223 (45)
420 1195 501 1221 quam
528 1195 622 1215 omnes
648 1188 685 1215 illi
709 1188 850 1222 laboravi,
879 1197 931 1216 non

145 1237 236 1260 autem
249 1241 311 1268 ego,
326 1235 373 1261 sed
386 1233 473 1268 gratia
493 1234 539 1260 Dei
553 1242 656 1261 ntecunt
668 1235 690 1263 ⁶.
705 1244 714 1261 ι
730 1235 846 1269 Propter
860 1236 933 1264 hanc

143 1287 208 1314 «ergo
229 1280 356 1306 virtutem
378 1288 440 1314 quze
465 1282 559 1315 utique
584 1281 699 1307 lnnnana
724 1289 777 1308 non
799 1286 851 1314 est,
866 1290 930 1316 ope-

143 1329 249 1352 rantem
268 1331 294 1352 et
307 1325 462 1360 loquentem
476 1327 503 1354 iit
519 1335 562 1358 se,
578 1326 680 1354 Paulus
695 1327 802 1354 dicebat
817 1337 823 1354 :
843 1338 852 1353 ι
864 1328 928 1356 Cer-

143 1376 186 1398 tus
202 1378 262 1398 sunt
280 1377 370 1398 autent
384 1372 447 1407 quia
460 1380 547 1407 neque
561 1380 647 1403 mors,
660 1380 748 1408 neque
761 1375 827 1407 vita,
845 1382 931 1410 neque

142 1417 243 1452 angeli,
262 1425 350 1452 neque
366 1418 548 1453 principatus,
561 1426 648 1453 neque
661 1424 822 1453 potestates,
840 1428 928 1456 neque

141 1463 305 1497 prtcsentia,
334 1471 424 1498 neque
449 1464 556 1498 futura,
576 1472 664 1499 neque
687 1465 822 1499 altitudo,
841 1475 928 1502 neque

140 1508 319 1542 profundum,
336 1516 424 1543 neque
442 1510 539 1542 virtus,
557 1517 644 1545 neque
660 1510 712 1537 alia
737 1511 789 1538 ulla
803 1518 926 1540 creatura
941 1530 962 1559 α

139 1554 240 1587 poterit
257 1562 307 1582 nos
331 1562 460 1590 separare
482 1564 497 1583 a
522 1556 656 1584 cliaritatc
675 1557 736 1590 Dei,
751 1565 812 1592 quae
832 1563 874 1586 est
899 1559 926 1586 in

139 1601 250 1628 Christo
270 1600 335 1628 Jesu
353 1602 468 1629 Domino
491 1607 583 1629 nostro
594 1603 616 1630 ⁷.
630 1614 639 1629 ι
658 1603 719 1630 Sola
736 1604 809 1631 cuitu
830 1612 879 1640 per
898 1612 927 1632 se

139 1647 258 1673 lnnuana
281 1652 377 1674 natura
394 1655 447 1675 ttou
471 1649 590 1675 arbitror
610 1649 674 1684 qttia
688 1651 774 1684 possit
795 1650 927 1678 adversus

140 1693 264 1727 angelos,
276 1698 303 1720 et
319 1693 428 1721 excelsa
441 1699 467 1720 et
482 1694 624 1728 profunda,
636 1700 663 1722 et
676 1696 757 1723 aliam
772 1701 925 1724 creaturam

139 1738 242 1765 habere
257 1744 414 1773 certamen;
438 1741 485 1767 sed
502 1748 562 1768 cum
582 1743 701 1769 senserit
720 1749 880 1777 prmsentem
898 1744 924 1771 iu

138 1791 168 1810 se
190 1783 333 1811 Dominum
354 1790 382 1812 et
405 1785 626 1820 ittltabitatttem,
652 1787 818 1814 conlidetttia
838 1788 922 1814 divini

136 1830 265 1864 adjutorii
279 1831 370 1858 (licet:
385 1840 394 1856 ι
413 1831 542 1859 Dominus
560 1832 723 1860 illumiuatio
745 1841 805 1860 nica
819 1838 847 1861 et
862 1834 924 1860 Sal-

135 1881 215 1903 vator
228 1884 316 1910 meus,
331 1885 410 1912 quem
425 1878 546 1905 timebo?
564 1879 695 1905 Dominus
708 1883 847 1913 protector
862 1880 924 1906 vita:

135 1929 212 1953 meat,
226 1930 240 1949 a
260 1930 314 1958 quo
329 1924 469 1958 trepidabo
482 1924 559 1959 (46)?
577 1923 644 1950 Dtnit
662 1925 827 1959 appropiant
842 1933 924 1959 super

134 1976 178 1996 tne
194 1975 323 1997 nocentes
338 1976 366 1997 ut
389 1970 472 1997 edant
496 1978 593 1998 carnes
610 1978 700 2002 meas,
725 1971 770 2005 qui
794 1971 923 1998 tribulant

134 2022 178 2040 me
195 2014 297 2041 inimici
314 2015 378 2047 mei,
393 2015 443 2050 ipsi
467 2015 596 2042 infirmati
619 2020 683 2042 suttt
700 2021 728 2043 et
748 2016 919 2043 ceciderunt.

135 2060 163 2086 Si
181 2061 332 2087 consistant
348 2062 493 2089 adversum
508 2069 552 2088 me
569 2066 671 2094 castra,
684 2070 737 2089 nort
754 2063 860 2090 timebit
874 2071 922 2090 cor

134 2112 241 2138 meum;
261 2106 283 2132 si
299 2110 429 2140 exsurgat
446 2108 589 2133 adversum
608 2114 649 2133 me
667 2106 804 2141 prtelium,
823 2107 850 2134 in
870 2108 920 2135 hoc

133 2158 183 2184 ego
201 2151 317 2185 sperabo
329 2151 350 2177 ’⁸.
368 2161 377 2177 ι
399 2151 476 2179 Unde
491 2159 541 2186 ego
557 2152 676 2178 arbitror
691 2152 746 2187 (47)
765 2154 835 2187 qttod
852 2161 921 2180 nuu—

999 217 1133 252 eumipsa
1151 216 1287 249 luctatur;
1309 216 1334 243 id
1351 220 1409 248 est,
1424 222 1487 242 cum
1503 214 1562 250 ipso
1583 216 1664 243 estin
1684 224 1777 252 agone,

997 262 1188 296 etjuvateum
1211 262 1239 289 iit
1264 262 1430 294 certamine;
1449 268 1510 288 cum
1526 261 1584 288 sine
1609 261 1692 289 dubio
1713 262 1778 291 alius

996 313 1068 336 esset
1085 309 1218 336 adversus
1231 315 1312 342 quem
1328 307 1483 340 dimicaret,
1504 312 1532 336 et
1558 308 1690 336 adversus
1702 316 1776 343 quem

995 354 1019 381 ei
1040 359 1180 382 certamen
1207 358 1342 389 ageretur.
1370 354 1492 389 Denique
1515 353 1615 382 Paulus
1636 363 1690 382 non
1714 355 1779 382 dixit

995 400 1074 426 nobis
1091 407 1152 427 esse
1167 399 1303 427 luctamen
1329 408 1388 427 cum
1409 400 1585 435 principibus,
1605 400 1645 427 vel
1659 409 1718 427 cum
1734 409 1777 435 po-

995 444 1150 477 testatibus,
1163 445 1209 472 sed
1231 446 1359 472 adversus
1370 445 1538 480 principatus
1549 449 1576 471 et
1588 450 1735 479 potestates
1745 445 1775 473 ”.

995 490 1072 518 Umle
1087 491 1139 518 etsi
1155 490 1239 517 Jacob
1261 490 1379 517 luctatus
1404 495 1455 523 est,
1473 491 1531 518 sine
1553 491 1634 518 dubio
1646 491 1775 518 adversus

992 535 1109 570 aliquam
1125 535 1220 562 harum
1236 535 1369 562 virtutum
1381 535 1498 562 luctatus
1512 540 1562 566 est,
1579 542 1646 569 quas
1658 535 1775 562 ltutnauo

993 581 1103 616 generi,
1127 585 1155 608 et
1173 581 1275 608 sanctis
1299 581 1434 615 pra-cipue
1457 581 1596 607 adversari
1616 587 1643 608 et
1669 589 1775 608 movere

992 627 1142 654 certamina
1168 626 1267 654 Paulus
1289 629 1422 653 enuntiat.
1447 627 1510 654 Ideo
1524 627 1639 661 denique
1663 627 1729 654 dicit
1744 629 1776 655 de

991 682 1024 700 eo
1040 673 1179 708 Scriptura
1193 693 1200 706 ,
1218 674 1282 708 quia
1299 683 1307 699 ι
1323 674 1441 700 luctatus
1463 679 1506 701 est
1525 682 1587 701 cum
1613 675 1728 709 angelo,
1747 680 1775 702 et

991 721 1103 747 invaluit
1127 720 1160 747 ad
1184 720 1266 747 Deum
1282 720 1320 752 “;
1336 730 1344 746 ι
1365 726 1391 747 ut
1413 721 1449 747 sit
1473 720 1569 755 agonis
1588 721 1698 755 quidem
1716 729 1774 749 cer-

990 771 1078 793 tattteu
1095 767 1184 801 angeli
1211 766 1346 800 adjutorio
1372 772 1572 800 sustentatum,
1600 767 1773 801 perfectionis

988 819 1053 840 vero
1071 813 1159 846 palma
1176 813 1330 840 vincentem
1347 813 1479 847 perducat
1498 813 1531 840 ad
1545 812 1639 840 Deum.

953 858 974 886 Β
1024 858 1050 885 6.
1074 859 1129 886 Nec
1152 866 1218 886 sane
1246 859 1435 886 arbitrandunt
1461 863 1505 885 est
1529 859 1591 893 quia
1619 859 1771 894 ltujusntodi

988 905 1136 931 certamina
1161 912 1308 939 corporqu
1335 905 1434 931 robore
1463 909 1491 931 et
1520 904 1678 939 palaestrica:
1705 906 1771 934 artis

986 951 1127 978 exercitiis
1142 956 1320 986 peraguntur,
1339 950 1387 977 sed
1405 950 1509 984 spiritui
1535 951 1666 979 adversus
1690 952 1771 986 spiri-

987 1002 1042 1024 tum
1057 998 1114 1033 (iS)
1139 1005 1229 1032 pugna
1246 1002 1298 1030 est,
1322 997 1448 1024 similiter
1473 1002 1503 1023 ut
1524 996 1624 1025 Paulus
1649 999 1772 1034 designat

986 1044 1116 1070 adversus
1135 1043 1319 1078 principatus,
1331 1047 1359 1070 et
1374 1047 1535 1078 potestates,
1547 1051 1574 1071 et
1585 1044 1676 1071 mundi
1692 1043 1771 1079 huius

986 1094 1106 1116 rectores
1131 1090 1304 1116 tenebrarum
1333 1089 1412 1116 nobis
1445 1090 1588 1117 imminere
1620 1095 1770 1119 certamen.

984 1134 1041 1170 Ipsa
1058 1143 1122 1162 vero
1136 1136 1316 1163 certaminum
1341 1136 1446 1170 species
1469 1136 1505 1162 ita
1525 1136 1700 1171 intelligenda
1717 1142 1769 1170 est,

983 1190 1043 1209 cum
1062 1183 1157 1209 damna
1169 1202 1177 1214 ,
1194 1190 1256 1209 cum
1272 1182 1409 1218 pericula,
1426 1190 1488 1210 cttm
1513 1183 1661 1218 opprobria
1672 1204 1680 1216 ,
1707 1192 1767 1211 cum

982 1227 1189 1256 criminationes
1214 1229 1370 1256 excitantur
1399 1228 1543 1257 adversum
1572 1239 1638 1263 nos,
1663 1239 1717 1258 non
1742 1232 1767 1259 id

981 1275 1124 1309 agetttibus
1136 1275 1257 1303 adversis
1272 1276 1457 1311 potestatibus
1469 1282 1498 1304 ut
1510 1278 1565 1305 base
1580 1280 1769 1307 tantummodo

986 1321 1138 1354 patiamur,
1163 1322 1211 1348 sed
1235 1327 1264 1349 ut
1286 1330 1334 1357 per
1351 1323 1408 1352 lucc
1432 1323 1475 1351 vel
1499 1325 1532 1352 ad
1551 1325 1619 1352 iram
1642 1325 1768 1357 multam,

980 1368 1021 1394 vel
1042 1369 1075 1395 ad
1101 1368 1240 1395 tristitiam
1266 1369 1393 1402 nimiam,
1420 1370 1461 1397 vel
1488 1370 1522 1398 ad
1547 1370 1766 1405 desperationem

979 1414 1101 1441 ultimam
1122 1422 1313 1449 provocemur;
1329 1415 1370 1442 vel
1391 1421 1464 1443 certe
1486 1417 1558 1451 quod
1574 1422 1617 1445 est
1631 1418 1765 1452 gravius,

978 1461 1108 1495 conqueri
1138 1462 1267 1489 adversus
1293 1463 1376 1490 Deum
1404 1464 1507 1498 fatigati
1531 1469 1558 1491 et
1586 1465 1653 1492 victi
1680 1465 1768 1491 tzcdiis

979 1507 1186 1541 compellantur,
1206 1512 1334 1543 tanquam
1351 1509 1497 1536 hutnanam
1512 1510 1596 1537 vitam
1617 1517 1671 1537 non
1688 1518 1766 1545 teque

976 1553 1102 1587 justeque
1130 1553 1336 1587 moderantem;
1355 1560 1385 1582 ul.
1410 1563 1457 1590 per
1475 1555 1528 1582 hoc
1553 1555 1723 1583 inﬁrmemur
1737 1556 1765 1583 iu

979 1598 1042 1630 fide,
1059 1597 1101 1624 vel
1119 1597 1277 1625 decidamus
1294 1598 1328 1625 ab
1342 1606 1400 1633 spe,
1416 1599 1457 1626 vel
1479 1599 1620 1626 transferri
1635 1607 1766 1634 cogamur

977 1650 992 1669 a
1011 1643 1126 1671 veritate
1143 1644 1318 1678 dogmatnm,
1341 1649 1368 1671 et
1397 1644 1509 1680 intpiuttt
1535 1645 1638 1680 aliquid
1654 1646 1687 1673 de
1708 1645 1765 1674 Deo

977 1691 1080 1718 sentire
1109 1692 1335 1725 persuadcautur.
1365 1691 1443 1718 Talia
1481 1699 1602 1726 namque
1638 1693 1763 1727 quaedam

976 1736 1078 1770 scripta
1096 1741 1158 1763 sunt
1178 1738 1211 1764 de
1226 1736 1295 1770 Joh,
1309 1745 1370 1764 cum
1392 1737 1517 1765 diabolus
1534 1739 1591 1765 dari
1607 1738 1658 1765 sibi
1678 1738 1763 1766 facul-

977 1786 1059 1808 tatem
1075 1782 1206 1809 bonoruttt
1224 1783 1282 1818 ejus
1299 1784 1472 1818 poposcisset
1495 1792 1509 1810 a
1535 1783 1600 1812 Deo.
1620 1784 1674 1812 Per
1690 1785 1763 1819 quod

977 1828 1059 1855 etiant
1076 1828 1142 1855 illud
1160 1829 1319 1861 educentur,
1335 1830 1406 1864 quod
1419 1838 1472 1857 nou
1492 1829 1612 1857 fortuitis
1627 1831 1765 1865 aliquibus

976 1875 1182 1902 incursionibus
1204 1876 1412 1910 impugnemur.
1438 1877 1460 1904 si
1488 1877 1598 1912 quando
1622 1885 1673 1906 nos
1698 1878 1763 1905 talia

974 1921 1066 1955 aliqua
1080 1921 1242 1948 facultatum
1258 1923 1357 1949 damna
1376 1924 1569 1957 percusserint,
1585 1931 1674 1958 neque
1689 1925 1763 1958 quod

975 1967 1091 1994 fortuito
1106 1973 1262 1994 nostrorum
1279 1968 1377 2002 aliquis
1392 1969 1517 2002 captivus
1537 1969 1696 2001 abducitur,
1719 1970 1762 1997 vel

973 2013 1117 2040 dotuorum
1129 2012 1186 2048 (49)
1204 2014 1289 2040 ruime
1306 2015 1332 2040 iu
1348 2014 1446 2048 quibus
1462 2014 1538 2041 cltari
1554 2015 1657 2050 quique
1669 2016 1762 2050 oppri-

973 2063 1094 2090 tttatttttr,
1112 2059 1260 2092 eveniunt;
1279 2059 1303 2085 in
1319 2060 1420 2094 quibus
1432 2060 1558 2087 omnibus
1573 2062 1763 2097 unusquisque

972 2105 1093 2132 fidelium
1110 2105 1201 2132 dicere
1222 2106 1315 2139 debet,
1336 2106 1399 2140 quia
1418 2115 1427 2132 ‹
1445 2106 1503 2133 Non
1525 2107 1640 2135 haberes
1660 2109 1763 2136 adver-

971 2159 1034 2178 sum
1065 2159 1108 2178 me
1131 2156 1313 2186 potestatem,
1338 2152 1391 2179 ttisi
1418 2157 1492 2180 esset
1515 2154 1576 2181 data
1598 2154 1646 2181 tibi
1675 2155 1763 2182 desu-

133 2204 215 2231 quant
231 2196 312 2223 homo
327 2196 452 2224 fortassis
465 2206 513 2232 per
529 2199 648 2234 seipsum
663 2200 791 2226 virtutem
810 2205 917 2227 contra-
935 2202 957 2230 Ι)
973 2206 1022 2233 per
1033 2198 1066 2224 “'.
1083 2208 1092 2224 ι
1111 2198 1177 2226 Vide
1192 2198 1248 2233 (50)
1263 2198 1334 2225 enim
1348 2198 1412 2232 quia
1426 2206 1479 2226 non
1499 2199 1642 2228 cecidisset
1660 2202 1763 2230 donius

133 2242 201 2269 riattt
219 2243 328 2270 vincere
349 2247 447 2277 potest,
464 2243 516 2271 nisi
541 2253 606 2272 usus
621 2245 702 2272 fuerit
723 2245 856 2280 adjutorio
875 2247 917 2274 di-

131 2288 205 2315 vino.
228 2288 304 2316 Unde
329 2294 357 2316 et
380 2290 490 2325 angelus
514 2291 634 2318 luctatus
651 2299 711 2318 esse
731 2292 831 2319 dicitur
854 2301 916 2319 cuttt

130 2332 246 2360 Jacob’.
271 2333 348 2367 Quod
374 2343 423 2362 tios
439 2335 548 2368 quidem
576 2336 612 2362 ita
639 2336 831 2372 intelligimus,
853 2339 916 2372 quia

130 2387 183 2406 nou
203 2380 273 2408 idem
292 2381 327 2408 sit
352 2382 483 2409 luctatunt
506 2390 565 2410 esse
580 2391 641 2410 cum
664 2382 748 2411 Jacob
772 2385 915 2420 angelum,

129 2427 199 2460 quod
224 2431 266 2454 est
283 2428 426 2455 adversum
452 2427 554 2462 Jacob;
582 2430 630 2456 sed
654 2430 677 2457 is
697 2431 805 2464 quidem
819 2432 865 2466 qui
889 2432 914 2458 ei

130 2472 228 2500 salutis
245 2472 324 2509 142
347 2474 431 2508 ipsius
445 2482 528 2502 causa
553 2475 664 2508 aderat,
687 2476 733 2510 qui
749 2481 777 2503 et
801 2476 916 2511 cognitis

165 2533 175 2548 ³
188 2533 249 2561 Act.
267 2541 307 2565 ιιι,
325 2534 370 2561 15.

128 2576 203 2600 xxvr,
228 2569 252 2601 l,
276 2568 304 2601 2,
331 2569 358 2602 5,
378 2569 405 2596 4.

409 2535 421 2550 ⁸
433 2533 511 2561 Jnau.
526 2535 581 2566 xvi,
598 2535 643 2563 55.

455 2569 545 2598 θῦθιι.
572 2579 659 2604 xuii,
683 2571 729 2599 24.

163 2649 220 2687 (lit)
240 2649 308 2687 _Vitle
327 2649 375 2677 lib.
394 2649 598 2687 ttﬂOrigenianq
615 2659 643 2687 q.
660 2652 686 2683 7,
705 2660 733 2680 ιι,
752 2651 795 2678 l7.

164 2686 222 2719 (l5)
242 2685 280 2711 Ita
299 2693 364 2712 mss.
385 2685 470 2718 Alias,
489 2695 497 2711 ι
512 2685 680 2714 confer-tavit
696 2688 832 2715 Christus.
851 2687 917 2714 Am-

128 2719 199 2753 plius
214 2725 316 2746 autem.
331 2729 340 2746 ι
356 2726 408 2747 etc.

164 2755 221 2789 (46)
241 2754 368 2782 Dominus
379 2761 510 2792 protector
522 2757 579 2784 vilw
591 2765 665 2789 mete,
678 2766 694 2783 a
705 2766 756 2792 quo
771 2757 915 2791 trepidabo.

128 2788 191 2817 lltcc
208 2788 307 2827 antisse
324 2796 387 2817 sunt
403 2791 429 2818 in
450 2798 528 2819 antea
542 2793 642 2825 editis,
657 2788 720 2820 licet
742 2788 915 2827 reperiantur

130 2834 154 2851 Ilt
168 2825 295 2851 omnibus
313 2834 376 2853 mss.

166 2859 222 2897 (47)
243 2860 308 2889 Vide
327 2860 478 2897 Urigcniun.
497 2861 543 2889 lib.
560 2869 591 2895 tt,
614 2870 641 2898 q.
659 2862 684 2894 '.7,
700 2871 727 2889 ιι.
746 2863 785 2890 l7.

688 2536 699 2552 ⁸
716 2535 813 2569 Philip.
832 2544 875 2569 iv,
893 2536 936 2563 15.
992 2536 1002 2549 δ
1018 2535 1024 2560 1

688 2571 729 2599 24.
777 2572 799 2587 "
818 2572 918 2606 Epltes.
934 2578 974 2604 vt,
992 2570 1036 2597 1‘2.

970 2243 1021 2270 Job
1037 2251 1117 2277 supra
1143 2244 1211 2270 filius
1237 2243 1295 2278 ejus
1314 2244 1366 2270 ttisi
1391 2244 1468 2278 prius
1487 2245 1616 2272 adversus
1635 2254 1683 2273 eos
1701 2247 1763 2274 dia-

972 2289 1052 2316 bolus
1071 2290 1223 2324 accepisset
1238 2295 1416 2325 potestatem;
1435 2298 1525 2327 neque
1548 2293 1656 2326 equites
1671 2294 1763 2320 ternis

971 2335 1113 2362 ordinibus
1129 2335 1284 2367 irruisseut,
1302 2340 1331 2363 ut
1345 2343 1473 2372 raperent
1494 2339 1612 2366 camelos
1628 2339 1700 2374 ejus,
1717 2340 1762 2367 vel

973 2382 1065 2414 boves,
1092 2386 1247 2416 Cteteraque
1273 2383 1418 2416 animalia,
1443 2384 1494 2411 nisi
1517 2385 1638 2412 instincti
1664 2386 1700 2412 ab
1725 2393 1761 2412 eo

971 2428 1068 2462 spiritu
1082 2428 1125 2454 cui
1138 2435 1167 2455 se
1183 2427 1326 2455 ministros
1339 2436 1371 2455 cx
1388 2430 1519 2464 propositi
1535 2430 1576 2457 sui
1599 2430 1760 2458 obedientia

970 2474 1205 2507 tnnnciparerant.
1223 2474 1276 2502 Sed
1295 2483 1344 2502 nec
1358 2475 1400 2502 ille
1414 2476 1525 2510 quidem
1547 2476 1594 2510 qui
1611 2477 1760 2504 videbatur

992 2536 1002 2549 δ
1018 2535 1024 2560 1
1042 2535 1104 2560 Cor.
1121 2541 1165 2565 xv,
1184 2533 1227 2560 10.
1282 2534 1291 2548 ⁷
1310 2533 1387 2560 llom.
1406 2541 1453 2561 vttt
1465 2555 1472 2565 ,
1490 2535 1534 2565 58,
1553 2535 1598 2563 59.
1654 2535 1665 2551 ⁸
1680 2535 1756 2564 Psal.

1076 2569 1096 2584 ¹¹
1111 2568 1178 2596 Gen.
1197 2576 1282 2602 xxx",
1291 2569 1337 2595 24.

1282 2534 1291 2548 ⁷
1310 2533 1387 2560 llom.
1406 2541 1453 2561 vttt
1465 2555 1472 2566 ,
1490 2535 1534 2567 58,
1553 2535 1598 2563 59.

1377 2569 1398 2584 ¹¹
1409 2568 1487 2596 Joau.
1504 2578 1561 2603 xu,
1577 2570 1620 2597 11.

1002 2652 1059 2687 (48)
1080 2652 1126 2680 Sic
1139 2660 1205 2690 mss.
1220 2653 1332 2690 Alias”
1342 2658 1368 2681 et
1381 2653 1541 2688 palmstricte
1552 2654 1661 2682 virtutis
1686 2663 1752 2690 per-

966 2693 1093 2722 aguntur.
1103 2689 1149 2716 sed
1158 2688 1274 2723 spiritus
1287 2689 1416 2715 adversus
1431 2690 1565 2723 spiritum,
1581 2699 1590 2716 ι
1603 2695 1657 2717 etc.

1003 2723 1058 2757 (49)
1078 2723 1156 2752 Libb.
1172 2724 1250 2755 editi,
1269 2732 1278 2749 ι
1291 2723 1332 2750 vel
1350 2724 1457 2751 domus.
1468 2733 1477 2750 ι
1494 2724 1557 2751 Mss.
1572 2733 1582 2750 ι
1597 2726 1640 2752 vel
1655 2726 1750 2754 dumo-

966 2765 1026 2794 rum
1056 2760 1151 2786 ruinae.
1169 2768 1178 2785 ›
1193 2758 1294 2785 Ibidem
1320 2766 1398 2789 mss.,
1424 2767 1433 2784 ι
1456 2761 1664 2794 opprimantur,
1688 2770 1751 2790 eve-

966 2793 1054 2820 niunt.
1069 2802 1078 2819 )
1093 2794 1177 2826 Alias,
1193 2803 1202 2819 ε
1215 2794 1415 2827 opprimantur,
1431 2793 1546 2823 ruerint.
1559 2804 1569 2821 ι

1002 2828 1058 2864 (50)
1080 2828 1124 2856 Sic
1139 2837 1204 2857 mss.
1218 2829 1303 2863 Alias,
1322 2838 1331 2855 ι
1349 2829 1411 2857 vidi.
1426 2839 1436 2855 ι
