1860 3073
147 95 202 124 515

764 95 925 124 ORIGENIS
944 97 1022 124 ΠΕΡΙ
1043 96 1156 122 ΑΡΧΩΝ

1725 88 1786 116 516

148 153 192 181 vel
219 153 252 181 de
277 154 481 189 quibuscunqne
503 155 701 183 excelsioribus
727 157 819 190 rebus,
836 158 878 185 vel
902 160 934 184 de
949 159 973 187 Α
988 157 1100 186 haeresis
1115 155 1252 190 principes
1266 162 1328 182 cum
1344 154 1420 189 prius
1435 152 1484 187 ipsi
1500 158 1623 180 errorem
1636 150 1713 178 falsa:
1730 150 1789 177 do-

149 200 229 228 honaa
252 207 284 227 ac
310 200 394 228 beata:
414 200 477 227 vitae
503 201 675 229 institutione
699 203 810 236 sentire,
832 203 880 230 sed
895 208 936 231 est

151 246 298 279 talis,verbi
313 253 406 278 causa,
417 252 445 273 ιιι
456 252 497 275 est
510 247 599 274 onmis
610 255 654 275 ars
667 249 782 282 poetica,
794 249 835 276 vel
846 257 936 283 gram-

150 291 260 323 matica,
279 291 320 318 vel
344 293 490 326 rhetorica,
511 292 553 320 vel
569 294 729 328 geometria,
754 295 796 321 vel
819 295 935 326 musica,

149 345 212 364 cum
228 337 327 372 quibus
344 340 548 366 anmrmeranda
561 345 602 367 est
615 339 740 368 fortassis
754 341 835 368 etiam
852 342 937 368 medi-

150 382 221 409 cina.
251 382 279 409 ln
311 383 354 410 his
382 384 509 411 omnibus
534 385 697 419 sapientiam
733 386 824 413 mundi
856 385 935 420 httjus

149 428 241 455 inesse
263 429 433 456 sentiendum
456 434 508 458 est.
522 429 687 464 Sapientiam
703 438 766 458 vero
782 431 935 466 principum

150 473 233 507 hujus
257 475 348 502 mundi
372 475 559 510 intelligimus,
579 481 607 502 ut
626 481 668 503 est
690 476 878 511 [Egyptiorum
893 484 936 503 se-

148 523 236 551 creta,
250 527 330 554 quam
347 520 450 554 dicunt,
463 524 490 547 et
505 521 608 548 occulta
622 521 802 556 philosophia,
814 526 841 548 et
852 520 935 548 Chal-

150 566 271 593 daaorum
287 567 430 602 astrologia
448 572 475 594 et
493 567 619 595 Indorum
636 569 693 605 (58)
709 570 743 596 de
759 569 871 596 scientia
887 577 935 597 cx-

150 611 216 639 celsi
248 612 445 646 pollicentium,
478 614 526 641 sed
556 619 583 642 et
609 614 765 642 Grzecorum
795 615 934 649 multiplex

149 657 279 691 variaque
295 657 328 685 de
347 657 494 686 Divinitate
521 660 666 686 sententia.
696 660 779 694 Igitur
805 661 830 687 in
861 660 936 687 Scri-

150 702 238 736 pluris
251 703 354 731 sanctis
370 704 522 731 invenimus
533 705 670 740 principes
681 713 741 733 esse
757 714 804 741 per
818 707 937 742 singulas

151 753 255 783 gentes,
274 751 343 777 sicut
365 750 391 777 in
418 750 528 779 Daniele
544 751 690 786 legimus“
706 753 856 787 principem
878 761 936 781 esse

150 795 293 829 quemdam
313 796 388 831 regni
410 796 552 824 Persarum
568 797 637 834 (5‘)),
648 802 675 825 ct
689 799 770 825 alium
788 799 936 834 principem

989 203 1084 230 ctrina:
1099 209 1149 236 pro
1165 200 1282 228 verita'te
1297 199 1476 234 susceperint,
1491 202 1519 224 et
1536 197 1606 224 hanc
1624 203 1687 224 esse
1703 195 1788 222 veri-

989 251 1071 275 tatem
1093 246 1163 282 apud
1187 245 1348 280 semetipsos
1373 243 1568 278 judicaverint,
1585 248 1651 269 tunc
1665 241 1787 269 demum

987 293 1069 320 etiam
1093 293 1201 320 caeteris
1228 292 1324 319 eadem
1355 291 1519 326 persuadere
1541 293 1688 321 conantur,
1718 293 1790 322 quae

988 339 1057 373 apud
1085 338 1248 372 semetipsos
1273 344 1338 364 vera
1362 343 1423 364 esse
1436 335 1609 366 censuerint;
1623 335 1660 361 ita
1675 338 1790 368 putan-

988 385 1050 412 dum
1076 388 1118 411 est
1142 383 1233 411 facere
1256 387 1283 410 et
1300 382 1436 417 principes
1457 381 1537 416 hujus
1553 380 1661 412 mundi,
1680 379 1709 406 in
1725 385 1792 414 quo

987 431 1087 458 mundo
1110 434 1194 457 certae
1223 436 1340 463 quaeque
1372 428 1510 463 spiritales
1543 427 1660 454 virtutes
1686 431 1792 453 certa-

987 483 1046 502 rum
1071 475 1129 510 (6‘2)
1153 474 1274 509 gentium
1301 475 1405 501 sortita:
1432 478 1498 501 sunt
1527 473 1725 508 principatum,
1759 475 1793 498 et

987 527 1100 558 propter
1115 522 1165 548 hoe
1180 521 1318 556 prittcipes
1333 520 1412 554 hujus
1435 520 1526 546 tnundi
1541 519 1685 554 appellata:
1703 522 1788 545 sunt.

988 568 1057 596 Sunt
1083 572 1213 603 pra-terea
1243 567 1324 594 etiam
1354 566 1413 593 alia:
1437 570 1536 600 przeter
1559 565 1610 592 hos
1639 564 1791 599 principes

988 613 1121 649 speciales
1149 611 1229 648 144
1257 612 1377 646 quaedam
1404 611 1460 647 (65)
1481 611 1574 638 mundi
1594 611 1676 645 hujus
1697 617 1791 637 ener-

987 659 1037 694 gial.
1054 657 1123 694 (64),
1141 659 1167 685 id
1187 663 1240 689 est,
1258 657 1375 684 virtutes
1400 656 1538 691 spiritales
1565 656 1674 690 aliqum,
1705 660 1790 683 certa

988 705 1109 739 quzedam
1133 708 1278 738 operantes
1304 710 1365 737 quae
1384 703 1449 738 ipsae
1466 702 1519 730 sibi
1541 710 1590 737 pro
1602 701 1713 729 arbitrii
1739 701 1790 728 sui

988 751 1112 779 libertate
1134 755 1162 777 ut
1177 753 1288 784 agerent
1303 751 1456 785 elegerunt,
1476 756 1510 776 ex
1527 748 1627 784 quibus
1644 752 1713 775 sunt
1736 747 1790 775 isti

989 797 1127 832 principes
1140 796 1186 830 qui
1205 799 1354 829 operantur
1370 795 1533 830 sapientiam
1560 794 1642 830 hujus
1662 794 1764 821 mundi
1780 801 1790 824 ς

151 840 227 875 regni
252 840 409 868 Griecorutn
435 849 502 876 quos
517 850 570 870 non
587 843 709 870 homines
731 850 804 874 esse,
817 843 865 870 sed
882 844 936 870 vir—
952 838 973 865 Β
989 843 1065 870 verbi
1083 850 1175 876 causa,
1189 847 1219 869 ut
1237 843 1272 869 sit
1287 842 1397 876 propria
1410 840 1533 876 quaedam
1550 841 1661 876 energia
1679 848 1714 868 ac
1727 840 1792 867 vir-

151 890 223 913 tutes
246 887 390 921 quasdam,
405 889 546 916 evidenter
567 897 601 916 ex
629 890 822 924 consequentia
851 890 936 924 ipsius

151 931 277 959 lectionis
301 934 464 961 ostenditur.
481 933 533 961 Sed
553 939 580 962 et
598 935 624 962 in
639 935 782 962 Ezechiele
805 935 936 970 propheta

150 977 279 1013 princeps
303 977 367 1014 Tyri
389 979 475 1007 virtus
490 987 550 1007 esse
567 981 689 1015 quaedam
703 981 834 1015 spiritalis
848 981 935 1009 inani-

151 1023 302 1051 festissimc
317 1025 514 1060 designatur“.
527 1025 559 1053 ili
578 1033 643 1061 ergo
657 1031 683 1054 et
704 1027 751 1054 alii
771 1026 935 1061 hujusmodi,

151 1070 282 1098 habentes
298 1071 395 1106 singuli
410 1072 559 1106 sapientius
575 1081 650 1105 suas,
666 1077 692 1101 et
713 1078 869 1101 astruentes
889 1074 937 1101 do‘

152 1120 243 1151 gntata
267 1123 316 1143 sua
344 1117 488 1152 variasque
512 1119 674 1153 sententias,
697 1124 726 1147 ut
742 1120 867 1148 viderunt
882 1120 937 1148 Do-

151 1161 256 1189 minum
275 1167 302 1189 et
318 1163 486 1191 Salvatorem
502 1169 623 1192 nostrum
636 1165 810 1200 pollicentem
826 1171 853 1194 et
866 1174 936 1201 prae-

153 1207 289 1235 dicantem
313 1216 343 1236 se
369 1209 403 1236 ob
426 1209 476 1237 hoc
492 1210 600 1237 venisse
619 1211 645 1238 in
662 1211 733 1238 hunc
750 1214 890 1244 mundum,
910 1218 938 1241 ut

153 1255 306 1282 destrueret
320 1255 409 1282 omnia
426 1255 470 1283 illa
486 1264 650 1291 quaecunque
665 1263 760 1285 essent
777 1259 836 1285 falsi
851 1260 938 1286 nomi-

153 1300 197 1327 nis
221 1300 342 1329 scientia:
368 1302 503 1338 dogmata,
525 1305 653 1331 continuo
682 1305 743 1338 quis
766 1305 939 1340 obtegeretur

153 1347 327 1382 intrinsecus,
343 1349 508 1384 ignorantes,
522 1349 639 1378 insidiati
656 1356 718 1378 sunt
739 1351 763 1378 ei
781 1360 787 1377 :
805 1360 815 1376 ι
839 1351 938 1378 Astite-

152 1398 217 1420 runt
241 1395 312 1422 enitn
333 1404 410 1431 rcges
428 1401 506 1424 terra:
520 1396 588 1432 (60),
601 1401 630 1424 et
648 1397 786 1432 principes
801 1405 937 1425 convene-

153 1444 218 1467 runt
232 1439 260 1467 in
274 1448 356 1467 unttm
372 1441 502 1470 adversus
513 1441 658 1470 Dominum
675 1447 702 1469 et
718 1443 848 1471 adversus
860 1443 938 1471 Chri-

153 1490 224 1512 stum
241 1485 340 1520 ejus“.
359 1496 369 1512 ι
385 1486 489 1520 Quibus
513 1495 606 1516 eorum
632 1488 739 1515 insidiis
763 1489 889 1524 cognitis,
911 1494 938 1516 et

154 1531 197 1558 his
212 1538 272 1566 qum
286 1531 418 1560 adversus
430 1533 529 1560 Filium
539 1533 586 1561 Dei
601 1533 688 1561 moliti
700 1539 765 1562 sunt
782 1535 938 1568 intellectis,

154 1584 216 1603 eum
243 1576 336 1611 gloria:
355 1578 497 1606 Dominum
519 1580 723 1613 crueilixerunt,
739 1581 777 1608 ait
794 1581 942 1616 Apostolus

154 1623 228 1657 quia,
242 1632 252 1649 ι
267 1624 434 1659 Sapientiam
448 1625 582 1660 loquimur
592 1628 662 1656 inter
677 1628 822 1663 perfectos,
832 1630 940 1664 sapien—

156 1670 221 1697 tiam
249 1676 338 1698 autent
362 1679 414 1698 non
445 1671 524 1706 hujus
547 1674 648 1708 saeculi,
673 1682 762 1709 neque
787 1675 940 1710 principum

155 1716 235 1751 hujus
254 1716 345 1743 sateuli
366 1718 412 1752 qui
431 1718 617 1752 destruuntur,
648 1727 730 1754 quam
756 1727 836 1748 ttemo
867 1722 942 1756 priu-

153 1763 242 1797 cipum
276 1763 355 1798 hujus
387 1764 479 1791 mundi
501 1766 637 1800 cognovit.
665 1766 695 1793 Si
717 1767 789 1794 enim
801 1768 940 1801 cognovis-

153 1813 222 1841 sent,
237 1817 374 1844 nunquam
392 1810 534 1838 Dominum
557 1811 649 1846 gloriae.
669 1813 907 1841 cruciﬁxissent”.
927 1823 937 1839 ι

182 1855 215 1881 ὗ.
239 1855 421 1888 ριιιιιι-εηιιιιιιι
447 1864 514 1884 sane
539 1862 582 1884 est
607 1863 698 1885 utrum
723 1858 784 1886 istae
800 1859 940 1894 sapientia:

153 1900 305 1935 principum
334 1901 413 1936 hujus
436 1902 530 1929 mundi
553 1903 651 1937 quibus
669 1903 791 1931 homines
815 1905 939 1932 intbuere

152 1946 288 1981 nituntur,
313 1947 457 1976 insidiandi
482 1954 511 1976 et
528 1949 641 1977 lzedendi
666 1950 757 1977 studio
774 1951 939 1986 ingerantur

153 1992 309 2020 hominibus
337 1994 371 2021 ab
395 1994 558 2023 adversariis
578 1996 734 2028 virtutibus,
751 2001 798 2023 aut
820 2002 940 2025 tantum-

152 2037 232 2065 modo
259 2039 361 2066 erroris
387 2047 468 2067 causa
493 2041 689 2074 adhibeantur;
706 2042 732 2068 id
751 2046 805 2074 est,
822 2051 875 2070 non
892 2044 938 2070 la:-

152 2083 232 2111 dendi
254 2084 372 2112 hominis
398 2092 552 2120 prospectu,
574 2087 623 2115 sed
642 2088 704 2122 quia
722 2089 779 2116 hac
793 2097 856 2117 vera
878 2098 940 2118 esse

153 2130 204 2164 ipsi
225 2130 262 2156 illi
287 2132 379 2158 mundi
408 2132 488 2166 hujus
511 2134 649 2169 principes
672 2136 853 2168 arbitrantur,
879 2137 939 2164 ideo

955 1516 976 1544 C

991 894 1045 923 tus,
1065 896 1124 923 quae
1150 888 1263 923 inspiret
1278 888 1423 923 poeticam,
1440 887 1493 914 alia
1513 895 1573 922 qua:
1588 887 1788 922 geometriam,

990 940 1017 963 et
1035 935 1071 962 ita
1088 942 1203 969 quaeque
1224 933 1348 968 singulas
1371 941 1493 968 quasque
1518 932 1704 966 hujuscemodi
1723 932 1790 967 (65)

990 987 1064 1009 artes
1087 981 1300 1016 disciplinasque
1317 985 1518 1007 commoneant.
1539 980 1663 1014 Denique
1680 987 1789 1014 quam-

990 1029 1099 1064 plurimi
1129 1029 1289 1056 Graecorum
1320 1027 1425 1061 opinati
1450 1030 1515 1054 sunt
1539 1031 1626 1054 artem
1645 1025 1789 1061 poeticam

991 1075 1050 1102 sine
1066 1075 1172 1101 insania
1188 1082 1241 1101 non
1256 1080 1336 1107 posse
1357 1078 1485 1100 constare
1501 1081 1508 1100 :
1524 1072 1595 1100 unde
1609 1072 1678 1099 etin
1696 1072 1790 1099 histo-

991 1122 1039 1149 riis
1050 1128 1143 1148 eorum
1157 1120 1274 1148 refertur
1290 1119 1433 1154 aliquoties
1447 1126 1496 1147 eos
1511 1127 1579 1154 quos
1595 1124 1672 1147 vates
1686 1118 1789 1154 appel—

992 1167 1058 1197 lant.
1072 1167 1164 1195 subito
1181 1166 1293 1194 insaniae
1306 1157 1446 1199 cujusdam
1462 1165 1560 1200 spiritu
1573 1172 1633 1193 esse
1648 1165 1785 1199 repletos.

992 1212 1060 1246 Quid
1077 1217 1167 1240 autern
1178 1213 1324 1239 dicendum
1337 1216 1379 1239 est
1392 1211 1426 1239 de
1440 1211 1483 1238 his
1496 1211 1578 1239 etiam
1591 1218 1662 1245 quos
1672 1210 1790 1238 divinos

991 1258 1134 1294 appellant,
1153 1266 1168 1286 a
1184 1259 1282 1293 quibus
1300 1266 1348 1292 per
1376 1257 1590 1292 inoperationem
1605 1256 1662 1291 (66)
1678 1257 1789 1283 (immo-

992 1313 1054 1332 nutn
1080 1312 1173 1332 eorutn
1194 1305 1240 1339 qui
1255 1305 1295 1331 eis
1312 1308 1441 1339 prarsunt,
1460 1303 1586 1330 versibus
1604 1307 1666 1330 arte
1681 1304 1786 1330 modu-

992 1351 1055 1378 latis
1080 1358 1206 1383 responsa
1232 1350 1427 1385 proferuntur?
1446 1349 1498 1377 Sed
1513 1354 1539 1377 et
1556 1349 1583 1376 hi
1601 1357 1670 1384 qttos
1686 1357 1788 1384 magos

991 1397 1032 1424 vel
1047 1396 1185 1424 maleﬁcos
1196 1397 1300 1429 dicunt,
1311 1396 1456 1431 aliquoties
1463 1395 1632 1423 demonibus
1646 1397 1744 1424 invoca
1750 1397 1787 1424 tis

992 1451 1073 1478 supra
1087 1450 1185 1478 pueros
1195 1443 1284 1470 adhuc
1302 1450 1391 1477 parva:
1408 1442 1507 1474 aetatis,
1524 1449 1606 1469 versu
1620 1449 1668 1469 eos
1689 1441 1787 1469 dicere

991 1495 1118 1524 poemata
1134 1488 1293 1516 admiranda
1309 1488 1436 1515 omnibus
1453 1492 1480 1515 et
1494 1488 1626 1523 stupenda
1643 1487 1785 1515 fecerunt.

993 1536 1057 1569 Qua:
1081 1536 1131 1563 hoc
1157 1535 1236 1562 modo
1257 1534 1315 1569 geri
1338 1533 1494 1560 arbitranda
1509 1539 1584 1566 sunt,
1610 1534 1683 1568 quod
1709 1533 1787 1560 sicut

993 1585 1092 1608 sanctae
1113 1584 1140 1607 et
1160 1579 1340 1607 immaculatm
1356 1579 1452 1605 anima:
1468 1578 1489 1606 si
1506 1587 1568 1606 cum
1582 1579 1656 1606 ontui
1677 1578 1785 1606 aﬂ'ecttt

992 1627 1119 1661 omnique
1132 1626 1250 1661 puritate
1276 1632 1305 1652 se
1329 1626 1454 1653 voverint
1467 1626 1532 1657 Deo,
1546 1629 1573 1652 et
1589 1625 1691 1652 alienas
1706 1633 1737 1652 se
1749 1626 1786 1652 ah

993 1673 1068 1700 omni
1099 1673 1251 1699 daemonum
1276 1672 1439 1705 contagione
1463 1670 1650 1703 servaverint,
1680 1674 1709 1698 et
1734 1678 1786 1705 per

993 1718 1104 1745 nntltam
1127 1718 1317 1745 abstinentiam
1336 1715 1540 1751 purifie'averint
1557 1723 1599 1749 se,
1616 1721 1643 1743 et
1667 1717 1724 1751 piis
1750 1725 1784 1744 ac

993 1765 1125 1800 religiosis
1155 1765 1265 1792 imbutae.
1281 1764 1337 1799 (67)
1362 1764 1464 1791 fuerint
1489 1763 1648 1798 disciplinis,
1666 1764 1783 1798 partici-

991 1812 1065 1846 pium
1088 1817 1137 1845 per
1163 1810 1215 1837 hoc
1241 1809 1396 1837 Divinitatis
1416 1814 1568 1842 assumunt,
1580 1813 1607 1836 et
1629 1810 1784 1843 prophetiae

992 1865 1024 1886 ac
1040 1862 1202 1885 cancrorum
1216 1855 1371 1883 divinorum
1392 1856 1523 1883 donorum
1537 1855 1655 1890 gratiam
1671 1863 1783 1883 meren-

993 1909 1054 1937 tur;
1070 1905 1105 1931 ita
1124 1902 1274 1939 putandum
1288 1906 1331 1930 est
1343 1902 1427 1929 etiant
1443 1909 1490 1929 eos
1505 1902 1549 1936 qui
1568 1909 1597 1928 se
1609 1907 1783 1936 opportunos

992 1951 1139 1979 contrariis
1153 1949 1299 1977 virtutibus
1312 1949 1450 1981 exhibent,
1462 1949 1488 1976 id
1501 1953 1552 1982 est,
1566 1949 1700 1976 industria
1713 1950 1781 1983 vita,

991 1998 1033 2024 vel
1045 1997 1135 2025 studio
1149 1997 1237 2024 amico
1247 1995 1300 2022 illis
1310 1999 1337 2022 et
1348 2001 1460 2029 accepto
1469 1994 1537 2031 (68),
1551 1995 1673 2029 recipere
1683 2003 1781 2023 eorum

993 2043 1209 2078 inspirationem,
1222 2047 1250 2070 et
1265 2041 1404 2076 sapientize
1417 2049 1511 2069 eorum
1525 2049 1557 2068 ac
1571 2041 1702 2069 doctrina:
1717 2049 1782 2076 par-

994 2090 1091 2124 ticipes
1107 2089 1185 2117 effici.
1200 2089 1239 2116 Ex
1256 2095 1309 2122 quo
1324 2087 1356 2114 ﬁt
1378 2092 1407 2114 ιιι
1432 2095 1525 2114 eorum
1546 2087 1782 2122 inoperationihus

992 2137 1161 2172 repleantur,
1171 2142 1287 2170 quorum
1300 2141 1328 2161 se
1340 2133 1415 2173 prius
1430 2133 1570 2160 famulatui
1587 2133 1779 2168 subjugarunt.

152 2177 234 2204 etiam
245 2183 358 2206 caeteros
371 2180 471 2208 docere
482 2182 595 2216 cupiant
608 2189 640 2210 ea
656 2191 717 2218 quae
733 2185 782 2218 ipsi
799 2193 862 2212 vera
877 2194 937 2214 esse
953 2188 976 2215 Ι)
1026 2183 1053 2211 4.
1068 2182 1105 2209 De
1122 2182 1165 2209 his
1180 2189 1246 2208 sane
1258 2180 1303 2215 qui
1320 2181 1353 2208 de
1366 2180 1475 2208 Christo
1491 2180 1570 2207 aliter
1586 2180 1685 2207 docent
1695 2187 1779 2214 quam

152 2225 296 2259 opinantur
309 2226 381 2260 (Gl);
406 2228 608 2264 quodetmagis
618 2228 751 2257 arbitror.
766 2230 937 2266 Sicutenim,

152 2270 228 2297 verbi
245 2278 338 2305 causa,
349 2272 503 2300 Graecorum
520 2280 655 2307 auctores,
667 2276 709 2304 vel
726 2277 938 2313 uniuscujusque

186 2338 209 2353 ⁹⁰
227 2338 296 2366 Dan.
314 2346 340 2366 x.
380 2339 509 2368 “Ezerh.
529 2349 603 2368 xxvi.
642 2342 665 2357 ²²
680 2342 751 2370 Psal.
772 2352 801 2376 ll,
818 2344 846 2372 εὶ.

188 2411 246 2445 (58)
261 2412 307 2440 Sic
319 2420 384 2440 mss.
396 2412 484 2444 Alias,
499 2423 508 2438 ι
528 2412 694 2442 Juda-orum.
712 2424 720 2440 ι

187 2448 243 2485 (59)
264 2447 332 2485 _Vide
357 2448 501 2485 supra_lib.
519 2456 579 2485 t,c.
593 2448 620 2481 5,
639 2458 712 2478 num.
728 2451 744 2477 4
769 2455 796 2478 et
817 2451 843 2485 5,
870 2452 934 2480 item

151 2483 170 2511 Ι.
186 2491 205 2510 ιι
221 2483 388 2517 0rigenian.,
400 2491 428 2517 q.
442 2483 468 2514 5,
489 2492 516 2510 ιι.
531 2484 578 2510 26.

186 2518 244 2554 (60)
257 2518 294 2545 lta
307 2525 372 2557 mss:
386 2518 472 2557 Alias,
488 2528 498 2545 ι
517 2518 576 2546 falsi
594 2521 710 2557 nominis
732 2522 858 2557 dogmata
875 2530 935 2556 quzc

151 2553 347 2588 obtegerentur
362 2553 537 2587 intrinsecus,
548 2555 676 2582 continuo
690 2557 714 2583 ei
730 2553 849 2584 insidiati
860 2553 933 2589 sunt,

150 2594 179 2616 et
198 2590 347 2616 astiteruttt
362 2596 440 2622 reges
471 2594 559 2617 terrae.
581 2600 591 2616 ι
613 2590 682 2617 Infra
698 2599 777 2623 mss.,
795 2601 804 2617 ι
822 2592 935 2619 lzedendi

152 2624 241 2651 studio
255 2624 457 2657 ingerantur....
479 2629 569 2652 aut....
585 2626 776 2653 adhibeantur.
796 2636 805 2652 ›
830 2626 856 2652 ln
875 2626 935 2653 edi-

153 2660 188 2686 tis
215 2659 322 2693 legitur,
342 2667 351 2683 ι
381 2658 539 2693 ingeruntur
560 2665 587 2688 et
611 2662 785 2689 adhibentur.
806 2671 814 2686 ι
835 2661 934 2688 Ibidem

151 2701 232 2731 mss”
247 2703 255 2719 ι
272 2694 322 2731 ipsi
331 2693 375 2731 illi
392 2695 482 2721 mundi
502 2696 580 2730 hujus
600 2697 749 2731 principes.
768 2707 778 2723 ι
805 2697 834 2723 In
857 2696 937 2723 editis

152 2730 239 2761 deest,
257 2737 266 2754 ι
286 2728 348 2762 ipsi.
367 2737 376 2754 I
396 2734 423 2756 et
441 2738 450 2754 ι
468 2728 556 2764 hujus.
569 2741 578 2756 ι
598 2728 698 2759 lbideni
715 2739 793 2764 mss.,
814 2740 824 2757 ι
841 2731 937 2758 docere

152 2764 302 2802 cup_i_ant._i
321 2764 406 2802 Alias,
425 2773 434 2790 ι
454 2765 552 2794 docere
567 2767 690 2802 cupiunt.
711 2776 720 2792 ι

190 2799 246 2831 (61)
263 2799 346 2825 Caute
361 2799 429 2834 lege.

189 2834 244 2869 (62)
259 2835 304 2862 Sic
318 2842 382 2862 mss.
398 2836 480 2870 Alias,
500 2846 509 2862 ι
525 2842 696 2865 exterarum.
716 2846 725 2862 ι
748 2836 846 2863 lbidetn
861 2844 937 2869 mss.,

991 2229 1194 2263 Scripturarunt
1220 2227 1313 2261 regula
1340 2227 1452 2261 patitur,
1470 2234 1521 2253 non
1544 2226 1662 2252 otiosutn
1678 2230 1723 2252 est
1737 2225 1780 2252 in-

990 2275 1068 2307 tueri,
1087 2279 1176 2300 utrum
1199 2273 1330 2300 insidioso
1348 2272 1486 2307 proposito
1501 2273 1648 2299 adversum
1671 2271 1778 2298 Christi

884 2346 905 2361 ¹³
921 2346 928 2372 l
945 2346 1009 2374 Cor.
1026 2353 1058 2377 ιι,
1076 2344 1102 2377 6,
1117 2343 1144 2376 7,
1160 2342 1187 2370 8.

990 2425 999 2442 ι
1016 2417 1153 2451 principes
1182 2414 1263 2449 hujus
1291 2415 1381 2442 mumli
1410 2415 1552 2451 appellatae
1567 2421 1641 2444 sunt.
1660 2425 1670 2443 ι
1695 2416 1776 2447 Libh.

988 2452 1064 2482 editi,
1084 2461 1093 2476 ι
1113 2451 1250 2485 principes
1271 2451 1349 2482 hujus
1364 2450 1454 2477 ntnndi
1472 2451 1596 2485 appellati
1613 2456 1688 2478 sunt.
1712 2462 1724 2479 υ

1023 2486 1079 2522 (65)
1088 2485 1220 2520 Speciales
1229 2486 1359 2519 quwdam.
1370 2485 1415 2512 Sic
1424 2493 1490 2513 mss.
1501 2486 1602 2518 Alias,t
1617 2487 1775 2521 spirituales

1008 2523 1121 2547 modum.
1141 2531 1150 2546 ι

987 2529 1121 2556 qumuam.
1141 2531 1150 2546 ι

1024 2556 1080 2592 (64)
1095 2556 1159 2592 Vide
1175 2555 1194 2583 l.
1214 2563 1232 2582 tt
1249 2554 1414 2592 Οιξςειιὶαη.⁷
1426 2563 1454 2590 q.
1472 2556 1497 2588 5,
1514 2565 1542 2583 ιι.
1560 2556 1604 2583 29.

1024 2592 1080 2632 (65)
1096 2591 1141 2617 Sic
1158 2599 1233 2632 ¹ιιιεε.
1263 2591 1348 2623 Alias,
1367 2600 1376 2616 ι
1394 2596 1421 2618 et
1448 2591 1484 2618 ita
1511 2599 1633 2626 quasque
1652 2592 1774 2627 singulas

991 2626 1185 2660 hujuscemodi.
1205 2635 1214 2651 ι

1026 2661 1081 2696 (66)
1097 2660 1319 2695 Inopemimtem.
1336 2660 1381 2689 Sic
1396 2666 1469 2689 recte
1486 2669 1551 2690 ntss.
1561 2662 1637 2690 Alias
1646 2664 1776 2691 mendose

993 2705 1002 2721 ι
1019 2696 1276 2730 incorporationem.
1293 2705 1302 2721 ›

1026 2731 1081 2765 (6'1)
1109 2730 1165 2757 Piis
1188 2739 1218 2757 ac
1249 2731 1377 2766 religiosis
1401 2732 1517 2760 imbuite.
1531 2732 1578 2760 Sic
1598 2740 1667 2760 mss.
1690 2733 1776 2765 Alias,

994 2775 1003 2791 ι
1019 2767 1069 2800 piis
1081 2772 1165 2792 sacrm
1179 2766 1317 2801 religionis
1334 2767 1453 2794 imbutae.
1472 2776 1481 2792 ι

1027 2801 1082 2836 (68)
1097 2801 1143 2828 Sic
1166 2809 1231 2829 mss.
1248 2802 1330 2835 Alias,
1351 2811 1360 2827 ι
1380 2802 1421 2829 vel
1435 2803 1524 2831 studio
1542 2807 1569 2831 et
1586 2803 1708 2830 amicitia
1728 2804 1776 2831 illis

993 2842 1113 2870 accepta.
1134 2845 1155 2863 ι.
