1860 3073
114 117 166 147 517

785 115 884 143 LIBER
902 113 1060 142 TERTlUS.

1690 106 1741 133 518

117 176 197 205 ﬁdem
216 175 337 203 nitentes
357 175 500 202 contraria:
518 175 632 203 virtutes
652 175 771 202 fabulosa
785 175 907 209 quaedam
923 177 946 204 Α
961 173 1026 200 Boni
1041 179 1105 207 ergo
1120 171 1231 205 spiritus
1247 167 1462 204 suggestionibus
1476 167 1624 194 humanam
1638 172 1740 192 memo-

115 221 197 249 simul
220 225 248 248 et
275 221 358 255 impia
378 220 433 255 (69)
451 222 575 256 dogmata
604 225 763 248 commenta:
783 221 854 254 sint;
869 229 903 246 an

115 274 183 294 vero
198 266 281 293 etiam
293 266 364 301 ipsae
377 265 469 292 audito
484 266 566 293 verbo
575 265 676 293 Christi
690 269 716 292 et
731 271 818 300 neque
840 272 904 291 evo-

118 318 195 338 mere
211 312 236 338 id
250 311 372 338 valentes
385 318 417 338 ex
432 310 725 338 arcanis‘conscicntia:
740 318 806 343 suae,
817 318 903 344 neque

117 364 188 391 pure
209 361 357 391 sancteque
383 357 513 388 retinere,
532 363 581 390 per
595 363 659 383 vasa
674 361 823 391 opportuna
839 357 902 390 sibi,

115 408 154 436 et,
169 407 200 430 ut
228 403 267 430 ita
299 402 398 435 dicam,
423 402 570 436 prophetas
598 409 663 429 suos
682 402 753 437 (70),
782 403 904 430 diversos

114 456 229 486 errores
242 454 335 476 contra
349 448 468 483 regulam
484 448 646 476 Christiana:
656 449 781 476 veritatis
795 449 905 475 induxe-

115 493 185 519 riut.
204 491 237 518 Et
253 492 339 526 magis
354 491 503 526 putandum
521 497 562 520 est
584 495 656 528 quod
672 497 801 527 apostataa
816 497 843 519 et
861 500 903 520 re-

114 537 190 572 fugae
203 537 330 570 virtutes,
344 544 404 572 qua:
424 544 438 564 a
458 537 511 564 Deo
529 538 740 569 recesserint,ex
756 538 812 572 ipsa
827 545 902 564 men—

114 583 152 610 tis
175 590 232 610 sum
260 583 446 617 propositique
471 583 591 618 nequitia
623 583 667 610 vel
687 583 785 610 invidia
810 589 901 609 eorum

114 630 218 664 quibus
239 630 355 657 veritate
372 630 478 663 cognita
492 629 548 664 (71)
563 630 596 657 ad
613 629 688 656 illum
707 630 818 664 gradum
833 628 903 656 unde

116 675 189 709 ipsa;
200 674 317 709 delapsae
330 679 403 707 sunt,
418 679 607 710 prmparanlur
620 682 760 708 ascensus,
772 675 806 701 ad
818 675 903 708 impe-

117 720 236 748 diendos
258 720 443 755 hujuscemodi
468 720 617 755 profectus,
634 728 743 749 errores
759 720 807 747 hos
830 719 903 747 falsze

113 765 247 792 doctrina:
285 766 513 801 deceptionesque
553 771 730 801 componunt.
762 767 903 795 Manili-ste

113 817 182 844 ergo
204 814 231 836 et
248 818 281 838 ex
298 810 391 837 multis
411 810 518 837 indiciis
541 811 753 843 demonstratur,
767 812 837 846 quod
853 811 902 837 hu-

958 220 1025 246 riam
1044 219 1077 245 ad
1097 216 1309 243 recordationem
1327 215 1468 241 meliorum
1492 211 1634 247 provocari
1647 218 1741 238 exem-

957 264 1007 298 plis
1017 263 1071 296 jam
1087 262 1113 288 in
1127 260 1313 296 superioribus
1324 260 1491 290 edocuimus,
1501 266 1561 285 cum
1576 256 1740 285 Mardochazi

956 314 982 336 et
995 307 1154 335 Artaxerxis
1171 306 1286 333 fecimus
1302 306 1476 333 mentionem.

996 356 1022 383 5.
1043 353 1110 381 Illud
1124 358 1233 387 quoque
1251 358 1320 378 con-
1457 357 1565 377 uienon.
1586 356 1677 376 INTER.

954 404 1099 435 sequenter
1134 397 1324 432 requirendum
1408 395 1459 422 Sed
1483 395 1582 424 ειξεΙιοι
1607 394 1741 429 requiren-

955 451 1029 480 puto.
1048 452 1081 472 ex
1111 444 1208 479 quibus
1230 442 1321 469 causis
1365 440 1494 475 dum(75)
1516 448 1595 476 quare
1623 439 1738 466 humana

955 494 1071 520 humana
1122 490 1210 517 anima
1252 495 1324 516 nunc
1366 487 1453 513 anima
1468 495 1536 513 nunc
1555 485 1586 512 ab
1604 485 1655 518 his,
1669 493 1737 512 num:

955 538 1062 573 quidem
1090 544 1105 563 a
1130 536 1225 569 bonis,
1256 541 1327 561 nunc
1374 533 1406 558 ab
1418 532 1479 559 aliis
1493 532 1633 558 virtutibus
1648 532 1681 558 ad
1696 531 1736 557 di-

954 588 1042 610 autem
1059 585 1197 608 moveatur
1208 588 1221 606 a
1235 579 1322 606 malis.
1372 585 1443 605 versa
1455 580 1597 603 mereatur.

955 630 1038 662 Cujus
1050 629 1089 656 rei
1107 635 1205 656 causas
1218 626 1275 662 (76)
1296 625 1421 660 suspicor
1441 630 1501 650 csse
1525 624 1656 657 quasdam
1671 623 1737 649 anti-

953 676 1061 711 quiores
1077 674 1157 701 etiam
1182 673 1233 700 hac
1249 671 1389 698 nativitate
1404 676 1547 702 corporea,
1574 668 1644 695 sicut
1667 668 1740 695 desi-

953 727 1018 755 gnat
1029 721 1147 749 Joannes
1162 721 1188 748 in
1205 719 1302 746 matris
1315 722 1409 745 ventre
1431 715 1582 750 tripudians
1599 719 1626 742 et
1646 714 1740 742 exsul-

952 773 1023 799 tans,
1039 775 1100 795 eum
1124 774 1175 794 vox
1201 764 1376 793 salutationis
1392 761 1483 789 Maria?
1499 762 1531 788 ad
1548 769 1628 788 aures
1651 761 1738 788 Elisa-

953 813 1016 840 heth
1033 813 1128 840 matris
1146 812 1205 846 ejus
1223 811 1303 838 allata
1320 814 1362 837 cst
1373 817 1380 841 ;
1393 814 1420 836 et
1436 813 1464 835 ut
1477 807 1596 834 declarat
1605 806 1739 834 Jeremias

114 863 196 883 mana
229 856 330 889 anima,
356 856 418 882 dum
446 856 471 882 in
499 856 551 884 hoc
574 861 615 884 est
629 864 754 892 corpore,
781 857 901 892 recipere
916 860 938 887 B
952 858 1095 893 propheta,
1115 857 1160 892 qui
1181 862 1324 890 antequam
1346 853 1530 888 plasmaretur
1546 853 1571 879 in
1588 857 1665 880 utero
1680 859 1738 878 ma-

114 906 208 936 potest
226 902 348 929 diversas
364 902 499 936 energias,
520 902 544 928 id
558 907 610 934 est,
623 902 822 936 inoperationes
842 903 899 938 (72)

114 948 259 982 spirituum
283 948 452 974 diversorum
476 947 609 974 malorum
637 955 669 974 ac
698 947 847 980 bonorum;
873 953 900 975 ct

113 993 249 1020 malorum
279 993 387 1027 quidem
423 992 522 1027 duplici
553 993 654 1028 specie,
670 993 695 1020 id
718 997 769 1025 est.
784 993 824 1020 vel
838 998 900 1020 tunc

113 1046 176 1066 cum
188 1039 295 1073 penitus
304 1046 342 1066 ex
356 1039 459 1073 integro
476 1045 568 1066 eorum
585 1039 898 1074 possederianenlem.

113 1085 153 1112 ita
172 1090 201 1112 ut
215 1085 282 1112 nihil
298 1084 407 1112 omnino
421 1092 469 1111 eos
484 1092 551 1119 quos
565 1084 733 1117 obsederint,
750 1084 899 1119 intelligere

114 1131 159 1158 vel
183 1131 287 1158 sentire
311 1131 480 1165 permittant,
494 1130 565 1157 sicut
581 1131 704 1166 exemplo
718 1136 782 1158 sunt
794 1131 819 1158 hi
831 1138 899 1165 quos

111 1175 196 1211 vulgo
208 1183 405 1210 energumenos
419 1180 534 1207 vocant,
549 1183 616 1210 quos
629 1181 752 1204 amentes
775 1180 801 1203 et
824 1176 897 1203 insa-

111 1230 162 1249 nos
182 1222 318 1254 videmus,
334 1221 427 1256 quales
445 1221 484 1248 illi
499 1226 578 1248 erant
593 1222 640 1257 qui
661 1221 688 1249 in
719 1222 864 1256 Evangelio
882 1229 898 1248 a

111 1268 257 1295 Salvatore
274 1268 362 1295 curati
377 1275 445 1299 esse
457 1267 627 1298 referuntur;
647 1267 687 1294 vel
703 1275 764 1295 cum
777 1268 897 1294 sentien-

111 1319 168 1341 tem
191 1314 300 1349 quidem
322 1318 349 1341 ct
373 1313 567 1348 intelligenlcm
586 1314 706 1340 animum
725 1313 897 1348 cogitationi-

112 1360 165 1387 bus
179 1360 263 1387 variis
273 1360 427 1387 etsinistris
441 1359 663 1394 persuasionibus
679 1359 785 1386 inimica
802 1366 897 1394 sugge-

111 1405 204 1432 stione
226 1406 377 1440 depravant
391 1414 398 1431 :
415 1409 445 1432 ut
463 1405 586 1440 exemplo
598 1410 640 1432 est
656 1405 738 1433 Judas
757 1405 789 1432 ad
805 1405 896 1440 prodi-

111 1449 197 1477 tionis
216 1449 324 1477 facinus
340 1450 438 1476 diaboli
463 1450 630 1477 immissione
642 1454 814 1484 provocatus,
828 1450 897 1478 sicut

109 1496 254 1531 Scriptura
272 1495 404 1528 declarat,
419 1496 510 1523 dicens
527 1504 534 1523 :
556 1505 565 1521 ι
580 1495 645 1522 Cum
661 1500 749 1522 autem
762 1495 818 1530 jam
838 1495 897 1522 dia-

952 905 999 932 tris
1008 904 1041 935 “,
1056 904 1181 938 cognitus
1192 907 1251 929 erat
1269 902 1334 932 Deo,
1351 905 1377 927 et
1394 905 1539 934 antequam
1555 907 1570 926 e
1585 899 1663 926 vulva
1679 906 1738 933 pro

949 952 1057 978 cederet
1089 949 1274 976 sanetilicatus
1301 947 1335 973 ab
1363 955 1394 973 eo
1429 951 1480 978 cst,
1507 950 1534 973 et
1562 953 1629 980 puer
1650 945 1737 972 adhuc

949 996 1097 1030 prophetia:
1113 995 1229 1030 gratiam
1246 992 1363 1028 accepit.

951 1041 1029 1077 145
1039 1041 1070 1068 Ει
1082 1048 1189 1068 rursum
1200 1043 1324 1066 econtra-

949 1088 990 1114 rio
1006 1086 1149 1114 manifeste
1170 1085 1324 1113 ostenditur

1411 1043 1555 1063 HIERONYII
1571 1043 1679 1062 INTERP.

1359 1082 1393 1109 Et
1410 1083 1557 1109 econtrario
1575 1082 1680 1116 parvuli
1700 1082 1735 1110 li-

949 1135 1045 1170 (77)ah
1057 1134 1220 1162 adversariis
1226 1132 1324 1167 spiriti-

947 1181 998 1209 bus
1006 1181 1137 1216 quosdam
1151 1188 1166 1207 a
1175 1179 1261 1215 prima
1272 1183 1324 1206 sta-

949 1228 995 1255 tim
1013 1232 1092 1255 attate
1114 1233 1254 1262 possessas
1267 1246 1275 1259 ,
1297 1226 1323 1253 id

947 1279 989 1301 est
1011 1273 1156 1302 nonnullos
1178 1281 1240 1301 eum
1264 1273 1322 1308 ipso

947 1322 1067 1349 daemone
1081 1328 1141 1349 esse
1154 1326 1233 1348 natos
1252 1320 1320 1356 (78),

947 1367 1015 1395 alios
1028 1375 1094 1395 vero
1109 1375 1125 1394 a
1147 1374 1231 1402 puero
1250 1367 1320 1394 divi-

946 1421 1027 1442 nasse
1052 1414 1229 1442 historiarum
1254 1413 1322 1441 fides

946 1460 1079 1488 declarat.
1108 1460 1160 1487 Alii
1190 1467 1205 1487 a
1234 1460 1320 1494 prima

946 1509 1026 1534 aetate
1060 1506 1209 1534 daamonem
1241 1513 1319 1540 quem

107 1542 190 1570 bolus
214 1542 331 1587 misisset
353 1543 379 1568 in
405 1541 558 1587 corrJudze
582 1541 711 1587 Scariotis
726 1545 755 1568 ut
776 1542 929 1576 traderetc
945 1551 1096 1587 pyumnem
1122 1553 1279 1586 nominant,
1296 1552 1321 1579 id

107 1594 173 1614 eum
182 1587 215 1614 “.
237 1596 245 1612 ι
263 1586 330 1614 Boni
348 1594 413 1614 vero
433 1586 544 1621 spiritus
560 1586 655 1620 recipit
672 1587 732 1620 quis
744 1587 893 1622 energiam,

108 1634 134 1660 id
149 1637 202 1665 est,
217 1633 441 1666 iuoperationem,
455 1640 515 1659 cum
532 1636 655 1659 movetur
672 1631 729 1667 (75)
747 1636 774 1659 et
796 1639 895 1667 provo-

108 1693 189 1715 catur
210 1687 243 1715 ad
263 1689 346 1720 bona,
362 1693 389 1714 et
411 1688 558 1723 inspiratur
573 1688 606 1714 ad
626 1687 746 1715 caelestia
767 1688 808 1715 vel
823 1688 893 1715 divi-

108 1742 144 1761 na
159 1734 236 1770 (74);
252 1733 322 1761 sicut
335 1733 424 1760 sancti
439 1733 527 1768 angeli
541 1737 568 1760 et
581 1733 638 1768 ipse
651 1733 719 1760 Deus
736 1733 894 1768 inoperatus

108 1783 151 1806 est
165 1779 192 1805 in
215 1778 366 1813 prophetis,
382 1778 598 1813 suggestionihus
617 1779 719 1805 sanctis
733 1778 765 1806 ad
780 1778 892 1806 meliora

106 1832 260 1859 provocans
276 1829 304 1851 et
323 1824 488 1856 cohortaris;
511 1824 548 1851 ita
575 1831 640 1851 sane
666 1828 697 1851 ut
720 1829 841 1852 maneret
865 1825 892 1852 in

106 1870 224 1897 arbitrio
237 1869 359 1897 hominis
374 1877 405 1897 ac
417 1869 531 1904 judicio,
548 1870 571 1897 si
586 1871 664 1905 sequi
677 1870 743 1898 velit
760 1874 805 1897 aut
825 1870 893 1897 nolit

105 1916 139 1943 ad
154 1915 279 1943 caelestia
293 1919 320 1943 et
334 1915 424 1943 divina
437 1920 641 1950 provocantem.
655 1916 732 1943 Unde
753 1921 777 1943 et
792 1923 825 1943 ex
841 1916 892 1943 hac

103 1961 248 1989 manifesta
269 1960 436 1989 discretione
452 1961 622 1996 dignoscitur
645 1962 780 1997 quomodo
801 1962 890 1989 anima

102 2007 225 2034 melioris
237 2007 350 2042 spiritus
364 2008 509 2042 pra:sentia
521 2013 675 2040 moveatur,
690 2008 714 2034 id
729 2013 781 2039 est,
796 2007 818 2035 si
831 2008 891 2035 nul-

102 2053 157 2080 lam
179 2060 294 2088 prorsus
316 2061 349 2080 ex
368 2053 519 2080 imminenti
539 2053 706 2088 aspiratione
721 2054 891 2082 obturbntio-

102 2106 165 2126 nem
183 2099 226 2129 vel
239 2099 433 2127 alienationem
460 2101 561 2127 mentis
577 2100 708 2134 incurrat,
723 2109 772 2129 nec
795 2101 891 2134 perdat

101 2142 211 2171 arbitrii
232 2145 273 2172 sui
294 2145 425 2180 judicium
449 2145 581 2178 liberum;
598 2146 669 2173 sicut
688 2147 812 2181 exemplo
828 2152 890 2174 sunt

100 2197 200 2218 omnes
215 2190 258 2218 vel
271 2191 419 2226 prophetae,
444 2191 487 2218 vel
514 2191 638 2226 apostoli,
661 2193 708 2227 qui
726 2193 826 2220 divinis
848 2201 890 2220 re-

99 2236 212 2272 sponsis
229 2236 288 2264 sine
303 2236 356 2263 ulla
371 2237 471 2264 mentis
482 2237 672 2265 obturbatioue
684 2238 882 2267 ministrabant.

118 2294 143 2311 ⁸⁸
157 2294 238 2322 Joan.
258 2302 319 2328 xm,
330 2295 361 2321 2.
398 2295 420 2311 ’⁵
435 2295 489 2323 Jer.
507 2304 526 2322 ι.

137 2342 194 2373 (69)
208 2341 306 2377 Impia.
323 2342 369 2370 Sic
387 2350 448 2370 mss.
468 2342 553 2375 Alias.
572 2351 582 2368 ε
608 2343 681 2377 ipsae.
702 2351 709 2367 ι

137 2378 194 2411 (70)
211 2376 258 2404 Sic
274 2385 340 2405 mss.
358 2378 443 2409 Alias.
463 2387 471 2403 I
493 2376 623 2412 perversa
636 2378 771 2412 dogmata,
787 2382 815 2404 ct
828 2385 885 2412 per,

99 2419 131 2440 ut
147 2413 185 2439 ita
201 2412 289 2447 dicam
305 2413 473 2447 ,xprophetas
489 2420 562 2440 suos.
579 2421 589 2437 ι

101 2483 108 2490 _
136 2448 194 2483 (7i)
214 2446 336 2482 Cognita.
361 2446 440 2475 Deest
459 2448 486 2475 in
503 2452 583 2476 antea
598 2447 688 2480 editis,
706 2447 752 2475 sed
770 2447 886 2475 habetur

100 2491 127 2511 tn
144 2490 210 2510 mss.

136 2517 194 2554 (72)
208 2517 288 2554 bibl).
305 2518 383 2554 editi,
400 2527 410 2544 α
423 2518 606 2554 operationes.
626 2527 635 2543 ι

137 2552 195 2588 (75)
209 2553 255 2580 Sic
264 2559 330 2580 mss.
342 2553 370 2580 ln
380 2554 425 2581 ed.
438 2554 523 2585 deest,
536 2562 545 2579 ι
558 2553 630 2587 quis,
643 2555 691 2580 i‘et
704 2562 713 2578 ε
727 2557 858 2580 movetur.
875 2563 884 2579 ι

137 2588 194 2621 (74)
211 2588 278 2616 Vide
300 2588 318 2614 l.
336 2595 354 2615 tt
374 2588 582 2623 0rigenian.,q.
595 2588 623 2620 7,
640 2596 668 2614 n.
687 2589 713 2615 5.

137 2623 195 2657 (75)
212 2623 265 2650 Sed
291 2628 316 2650 el
337 2624 386 2650 hoc
408 2624 602 2658 requirendum,
627 2628 680 2650 etc.
708 2623 746 2650 Ex
773 2623 886 2657 epistola

103 2657 262 2693 Hieronymi
281 2659 315 2685 ad
339 2657 458 2688 Avitum.
473 2658 515 2684 ubi
538 2659 613 2685 addit
630 2667 636 2685 :
653 2667 662 2683 ι
682 2663 708 2685 et
721 2661 799 2693 put‘at
814 2658 886 2693 (Ori—

103 2693 196 2728 genes)
211 2694 392 2727 quorumdam
416 2698 563 2727 antequam
577 2694 702 2728 venirent
718 2694 743 2719 in
762 2701 886 2728 corpora,

102 2727 197 2755 inierita
213 2728 401 2763 praecessisse;
418 2734 447 2756 ut
460 2733 502 2755 est
518 2728 581 2756 illud
600 2727 712 2756 Joannis
725 2727 887 2756 exsultantis

103 2763 128 2790 in
144 2769 223 2791 utero
246 2763 342 2795 matris
355 2771 419 2796 suae,
435 2763 543 2797 quando
555 2763 587 2790 ad
607 2771 700 2791 vocem
715 2763 886 2791 salutationis

103 2798 193 2825 Maria:
219 2799 360 2834 indignam
384 2806 414 2825 se
436 2798 653 2827 confabulatione
673 2798 731 2834 ejus
746 2799 884 2826 Elisabeth

101 2834 258 2870 confitetur.
271 2843 280 2860 ι
295 2833 373 2866 Quod
386 2841 479 2870 revera
487 2833 607 2870 hocloeo
616 2834 717 2863 dixisse
729 2834 882 2870 Origenem,

101 2869 179 2896 tidcm
199 2869 264 2896 facit
285 2869 471 2903 interpretatio
487 2867 587 2896 Rulini.

948 1603 990 1625 est
1003 1617 1011 1630 ,
1039 1598 1237 1634 ventriloquum
1265 1598 1321 1634 (79)

947 1645 1020 1678 passi
1046 1649 1119 1672 sunt.
1144 1646 1196 1672 Pro
1222 1645 1321 1680 quibus

947 1690 1070 1717 omnibus
1090 1691 1124 1718 ab
1144 1691 1187 1718 his
1211 1691 1256 1726 qui
1273 1691 1320 1718 Dei

946 1736 1115 1770 providentia
1143 1737 1199 1771 regi
1229 1738 1319 1764 omnia

1359 1135 1407 1163 cet,
1422 1134 1447 1157 et
1459 1138 1522 1164 pene
1535 1129 1661 1157 lactantes
1675 1138 1735 1156 ina-

1359 1179 1391 1205 lis
1403 1177 1536 1212 replentur
1546 1177 1695 1212 spiritibus,
1708 1182 1734 1205 et

1359 1227 1387 1252 in
1401 1217 1599 1260 divinos‘atque
1618 1225 1734 1252 hariolos

1359 1273 1535 1307 inspirantur,
1549 1273 1575 1299 in
1590 1276 1692 1299 tantum
1705 1277 1733 1299 ut

1358 1321 1437 1347 etiam
1451 1320 1553 1346 dwmon
1571 1319 1733 1354 Pytltonicus

1357 1366 1484 1401 quosdam
1508 1374 1524 1392 a
1545 1370 1634 1392 tenera
1655 1369 1734 1392 atate

1357 1414 1501 1449 possideat,
1512 1422 1576 1448 quos
1593 1413 1732 1440 derelictos

1357 1468 1412 1486 esse
1439 1459 1509 1493 apud
1542 1459 1732 1493 providentiam

1357 1507 1415 1539 Dei,
1434 1515 1493 1533 cum
1511 1506 1576 1532 nihil
1591 1505 1644 1532 tale
1665 1505 1735 1540 [eco-

1358 1553 1410 1579 rint
1436 1557 1465 1579 ut
1486 1552 1635 1579 istiusmodi
1661 1552 1733 1578 inm-

1358 1599 1427 1625 niam
1444 1599 1611 1632 sustinerent,
1626 1606 1678 1625 non
1692 1602 1731 1625 ut

1357 1645 1413 1679 ejus
1427 1646 1472 1679 qui
1485 1644 1551 1672 nihil
1568 1645 1622 1672 vult
1638 1645 1733 1679 absque

1356 1692 1411 1720 Deo
1425 1693 1494 1727 fieri,
1511 1698 1535 1721 et
1554 1694 1642 1720 omnia
1659 1693 1732 1720 illius

1353 1739 1461 1772 justitia
1477 1739 1628 1774 gubernari.

946 1789 1006 1816 quae
1023 1782 1049 1809 in
1065 1783 1165 1810 mundo
1177 1787 1248 1814 sunt,
1263 1789 1404 1817 asserunt,
1418 1784 1488 1812 sicut
1508 1789 1599 1812 nostra
1623 1791 1732 1819 quoque

946 1828 1067 1855 continet
1084 1829 1161 1861 fides,
1177 1834 1207 1856 ut
1227 1829 1292 1856 mihi
1310 1829 1433 1863 videtur,
1457 1838 1509 1857 non
1535 1831 1614 1857 aliter
1633 1831 1732 1865 poterit

946 1875 1113 1909 responderi,
1130 1875 1167 1902 ita
1184 1880 1214 1901 ut
1226 1875 1331 1910 absque
1341 1877 1414 1903 omni
1429 1876 1568 1911 iniustitia:
1582 1877 1658 1911 culpa
1672 1884 1732 1911 pro-

945 1920 1063 1947 videntia
1077 1921 1289 1954 demonstretur,
1310 1921 1361 1948 nisi
1382 1921 1486 1956 priores
1506 1922 1628 1957 quaedam
1648 1921 1732 1950 fuisse

945 1966 984 1992 eis
1000 1973 1089 1992 causa:
1109 1964 1252 1996 dicantur,
1273 1966 1370 2000 quibus
1395 1970 1540 2001 antequam
1566 1967 1592 1993 in
1617 1973 1733 2001 corpore

945 2017 1122 2038 naSCerenlur
1135 2011 1249 2044 animm,
1265 2011 1367 2046 aliquid
1392 2012 1579 2039 contraxerint
1599 2013 1685 2047 culpae
1704 2013 1730 2039 in

944 2058 1065 2086 sensibus
1079 2058 1120 2085 vel
1136 2059 1253 2086 motibus
1268 2059 1324 2085 suis
1336 2077 1344 2090 ,
1372 2066 1420 2092 pro
1442 2059 1540 2093 quibus
1564 2059 1616 2086 hoc
1633 2060 1731 2086 merito

944 2103 997 2137 pati
1011 2110 1026 2129 a
1038 2103 1127 2130 divina
1143 2103 1310 2138 providentia
1321 2102 1451 2137 iudicata:
1465 2107 1539 2130 sunt.
1552 2103 1640 2131 Liberi
1653 2111 1730 2130 nam-

943 2157 996 2184 que
1008 2149 1112 2176 arbitrii
1132 2156 1239 2184 semper
1254 2153 1296 2177 cst
1320 2149 1411 2176 anima
1435 2148 1504 2184 (80),
1521 2149 1602 2176 etiam
1617 2156 1678 2176 cum
1702 2149 1730 2177 in

943 2203 1056 2230 corpore
1071 2195 1133 2228 hoc,
1147 2195 1228 2222 etiam
1245 2203 1306 2222 cum
1326 2200 1403 2222 extra
1419 2201 1518 2229 corpus
1532 2199 1591 2227 est;
1605 2198 1633 2222 et
1643 2194 1727 2222 liber-

939 2244 981 2267 tas
993 2241 1099 2268 arbitrii
1114 2241 1155 2268 vel
1173 2243 1207 2268 ad
1226 2241 1294 2268 bona
1316 2247 1422 2275 semper
1434 2240 1491 2275 (8|)
1506 2260 1513 2274 ,
1536 2240 1578 2267 vel
1600 2240 1634 2267 ad
1657 2239 1728 2268 mala

1053 2343 1119 2382 Yide
1129 2344 1177 2371 lib.
1189 2344 1422 2382 IrQrigenian.,'q.
1433 2346 1459 2378 6,
1469 2355 1495 2373 n.
1506 2347 1523 2374 4
1532 2351 1557 2375 et
1566 2355 1593 2382 q.
1611 2348 1637 2380 7.
1646 2349 1725 2376 n.15.

977 2379 1101 2416 (77)”Sic
1118 2386 1185 2416 mss.
1198 2380 1317 2416 AliasLt
1338 2389 1370 2407 ex
1393 2379 1530 2416 responsis
1551 2379 1728 2410 e'contrario

940 2414 1103 2452 ostenditur.
1119 2423 1137 2452 _)
1166 2414 1445 2452 Yersio-llieronymi'
1466 2425 1482 2444 e
1507 2418 1616 2452 regione
1639 2418 1726 2452 posita

939 2453 1028 2476 exstat
1043 2449 1068 2475 in
1084 2448 1197 2483 epistola
1211 2449 1244 2476 ad
1257 2449 1377 2477 Avitum.

975 2483 1032 2518 (78)
1047 2484 1093 2511 Sic
1108 2491 1172 2512 mss.
1189 2484 1273 2516 Alias,
1291 2494 1300 2510 ‹
1321 2493 1383 2512 cum
1399 2485 1458 2520 ipso
1476 2486 1598 2514 daemone
1617 2495 1727 2522 posses-

939 2527 983 2547 SOS
1001 2526 1064 2546 ESSE
1078 2523 1165 2547 [13108.
1185 2529 1194 2545 1

975 2554 1032 2589 (79)
1049 2554 1094 2581 Sic
1108 2561 1172 2582 mss.
1189 2554 1329 2587 Merlinus,
1348 2564 1357 2580 ι
1379 2555 1581 2589 ventricolum;
1604 2566 1613 2583 ι
1634 2556 1726 2585 Gene-

940 2589 1089 2622 brardus,«
1110 2590 1305 2616 ventricosum.
1333 2599 1342 2616 ι
1366 2590 1467 2617 Ibidem
1492 2591 1517 2617 in
1542 2596 1621 2618 antea
1644 2592 1727 2620 editis

939 2623 1061 2661 legitur:
1083 2631 1160 2661 (pro
1177 2625 1276 2661 quibus
1291 2625 1417 2661 omnibus
1440 2626 1474 2661 ab
1497 2626 1540 2654 his
1564 2626 1612 2654 Dei
1633 2627 1725 2661 provi—

940 2659 1029 2697 dentia
1051 2660 1106 2694 regi
1126 2660 1217 2686 omnia
1239 2667 1299 2694 quae
1321 2660 1347 2686 in
1365 2660 1464 2687 mundo
1481 2665 1545 2688 sunt
1565 2661 1606 2697 (ut
1626 2659 1727 2697 sanctas

941 2693 1236 2732 Scripturtefasserunt,
1261 2699 1355 2732 nostra
1368 2702 1475 2729 quoque
1496 2693 1619 2732 continet
1635 2696 1725 2732 ﬁdes),

940 2733 970 2755 ut
987 2729 1052 2757 mihi
1069 2730 1186 2761 videtur,
1207 2738 1216 2754 ι
1233 2734 1287 2756 etc.
1304 2729 1357 2757 Sed
1370 2737 1465 2758 omnes
1477 2731 1557 2759 codd.
1569 2739 1635 2760 mss.
1650 2737 1679 2759 ut
1696 2729 1724 2760 i'u

940 2769 1034 2791 IIOSlI'O
1053 2769 1138 2791 textu.

975 2799 1030 2835 (80)
1047 2799 1112 2835 Ῡίιιε
1127 2799 1145 2825 1.
1163 2807 1182 2826 ll
1200 2799 1366 2834 0riganian.,
1384 2808 1411 2835 q.
1428 2799 1456 2833 7,
1472 2809 1500 2829 n.
1514 2802 1542 2829 2.

973 2833 1027 2869 (81)
1042 2834 1157 2869 Semper.
1172 2833 1258 2863 Deest?
1268 2836 1293 2862 in
1311 2833 1495 2870 antea—editis,
1513 2838 1558 2865 scd
1572 2838 1684 2867 habetur
1697 2838 1723 2866 in

937 2877 1001 2897 lllSS.
