1860 3073
146 84 200 114 519

148 150 287 178 movetur;
307 153 357 173 nec
379 152 496 180 unquam
517 145 685 173 rationabilis
709 153 824 179 sensus,
851 147 877 174 id
897 150 937 173 est
951 149 975 176 Α

148 198 226 218 mens
239 191 282 218 vel
307 191 395 218 anima
410 212 417 224 ,
438 192 497 219 sine
524 197 599 219 motu
618 192 709 227 aliquo
737 193 778 220 vel
799 193 870 220 bono
893 193 935 220 vel

147 236 218 263 malo
233 243 292 263 esse
306 241 406 271 potest.
425 237 499 270 Quos
516 242 606 265 motus
620 245 716 265 causas
727 243 858 273 praestare
878 246 936 266 me-

146 284 260 310 ritorum
282 282 429 310 verisimile
455 288 497 310 est
519 284 603 310 etiam
627 284 703 318 prius
723 292 805 318 quam
832 286 858 312 in
884 286 935 313 hoc

146 327 246 354 mundo
260 327 361 362 aliquid
381 334 474 362 agant;
490 334 519 355 ιιι
535 337 585 364 pro
598 330 641 357 his
660 330 763 357 meritis
780 330 822 357 vel
844 332 934 358 causis

144 379 193 406 per
208 371 325 398 divinam
343 374 540 407 providentiam
555 375 646 402 statim
661 383 675 401 a
693 376 779 409 prima
794 376 934 403 nativitate

143 418 198 445 itno
224 423 252 445 et
274 424 338 446 ante
363 419 544 452 nativitatem,
568 425 597 447 ιιι
616 421 652 447 ita
669 421 778 453 dicam,
797 421 848 451 ﬁvel
869 422 932 449 boni

144 464 246 499 aliquid
260 465 301 492 vel
318 465 382 492 mali
397 467 499 500 perpeti
516 467 719 501 dispensentur.
736 468 769 495 Et
794 468 852 495 haec
869 468 934 503 qui~

143 510 203 536 dem
217 510 289 537 dicta
307 510 364 537 sint
376 511 409 538 de
421 511 463 538 his
480 519 539 546 quae
553 512 679 539 videntur
693 513 849 540 horninith
859 533 866 546 ,
892 513 933 540 vel

143 563 158 581 ει
177 555 262 590 prima
282 556 424 584 nativitate
446 558 549 590 statim,
571 558 613 584 vel
631 559 711 585 etiam
734 564 879 594 autc-quam
905 559 932 586 in

141 601 214 627 hanc
225 600 313 627 lucem
330 608 519 636 prorumpant.
532 604 653 631 evenire.
670 605 707 630 De
722 604 764 631 his
782 612 847 632 vero
870 613 932 639 qua:

142 655 156 673 a
174 647 289 674 diversis
308 647 448 681 spiritibus
459 649 567 682 animae,
582 649 608 676 id
624 655 666 676 est
683 650 810 677 humana:
826 652 932 685 cogita-

143 693 208 720 tioni
227 699 418 728 suggeruntur,
431 702 491 729 qua:
507 695 547 722 vel
563 696 594 722 ad
612 695 692 728 bona,
713 697 754 723 vel
772 697 803 723 ad
823 702 933 724 contra-

140 739 181 766 ria
194 745 349 773 prevocent,
363 741 496 768 interdum
509 742 590 768 etiam
612 742 637 769 in
652 743 702 769 hoc
718 744 849 770 exsistere
859 751 932 778 qua:-

141 787 203 813 dam
221 788 373 815 anteriores
388 795 528 824 corporea:
542 789 694 816 nativitatis
708 798 795 817 causa:
808 792 932 824 putanda:

765 86 928 115 ORIGENIS
947 86 1026 112 ΠΕΡΙ
1044 85 1158 111 ΑΡΧΩΝ

1735 80 1800 107 320

989 153 1020 172 ac
1032 146 1130 179 spiritu
1149 144 1235 176 vitali,
1250 148 1290 170 cst
1304 143 1383 170 etiam
1396 142 1467 168 aliud
1480 141 1581 182 aliquid
1590 140 1663 175 quod
1680 140 1797 165 Ini-ita—

987 195 1107 216 metttum
1125 189 1224 216 habeat
1240 188 1376 222 proprium
1392 186 1419 221 (8
1427 186 1462 220 ί),
1476 191 1502 212 et
1516 185 1740 212 commotionem
1756 184 1797 211 ad

986 236 1087 263 malum
1114 239 1325 270 provocantem;
1352 233 1422 260 sicut
1456 233 1549 259 haberi
1567 240 1587 264 _a
1612 231 1794 265 quibusdam

985 282 1098 316 quaestio
1118 280 1190 308 solet
1201 278 1367 313 huiusmodi.
1385 283 1539 305 utrumnam
1553 277 1627 304 velut
1642 277 1708 304 dua:
1724 276 1795 302 atti-

986 335 1036 354 ma:
1055 327 1112 362 (85)
1131 326 1250 353 in-nobis
1262 325 1383 352 dicendae
1399 324 1464 355 sint,
1478 331 1530 350 una
1554 323 1684 357 quaedam
1713 322 1795 349 divi-

986 374 1046 400 nior
1063 378 1090 401 et
1104 372 1234 404 caelestis,
1254 376 1282 399 et
1293 371 1346 398 alia
1365 370 1477 397 inferior
1498 378 1505 396 :
1526 377 1559 396 an
1583 376 1650 396 vero
1672 376 1711 395 ex
1734 369 1794 395 hoc

985 420 1043 454 ipso
1057 420 1130 454 quod
1146 419 1307 452 corporibus
1323 417 1486 444 itthmrentus
1509 415 1582 450 (qua:
1595 422 1720 449 corpora
1734 415 1794 450 [5e-

985 466 1106 492 cundum
1124 465 1262 500 propriam
1279 463 1389 498 quidem
1404 467 1528 488 naturam
1545 467 1657 488 mortua
1673 465 1748 487 sunt
1764 465 1795 487 et

985 512 1091 546 penitus
1105 511 1243 542 exanima,
1256 510 1319 544 quia
1333 517 1367 536 ex
1378 509 1468 541 nobis,
1485 508 1512 535 id
1523 512 1574 539 est,
1587 514 1621 534 ex
1631 507 1794 534 animabus

983 565 1083 592 corpus
1095 557 1235 584 materiale
1248 555 1411 586 viviﬁcatur,
1421 554 1493 588 quod
1504 554 1597 588 utique
1609 552 1791 580 contrarium

983 609 1024 631 est
1038 609 1064 630 et
1081 603 1220 630 inimicum
1238 601 1370 636 spiritui),
1388 601 1523 628 trahimur
1541 605 1568 626 et
1590 606 1792 633 provocamur

984 649 1016 676 ad
1031 649 1088 675 haec
1105 648 1174 674 mala
1191 654 1251 681 quae
1264 645 1370 680 corpori
1382 651 1459 680 grata
1476 649 1540 672 sunt
1555 646 1612 679 (86)
1627 653 1635 676 ;
1663 652 1701 670 an
1722 651 1790 670 vero

984 695 1105 726 tertium,
1132 693 1201 728 qttod
1224 693 1333 727 quidam
1360 693 1517 719 Graecorum
1543 691 1672 718 arbitrati
1706 695 1788 722 sunt,

983 739 1044 774 quia
1060 739 1149 765 anima
1165 742 1256 764 nostra
1271 745 1334 764 cutn
1351 744 1402 764 una
1420 737 1456 764 sit
1472 744 1521 772 per
1534 736 1739 766 substantiam.
1752 743 1788 762 ex

983 784 1106 819 pluribus
1124 789 1212 810 tamen
1227 788 1344 814 constet,
1360 788 1388 809 et
1402 790 1454 809 una
1473 790 1536 816 pars
1562 783 1623 816 ejus
1650 782 1780 808 rationa-

140 838 215 859 sunt.
234 832 372 861 Interdum
388 843 453 862 vero
468 835 582 870 vigilans
602 844 678 863 mens
690 857 698 868 ,
724 841 752 863 et
768 837 897 871 ahjiciens

1006 830 1055 862 ilis,
1072 837 1135 864 pars
1161 837 1225 856 vero
1250 829 1302 855 alia
1328 827 1526 855 irrationabilis
1548 828 1680 860 dicatur,
1707 834 1736 855 et
1752 835 1786 855 ea

140 886 170 906 se
187 887 246 914 qua:
258 880 327 907 mala
351 886 424 913 sunt,
440 881 572 909 honorum
592 883 625 909 ad
647 890 676 909 se
686 883 854 918 adjutorium
868 892 931 919 pro-

138 931 227 958 vocat;
259 926 301 953 vel
327 928 481 954 econtrario
506 928 645 962 negligens
669 934 697 956 et
722 930 842 962 ignava,
865 931 930 957 dum

139 971 228 998 minus
245 976 326 999 cauta
342 977 394 1005 est,
411 973 499 1001 locum
520 974 565 1001 dat
579 974 622 1001 his
640 975 782 1009 spiritibus
795 976 841 1010 qui
858 977 931 1004 velut

138 1017 258 1045 latrones
277 1025 311 1044 ex
337 1019 443 1046 occulto
463 1020 642 1053 insidiantes,
669 1023 775 1049 irruere
798 1023 930 1049 humanas

137 1068 253 1096 mentes,
269 1071 332 1091 eum
350 1064 438 1092 locum
457 1066 508 1092 sibi
526 1066 618 1093 datum
633 1074 683 1101 per
699 1069 839 1102 segnitiem
853 1069 929 1096 vide-

137 1107 204 1140 rint,
224 1108 386 1140 moliuntur,
406 1109 477 1136 sicut
492 1110 531 1137 ait
556 1111 654 1138 Petrus
676 1113 818 1147 apostolus
832 1135 838 1146 ,
866 1115 928 1148 quia

139 1161 150 1178 ι
164 1153 340 1182 adversarius
354 1159 448 1182 noster
464 1155 587 1183 diabolus
602 1161 731 1191 tanquam
757 1158 798 1185 leo
821 1160 928 1194 rugiens

135 1199 242 1231 circuit,
263 1207 387 1235 quaerens
405 1209 485 1235 quem
504 1202 617 1229 devoret
634 1203 669 1231 “.
697 1213 707 1229 ι
724 1203 840 1238 Propter
854 1206 927 1239 quod

136 1245 180 1272 die
194 1249 328 1280 noctuque
340 1254 388 1273 cor
400 1252 522 1274 nostrum
534 1248 607 1274 omni
623 1249 747 1276 custodia
762 1252 926 1278 servandum

134 1296 193 1322 est.
212 1297 239 1318 et
261 1292 337 1320 locus
361 1300 412 1320 non
432 1297 474 1320 est
495 1294 602 1321 dandus
617 1294 727 1323 diabolo
741 1315 749 1327 ,
773 1297 820 1322 sed
836 1297 927 1324 omnia

134 1335 236 1368 agenda
257 1341 329 1370 sunt,
348 1337 446 1371 quibus
461 1338 578 1365 ministri
595 1339 653 1371 Dei,
667 1339 694 1366 hi
709 1339 836 1368 videlicet
847 1342 927 1375 spiri-

135 1385 178 1406 tus
192 1380 239 1415 qui
254 1381 287 1408 ad
301 1381 490 1409 haareditatem
506 1383 606 1410 salutis
618 1385 705 1411 vocati
721 1390 785 1412 sunt
800 1386 833 1417 ³⁷,
849 1386 925 1413 inve-

134 1425 209 1452 niant
225 1426 252 1453 in
270 1427 348 1454 nobis
363 1427 464 1460 locum,
478 1433 505 1455 et
518 1428 687 1456 delectentur
705 1431 810 1464 ingredi
828 1433 924 1467 hospi-

133 1471 200 1496 tium
214 1471 313 1498 animae
327 1478 437 1505 nostra»,
453 1478 480 1500 et
493 1474 649 1502 habitantes
660 1477 730 1510 apud
747 1484 796 1504 nos
807 1479 926 1506 consiliis
939 1490 960 1519 ο

133 1524 183 1542 nos
203 1522 306 1551 regant;
322 1518 344 1544 si
362 1523 451 1546 tamen
465 1519 648 1547 habitaculum
660 1523 752 1549 cordis
767 1524 854 1550 nostri
872 1526 925 1551 vir-

134 1561 200 1587 tutis
216 1565 244 1588 et
261 1562 413 1589 sanctitatis
428 1563 500 1590 cultu
513 1564 667 1591 invenerint
678 1571 838 1593 exornatum
856 1567 921 1603 (82).

133 1605 235 1634 Verum
259 1607 394 1635 sulliciant
413 1609 464 1636 ista
483 1617 532 1643 pro
554 1610 658 1637 viribus
680 1613 784 1639 nostris
808 1613 922 1640 disserta

132 1660 147 1679 a
163 1653 242 1680 nobis
252 1655 285 1681 de
297 1654 340 1682 his
356 1656 500 1683 virtutibus
514 1664 574 1691 qua:
590 1657 707 1685 httmano
720 1660 811 1693 generi
827 1661 925 1686 adver-

131 1704 238 1726 santur.

434 1747 549 1776 CAPUT
571 1749 616 1776 IV.

329 1792 366 1819 De
378 1794 500 1821 humanis
519 1795 717 1822 lentalionibus.

171 1839 195 1867 l.
209 1838 285 1866 Nunc
295 1841 502 1867 nedehumanis
515 1842 625 1875 quidem
633 1843 830 1871 tentationibtts
838 1845 923 1871 silen-

130 1885 194 1912 dum
202 1890 277 1919 puto,
287 1893 347 1920 qua:
357 1891 504 1913 nascuntur
513 1887 645 1914 interdum
653 1896 685 1914 ex
694 1895 810 1915 carneet
818 1892 924 1924 saligni-

129 1939 174 1963 ne,
186 1931 228 1957 vel
238 1939 270 1958 ex
283 1933 426 1965 prudentia
437 1933 528 1959 carnis
537 1939 562 1960 et
572 1935 715 1968 sanguinis
723 1942 783 1969 qua:
795 1935 849 1963 Deo
857 1937 924 1964 dici-

130 1983 174 2004 tur
183 1985 244 2004 esse
256 1979 378 2005 inimica.
391 1979 424 2005 Et
435 1984 524 2005 utrum
534 1986 627 2006 verum
639 1980 674 2007 sit
684 1981 754 2015 quod
765 1982 873 2015 quidam
882 1985 924 2010 di-

127 2029 204 2056 cunt,
212 2025 287 2058 quasi
298 2024 374 2051 binas
382 2025 485 2051 animas
492 2032 552 2052 esse
558 2033 605 2060 per
611 2026 731 2060 singulos
740 2026 796 2061 (85)
802 2048 809 2059 .
819 2034 924 2062 postea—

127 2070 250 2103 quamde
260 2070 300 2096 his
311 2070 502 2097 tentationibus
510 2071 695 2104 exposuimus,
704 2079 765 2106 qua:
773 2073 832 2106 plus
842 2082 921 2108 quam

127 2114 252 2141 humanae
266 2115 403 2144 dicuntur.
421 2116 446 2140 id
459 2122 499 2142 est
510 2124 578 2150 quas
591 2117 735 2143 adversum
753 2119 921 2153 principatus

983 874 1091 908 quidem
1106 882 1168 909 pars
1186 881 1268 908 quam
1291 872 1509 900 irrationabilem
1531 873 1639 905 dicunt,
1658 873 1686 899 in
1712 873 1786 900 duos

982 928 1092 947 rursum
1113 919 1251 947 dividatur
1266 919 1381 947 aﬂ'ectus
1397 919 1556 954 cupiditatis
1571 924 1598 946 et
1614 919 1783 946 iracundiae.

982 965 1038 991 llas
1054 972 1119 1000 ergo
1138 969 1193 992 tres
1219 964 1299 1000 146
1323 972 1392 999 quas
1410 970 1493 999 supra
1517 964 1638 992 diximus
1660 964 1720 1000 (87)
1750 966 1784 990 de

982 1012 1072 1038 anima
1091 1011 1235 1045 opiniones
1251 1020 1265 1037 ει
1280 1010 1418 1039 nonnullis
1435 1010 1530 1037 haberi
1547 1010 1721 1037 invenimus.
1744 1010 1783 1037 Ex

980 1058 1079 1092 quibus
1098 1058 1163 1084 illud
1184 1057 1304 1090 interim,
1328 1057 1400 1091 quod
1428 1056 1591 1090 quibusdatn
1616 1056 1783 1084 Graecorum

980 1105 1150 1139 philosophis
1158 1104 1244 1131 visum
1253 1104 1382 1136 diximus,
1398 1104 1460 1138 quia
1471 1104 1611 1138 tripartila
1625 1104 1663 1130 sit
1674 1104 1782 1136 anima,

980 1158 1033 1177 non
1053 1151 1132 1177 valde
1153 1150 1308 1177 confirmari
1325 1157 1358 1176 ex
1374 1150 1474 1177 divina}
1489 1150 1640 1185 Scriptura:
1653 1150 1780 1176 auctori-

980 1201 1036 1223 tate
1052 1196 1180 1229 pervideo
1199 1204 1205 1228 ;
1225 1197 1258 1222 ad
1277 1196 1328 1222 alia
1345 1203 1409 1223 vero
1426 1197 1479 1222 duo
1501 1195 1557 1231 (88)
1586 1203 1648 1229 qua:
1673 1196 1781 1230 reliqua

979 1246 1052 1274 sunt,
1070 1242 1185 1268 inveniri
1199 1247 1311 1276 possunt
1327 1242 1467 1276 aliquanta
1487 1249 1548 1276 qua:
1563 1250 1597 1269 ει
1608 1241 1716 1269 divinis
1725 1241 1779 1268 Lat-

979 1288 1047 1315 teris
1064 1287 1150 1321 aptari
1166 1295 1243 1322 posse
1257 1287 1411 1314 videantur.

1012 1336 1040 1361 2.
1071 1333 1109 1360 Ex
1141 1333 1241 1367 quibus
1271 1334 1358 1367 primo
1390 1332 1456 1360 illud
1485 1333 1673 1360 discutiamus
1705 1333 1778 1367 quod

978 1384 1103 1406 astruere
1116 1379 1205 1406 solent
1216 1379 1340 1413 quidam,
1357 1379 1420 1412 quia
1435 1386 1488 1405 tina
1502 1379 1538 1405 sit
1555 1379 1629 1406 bona
1649 1380 1677 1406 in
1696 1381 1779 1406 nobis

977 1425 1067 1451 anima
1083 1429 1111 1452 et
1128 1425 1258 1458 cmlestis,
1277 1425 1329 1452 alia
1345 1432 1409 1451 vero
1431 1424 1544 1452 inferior
1567 1431 1596 1452 et
1614 1427 1775 1458 terrestris,

977 1476 1005 1498 et
1019 1471 1089 1505 quod
1102 1479 1134 1498 ea
1147 1471 1255 1506 quidem
1273 1479 1333 1506 qua:
1347 1471 1444 1498 melior
1459 1477 1510 1504 est,
1536 1472 1649 1500 ccelitns
1672 1473 1777 1499 insera-

979 1522 1022 1544 tur
1038 1517 1104 1551 (89),
1123 1517 1211 1551 qualis
1226 1522 1265 1543 est
1282 1518 1327 1544 illa
1340 1525 1400 1552 qua:
1413 1523 1440 1545 et
1454 1517 1540 1546 Jacob
1551 1519 1687 1545 adversus
1702 1518 1775 1545 Esau

976 1564 1065 1590 adhuc
1080 1563 1106 1589 iu
1121 1568 1199 1590 utero
1218 1563 1307 1596 posito
1320 1563 1438 1597 palmam
1455 1564 1581 1590 victoria:
1602 1562 1774 1597 supplantali

975 1609 1104 1643 prwstitit
1122 1608 1218 1635 fratris
1236 1609 1270 1641 ’3;
1287 1613 1314 1635 et
1332 1616 1393 1643 qua:
1407 1609 1434 1635 in
1449 1609 1566 1636 Jeremia
1582 1610 1775 1637 sanctilieatur

976 1661 1009 1680 ex
1028 1654 1107 1679 vulva
1124 1654 1156 1685 η’,
1172 1659 1199 1680 et
1216 1654 1320 1688 Spiritu
1336 1659 1431 1681 sancto
1447 1654 1569 1689 repletur
1588 1662 1623 1681 ex
1641 1660 1725 1682 utero
1746 1656 1774 1681 in

975 1699 1088 1726 Joanne.
1115 1698 1189 1726 Illam
1214 1708 1280 1727 vero
1307 1700 1485 1734 inferiorem,
1506 1709 1589 1735 quant
1617 1701 1718 1728 dicunt
1740 1709 1772 1728 ex

975 1748 1108 1782 corporali
1127 1757 1186 1776 eam
1202 1749 1307 1776 semine
1320 1750 1401 1776 simul
1416 1754 1545 1777 asserunt
1556 1750 1615 1784 (90)
1633 1757 1696 1776 etim
1714 1758 1772 1777 cor-

975 1801 1040 1829 pore
1055 1794 1195 1826 seminari,
1218 1795 1288 1822 unde
1310 1800 1337 1822 et
1354 1801 1451 1829 praeter
1472 1804 1572 1830 corpus
1589 1797 1685 1823 vivere
1711 1805 1771 1824 eam

975 1839 1016 1865 vel
1028 1839 1178 1866 subsistere
1199 1844 1300 1875 negant
1314 1848 1405 1874 posse.
1428 1846 1540 1875 propter
1564 1843 1637 1876 qttod
1663 1847 1691 1869 et
1710 1851 1770 1871 car-

976 1892 1035 1911 netn
1051 1892 1110 1911 eattt
1131 1885 1286 1919 frequenter
1308 1886 1438 1920 appellari
1466 1886 1572 1914 dicunt.
1598 1887 1678 1920 Quod
1697 1888 1769 1915 enim

974 1931 1104 1964 scriptum
1118 1936 1160 1957 est
1187 1939 1193 1957 :
1219 1939 1228 1956 ι
1251 1930 1320 1958 Caro
1343 1932 1515 1965 concupiscit
1534 1933 1669 1960 adversus
1691 1935 1771 1968 spiri-

976 1980 1031 2002 tum
1047 1975 1079 2008 ³ο,
1098 1985 1108 2001 ι
1127 1983 1179 2002 non
1196 1976 1246 2002 hoc
1264 1976 1297 2002 de
1311 1983 1396 2003 carne
1413 1977 1516 2004 dictum
1535 1978 1678 2012 accipiunt
1693 2000 1700 2010 .
1722 1981 1767 2007 sed

975 2022 1008 2048 de
1022 2022 1071 2048 hac
1085 2021 1174 2048 auinta
1189 2029 1248 2055 quae
1265 2021 1373 2056 proprie
1388 2022 1481 2048 carnis
1493 2027 1536 2049 est
1548 2023 1654 2050 anima.
1673 2024 1727 2051 Sed
1742 2029 1769 2051 et

975 2075 1007 2093 ex
1027 2067 1068 2093 his
1084 2067 1194 2093 student
1207 2067 1385 2095 nihilominus
1398 2068 1565 2096 conﬁrmare
1581 2069 1641 2096 haec
1661 2078 1723 2105 quae
1741 2070 1767 2098 in

976 2115 1096 2142 Levitico
1113 2115 1149 2141 ita
1167 2115 1268 2148 scripta
1289 2119 1375 2142 sunt:
1397 2124 1407 2140 ι
1427 2117 1526 2142 Anima
1545 2116 1638 2143 omnis
1664 2118 1766 2150 carnis,

127 2163 155 2184 et
165 2163 355 2192 potestates,et
364 2160 508 2186 adversum
519 2161 609 2186 mundi
624 2160 705 2192 hujus
715 2166 834 2189 rectores
843 2167 918 2190 tene-
944 2168 965 2193 ι)
979 2162 1088 2197 sanguis
1114 2162 1197 2196 ipsius
1215 2162 1247 2187 “.
1276 2170 1286 2186 ι
1311 2161 1350 2187 Ex
1366 2169 1399 2188 eo
1425 2162 1497 2188 enitn
1518 2163 1591 2196 quod
1607 2171 1657 2197 per
1686 2168 1766 2191 totam

127 2204 237 2231 brarum
250 2204 356 2236 harum,
367 2209 393 2231 et
408 2205 538 2232 adversus
548 2206 678 2240 spiritalia
691 2208 850 2241 nequitizein
864 2217 920 2235 cte-

127 2250 240 2276 lestibus
249 2250 379 2283 gerimus,
389 2252 431 2278 vel
439 2259 498 2285 qua:
511 2252 587 2278 nobis
598 2253 730 2278 adversus
741 2254 850 2287 spiritus
862 2263 919 2280 nia-

126 2294 214 2329 lignos
231 2301 258 2320 et
274 2295 427 2322 immundos
439 2296 574 2323 dannones
589 2303 767 2331 peraguntur,
786 2300 916 2327 dicemus.

127 2338 155 2365 In
171 2347 223 2373 qua
239 2346 267 2365 re
282 2345 481 2373 consequenter
496 2341 614 2368 arbitror
630 2344 834 2376 requirendum,
851 2345 872 2371 si
891 2346 916 2372 in

128 2385 206 2412 nobis
215 2385 368 2412 hominibus
382 2387 427 2420 qui
441 2394 474 2413 ex
490 2387 580 2414 anima
593 2395 750 2416 constamus
762 2395 789 2417 et
807 2399 920 2426 corpore

168 2442 209 2469 “1
220 2441 277 2470 Pet.
288 2451 314 2476 v,
323 2442 350 2470 8.
368 2443 390 2458 ³⁷
403 2443 470 2471 lleh.
485 2452 504 2477 I,
518 2446 560 2472 Η.

141 2534 145 2539 _
162 2499 217 2535 (8‘2)
231 2500 259 2526 ln
276 2501 342 2539 libb.
352 2506 436 2539 antea
451 2503 532 2539 editis
546 2512 608 2536 vox,
624 2513 632 2530 ι
653 2512 826 2538 exornatum.
844 2517 854 2534 ι
872 2508 913 2534 ιιι-

128 2537 192 2560 lima
208 2541 259 2576 _t-st
276 2537 374 2576 capitis
393 2537 485 2576 tertii,
510 2543 536 2565 et
560 2539 654 2576 incipit
679 2547 760 2575 caput
784 2549 911 2576 quartum

128 2577 189 2595 cum
208 2570 258 2596 hoc
275 2571 352 2597 titulo
369 2580 375 2597 :
399 2580 408 2596 ‹
429 2572 463 2597 De
474 2573 598 2600 humanis
613 2570 814 2604 tentaliouibu's.
833 2588 842 2603 ι
862 2577 912 2604 Ve-

129 2611 187 2643 runt
204 2605 311 2645 ilt‘l-IISSI.
327 2606 396 2645 pulla
413 2607 563 2645 hujusmodi
585 2609 655 2636 tituli
674 2613 788 2645 mentio,
807 2612 909 2640 nullum

126 2638 407 2674 capituliincipieulis
422 2638 560 2671 indicium.

164 2673 220 2708 (85)
236 2673 282 2700 Sic
296 2673 359 2703 mss.
380 2676 464 2707 Alias,
483 2686 492 2702 ‹
509 2686 555 2709 per
565 2680 757 2708 substantiam.
779 2692 788 2708 ι
810 2681 912 2709 ibidem

127 2711 437 2749 mss‘mcirexposuimus.
457 2721 465 2737 ι
481 2712 564 2749 Alias,
581 2724 589 2739 ι
607 2718 826 2749 exposueritnus.
845 2727 854 2743 ι

164 2742 349 2787 iussu
373 2745 455 2787 Alias.
471 2756 480 2772 r
499 2742 606 2784 aliquod
622 2742 828 2779 incitamentum
840 2751 912 2787 quod

128 2780 228 2814 motum
242 2779 337 2804 habeat
348 2782 493 2814 proprium.
512 2792 521 2809 ι

165 2812 223 2846 (85)
239 2814 284 2841 Sic
301 2812 365 2842 mss.
384 2812 469 2850 Alias,
490 2827 499 2844 ι
519 2824 608 2847 utrum
627 2820 685 2848 dua:
702 2821 808 2848 animat.
829 2829 840 2846 ο

601 2447 622 2462 ²⁸
636 2447 735 2474 Genes.
750 2456 814 2475 xxv.

853 2450 876 2465 "
890 2450 991 2479 Jerem.
1012 2457 1032 2477 t.

977 2215 1085 2234 carnem
1101 2207 1209 2241 sanguis
1223 2206 1337 2233 dill‘usus
1352 2207 1433 2233 vitam
1446 2213 1557 2242 priestat
1568 2209 1658 2239 carni.
1668 2209 1697 2236 in
1707 2218 1768 2237 aan—

973 2253 1055 2288 gnine
1071 2253 1159 2279 inesse
1176 2252 1252 2278 aiunt
1268 2251 1340 2278 hanc
1352 2251 1471 2278 animam
1487 2261 1548 2287 qua:
1565 2253 1670 2280 dicitur
1687 2255 1767 2281 totius

973 2300 1065 2327 carnis
1079 2306 1138 2325 esse
1152 2298 1254 2324 anima.
1270 2296 1326 2324 lloc
1351 2303 1442 2325 autem
1460 2299 1549 2333 ipsum
1565 2300 1638 2334 quod
1664 2300 1765 2328 dictum

974 2350 1016 2373 est
1031 2352 1142 2372 carnem
1164 2349 1316 2378 repugnare
1332 2343 1462 2371 adversus
1479 2346 1618 2379 spiritum.
1640 2347 1764 2380 spiritum

974 2397 1065 2418 autem
1081 2390 1209 2417 adversus
1218 2397 1337 2424 carnem;
1353 2392 1463 2424 etquod
1480 2391 1583 2418 dictum
1597 2396 1639 2419 est
1653 2401 1661 2419 ι
1678 2402 1688 2418 ι
1703 2394 1765 2420 Aui-

1083 2448 1105 2464 ³⁰
1117 2447 1175 2475 Gal.
1193 2455 1221 2481 v,
1241 2448 1286 2475 ’17.
1341 2449 1362 2464 ³¹
1385 2449 1551 2483 Levit.xvtt,
1566 2451 1612 2477 M.

1004 2508 1059 2543 (86)
1085 2507 1168 2535 Graia
1196 2513 1267 2534 sunt.
1293 2507 1340 2535 Sic
1367 2516 1434 2536 mss.
1464 2509 1560 2543 Alias,
1590 2519 1600 2536 ι
1625 2512 1763 2540 contraria

966 2549 1064 2613 milii-7').
1082 2578 1128 2604 Sic
1146 2585 1212 2605 mss.
1237 2577 1322 2609 Alias,
1340 2588 1349 2604 ι
1370 2586 1438 2613 quos
1461 2579 1647 2614 produximus
1663 2586 1728 2614 tres,
1746 2592 1756 2609 ι

967 2619 1060 2683 eu“('38)
1078 2647 1147 2674 Duo.
1163 2648 1252 2682 ,Deest
1264 2647 1290 2674 in
1309 2653 1388 2676 antea
1409 2648 1508 2681 editis,
1527 2651 1574 2678 sed
1591 2651 1714 2680 habetur
1736 2653 1760 2681 iu

968 2691 1058 2751 mihi)
1072 2717 1151 2744 Libb.
1167 2717 1242 2750 editi,
1267 2727 1275 2743 t
1291 2718 1431 2746 inferatur.
1450 2728 1459 2744 ν

1004 2752 1059 2787 (9υ)
1071 2753 1119 2787 δὶς
1132 2759 1198 2778 mss.
1218 2753 1302 2784 Alias,
1326 2763 1336 2779 ‹
1361 2754 1553 2781 sanetiiicalu'r
1576 2763 1610 2782 ex
1629 2762 1710 2783 utero
1732 2758 1757 2785 in

968 2786 1081 2826 Joanne.
1100 2786 1176 2827 illam
1198 2795 1263 2814 vero
1283 2789 1438 2816 inl‘erim‘em
1461 2797 1545 2822 quam
1569 2799 1602 2818 ex
1619 2800 1752 2827 υυτρυικα.

967 2821 1070 2849 semine
1084 2821 1163 2848 simul
1180 2829 1314 2855 asserunt,
1335 2833 1343 2849 ι
1360 2830 1412 2850 etc.
