1860 3073
170 125 224 153 525

785 119 946 148 ORIGENIS
965 119 1045 145 ΠΕΡΙ
1066 117 1180 144 ΛΡΧΩΝ

1748 113 1802 141 524

171 183 302 210 adversus
315 180 450 216 spiritum,
475 183 504 207 et
529 179 562 206 ad
581 186 610 206 se
626 186 756 206 revocare
773 179 892 206 animam
910 186 956 205 νο-
973 179 996 207 Α
1011 176 1073 211 quia
1102 176 1205 202 varium
1230 182 1261 201 ac
1280 174 1330 202 sibi
1350 173 1399 208 ipsi
1421 179 1574 208 repugnans
1600 171 1734 206 judicium
1755 170 1803 197 ha-

172 229 284 262 lentem,
310 231 399 254 tamen
415 225 486 253 forte
511 224 604 252 utilius
625 225 750 252 videatur
767 225 884 252 obtineri
899 225 959 251 ani-

173 280 245 300 mam
268 280 283 299 a
302 279 395 304 carne,
421 278 502 307 quam
524 272 645 299 residere
667 271 695 297 in
710 271 767 298 suis
781 271 896 305 propriis
912 278 959 296 vo-

173 319 332 346 luntatibus.
363 318 487 353 Namque
514 319 643 353 quoniam
671 326 721 345 nec
743 318 830 346 calida
858 318 958 345 dicitur

170 373 240 398 esse,
258 372 310 393 nec
323 365 434 399 frigida,
449 364 495 392 sed
512 364 538 391 in
551 364 639 391 medio
654 364 771 398 quodam
789 368 883 397 tepore
895 370 959 397 per-

171 413 284 445 durans,
304 412 409 438 tardam
420 416 448 438 et
461 411 526 438 satis
542 410 676 437 difﬁcilem
691 410 895 437 conversionem
911 417 959 444 po-

171 460 235 488 terit
250 459 385 487 invenire.
418 458 447 486 Si
462 466 527 487 vero
543 460 618 486 carni
634 458 772 485 adhaereat
790 457 842 493 (5'),
866 464 898 484 ex
916 456 959 483 his

170 505 236 538 ipsis
254 503 389 531 interdum
410 503 489 531 malis
505 511 565 539 quae
580 511 613 531 ex
629 503 721 530 carnis
745 503 818 531 vitiis
843 503 957 538 patitur,

169 550 265 577 satiata
282 549 427 583 aliquando
442 553 469 576 et
483 549 597 585 repleta,
615 549 688 576 velut
707 549 877 584 gravissimis
891 555 958 576 one-

170 597 246 624 ribus
260 595 374 623 luxurire
389 603 421 622 ac
439 595 559 622 libidinis
576 595 702 629 fatigata,
724 594 832 622 facilius
844 599 872 622 et
886 595 959 621 velo-

170 643 229 669 cius
244 642 366 670 converti
381 648 395 668 a
411 641 599 669 materialibus
614 641 741 668 sordibus
756 641 788 667 ad
805 641 956 668 ccelestium

170 687 335 715 desiderium
358 692 386 714 ct
411 686 579 720 spiritualem
597 687 711 722 gratiam
728 691 825 721 potest.
857 687 892 714 Et
907 687 958 714 hoc

170 733 357 760 arbitrandum
371 732 525 760 estdixisse
537 731 706 767 Apostolum,
722 731 823 759 idcirco
837 739 958 766 pugnare

170 779 294 812 spiritum
308 778 438 805 adversus
455 784 576 809 carnem,
592 782 619 804 et
635 784 746 804 carnem
760 777 891 805 adversus
907 778 960 811 spi-

171 825 262 857 ritum,
289 829 387 851 utnon
406 831 573 858 quaecunque
590 823 728 856 volumus,
749 824 794 851 illa
815 824 956 856 faciamus,

170 871 231 898 sine
245 870 327 898 dubio
341 878 373 898 ea
386 878 447 904 qua:
462 874 538 897 extra
556 870 722 897 voluntatem
741 870 853 905 spiritus
866 875 893 897 et
909 877 957 897 ex-
974 857 993 884 Β

172 921 212 943 tra
238 916 402 943 voluntatem
427 917 519 943 carnis
538 916 677 952 designata
695 921 774 949 sunt;
803 920 831 943 ut
848 916 870 943 si
897 916 957 944 aliis

170 962 326 990 nominibus
351 962 514 996 diceremus,
539 962 603 997 quia
630 961 727 989 melius
752 967 794 989 est
820 962 956 990 hominem

169 1013 216 1036 aut
242 1009 268 1036 in
292 1009 393 1037 virtute
407 1016 479 1041 esse,
491 1013 537 1036 aut
555 1009 580 1036 in
600 1008 715 1042 malitia,
731 1017 814 1044 quam
839 1009 866 1036 in
882 1009 957 1037 nullo

168 1055 264 1083 horum
276 1064 284 1089 ;
298 1055 388 1082 anima
407 1063 470 1082 vero
486 1055 642 1090 priusquam
658 1054 696 1091 (6)
718 1063 748 1083 se
764 1061 906 1083 convertat
924 1058 957 1082 ad

169 1101 294 1136 spiritum
311 1105 339 1128 et
365 1109 448 1128 unum
466 1100 676 1128 eiliciaturcum
700 1107 743 1134 eo,
760 1100 822 1128 dum
836 1101 957 1128 adhaeret

168 1146 278 1182 corpori
306 1152 334 1174 et
362 1147 396 1174 de
413 1146 568 1174 carnalibus
592 1147 703 1181 cogitat,
729 1154 817 1181 neque
842 1147 869 1173 in
886 1147 957 1175 bono

168 1195 244 1218 statu
259 1190 368 1230 videtur
389 1198 461 1223 esse,
479 1198 568 1225 neque
592 1190 735 1218 manifeste
760 1191 785 1218 in
812 1192 895 1225 malo,
910 1192 956 1220 sed

168 1243 230 1264 esse
244 1236 367 1269 animali,
382 1241 410 1264 ut
425 1237 462 1264 ita
480 1237 606 1270 dixerim,
626 1238 732 1266 similis.
758 1237 851 1266 Melius
866 1243 955 1266 autem

169 1288 211 1310 est
226 1286 256 1310 ut
269 1282 291 1310 si
309 1282 365 1309 licri
380 1288 470 1319 potest
482 1283 624 1310 adhzcrens
638 1283 745 1318 spiritui
760 1283 893 1311 elliciatur
905 1286 958 1320 spi-

169 1329 273 1358 ritalis.
292 1329 321 1357 Si
335 1337 400 1357 vero
414 1329 472 1357 ﬁeri
489 1337 541 1356 non
557 1335 657 1364 potest,
674 1330 760 1366 magis
774 1331 884 1365 expedit
897 1339 956 1359 eam

168 1373 212 1401 vel
241 1374 332 1402 carnis
348 1373 478 1401 malitiam
497 1375 585 1409 sequi,
612 1383 693 1409 quam
707 1375 734 1402 in
760 1376 817 1403 suis
841 1377 956 1410 positam

167 1419 367 1452 voluntatibus,
382 1420 510 1447 animalis
526 1420 721 1448 irrationabiiis
736 1425 837 1449 statum
855 1427 956 1450 tenere.

168 1465 234 1493 Haec
251 1470 343 1493 autem
358 1465 535 1492 tractavimus
551 1465 672 1492 volentes
684 1466 852 1500 singularum
867 1475 956 1495 asser-

169 1512 272 1538 tionum
288 1511 423 1538 disserere
441 1511 594 1545 opiniones,
620 1511 743 1545 ampliori
769 1519 850 1546 quam
871 1513 957 1540 volui-
970 1525 991 1554 ο

168 1565 229 1585 mus
245 1558 285 1585 usi
310 1564 437 1588 excursu,
454 1559 494 1585 uti
511 1565 544 1585 nc
568 1557 652 1584 latere
677 1565 726 1584 nos
749 1563 910 1592 putarentur
925 1567 956 1587 ea

168 1611 228 1638 quin
255 1603 357 1631 moveri
375 1603 463 1631 solent
478 1605 512 1631 ah
533 1604 576 1631 his
591 1604 637 1638 qui
649 1609 784 1639 qumrunt,
804 1609 895 1632 utrum
922 1606 958 1633 sit

168 1650 221 1677 alia
238 1649 328 1677 anima
345 1650 372 1676 in
387 1650 466 1677 nobis
479 1654 578 1684 praeter
593 1649 662 1677 hanc
676 1650 814 1678 caelestem
831 1656 860 1678 et
873 1652 956 1679 ratio-

168 1695 299 1727 nabilem,
317 1702 377 1730 qme
393 1695 457 1722 huic
472 1695 635 1722 naturaliter
649 1696 822 1730 adversetur,
836 1701 864 1724 et
880 1705 958 1725 voce-

167 1746 212 1769 tur
222 1741 262 1768 vel
273 1749 348 1773 caro,
365 1741 406 1768 vel
422 1741 554 1776 sapientia
578 1742 677 1774 carnis,
693 1741 734 1768 vel
751 1742 840 1769 anima
856 1743 956 1771 carnis.

203 1787 230 1815 4.
247 1787 323 1814 Nunc
337 1787 478 1814 videamus
504 1788 570 1822 quid
584 1788 666 1815 etiam
682 1789 824 1816 adversum
839 1788 896 1816 haec
914 1797 958 1817 re-

167 1832 295 1866 sponderi
320 1831 406 1859 soleat
422 1833 456 1860 ab
473 1833 515 1860 his
535 1833 581 1867 qui
595 1832 746 1860 defendunt
760 1841 842 1860 unum
856 1841 916 1862 esse
930 1835 956 1861 in

166 1878 246 1907 nobis
273 1883 386 1911 motum,
414 1883 442 1906 et
468 1886 549 1905 unam
568 1879 657 1906 .vitam
674 1880 756 1907 unius
782 1879 957 1916 ejusdemque

167 1924 264 1951 animae
277 1923 328 1960 (7),
353 1924 432 1959 cujus
446 1925 504 1951 sive
525 1924 610 1957 salus,
635 1925 693 1952 sive
714 1926 832 1960 perditio
857 1933 957 1953 secun-

167 1971 230 1997 dum
249 1975 326 1998 actus
338 1978 402 1998 suos
423 1970 474 2005 ipsi
492 1971 603 2005 proprie
624 1971 787 1998 ascribatur.
819 1972 853 1999 Et
868 1972 958 2007 primo

167 2016 306 2044 videamus
319 2016 471 2051 cujusmodi
486 2017 542 2043 sint
559 2017 699 2051 passiones
715 2018 799 2045 animi
825 2026 894 2053 quas
908 2027 956 2054 pa-

167 2063 251 2089 timur
273 2070 335 2089 cum
361 2063 494 2089 sentimus
518 2061 589 2089 intra
620 2064 802 2098 nosmetipsos
829 2065 903 2091 velut
930 2065 957 2092 in

167 2112 259 2142 partes
277 2115 325 2135 nos
340 2108 396 2142 rapi
412 2115 459 2142 per
471 2107 594 2142 singula;
608 2115 668 2135 cum
682 2116 771 2144 pugna
786 2110 910 2144 quaedam
928 2111 958 2138 fit

168 2153 364 2188 cogitationum
381 2154 407 2180 in
424 2153 553 2181 cordibus
568 2154 681 2186 nostris,
697 2159 723 2181 et
738 2157 861 2190 quaedam
880 2158 957 2185 nobis

1011 223 1123 249 beantet
1132 229 1145 247 a
1157 221 1301 254 semetipso
1310 219 1479 251 discordans,
1492 226 1553 245 cum
1564 218 1649 245 etiam
1669 217 1697 243 in
1711 215 1802 244 omni-

1011 267 1061 294 bus
1075 266 1228 294 hominibus
1244 266 1280 292 ita
1292 265 1457 296 inveniatur,
1479 264 1500 290 si
1511 263 1620 298 quando
1636 262 1804 290 deliberatio

1010 312 1121 339 incerta:
1137 312 1175 339 rei
1195 312 1228 339 ad
1249 311 1391 339 consilium
1406 311 1524 342 venerit,
1535 314 1562 337 ct
1570 310 1750 344 prospicitur,
1761 310 1803 335 vel

1010 358 1161 386 consulitur
1180 358 1245 392 quid
1272 357 1372 385 rectius
1397 358 1438 383 vel
1461 357 1557 383 utilius
1570 356 1703 390 eligatur.
1730 354 1804 382 Nihil

1010 411 1074 439 ergo
1088 404 1186 430 mirum
1195 403 1217 431 si
1227 404 1286 431 duae
1298 402 1546 430 verisimilitudines
1558 402 1610 429 sibi
1629 402 1749 429 invicem
1757 409 1804 428 oc-

1009 455 1149 477 currentes
1160 455 1187 476 et
1195 449 1333 477 contraria
1343 454 1528 484 suggerentes,
1537 448 1563 475 in
1575 448 1700 475 diversas
1711 452 1805 482 partes

1010 496 1129 523 animum
1140 497 1258 531 rapiunt.
1273 495 1354 522 Verbi
1366 502 1459 526 causa,
1470 495 1491 522 si
1504 495 1634 530 cogitatio
1643 494 1742 522 invitet
1755 494 1806 521 ali-

1010 548 1089 576 quem
1105 542 1139 569 ad
1156 542 1237 569 [idem
1252 545 1278 569 et
1294 542 1417 569 timorem
1434 541 1494 573 Dei,
1509 547 1572 568 tunc
1586 549 1640 568 non
1656 545 1749 576 potest
1766 541 1806 567 di-

1010 588 1035 614 ci
1060 588 1123 622 quia
1143 595 1209 615 caro
1225 589 1369 615 adversum
1386 587 1509 620 spiritum
1526 591 1645 622 pugnet;
1663 587 1712 614 sed
1741 588 1804 612 dum

1010 634 1142 661 incertum
1162 639 1204 662 est
1227 635 1300 669 quod
1325 642 1419 661 vermn
1443 639 1471 660 et
1487 633 1552 660 utile
1577 639 1630 666 est,
1650 632 1765 659 animus
1780 631 1804 658 in

1009 680 1115 708 diversa
1132 681 1245 715 rapitur.
1273 681 1310 708 ita
1325 686 1352 709 et
1369 688 1430 708 cum
1446 685 1556 715 putatur
1568 686 1633 706 caro
1649 679 1683 705 ad
1703 678 1800 706 libidi-

1008 734 1070 754 nem
1095 734 1254 761 provocare,
1274 727 1416 754 consilium
1433 733 1496 753 vero
1513 725 1610 752 melius
1625 724 1804 759 hujuscemo-

1009 773 1035 800 di
1061 773 1245 800 incitamentis
1273 772 1387 805 resistit,
1416 780 1467 799 non
1492 773 1639 810 putandum
1661 775 1705 798 cst
1721 772 1804 797 vitam

1010 826 1070 846 esse
1093 819 1211 854 aliquam
1237 818 1318 845 aliam
1344 826 1405 854 qua:
1429 818 1560 846 adversus
1586 818 1670 844 aliam
1690 818 1806 844 resistat

1009 865 1058 900 (8),
1077 865 1123 892 sed
1142 869 1264 892 naturam
1279 866 1402 899 corporis
1416 873 1474 900 qua:
1491 864 1593 900 repleta
1609 864 1691 892 sativi
1711 864 1806 890 humo-

1007 912 1047 938 ris
1062 911 1120 938 loca
1137 918 1271 939 evacuare
1287 912 1371 946 gestit
1384 913 1479 946 [atque
1502 910 1636 943 deﬂuere;
1662 909 1740 937 sicut
1758 917 1806 936 nec

1009 958 1149 984 contraria
1177 957 1266 991 aliqua
1292 958 1388 990 virtus,
1415 964 1463 984 nec
1482 957 1535 983 vita
1562 955 1678 982 alterius
1705 955 1806 982 anima:

1007 1003 1126 1038 putanda
1141 1007 1183 1030 est
1198 1011 1257 1037 qua!
1274 1003 1354 1030 nobis
1369 1003 1471 1029 excitat
1486 1002 1559 1029 sitim
1576 1006 1602 1028 et
1621 1006 1760 1036 provocat
1774 1000 1806 1026 ad

1008 1048 1162 1081 bibendum,
1181 1048 1220 1074 vel
1243 1056 1303 1082 qua:
1327 1049 1432 1076 esurire
1457 1047 1530 1081 facit,
1547 1052 1573 1074 et
1600 1047 1694 1074 irritat
1712 1048 1749 1073 ad
1766 1047 1805 1074 ci-

1008 1096 1082 1124 bum.
1107 1095 1159 1123 Sed
1183 1095 1253 1122 sicut
1270 1095 1326 1122 Iuec
1341 1094 1514 1121 naturalibus
1538 1093 1658 1120 motibus
1676 1093 1806 1128 corporis

1008 1141 1049 1168 vel
1065 1145 1241 1175 appetuntur,
1256 1141 1299 1168 vel
1314 1145 1490 1172 evacuantur,
1510 1140 1546 1167 ita
1563 1143 1591 1167 et
1607 1139 1747 1166 naturalis
1762 1146 1804 1166 se-

1009 1188 1089 1214 minis
1102 1191 1283 1222 congrcgatus
1297 1194 1344 1222 per
1369 1191 1474 1221 tempus
1491 1187 1517 1213 in
1533 1186 1590 1214 suis
1609 1185 1677 1213 locis
1705 1185 1806 1212 humor

1008 1233 1107 1268 expelli
1132 1233 1225 1269 gestit,
1256 1238 1280 1260 et
1298 1233 1378 1267 abjici
1404 1244 1409 1260 :
1432 1234 1503 1268 quod
1523 1234 1549 1260 in
1576 1238 1684 1260 tantum
1702 1239 1805 1267 nequa—

1008 1288 1089 1314 quam
1115 1280 1228 1315 impulsu
1259 1280 1375 1307 alterius
1406 1280 1566 1315 cujusquam
1594 1279 1804 1314 provocationis

1008 1327 1134 1359 eﬂicitur,
1158 1331 1188 1354 ut
1212 1327 1293 1354 etiam
1315 1331 1412 1361 sponte
1437 1327 1573 1353 interdum
1601 1326 1690 1354 soleat
1719 1326 1804 1361 egeri.

1008 1374 1074 1401 Cum
1092 1381 1157 1409 ergo
1171 1373 1281 1406 dicitur,
1301 1373 1364 1408 quia
1384 1382 1393 1398 ι
1406 1381 1470 1400 caro
1481 1377 1581 1408 pugnat
1594 1373 1735 1400 adversus
1751 1372 1805 1406 spi-

1008 1420 1090 1447 ritum
1102 1419 1134 1453 ³⁸,
1149 1429 1158 1445 ι
1179 1420 1215 1446 ita
1230 1420 1383 1455 intelligunt
1401 1419 1457 1451 isti,
1472 1419 1536 1454 quia
1553 1427 1630 1451 usus,
1646 1419 1691 1446 vel
1705 1426 1803 1446 neces-

1008 1465 1084 1498 sitas,
1110 1466 1153 1492 vel
1179 1466 1407 1493 dciectamentum
1431 1465 1523 1493 carnis
1540 1472 1698 1500 provocans
1713 1464 1803 1492 immi-

1009 1519 1070 1539 nem
1087 1512 1219 1539 abstrahit
1239 1516 1267 1539 et
1283 1511 1391 1539 abducit
1416 1519 1430 1538 a
1446 1511 1547 1538 divinis
1569 1515 1596 1538 et
1622 1510 1799 1545 spiritalibus

1010 1558 1102 1586 rebus.
1123 1557 1176 1585 Pro
1201 1557 1365 1585 necessitate
1388 1557 1489 1584 etenim
1515 1557 1640 1591 corporis
1658 1557 1803 1586 abstracti.

1009 1603 1108 1630 divinis
1124 1608 1151 1630 et
1169 1603 1196 1630 in
1211 1608 1342 1630 aeternum
1360 1603 1510 1638 profuturis
1535 1603 1617 1630 rebus
1632 1610 1738 1630 vacare
1753 1611 1803 1630 non

1008 1649 1133 1677 siuimur.
1160 1650 1206 1677 Sic
1229 1657 1324 1677 rursus
1347 1649 1447 1677 divinis
1472 1654 1500 1676 et
1521 1649 1695 1684 spiritalibus
1714 1649 1804 1676 anima

1011 1694 1092 1730 148
1108 1703 1217 1727 vacans,
1238 1699 1264 1722 et
1279 1695 1387 1729 spiritui
1406 1695 1563 1730 conjuncta,
1583 1695 1751 1729 impugnare
1765 1695 1804 1722 di-

1008 1741 1080 1767 citur
1095 1747 1218 1773 carnem,
1234 1741 1298 1768 dum
1312 1741 1411 1768 resolvi
1427 1749 1487 1768 eam
1501 1741 1606 1768 deliciis
1622 1749 1677 1768 non
1700 1741 1768 1768 sinit
1782 1746 1806 1767 ct

1009 1786 1193 1820 voluptatibus
1208 1787 1327 1819 fluitare,
1344 1787 1444 1822 quibus
1460 1787 1624 1814 naturaliter
1636 1787 1802 1814 delectatur.

1008 1832 1066 1860 Hoc
1091 1834 1171 1860 modo
1195 1835 1277 1861 etiam
1295 1834 1359 1860 illud
1378 1839 1503 1861 asserunt
1521 1834 1593 1869 quod
1609 1835 1718 1862 dictum
1739 1839 1781 1862 est
1796 1843 1802 1861 :

1011 1879 1171 1914 «Sapientia
1196 1880 1287 1906 carnis
1311 1880 1422 1906 inimica
1446 1884 1487 1907 est
1501 1881 1555 1907 Deo
1566 1879 1598 1913 ”,
1616 1889 1626 1906 ι
1653 1887 1711 1907 non
1733 1879 1802 1915 quod

1009 1932 1073 1952 vere
1098 1926 1219 1952 animam
1249 1926 1347 1953 haheat
1370 1933 1445 1957 caro,
1476 1925 1517 1953 vel
1544 1926 1714 1960 sapientiam
1745 1933 1804 1960 pro-

1009 1971 1108 2004 priam,
1133 1971 1179 1998 scd
1203 1971 1275 1997 sicut
1291 1971 1402 1997 abusive
1416 1971 1507 1998 dicere
1531 1971 1654 1998 solemus
1670 1976 1700 1998 et
1727 1971 1803 1998 sitire

1011 2021 1108 2043 terram
1122 2020 1148 2043 et
1165 2016 1234 2043 Velie
1249 2024 1307 2043 eam
1321 2017 1414 2044 bibere
1427 2024 1539 2052 aquam,
1554 2017 1607 2051 hoc
1621 2017 1719 2051 utique
1732 2017 1802 2052 quod

1009 2061 1128 2088 dicimus
1142 2060 1220 2094 velle,
1233 2068 1286 2088 non
1299 2062 1418 2096 proprie,
1435 2062 1483 2089 sed
1498 2061 1611 2089 abusive
1624 2061 1802 2095 proferimus,

1010 2106 1083 2134 velut.
1094 2107 1116 2133 si
1128 2106 1251 2134 dicamus
1266 2106 1361 2134 iterum
1373 2107 1436 2142 quia
1447 2107 1542 2135 domus
1555 2108 1720 2142 recomponi
1735 2107 1802 2139 vult,

1009 2158 1037 2180 ct
1050 2153 1102 2180 alia
1115 2152 1199 2179 multa
1213 2152 1254 2180 his
1268 2153 1382 2186 similia;
1401 2153 1438 2180 ita
1450 2157 1477 2181 et
1488 2154 1624 2189 sapientia
1641 2154 1738 2182 carnis
1757 2161 1802 2181 ac-

169 2197 423 2224 verisimilitudines
438 2202 632 2232 suggeruntur.
645 2199 743 2233 quibus
760 2208 833 2228 nunc
850 2202 876 2228 in
894 2203 955 2235 hoc,
974 2195 996 2225 D
1010 2199 1134 2234 cipienda
1159 2203 1212 2231 est.
1238 2198 1278 2226 vel
1291 2199 1364 2234 quod
1388 2199 1490 2227 dictum
1513 2202 1635 2234 estquia
1657 2208 1750 2228 «caro
1765 2201 1802 2235 (9)

170 2249 242 2269 nunc
256 2242 282 2269 in
298 2242 370 2269 aliud
397 2242 571 2276 inclinantur,
588 2243 741 2278 quibusque
761 2253 832 2273 nunc
848 2247 955 2282 quidem

169 2289 320 2323 arguimur,
348 2297 419 2317 nunc
452 2298 518 2318 vero
544 2292 726 2326 nosmetipsos
753 2292 954 2326 amplectimur.

169 2333 243 2361 Nihil
267 2339 358 2362 autem
374 2342 500 2370 magmun
521 2341 564 2363 est
583 2337 606 2363 si
623 2336 692 2363 mala
708 2337 815 2371 ingenia
834 2338 957 2366 dicamus

205 2437 227 2452 “
241 2436 330 2464 Galat.
346 2435 429 2469 ν,17.
469 2435 491 2451 ’ν
509 2435 586 2463 Rom.
607 2443 665 2467 \‘Iil,
678 2434 704 2462 7.

219 2539 245 2570 5)
261 2539 343 2570 Cave,
359 2543 386 2566 et
399 2537 494 2565 confer
507 2546 581 2565 ttulit.
592 2538 626 2565 '29
644 2538 690 2566 lib.
709 2538 745 2566 De
760 2539 889 2566 oratione.

219 2573 246 2608 ti)
270 2574 315 2601 Sic
340 2582 406 2600 mss.
427 2574 513 2605 Alias,
545 2583 553 2598 ι
568 2579 719 2608 postquam.
735 2584 744 2600 ι
778 2573 849 2601 Infra
874 2583 951 2606 Inss.,

175 2618 186 2635 ι
198 2609 238 2637 usi
250 2617 377 2636 excursu.
393 2618 402 2633 ι
424 2609 506 2639 Alias,
524 2618 532 2633 ι
546 2609 585 2635 usi
602 2615 726 2635 excessu.
739 2619 748 2634 ι

208 2645 246 2679 (7)
264 2644 309 2671 Sic
326 2651 389 2670 mss.
407 2643 490 2679 Alias,
519 2652 528 2668 ι
541 2651 599 2677 qua:
612 2644 693 2670 etiam
717 2644 750 2670 ad
771 2645 823 2671 hoc
840 2651 953 2678 respon-

174 2679 230 2705 deri
247 2679 362 2706 soleant.
377 2690 386 2703 ι
406 2678 506 2704 ibidem
522 2686 600 2711 mss.,
618 2687 628 2704 ι
639 2683 666 2705 et
681 2686 760 2705 uuam
775 2680 858 2706 vitam
874 2679 954 2705 unius

175 2714 350 2747 ejusdemque
374 2713 480 2740 animze.
495 2722 503 2738 ι
541 2714 626 2747 Alias,
657 2718 704 2740 «et
728 2721 809 2741 unam
836 2714 953 2740 animam

175 2750 255 2775 unius
268 2748 442 2781 ejusdemque
458 2749 562 2776 animae.
579 2758 588 2774 ι

212 2783 250 2818 (8)
266 2783 311 2809 Sic
327 2789 393 2809 mss.
403 2782 500 2818 ‘Alias,
526 2793 535 2809 ‹
547 2792 600 2811 non
624 2784 741 2818 putanda
766 2788 808 2811 est
827 2783 881 2810 vita
895 2790 956 2810 esse

176 2816 228 2844 alia
244 2818 375 2853 animis.»
402 2816 483 2845 Paulo
509 2825 569 2853 post
594 2816 670 2849 mss.,
699 2825 853 2846 «evacuare
875 2818 957 2852 gestit

177 2858 258 2888 atque
272 2852 398 2880 defluere.
411 2862 420 2878 ›
445 2852 528 2889 Alias,
550 2863 559 2881 ι
570 2861 702 2883 evacuarc
720 2854 801 2888 gestit
816 2859 897 2887 atque
914 2861 956 2880 rc-

743 2436 765 2450 “
776 2435 875 2464 Gcnes.
892 2445 929 2469 tv,
942 2438 988 2464 10.

1011 2245 1181 2280 concupiscit
1208 2245 1339 2272 adversus
1368 2245 1527 2279 spiritum.»
1560 2246 1692 2279 Adjicere
1716 2247 1802 2275 solent

1011 2291 1093 2317 etiam
1108 2290 1172 2316 illud
1195 2290 1267 2324 quod
1284 2290 1386 2318 dictum
1401 2295 1443 2318 est
1458 2298 1466 2317 :
1485 2300 1494 2317 ι
1508 2290 1565 2318 Vox
1580 2292 1730 2326 sanguinis
1747 2293 1799 2319 fra-

1010 2336 1062 2364 tris
1076 2337 1113 2363 tui
1132 2336 1229 2363 clamat
1242 2337 1275 2363 ad
1293 2344 1335 2364 me
1350 2336 1383 2364 de
1400 2342 1473 2364 terra
1485 2337 1517 2364 ‘°.
1530 2347 1540 2364 ι
1562 2336 1641 2370 Quod
1662 2338 1738 2366 enim
1749 2338 1802 2366 cla-

1007 2539 1090 2574 plere.
1106 2548 1115 2564 ›
1149 2539 1222 2566 lnira
1237 2546 1303 2565 mss.
1320 2547 1328 2564 ι
1342 2538 1482 2566 hominem
1508 2539 1648 2567 abstrahit
1675 2544 1703 2566 et
1717 2540 1800 2566 abdu-

1007 2576 1054 2601 cit.
1071 2584 1081 2600 ι
1110 2574 1188 2601 Libb.
1210 2574 1287 2607 editi,
1317 2583 1326 2598 ι
1343 2574 1482 2601 hominem
1511 2575 1633 2601 extrahit.
1658 2579 1686 2602 et
1713 2575 1799 2602 abdu—

1007 2614 1057 2637 cti.
1070 2619 1079 2634 ι

1045 2644 1082 2678 (9)
1099 2643 1168 2676 Quia
1180 2651 1251 2670 caro.
1285 2643 1331 2671 lite
1352 2645 1412 2671 dum
1439 2650 1520 2671 voces
1542 2644 1643 2672 desunt
1669 2645 1698 2672 in
1719 2648 1797 2671 antea

1007 2679 1095 2710 editis,
1111 2678 1158 2705 sed
1171 2678 1305 2706 trahentur
1318 2679 1343 2706 in
1364 2687 1430 2706 mss.
1455 2679 1527 2706 infra
1545 2687 1625 2712 mss.,
1646 2688 1656 2704 ε
1669 2680 1745 2706 velut
1757 2680 1795 2705 b-x

1008 2715 1130 2749 quaedam
1158 2714 1392 2749 corpori_inest.i
1421 2714 1500 2741 Libb.
1525 2714 1604 2746 editi,
1632 2715 1731 2741 «velut
1756 2714 1796 2740 lex

1009 2747 1151 2783 corporum
1169 2753 1220 2776 est.
1235 2758 1244 2774 ι
1268 2747 1369 2776 l‘bidem
1391 2757 1470 2781 mss.,
1487 2758 1497 2775 ι
1511 2749 1643 2777 intentius
1659 2750 1746 2784 possit
1760 2748 1797 2775 di-

1010 2784 1072 2810 vina
1101 2784 1231 2819 contuegi.
1246 2792 1259 2819 »γ
1282 2784 1366 2816 Alias,
1397 2789 1566 2812 tcontentus
1588 2787 1678 2819 possit
1706 2785 1796 2810 divina

1010 2819 1143 2845 contueri.
1157 2827 1165 2843 ι
1197 2817 1279 2844 Paulo
1292 2824 1354 2852 post
1368 2826 1447 2851 mss.,
1475 2828 1484 2845 ί
1500 2817 1643 2853 descripta:
1657 2824 1723 2846 sunt
1739 2826 1796 2846 esse

1011 2853 1138 2882 haereses.
1151 2862 1160 2879 ι
1181 2853 1265 2888 Alias,
1286 2862 1295 2880 t
1309 2854 1451 2889 descripta:
1465 2859 1560 2882 essent
1575 2854 1706 2883 imi-eses.
1720 2864 1732 2880 ι
