1860 3073
56 124 106 154 59.5

728 123 828 152 LIBER
850 124 1012 153 TERTIUS.

1642 124 1694 152 526

58 179 111 200 t‘ta'.
126 172 160 199 ad
175 171 335 203 Dominum,
359 179 411 198 non
429 175 470 199 est
487 171 596 207 proprie
613 171 724 206 sanguis
746 171 790 198 ille
803 172 850 205 qui
867 175 889 200 Λ
904 170 1107 204 promulgatam
1151 170 1280 197 omnibus
1310 171 1569 199 consummationem
1601 172 1692 199 saeculi

57 219 157 246 cﬁ‘usus
183 223 242 250 est,
272 219 317 245 sed
341 218 453 245 abusive
469 217 580 252 sanguis
597 217 715 244 clamare
738 217 851 249 dicitur,

60 267 118 292 dum
133 265 194 299 ejus
207 265 257 299 qui
272 266 429 300 sanguinem
444 264 540 292 eﬁ‘udit
552 264 670 291 vindicta
683 264 850 299 deposcitur.

59 311 110 339 Sed
133 316 161 338 et
189 310 260 338 illud
284 311 355 345 quod
367 311 515 345 Aposrolus
536 311 576 337 ait
596 320 602 338 :
625 310 732 338 «Video
757 314 850 337 autem

60 358 137 386 aliam
152 357 246 393 legem
271 357 298 384 in
325 357 455 384 membris
485 358 552 384 meis
575 361 769 392 repugnantem
799 357 850 392 legi

60 404 154 431 mentis
167 410 239 430 mea:
250 403 285 435 “,
299 413 308 429 ι
328 403 364 430 ita
378 403 533 438 intelligunt
546 408 672 438 tanquam
688 403 710 430 si
724 403 849 436 dixisset,

61 450 128 485 quod
144 449 167 477 is
180 450 229 484 qui
250 451 335 478 verbo
348 450 394 477 Dei
412 458 511 478 vacare
526 451 593 482 vult,
609 458 659 485 pro
679 451 851 477 necessitati-

60 497 106 523 bus
118 499 145 523 et
158 495 259 523 usibus
274 497 471 530 corporalibus,
487 504 546 532 qurc
571 496 644 523 velut
666 496 708 523 lex
725 498 848 531 qumdam

60 541 164 576 corpori
184 541 270 574 inest,
285 541 446 569 distrahitur
461 547 541 576 atque
556 542 692 569 divellitur
704 547 786 577 atque
799 542 849 568 im-

61 587 164 620 peditur
177 594 213 614 ne
226 588 372 622 sapientiae
388 595 491 615 vacans
511 588 640 616 intentius
658 588 742 623 possit
756 588 848 616 divina

61 634 179 661 contueri
192 636 339 670 mysteria.

93 678 119 704 5.
131 677 209 711 Quod
226 687 294 706 vero
314 680 383 707 inter
406 680 495 708 carnis
520 688 602 714 opera
624 682 768 717 descriptae
785 687 847 710 sunt

62 730 117 750 esse
129 724 212 751 etiam
232 724 360 759 hicreses,
386 731 414 753 et
442 727 561 760 invidiae,
587 733 615 755 et
643 728 846 762 contentiones,

63 769 102 796 vel
115 774 225 802 caetera,
241 771 277 797 ita
296 772 443 805 accipiunt,
457 773 528 807 quod
545 773 636 800 anima
652 782 713 801 cum
728 775 847 802 crassio-

65 821 99 839 ris
114 821 211 842 sensus
236 815 321 843 fuerit
336 816 444 849 effecta,
467 825 499 844 ex
518 825 551 845 eo
570 819 641 852 quod
653 820 775 854 corporis
785 828 846 849 sese

65 860 234 894 passionibus
250 862 354 895 subdit,
369 870 498 898 oppressa
516 865 646 892 vitiorum
668 866 795 898 molibus.
820 872 847 895 et

66 905 127 932 nihil
149 907 251 934 subtile
274 916 306 935 ac
331 910 453 943 spiritale
466 911 595 943 sentiens,
617 919 682 940 caro
695 913 794 940 dicitur
805 914 847 941 ef-

68 950 143 985 fecta,
158 952 264 980 et'inde
280 960 379 981 nomen
405 955 496 987 trahit,
512 956 547 983 sin
561 964 614 991 quo
630 957 690 992 plus
706 959 786 985 studii
804 959 848 986 vel

68 998 190 1032 propositi
213 1000 298 1033 gerit.
334 1000 444 1028 Addunt
469 1003 550 1030 etiam
569 1004 627 1031 haec
652 1005 821 1039 requirentes
840 1017 846 1033 ε

67 1040 303 1078 quisinveniétur,
319 1046 360 1074 vel
376 1048 438 1082 quis
462 1048 567 1076 dicetur
583 1051 707 1078 conditor
721 1052 782 1079 mali
795 1053 847 1080 hu-

67 1087 107 1120 jus
130 1096 225 1117 sensus
251 1091 299 1126 qui
322 1092 420 1119 dicitur
445 1100 541 1122 sensus
567 1095 623 1130 (10)
645 1098 755 1125 carnis?
779 1097 847 1132 Quia

71 1134 148 1162 alium
165 1136 268 1163 nullum
295 1142 447 1166 creatorem
475 1140 573 1167 animm
597 1146 625 1169 et
647 1144 738 1170 carnis
766 1152 847 1178 quam

70 1180 149 1208 Deum
165 1182 410 1213 credendumesse
434 1185 591 1214 defendunt.
628 1188 661 1215 Et
680 1189 701 1216 si
726 1190 847 1218 dicamus

71 1225 128 1259 quia
141 1226 227 1254 bonus
241 1228 313 1255 Deus
326 1228 352 1256 in
369 1229 425 1263 ipsa
442 1232 597 1260 conditione
617 1241 664 1261 sua
679 1234 780 1270 aliquid
795 1237 852 1270 sibi

71 1269 168 1300 creavit
188 1273 343 1308 inimicum,
366 1276 460 1310 utique
479 1278 625 1307 absurdum
646 1281 790 1309 videbitur.
816 1282 846 1310 Si

71 1323 130 1353 ergo
149 1317 282 1352 scriptum
298 1323 351 1352 est,
371 1321 433 1357 quia
458 1323 609 1358 «sapientia
632 1326 723 1354 carnis
737 1327 847 1357 inimica

71 1368 108 1389 est
122 1363 175 1391 Deo
185 1364 218 1398 “,
231 1374 241 1390 ι
269 1370 298 1392 et
320 1365 371 1393 hoc
388 1366 490 1394 factum
508 1376 541 1396 ex
559 1371 715 1400 conditione
730 1373 846 1406 dicetur,

73 1409 199 1438 videbitur
223 1412 283 1445 ipse
299 1411 371 1439 Deus
392 1414 515 1441 naturam
530 1416 580 1443 sibi
601 1416 656 1451 (11)
673 1418 791 1454 aliquam
806 1419 846 1447 fe-

72 1454 135 1483 cisse
150 1456 302 1490 inimicam,
320 1466 379 1492 qua:
402 1459 426 1486 ei
449 1468 502 1488 non
529 1467 617 1496 potest
641 1470 701 1491 esse
726 1465 846 1501 subjecta

73 1507 118 1528 nec
141 1500 190 1536 legi
213 1503 289 1537 ejus;
317 1503 417 1538 quippe
440 1505 462 1532 si
489 1506 605 1534 animale
625 1515 684 1535 esse
699 1509 845 1544 putabitur,

72 1544 101 1590 de
120 1552 171 1580 quo
183 1545 240 1574 haec
263 1547 402 1576 dicuntur.
424 1550 502 1583 Quod
522 1552 545 1578 si
560 1552 597 1578 ita
611 1553 764 1588 recipiatur,
781 1556 845 1590 quid

72 1589 122 1624 iam
136 1591 243 1620 diﬁ'erre
266 1594 404 1622 videbitur
422 1597 456 1623 ab
480 1596 523 1624 his
537 1598 582 1632 qui
599 1598 720 1627 diversas
734 1606 846 1629 naturas

73 1636 214 1665 animarum
230 1639 397 1668 dicuntesse
412 1646 529 1676 creatas,
544 1650 603 1678 qua:
625 1645 786 1674 naturaliter
803 1648 846 1676 vel

74 1683 190 1716 peritura:
200 1685 266 1718 sint,
280 1686 323 1713 vel
336 1687 493 1716 salvandte?
514 1689 590 1722 Quod
605 1691 697 1726 utique
709 1693 774 1721 solis
787 1694 845 1722 ha-

74 1729 157 1757 reticis
179 1731 279 1765 placet,
302 1734 348 1768 qui
374 1735 436 1761 dum
460 1735 594 1770 justitiam
609 1738 656 1765 Dei
680 1739 723 1773 pia
741 1741 846 1768 ratione

74 1781 217 1823 asseverare
227 1786 283 1805 non
296 1785 416 1814 possunt,
434 1781 618 1816 hujuscemodi
632 1784 777 1819 impietatis
790 1786 845 1823 (12)

76 1820 191 1854 ﬁgmenta
216 1831 392 1859 componunt.
414 1827 446 1854 Et
464 1836 512 1855 nos
529 1829 647 1863 quidem,
664 1837 744 1865 prout
758 1820 846 1867 potui-

76 1873 138 1901 mus,
152 1875 183 1896 ει
197 1870 366 1906 singulorum
389 1875 513 1908 personis
536 1883 596 1910 quae
609 1876 660 1903 dici
677 1883 787 1912 possunt
805 1879 845 1906 di-

75 1915 224 1947 sputationis
247 1919 329 1945 modo
345 1919 379 1946 de
404 1920 519 1955 singulis
541 1922 712 1957 dogmatibus
738 1924 764 1950 in
786 1931 844 1951 me-

76 1958 139 1987 dium
162 1963 338 1997 protulimus;
361 1966 406 1999 qui
428 1971 517 1994 autem
542 1967 618 2003 legit,
642 1968 725 2004 eligat
748 1976 781 1997 ex
801 1970 844 1998 his

77 2011 130 2039 qua!
143 2009 224 2044 magis
237 2011 423 2045 amplectenda
441 2013 476 2040 sit
490 2014 572 2041 ratio.

250 2056 252 2058 ’
372 2058 486 2086 CAPUT
505 2059 535 2087 ν.

197 2101 273 2135 Quod
287 2104 400 2131 mundus
415 2113 448 2131 ea:
465 2111 578 2140 tempore
594 2108 708 2142 cmperit.

107 2145 129 2173 1.
143 2146 204 2175 Post
220 2149 343 2183 haecjam
356 2152 482 2185 quoniam
500 2153 609 2187 quidem
626 2154 659 2181 de
678 2154 843 2182 ecclesiasti—

905 223 955 251 pro
972 215 1013 242 sui
1038 216 1215 250 corruptione
1239 216 1384 244 solvendus
1407 218 1452 250 sit,
1479 218 1561 245 etiam
1584 217 1617 245 de
1641 218 1693 246 hoc

905 269 991 297 pauca
1005 266 1129 296 repetere
1143 269 1196 289 non
1208 263 1322 290 videtur
1330 264 1489 291 absurdum.
1511 264 1546 291 Et
1560 268 1692 299 quantum

904 307 1015 342 quidem
1030 308 1064 334 ad
1080 307 1285 343 Scripturarum
1303 308 1384 336 ﬁdem
1401 310 1528 344 pertinet,
1553 311 1693 345 perfacilis

905 353 1013 380 videtur
1027 353 1060 381 de
1082 353 1134 381 hoc
1149 354 1276 382 assertio.
1302 354 1422 390 Denique
1440 356 1561 383 haeretici
1586 365 1646 384 cum
1664 357 1691 384 in

905 400 958 427 alia
976 400 1061 427 multa
1085 399 1143 435 (15)
1167 400 1290 428 distracti
1306 401 1372 435 sint,
1399 402 1425 428 in
1442 402 1493 430 hoc
1510 407 1601 430 tamen
1616 402 1692 431 Scri-

904 451 991 481 ptum
1017 447 1173 473 auctoritati
1198 448 1339 480 cedentes,
1366 448 1416 475 visi
1443 454 1507 475 sunt
1530 457 1690 478 consonare.

904 493 941 519 De
955 493 1111 521 conditione
1137 501 1201 529 ergo
1220 494 1312 522 mundi
1336 502 1395 529 quae
1421 495 1471 522 alia
1489 503 1538 522 nos
1552 496 1692 531 Scriptura

904 538 991 573 magis
1004 539 1104 573 poterit
1116 540 1230 567 edocere
1243 547 1324 574 quam
1340 547 1370 567 ea
1382 547 1442 574 qua:
1459 548 1472 566 a
1485 540 1574 575 Moyse
1585 545 1618 570 de
1636 543 1692 569 uri-

903 585 966 618 gine
983 583 1102 618 ejusdem
1120 585 1220 619 scripta
1236 584 1297 612 est?
1318 584 1384 617 Qua:
1408 585 1471 612 licet
1498 585 1601 619 majora
1619 587 1692 614 intra

905 637 935 656 se
951 629 1089 657 contineat
1105 637 1188 664 quam
1204 631 1325 658 historia:
1337 632 1458 658 narratio
1478 632 1582 659 videtur
1597 637 1691 661 osten-

906 677 981 710 dere,
1001 681 1028 704 et
1050 677 1199 712 spiritalem
1227 678 1252 704 in
1273 678 1483 712 quammaximis
1499 678 1637 706 contineat
1650 680 1693 706 in-

902 723 1052 755 tellectura,
1069 729 1152 758 atque
1167 724 1194 750 in
1210 724 1291 751 rehus
1307 724 1429 759 mysticis
1443 729 1470 751 et
1484 724 1627 758 profundis
1645 733 1692 753 ve-

901 770 1001 797 lamiue
1026 770 1144 804 quodam
1163 769 1261 796 littera:
1277 774 1387 802 utatur;
1409 775 1498 797 tamen
1514 770 1691 799 nihilominus

903 816 1007 843 indicat
1023 816 1075 843 hoc
1102 823 1192 843 sermo
1217 816 1365 848 narrantis,
1390 816 1462 850 quod
1480 823 1512 843 ex
1531 821 1607 845 certo
1623 822 1693 845 tem-

901 869 967 897 pore
984 866 1076 889 creata
1091 866 1155 889 sunt
1171 862 1261 888 omnia
1280 868 1339 896 quae
1354 862 1490 889 videntur.
1512 862 1549 889 De
1561 870 1689 890 consum-

901 911 1020 938 matione
1037 917 1102 937 vero
1125 910 1230 942 mundi,
1259 909 1346 944 primo
1362 908 1447 937 Jacob
1464 909 1566 937 iudicat
1578 917 1639 937 cum
1655 910 1691 938 ad

903 959 975 986 ﬁlios
991 966 1054 986 suos
1080 961 1197 985 testatur
1212 957 1305 985 dicens
1322 966 1329 983 :
1346 966 1355 982 1
1368 957 1516 984 Convenite
1540 958 1573 984 ad
1587 964 1643 988 me,
1658 957 1690 983 ti-

902 1005 929 1032 lii
946 1004 1041 1036 Jacob,
1059 1010 1088 1031 ut
1109 1004 1270 1031 annuntiem
1283 1004 1360 1031 vobis
1384 1004 1447 1038 quid
1460 1004 1513 1030 erit
1527 1004 1554 1030 in
1571 1003 1689 1030 novissi-

902 1051 954 1078 mis
968 1050 1063 1077 diebus
1075 1049 1108 1081 ⁵³,
1123 1059 1132 1075 ι
1153 1049 1206 1081 vel,
1232 1054 1288 1082 post
1306 1050 1458 1076 nouissimos
1474 1049 1540 1076 dies.
1580 1048 1608 1076 Si
1623 1055 1689 1083 ergo

901 1100 965 1123 sunt
980 1094 1121 1121 novissimi
1138 1093 1205 1126 dies,
1228 1093 1270 1120 vcl
1284 1098 1344 1128 post
1358 1094 1519 1121 novissimos
1535 1094 1603 1126 dies,
1627 1102 1689 1122 ces-

902 1149 964 1169 sare
977 1142 1034 1169 dies
1051 1147 1163 1167 necesse
1180 1145 1222 1167 est
1237 1140 1282 1174 qui
1301 1146 1453 1175 coeperunt.
1482 1141 1565 1168 David
1579 1148 1687 1176 quoque
1735 1147 1737 1149 '

901 1188 938 1214 ita
956 1187 993 1214 ait
1010 1196 1017 1214 :
1036 1196 1044 1212 ε
1056 1186 1124 1214 Caeli
1141 1185 1277 1221 peribunt,
1296 1191 1323 1213 tu
1337 1191 1427 1214 autem
1452 1187 1636 1222 permanebis,
1660 1191 1689 1215 et

901 1238 995 1259 omnes
1005 1232 1074 1259 sicut
1083 1231 1273 1259 vestimentum
1286 1236 1473 1267 veterascent;
1489 1239 1515 1261 et
1526 1233 1597 1261 sicut
1607 1241 1687 1268 opera

901 1278 999 1306 torium
1025 1278 1144 1305 mutabis
1168 1285 1231 1312 eos,
1258 1284 1287 1305 et
1311 1279 1504 1313 mutabuntur;
1539 1285 1567 1307 tu
1596 1285 1686 1307 autem

900 1323 972 1353 idem
999 1325 1055 1359 ipse
1067 1332 1106 1358 cs,
1134 1330 1162 1352 et
1176 1325 1238 1352 anni
1255 1325 1293 1354 tui
1306 1333 1359 1352 non
1375 1324 1502 1352 deﬁcient
1512 1324 1546 1352 ⁸⁵.
1558 1334 1568 1351 ›
1597 1325 1687 1352 Domi-

901 1378 952 1397 nus
965 1378 1032 1397 vero
1047 1375 1074 1397 et
1089 1370 1215 1397 Salvator
1230 1375 1324 1398 noster
1339 1378 1401 1397 cum
1414 1370 1481 1398 dicit
1495 1379 1503 1397 :
1520 1379 1530 1396 ι
1541 1369 1591 1404 Qui
1609 1377 1686 1397 crea-

900 1417 938 1444 vit
953 1417 986 1444 ab
1012 1417 1091 1443 initio
1115 1416 1266 1444 masculum
1283 1421 1311 1444 et
1332 1416 1459 1444 feminam
1483 1416 1549 1444 fecit
1572 1415 1684 1449 eos“,n

900 1463 1003 1491 factum
1018 1465 1099 1490 etiam
1128 1472 1188 1490 esse
1204 1463 1332 1490 mundum
1351 1464 1408 1497 ipse
1426 1466 1557 1495 testatur;
1582 1467 1609 1489 et
1624 1469 1686 1489 rar-

902 1517 961 1536 sum
977 1509 1070 1536 (Ῐὶυυιιδ
1083 1510 1159 1543 quia,
1179 1518 1187 1535 |
1201 1509 1303 1537 leum
1317 1514 1344 1536 et
1358 1514 1429 1536 terra
1445 1508 1587 1542 transient,
1603 1509 1684 1536 verba

900 1563 991 1585 autem
1021 1566 1079 1585 mea
1105 1566 1156 1585 non
1182 1557 1350 1585 transient“
1364 1557 1456 1593 (14),)
1480 1558 1684 1593 corruptibilcm

900 1611 962 1631 eum
979 1603 1182 1639 ﬁuiendumque
1203 1603 1336 1638 designat.
1366 1604 1419 1631 Sed
1444 1608 1471 1631 et
1481 1602 1627 1638 Apostolus
1643 1605 1684 1631 di-

899 1658 990 1677 cens:
1013 1650 1154 1678 «Vanitati
1177 1651 1249 1678 enim
1272 1655 1398 1677 creatura
1426 1650 1548 1685 subjecta
1565 1654 1607 1678 est
1628 1658 1683 1678 nou

898 1697 1005 1729 volens,
1022 1698 1068 1724 sed
1084 1702 1194 1732 propter
1212 1706 1273 1725 eum
1291 1697 1336 1732 qui
1357 1696 1472 1730 subjecit
1487 1696 1514 1723 in
1534 1703 1594 1731 spe,
1620 1697 1683 1732 quin

899 1749 926 1771 et
942 1744 998 1778 ipsa
1015 1748 1141 1771 creatura
1167 1744 1331 1772 liberabitur
1344 1752 1358 1770 a
1379 1744 1510 1770 servitute
1527 1743 1684 1777 corruptio-

899 1791 941 1817 nis
956 1791 982 1817 iu
997 1791 1148 1817 libertatem
1163 1791 1254 1826 gloriae
1271 1790 1385 1817 liliorum
1401 1789 1447 1817 Dei
1459 1790 1500 1822 ‘7;
1512 1799 1522 1815 ι
1538 1789 1684 1816 manifeste

900 1834 980 1860 ﬁnem
995 1835 1086 1861 mundi
1101 1835 1238 1867 declarat;
1255 1839 1282 1861 et
1296 1842 1356 1861 cum
1377 1842 1483 1862 rursum
1500 1833 1580 1869 149
1593 1835 1659 1862 dicit
1673 1842 1680 1861 :

901 1887 910 1903 ‹
924 1878 1052 1906 Transiet
1078 1879 1186 1906 habitus
1212 1878 1292 1912 huius
1308 1879 1398 1905 mundi
1411 1878 1443 1905 ⁸³.
1457 1888 1466 1904 ι
1489 1879 1588 1905 Verum
1604 1878 1631 1905 in
1650 1885 1682 1906 eo

898 1923 957 1957 ipso
971 1923 1042 1957 quod
1057 1923 1124 1950 dixit
1138 1924 1201 1957 quia
1216 1924 1328 1950 vanitati
1344 1928 1470 1950 creatura
1490 1923 1612 1957 subjecta
1627 1926 1680 1957 est,

898 1969 980 1996 etiam
996 1969 1101 1996 initium
1118 1969 1178 2004 ejus
1191 1970 1325 2002 ostendit;
1348 1969 1369 1996 sl
1384 1971 1456 1996 euim
1475 1969 1587 1996 vanitati
1605 1977 1682 1997 crea-

900 2019 959 2042 tura
985 2015 1106 2049 subjecta
1122 2019 1164 2042 est
1187 2019 1298 2049 propter
1320 2015 1376 2049 (l5)
1402 2022 1476 2049 spem
1494 2014 1623 2050 aliquam,
1647 2022 1681 2042 ex

897 2068 979 2088 causa
994 2060 1089 2095 utique
1114 2060 1235 2094 subjecta
1250 2065 1310 2093 est;
1337 2065 1364 2088 et
1388 2061 1459 2095 quod
1483 2068 1515 2088 ex
1530 2069 1610 2089 causa
1625 2067 1678 2094 est,

897 2113 1007 2133 necesse
1019 2111 1060 2133 est
1077 2111 1105 2133 ut
1118 2109 1253 2141 coeperit;
1280 2115 1333 2134 non
1348 2107 1419 2134 enim
1435 2111 1538 2142 poterat
1552 2107 1611 2134 sine
1626 2107 1681 2135 ullo

896 2151 975 2179 initio
994 2152 1108 2179 vanitati
1126 2157 1250 2179 creatura
1276 2160 1336 2181 esse
1360 2153 1492 2187 subjecta,
1519 2158 1546 2180 et
1569 2161 1680 2188 sperare

77 2190 112 2235 eis
131 2192 327 2223 deﬁnitionibus
349 2204 432 2224 unum
458 2198 572 2225 habetur
593 2201 726 2235 przecipue
746 2208 843 2228 secun-
860 2208 880 2235 ι)
897 2199 1007 2226 liberari
1032 2207 1047 2226 a
1073 2199 1206 2226 servitute
1231 2200 1412 2235 corruptionis
1429 2206 1489 2234 quae
1509 2201 1611 2227 servire
1625 2208 1678 2228 non

78 2233 132 2261 dum
148 2236 264 2266 historia:
286 2244 385 2267 nostra:
407 2240 499 2275 ﬁdem,
516 2233 598 2277 quod
610 2233 725 2272 mundus
739 2246 782 2273 hic
803 2246 844 2273 fa-

78 2284 129 2307 ctus
138 2281 180 2313 sit,
194 2281 221 2311 e't
236 2292 271 2312 ex
287 2291 364 2313 certo
378 2291 500 2322 tempore
517 2290 641 2324 coeperit,
657 2295 685 2317 et
696 2291 843 2320 secundum

109 2337 127 2355 “
138 2338 210 2369 Rom.
219 2350 268 2374 vu,
283 2343 329 2370 25.

79 2374 194 2406 mv,55.
241 2378 355 2406 "'Rom.
374 2387 434 2413 vttt,
449 2380 492 2408 20.
544 2374 566 2398 ίθ
581 2381 589 2408 1
602 2382 665 2410 Cor.
678 2374 789 2415 ringi.

83 2443 159 2487 LUO)
174 2445 278 2487 Simus.
308 2449 387 2476 Deest
410 2450 528 2487 infantea
553 2452 643 2484 editis,
659 2458 688 2479 at
704 2454 838 2487 reperitur

82 2480 104 2517 in
117 2486 174 2517 mss.
191 2480 288 2510 Ibidem
302 2491 379 2517 mss.,
408 2494 417 2510 ε
431 2486 514 2513 Deum
539 2480 703 2515 credendum
717 2480 777 2515 esse
791 2489 838 2516 de-

82 2511 214 2557 ῐειεξιειειιλλ
223 2517 254 2557 _ln
271 2518 349 2557 editis
361 2511 529 2557 (ίιηίιιὶιῖἷιξι
542 2511 736 2550 'c‘réiiéiiiiﬁiiij

111 2548 166 2587 (11)
176 2550 239 2587 Sibi.
270 2552 351 2580 Deest
374 2554 401 2580 iu
417 2548 599 2587 antea'editis.
613 2548 665 2584 sed
681 2548 796 2586 habetur
810 2558 836 2586 in

84 2584 228 2626 ξιξξιΡδιξιο
251 2593 311 2626 post
333 2597 414 2626 mss.,
440 2591 493 2618 «de
515 2599 569 2626 quo
594 2584 652 2620 haec
675 2584 834 2621 dicuntum}

85 2614 155 2657 Ed‘iti,
167 2629 179 2657 ς
188 2623 218 2649 de
231 2614 502 2657 quatiam-dicentur.
516 2614 526 2652 ἶ

111 2652 159 2698 il?)
171 2655 209 2698 ita
223 2652 286 2685 niss.
302 2658 398 2698 _Alias,
414 2668 424 2685 l
438 2652 628 2698 impietatibus.
641 2672 650 2689 ι
681 2662 763 2691 Paulo
778 2669 839 2698 post

83 2691 149 2732 1358:,
165 2692 370 2732 «disputationis
385 2691 498 2722 modofi
525 2697 608 2729 Alias,
626 2708 635 2724 ι
648 2691 838 2732 disputationis

195 2726 348 2769 Notandum
363 2731 388 2756 in
403 2736 483 2769 antea
498 2732 577 2760 editis
589 2726 729 2769 sequentia
744 2735 836 2767 verba,

86 2763 153 2802 133:2
167 2763 246 2802 magis
261 2764 444 2802 amplectenda
455 2766 491 2793 sit
503 2768 579 2802 ratio,
591 2778 601 2794 ι
618 2763 698 2796 tinem
713 2777 773 2796 esse
789 2763 836 2796 ca;

83 2795 235 2838 Etllsquarti
257 2795 327 2838 quo'd
353 2801 443 2827 statim
464 2795 673 2838 excipit'caput
695 2795 831 2838 quintum,

84 2822 215 2873 £32311qu
236 2822 383 2873 praemisso,
398 2822 832 2873 'i'ouEf'ﬁiIinEE§"éx“i3.'i.36Fé

83 2865 177 2895 euenit.»
202 2866 233 2893 At
252 2868 278 2895 in
293 2871 393 2898 nostris
410 2865 475 2899 mss.
494 2873 594 2901 nullum
613 2865 653 2902 est
669 2865 830 2910 hujusccti;

374 2344 396 2360 “
410 2345 488 2381 Rom.
498 2354 555 2377 vtu,
572 2347 598 2373 7.
635 2348 658 2363 ⁸³
671 2348 772 2376 Genes.
782 2356 855 2381 χιιι,
869 2349 895 2376 1.

898 2247 1030 2279 coeperat.
1062 2243 1114 2271 Sed
1129 2250 1155 2271 et
1181 2244 1378 2279 quamplurima
1403 2244 1455 2272 alia
1480 2245 1507 2272 in
1531 2245 1678 2280 Scripturis

898 2290 996 2318 divinis
1014 2289 1198 2324 hujuscemodi
1212 2290 1284 2318 dicta
1301 2291 1419 2325 reperiet
1435 2291 1458 2318 si
1480 2291 1541 2327 quis
1559 2293 1679 2327 requirat

933 2348 1037 2376 “Psal.
1054 2356 1102 2381 cu,
1117 2348 1162 2381 27,
1177 2348 1224 2375 28.
1263 2348 1286 2364 ⁸³
1296 2347 1392 2375 Matth.
1404 2356 1461 2380 xu,
1476 2348 1504 2375 4.
1543 2348 1566 2364 ⁸⁸
1580 2348 1677 2376 Matth.

892 2453 939 2480 tuli
959 2453 1115 2487 vestigium,
1132 2459 1180 2480 aut
1194 2454 1291 2488 capitis
1304 2454 1452 2482 desinentis
1467 2458 1496 2480 et
1511 2454 1623 2481 alterius
1635 2454 1676 2481 in-

892 2488 1018 2523 cipientis
1036 2489 1177 2516 indicium.

927 2524 983 2558 (15)
999 2523 1095 2551 Multa.
1128 2525 1208 2551 Deest
1231 2523 1257 2550 in
1282 2528 1362 2551 antea
1378 2523 1467 2555 editis,
1493 2524 1539 2551 sed
1557 2524 1676 2552 habetur

891 2558 918 2585 in
935 2566 998 2586 mss.
1014 2558 1114 2586 lhidem
1131 2566 1208 2591 mss.,
1229 2568 1238 2584 ι
1251 2559 1301 2586 visi
1314 2563 1377 2587 sunt
1388 2566 1547 2586 consonare.
1561 2568 1570 2584 ι
1586 2560 1674 2594 Alias,

894 2602 903 2619 ι
917 2594 967 2621 nisi
984 2598 1048 2621 sunt
1061 2601 1221 2621 consonare.
1238 2603 1247 2620 ι

923 2629 980 2664 (14)
999 2628 1043 2656 Sic
1060 2637 1126 2656 mss.
1140 2629 1225 2661 Alias,
1243 2637 1252 2654 t
1265 2628 1430 2656 transibunt.
1442 2638 1451 2655 ι
1474 2628 1576 2656 Ibidem
1595 2636 1673 2661 mss.,

890 2673 899 2689 ‹
912 2664 959 2691 sed
975 2669 1002 2691 et
1016 2664 1160 2699 Apostolus
1176 2664 1279 2691 dicens.
1295 2674 1304 2689 ι
1330 2664 1414 2696 Alias,
1442 2673 1451 2689 (
1464 2665 1512 2691 sed
1528 2669 1556 2692 et
1571 2664 1674 2691 Paulus

886 2699 991 2727 dicens.
1005 2709 1014 2725 ι

923 2734 979 2769 (151
1000 2734 1111 2761 Initium
1129 2734 1186 2768 ejus
1201 2733 1330 2765 attendit;
1347 2733 1368 2760 si
1385 2735 1453 2760 enim
1471 2734 1582 2761 vanitati
1598 2742 1672 2760 (rea-

886 2774 946 2796 tura
964 2770 1083 2804 subjecta
1098 2774 1137 2796 est
1152 2774 1267 2803 propter.
1283 2769 1345 2796 Haec
1365 2777 1426 2803 qua:
1446 2769 1474 2796 in
1491 2775 1570 2796 antea
1591 2769 1673 2797 editis

886 2804 987 2832 omissa
1006 2809 1086 2836 sunt,
1112 2804 1259 2832 resutuunt
1284 2811 1379 2831 omnes
1404 2805 1483 2832 codd.
1502 2812 1567 2832 mss.
1590 2804 1673 2832 Paulo

903 2845 946 2867 ost
961 2847 1037 2872 mss.,
1051 2849 1060 2865 ι
1075 2840 1134 2867 sine
1148 2838 1201 2865 ullo
1217 2838 1294 2866 initio
1309 2838 1422 2868 vanitati
1439 2839 1575 2874 creatura,
1591 2850 1600 2866 ν
1615 2841 1672 2870 etc:

903 2848 946 2867 05L
961 2848 1037 2872 mss.,
1051 2849 1060 2865 ί
1075 2848 1134 2867 Sllle
1148 2848 1201 2865 11110
1217 2848 1294 2866 1111110

885 2848 914 2902 in
932 2875 1011 2903 editis
1026 2875 1111 2908 deest,
1130 2883 1138 2900 ι
1154 2874 1278 2903 vanitati.
1292 2884 1301 2900 ι
