1860 3073
174 71 226 99 527

781 67 942 96 οιιιεΕΝιε
961 67 1040 94 ΠΕΡΙ
1060 68 1175 95 ΛΡΧΩΝ

175 138 209 158 ex
221 129 285 161 otio,
302 129 400 163 quibus
413 132 440 155 et
455 128 562 155 initium
576 128 677 155 habere
692 129 818 161 mundus,
832 133 860 155 ct
875 129 955 155 tinem
971 133 994 159 Α
1008 129 1079 155 ciam
1094 135 1255 164 permanere
1270 128 1296 155 in
1314 135 1381 155 cou—

176 183 286 212 Sperare
300 175 411 201 dicitur.

211 220 238 247 2.
255 219 283 246 Si
302 218 364 252 quis
385 223 449 252 ergo
469 221 512 245 est
528 217 573 252 qui
589 218 748 245 adversetur
766 219 792 246 in
811 220 860 246 hac
876 223 954 253 parte

176 265 218 292 vel
238 265 391 292 auctoritati
414 264 562 298 Scriptum
588 264 649 299 (l6)
674 270 788 296 nostm,
815 266 855 292 vel
881 265 959 298 fidei,

177 312 344 347 iuquiremus
364 311 399 337 ab
417 318 450 338 eo
474 315 563 337 utrum
588 312 660 338 dicat
682 311 764 338 Deum
781 313 962 346 comprehcn-

177 357 241 384 dere
255 363 337 390 posse
348 355 451 387 omnia,
474 363 563 382 atmon
579 356 676 390 posse?
691 356 723 383 Et
738 357 828 384 dicere
850 358 959 392 quidem

178 410 230 429 non
255 409 347 436 posse,
376 400 516 428 manifeste
540 402 651 436 impiqu
674 407 724 429 est.
749 402 776 429 Si
793 411 868 435 vero,
888 404 961 438 quod

177 456 288 476 necesse
301 453 352 481 est,
373 447 473 474 dixerit
485 448 549 482 quia
565 448 655 474 omnia
679 449 963 483 comprelietulit,.su-

178 501 269 531 perest
291 500 320 522 ut
342 503 374 523 eo
396 496 454 530 ipso
483 503 538 529 quo
564 495 755 529 comprehendi
788 499 916 529 possunt.
935 501 962 522 et

179 543 284 569 initiqu
305 542 406 570 habere
431 543 616 575 intelligantttr
637 546 664 569 et
685 541 776 568 linem.
799 541 864 568 Nam
889 542 961 576 quod

179 591 285 624 penitus
300 590 359 616 sine
382 589 460 616 initio
480 588 534 615 ullo
557 593 613 621 est,
634 588 826 622 comprehendi
851 588 962 614 omnino

179 644 232 663 nou
256 639 352 670 potest.
369 634 396 661 lu
415 639 654 669 quantumcunque
678 634 749 659 enim
764 641 792 660 se
812 624 962 661 intellectus

177 682 344 713 extcnderit,
360 681 386 708 in
400 686 502 708 tantum
516 680 761 714 compreltendemli
779 679 893 707 facultas
904 681 963 708 sine

179 730 232 755 line
255 728 414 756 subducitur
435 732 463 755 et
484 726 617 759 differtur,
639 727 684 754 ubi
708 727 812 753 initium
840 734 892 753 non
913 727 962 753 ha-

181 775 270 801 bt-lur.

214 820 242 846 '5.
258 819 311 847 Sed
328 819 415 846 solent
429 819 508 847 nobis
520 818 639 852 objicere
654 818 774 845 dicentes
789 826 794 844 :
813 826 822 842 ι
837 817 864 844 Si
880 818 962 852 coepit

180 865 296 892 mundus
317 873 350 893 ex
370 871 492 900 tempore
507 864 574 900 (l7),
597 864 661 898 quid
686 867 748 889 ante
765 862 879 890 faciebat
894 863 963 890 Deus

179 919 260 946 quam
276 912 393 939 mundus
414 911 563 946 inciperet?
576 910 697 938 Otiosam
721 910 792 936 enim
815 915 842 937 et
867 910 964 937 immo-

180 958 259 985 bilem
279 958 369 985 dicere
387 961 514 984 naturam
538 957 602 988 Dei,
627 956 738 990 impittm
761 959 804 982 est
829 955 910 982 simul
935 960 964 983 et

180 1004 326 1031 absurdum
347 1002 416 1038 (l8),
428 1002 470 1029 vel
485 1006 581 1036 putare
599 1001 670 1036 quod
695 1000 802 1027 bonitas
817 1001 963 1035 aliquando

180 1051 247 1077 bene
268 1057 320 1075 non
346 1048 458 1078 fecerit.
478 1053 503 1074 et
524 1048 718 1081 omnipotentia
743 1046 887 1081 aliquando
909 1054 963 1073 non

180 1097 265 1131 egerit
288 1099 469 1129 potentatum.
485 1093 541 1120 Hoc
567 1093 644 1120 nobis
668 1093 786 1126 objicere
811 1093 898 1120 solent
922 1094 962 1120 di-

181 1142 306 1169 centibus
319 1141 447 1167 mundum
463 1139 533 1166 hunc
547 1146 580 1165 ex
594 1144 669 1166 certo
693 1144 814 1172 tempore
833 1139 963 1172 coepisse,

181 1192 209 1214 et.
221 1186 367 1213 secundum
382 1185 530 1220 Scriptum
547 1186 625 1212 ﬁdem
651 1192 736 1212 annos
751 1192 860 1220 quoque
876 1185 964 1212 artatis

183 1232 267 1268 ipsius
294 1231 508 1258 nutuerantibus.
530 1231 570 1257 Ad
600 1238 667 1265 quas
691 1231 887 1264 propositiones
911 1238 964 1258 non

182 1279 302 1306 arbitror
314 1277 429 1313 aliquem
451 1278 641 1304 litereticorum
659 1277 810 1303 sccuudum
830 1277 964 1304 rationem

182 1325 316 1359 dogmatis
330 1325 370 1351 sui
386 1332 465 1359 posse
482 1324 561 1350 facile
577 1323 750 1357 respondere.

1011 180 1104 210 spectu
1125 182 1194 207 meo,
1211 175 1277 202 dicit
1293 174 1384 202 Domi-

1012 221 1118 248 nus“.r
1131 221 1206 254 Quod
1218 225 1307 247 autem
1322 224 1385 246 ante

1012 267 1084 294 hunc
1121 267 1248 294 mundum
1284 266 1385 293 fuerint

1011 314 1092 341 etiam
1116 314 1177 344 alii.
1203 313 1383 341 Ecclesiastes

1011 360 1130 386 ostendit
1155 360 1269 387 dicens:
1289 368 1298 384 ι
1314 358 1383 391 Quid

1012 410 1053 431 cst
1068 405 1138 438 quod
1161 405 1261 431 factum
1284 404 1342 431 est?
1355 403 1382 430 Id

1013 454 1098 488 ipsum
1113 454 1182 488 quod
1201 453 1318 480 futurum
1333 457 1384 479 cst.

1013 499 1046 526 Et
1069 500 1132 534 quid
1157 504 1198 526 est
1216 499 1286 533 quod
1310 506 1386 525 crea-

1014 550 1067 572 tum
1077 545 1134 572 est?
1147 544 1202 572 Hoc
1215 536 1385 579 ipsumquod

1013 592 1178 622 creandum,
1203 595 1230 617 et
1254 590 1320 617 nihil
1343 593 1385 617 est

1014 638 1124 664 omnino
1138 644 1231 663 recens
1251 637 1301 663 sub
1315 636 1382 664 sole.

1014 685 1066 712 Sed
1103 684 1163 718 quis
1201 684 1326 718 loquetur
1358 687 1384 710 ct

1751 65 1801 91 328

1418 127 1474 153 est?
1490 126 1576 160 ipsum
1589 125 1665 160 quod
1682 125 1801 159 futurum

1419 178 1466 200 est.
1497 172 1527 198 Et
1565 179 1614 198 non
1647 175 1691 197 est
1729 179 1803 196 omne

1420 227 1512 246 nat-um
1528 218 1574 244 sub
1595 217 1654 244 sale
1677 217 1751 249 quod
1766 217 1803 242 ιο-

1419 270 1515 301 quatur
1528 270 1551 291 ct
1565 265 1638 290 dicat
1652 272 1662 290 :
1674 263 1747 289 Ecce
1754 263 1800 289 hoc

1422 319 1512 338 novum
1549 317 1597 337 est.
1628 309 1702 336 Jam
1735 310 1801 336 enim

1421 358 1470 392 fuit
1495 357 1521 383 in
1545 356 1655 383 saeculis
1688 355 1804 389 pristinis

1419 412 1477 438 quae
1503 404 1610 438 [uerunt
1630 406 1700 428 ante
1721 409 1778 428 uos.
1793 411 1801 427 ι

1421 450 1497 483 Quod
1532 449 1722 476 testimonium
1756 456 1805 474 non

1421 497 1504 525 solum
1522 497 1616 531 fuisse.
1632 495 1683 523 sed
1702 495 1804 529 futurat

1421 544 1532 571 mundos
1571 551 1627 570 esse
1673 546 1804 572 testatur,

1420 599 1471 618 non
1497 590 1566 626 quod
1595 588 1684 616 simul
1707 592 1735 614 et
1760 596 1804 621 [m-

1420 638 1483 664 riter
1514 644 1603 663 omnes
1640 635 1734 669 ﬁunt,
1765 634 1805 661 sed

1421 684 1489 711 alius
1504 688 1559 718 post
1578 682 1681 709 alium.

183 1369 238 1398 Nos
265 1377 332 1398 vero
359 1373 556 1404 consequenter

185 1417 406 1452 respondebimus
429 1415 485 1452 (19)
508 1416 557 1441 ob-

183 1467 323 1490 servantes
352 1461 473 1497 regulam
499 1453 556 1495 pie-

185 1511 264 1542 tatis,
285 1514 312 1537 et
332 1510 470 1541 dicentes,
491 1515 558 1543 quo-

185 1557 258 1585 niam
274 1565 327 1585 non
353 1562 416 1584 tunc
442 1557 557 1591 primum

185 1612 246 1633 cum
291 1603 422 1632 visibilem
477 1604 558 1630 istum

186 1651 316 1678 mundum
364 1649 428 1677 fecit
468 1650 558 1681 Deus.

185 1696 269 1731 erepit
284 1696 407 1731 operari,
424 1694 471 1722 sed
489 1695 560 1722 sicut

185 1746 246 1776 post
259 1739 460 1774 corruptionem
479 1738 558 1772 hujus

184 1789 237 1815 erit
255 1787 324 1814 alius
339 1787 465 1819 mundus,
479 1786 517 1812 ita
532 1789 558 1812 et

186 1839 328 1869 antequam
370 1833 416 1860 hic
465 1836 538 1859 esset
550 1851 557 1864 ,

187 1879 271 1908 fuisse
311 1879 379 1906 alios
409 1879 557 1906 credimus.

185 1927 262 1961 Quod
294 1931 440 1961 utrumqtte
463 1927 560 1953 divinae

186 1975 336 2008 Scriptum
396 1972 560 1999 auctoritate

186 2019 351 2047 lirmabitur.
383 2018 450 2045 Nam
490 2017 561 2052 quod

186 2065 239 2091 erit
251 2069 311 2099 post
323 2064 394 2091 hunc
406 2064 474 2091 alius
486 2071 563 2090 mun-

188 2109 239 2136 dus
254 2109 336 2136 Isaias
349 2109 438 2140 docet.
451 2109 560 2135 dicens:

192 2165 202 2181 ι
217 2156 274 2182 Erit
296 2155 394 2182 caelum
421 2163 518 2182 novum
536 2160 564 2182 et
598 2157 673 2192 fuit?
695 2157 785 2191 Ipsum
809 2159 878 2192 quod
910 2159 970 2185 erit.
987 2151 1082 2191 unze
1118 2164 1170 2183 non
1203 2155 1330 2182 videntur
1370 2159 1398 2180 et

186 2205 264 2226 terra
280 2207 360 2232 nova,
373 2207 433 2234 quae
453 2208 504 2234 ego
520 2199 563 2227 fa-

228 2292 251 2308 "
261 2291 323 2320 lsai.
339 2293 466 2325 mna?“
497 2292 618 2320 "Ec-cie.
633 2299 652 2323 ι,
670 2291 696 2319 9.

660 1375 767 1394 lilEllON.
785 1375 893 1396 INTERP.

591 1413 676 1440 Nabis
713 1418 799 1440 autent
825 1414 910 1448 placet
939 1419 963 1441 et

1013 732 1092 758 dicet.
1107 730 1175 757 Ecce
1188 730 1238 756 hoc
1256 737 1353 756 novum
1369 729 1426 756 est?
1443 729 1502 756 Jam
1519 729 1570 756 fuit
1588 728 1615 755 id
1640 728 1671 755 in
1700 727 1804 754 sa‘cnlis

1015 786 1074 812 qute
1104 778 1213 804 fuerunt
1245 781 1308 802 ante
1340 783 1388 802 nos
1407 776 1465 802 ".r
1493 775 1598 808 Quibus
1637 773 1804 801 testimoniis

1016 829 1159 858 utrumque
1184 822 1263 849 simul
1289 822 1431 857 probatur,
1453 821 1525 855 quod
1549 825 1576 847 et
1603 824 1675 846 ante
1707 818 1804 845 fuerint

1014 870 1124 902 smcula,
1138 873 1165 896 et
1184 868 1273 895 futura
1294 868 1349 894 sint
1369 867 1553 902 postmodum.
1569 865 1628 892 Non
1649 869 1745 892 tamen
1761 872 1804 898 pu-

1015 916 1123 942 tandum
1148 919 1191 942 est
1216 917 1308 949 plures
1331 914 1445 941 mundos
1468 912 1546 940 simul
1569 919 1654 944 esse,
1678 912 1728 938 sed
1749 915 1803 944 post

1014 962 1084 988 hunc
1110 961 1215 988 inititun
1258 959 1371 986 aliorum
1409 959 1528 985 futurum
1550 956 1626 993 (20);
1655 957 1692 984 de
1712 956 1804 990 quibus

1014 1015 1085 1035 nunc
1109 1015 1159 1034 non
1183 1013 1224 1034 est
1250 1006 1432 1034 necessarittm
1457 1011 1505 1039 per
1527 1004 1635 1039 singula
1668 1008 1800 1038 repetere.

1013 1061 1075 1081 cum
1087 1053 1142 1087 jam
1159 1054 1184 1081 id
1199 1054 1224 1079 in
1240 1052 1423 1087 superioribus
1441 1051 1596 1078 fecerimus.

1048 1101 1076 1129 4.
1099 1100 1165 1126 Illud
1187 1107 1252 1126 sane
1285 1099 1372 1126 otiose
1398 1098 1618 1133 prtetercuudum
1646 1104 1704 1123 non
1734 1095 1800 1122 ari-i-

1016 1153 1071 1174 tror
1097 1146 1172 1183 (2t),
1196 1147 1268 1181 quod
1294 1145 1442 1180 Scriptum
1476 1149 1577 1172 sanctae
1610 1143 1798 1170 conditionem

1016 1192 1107 1220 mundi
1127 1200 1197 1219 novo
1211 1192 1328 1226 quodam
1344 1196 1372 1218 et
1395 1192 1506 1224 proprio
1523 1190 1637 1217 nomine
1665 1195 1800 1221 nuncupa-

1015 1243 1127 1271 verunt,
1152 1238 1272 1264 dicentes
1292 1236 1445 1271 καταδηλὴν
1472 1235 1582 1268 mundi,
1609 1235 1687 1268 quod
1714 1233 1802 1260 Latine

1017 1283 1162 1318 improprie
1181 1283 1342 1310 translatum
1366 1282 1580 1309 constitutionem
1610 1279 1709 1306 mundi
1730 1278 1800 1306 dixr—

1017 1334 1099 1361 runt;
1116 1328 1251 1364 καταϐολή
1270 1336 1331 1355 vero
1355 1329 1380 1354 iu
1402 1327 1496 1355 Graeco
1511 1327 1599 1361 magis
1624 1326 1747 1359 dejicere
1766 1323 1799 1349 εἱ-

1015 1376 1135 1410 gnificat,
1151 1376 1177 1401 id
1191 1379 1234 1402 est
1261 1375 1387 1401 deorsum
1411 1373 1514 1408 jacere,
1536 1372 1608 1407 quod
1631 1371 1734 1398 Latine
1755 1369 1800 1396 int-

1017 1421 1144 1456 propric,-
1157 1425 1187 1448 ut
1212 1420 1346 1450 diximus,
1362 1419 1585 1446 constitutionem
1612 1416 1711 1443 mundi
1739 1413 1800 1449 (ΞΕ)

591 1467 652 1487 ante
666 1461 733 1487 hunc
746 1461 870 1487 mundum
882 1462 964 1488 alium

1036 1467 1186 1501 tterpretati
1216 1470 1297 1497 sunt,
1322 1465 1391 1493 sicut
1420 1465 1447 1490 in
1477 1462 1625 1498 Evangelio
1655 1460 1797 1489 secundum

592 1506 672 1540 fuisse
693 1507 829 1540 mundum,
853 1511 878 1533 et
908 1513 963 1541 post

592 1554 686 1586 istum,
717 1554 800 1580 alium
834 1554 963 1588 futurum.

598 1601 641 1627 Vis
670 1602 769 1628 discere
799 1603 868 1636 quod
908 1606 965 1636 post

592 1651 782 1682 corruptionem
789 1649 868 1682 hujus
875 1648 966 1674 mundi

579 1695 661 1733 _alius
685 1696 719 1721 sit
748 1695 873 1728 futurus?
896 1695 967 1721 Audi

593 1740 692 1767 ltitiam
706 1741 852 1775 laquentem
865 1747 874 1766 .'
888 1750 896 1766 ι
910 1741 967 1767 (Crit

593 1788 684 1814 coelum
718 1796 812 1814 not-um
837 1792 863 1814 et
897 1792 967 1814 terra

592 1842 668 1866 nava,
683 1842 742 1869 qua:
754 1843 799 1869 ego
815 1842 968 1868 permanere

592 1881 661 1915 facio
678 1882 704 1907 in
723 1887 862 1915 conspectu
876 1888 942 1906 meo.
956 1889 965 1905 ι

599 1926 642 1953 Vix
664 1935 739 1953 noue
756 1927 826 1961 quod
848 1932 908 1954 ante
927 1927 969 1962 fn-

593 1972 691 1998 bricam
708 1973 785 1999 istius
803 1973 905 2004 mundi,
918 1972 964 1998 alii

594 2021 684 2046 mundi
705 2020 731 2045 in
757 2021 888 2054 prwtei'ito
912 2019 970 2054 fue-

595 2067 672 2093 rint?
688 2067 816 2093 Ausculta
834 2065 971 2092 Ecclesia—

595 2117 652 2138 steu
672 2119 681 2137 :
705 2121 714 2137 ‹
739 2111 805 2144 Quid
833 2117 872 2139 est
901 2113 970 2147 quod

599 2202 633 2228 Et
652 2203 715 2238 quid
732 2209 768 2230 est
787 2204 856 2237 quod
871 2203 972 2238 factum

228 2350 284 2387 (16)
303 2350 457 2387 Scriptum.
470 2350 550 2377 Deest
564 2351 590 2377 in
603 2355 682 2387 antea
695 2350 784 2387 editis.
797 2350 973 2387 sed_habetnr

194 2387 220 2413 in
234 2385 303 2414 mss.
317 2386 388 2412 lnl'ra
407 2393 485 2417 mss.,
502 2395 511 2411 ‹
524 2388 582 2413 sine
602 2385 680 2412 initio
693 2385 747 2412 ullo
759 2390 809 2412 est.
822 2394 831 2410 ι
850 2385 879 2412 In
893 2387 974 2413 editis

193 2423 280 2453 deest,
300 2431 308 2446 I
321 2422 385 2447 ullo.
400 2429 409 2446 I

230 2457 272 2490 (Π

229 2457 285 2527 ta

195 2524 339 2560 antequam
368 2527 483 2552 mundus
512 2526 611 2552 fieret?
639 2525 754 2560 otiosam
787 2526 858 2552 enim
884 2524 975 2560 dicere

195 2559 318 2589 naturam
346 2560 408 2591 Dei,
431 2561 548 2587 otiosum
574 2565 646 2587 cst.»
673 2559 773 2586 Ibidem
798 2567 875 2591 mss.,
899 2568 908 2584 ι
925 2559 975 2585 ali—

308 2456 372 2482 Vide
390 2455 407 2482 Ι.
423 2463 440 2482 ιι
455 2455 623 2490 0rigenian.,
637 2462 664 2489 q.
677 2455 720 2486 l2,
734 2462 760 2482 n.
774 2455 801 2482 4.

307 2492 353 2518 Sic
377 2499 443 2518 mss.
468 2488 554 2521 Alia...
575 2488 659 2524 (quid
680 2495 742 2516 ante
760 2489 878 2517 faciebat
901 2488 974 2516 Deus

194 2598 302 2631 quando
316 2597 385 2622 bene
402 2603 454 2621 nou
475 2595 583 2623 fecerit.
597 2605 606 2620 ι
625 2594 654 2622 lu
676 2599 756 2622 antea
777 2594 856 2622 editis
881 2593 974 2627 deest,

198 2639 208 2656 ι
223 2632 301 2658 bene.
316 2640 325 2656 ι

245 2665 286 2701 19)
307 2665 379 2701 pave
392 2668 419 2690 et
434 2669 512 2701 caule
529 2666 595 2701 lege.

231 2665 286 2735 ἕω)
307 2665 379 2691 Cave
392 2668 419 2690 et
434 2669 512 2692 cattle
529 2666 595 2701 lege.

243 2700 287 2734 20)
309 2700 417 2735 Initium
436 2699 552 2735 aliorum
575 2702 707 2734 futurum.
731 2699 778 2727 Sic
800 2706 866 2727 mss.
884 2698 977 2732 Alias,

199 2743 212 2762 ι
223 2734 331 2764 interim
349 2734 416 2760 alios
431 2734 542 2762 futuros.
555 2745 564 2761 ι

233 2769 291 2837 ἓὶιζ
312 2769 376 2808 Vide
393 2769 411 2794 Ι.
429 2776 438 2795 t

244 2803 280 2830 2‘2
311 2803 438 2830 Dixerunt

312 2769 376 2805 yide
393 2768 411 2794 Ι.
429 2776 448 2796 ιι
464 2769 629 2805 0rigeniun.,
642 2779 670 2805 q.
683 2770 733 2802 12,
749 2769 820 2805 n.2,

460 2812 469 2831 :
490 2802 627 2842 κᾷταϐολή
646 2802 705 2833 ὕετο
729 2805 757 2832 in
781 2803 873 2831 Gnaeo
895 2802 978 2840 magis

734 2291 756 2306 ‘”
770 2291 866 2318 Matth.
882 2299 956 2324 xxtv,
968 2293 1013 2320 9.1.

1015 1512 1146 1540 Joannem
1169 1520 1230 1540 cum
1253 1512 1318 1539 dicit
1341 1511 1486 1538 Salvator:
1506 1518 1515 1534 ι
1531 1509 1563 1535 Ει
1579 1508 1635 1535 erit
1667 1504 1799 1534 tribulatio

1017 1559 1044 1586 in
1076 1558 1128 1585 illis
1156 1557 1251 1585 diebus
1280 1556 1368 1591 qualis
1396 1563 1448 1582 nun
1476 1554 1526 1580 fuit
1558 1561 1573 1580 a
1606 1551 1800 1580 constitutione

1016 1604 1108 1632 mundi
1119 1603 1153 1635 “,
1165 1613 1175 1629 ι
1192 1604 1235 1630 hic
1246 1602 1403 1630 constitutio
1417 1599 1552 1634 καταϐολή
1567 1599 1642 1626 dicta
1657 1602 1701 1625 est
1715 1607 1721 1624 :
1736 1595 1799 1631 quod

1019 1651 1054 1677 ita
1078 1649 1283 1686 intelligendum
1308 1653 1349 1675 est
1373 1648 1443 1674 sicut
1469 1646 1593 1680 superius
1620 1643 1798 1678 exposuimus.

1018 1695 1070 1722 Sed
1087 1700 1114 1722 et
1132 1694 1277 1728 Apostolus
1302 1694 1329 1720 in
1356 1692 1477 1727 Epistula
1503 1692 1535 1717 ad
1556 1690 1695 1725 Ephesios
1716 1688 1798 1716 eodem

1017 1748 1143 1768 sermone
1165 1747 1230 1767 usus
1248 1745 1288 1767 est
1311 1747 1371 1766 cum
1387 1739 1425 1764 ait
1444 1747 1450 1764 :
1469 1746 1478 1762 ε
1493 1736 1544 1770 Qui
1571 1735 1658 1770 elegit
1678 1742 1727 1761 nos
1747 1737 1799 1759 ante

1019 1788 1111 1814 mundi
1134 1786 1356 1814 constitutionem
1372 1785 1411 1818 ",
1425 1794 1435 1810 ι
1462 1789 1490 1810 et
1510 1783 1556 1810 hic
1579 1780 1798 1810 constitutionem

1019 1833 1110 1860 mundi
1131 1832 1282 1868 καταϐολὴν
1297 1832 1376 1864 dixit,
1393 1830 1487 1857 eodetn
1504 1837 1587 1856 sensu
1603 1836 1660 1863 quo
1686 1825 1798 1860 superius

1021 1879 1190 1913 interpretati
1223 1885 1317 1904 smnus
1344 1875 1555 1910 intelligendam.
1580 1874 1701 1909 Dignum
1728 1872 1798 1906 igitur

1019 1926 1125 1952 videtur
1141 1924 1278 1959 inquirere
1295 1923 1358 1958 quid
1380 1927 1420 1949 est
1438 1922 1509 1956 quod
1530 1922 1582 1948 hoc
1594 1928 1668 1947 novo
1683 1919 1738 1955 ('23)
1758 1925 1797 1942 uo-

1021 1972 1092 1998 mine
1107 1970 1241 1997 indicetur
1255 1978 1262 1995 :
1277 1973 1305 1995 et

1020 2018 1148 2049 arbitror,
1172 2015 1299 2049 quoniam
1329 2015 1392 2048 qui-

1021 2063 1080 2090 dem
1097 2062 1157 2090 finis
1173 2067 1201 2088 et
1212 2068 1394 2093 .conswnma-

1023 2109 1059 2136 tio
1074 2113 1228 2136 sanctorum
1244 2108 1296 2134 erit
1311 2107 1337 2133 in
1354 2107 1396 2133 his

1507 2019 1605 2040 VERSIO
1621 2020 1647 2039 S.
1661 2018 1732 2038 ιιιειι.

1434 2059 1565 2086 Divinitus
1629 2054 1797 2084 habitaculum

1431 2106 1489 2140 (⁵24)
1515 2110 1540 2132 et
1567 2113 1658 2132 verum
1696 2102 1796 2138 requiem

1433 2153 1504 2187 apud
1540 2160 1651 2186 nuperos
1692 2149 1796 2177 existimo

1026 2209 1126 2232 attenta
1149 2208 1228 2236 sunt,
1252 2210 1286 2230 ex
1313 2202 1397 2236 ipsius
1434 2198 1555 2233 intelligi,
1569 2198 1596 2224 in
1613 2206 1665 2232 qua
1685 2199 1797 2222 creatum

1059 2293 1081 2309 "
1092 2293 1195 2327 .Ephes.
1214 2302 1234 2325 I,
1244 2293 1270 2320 4.

1027 2351 1137 2385 dejicere
1148 2351 1288 2385 signiﬁcat,
1300 2350 1328 2377 id
1341 2354 1378 2376 est
1389 2350 1512 2376 deorsum
1522 2350 1624 2384 jacere.
1637 2349 1707 2385 quod
1719 2345 1795 2385 ιίζᾷηι

1029 2380 1182 2420 improprie:
1197 2380 1223 2412 ut
1247 2386 1371 2416 diximus.
1394 2380 1606 2412 constitutionem
1625 2380 1725 2420 niundi.
1745 2380 1795 2407 ΙΙειτ

1027 2418 1086 2455 qua:
1100 2422 1132 2447 de
1149 2428 1198 2448 suo
1218 2421 1318 2454 adjecit
1335 2420 1457 2451 ltutiuus.
1482 2420 1508 2446 iu
1525 2421 1657 2446 omnibus
1679 2418 1794 2445 habentur

1028 2463 1114 2487 mss.;
1131 2457 1177 2482 sed
1194 2456 1292 2482 omissa
1310 2460 1373 2482 sunt
1386 2455 1412 2482 in
1431 2459 1510 2481 antea
1527 2455 1617 2481 editis.
1775 2483 1778 2487 ι

1064 2490 1119 2526 (‘23)
1143 2490 1226 2517 Nova.
1244 2491 1322 2518 Deest
1339 2492 1364 2516 iu
1378 2494 1465 2526 antea
1479 2490 1630 2526 editis,_sed
1650 2488 1793 2526 habetur‘m

1028 2518 1096 2552 mss.
1111 2518 1195 2552 i’atilo
1216 2531 1275 2558 post
1293 2533 1369 2557 mss.,
1385 2534 1394 2551 ι
1410 2533 1443 2552 ex
1460 2525 1544 2558 ipsius
1563 2518 1628 2550 linis
1645 2518 1793 2553 contempla-

1030 2562 1111 2587 tione.
1127 2570 1135 2585 ι
1152 2560 1230 2587 Libb.
1243 2565 1322 2588 antea
1344 2560 1420 2592 editi,
1439 2569 1448 2585 ‹
1461 2565 1489 2587 et
1505 2560 1590 2593 ipsius
1610 2559 1675 2586 linis
1690 2560 1792 2584 cottteut-

1049 2596 1113 2622 latio
1131 2600 1181 2622 est.
1196 2605 1204 2621 ι

1029 2604 1113 2631 prauo
1131 2604 1181 2622 65!.
1196 2605 1204 2621 )

1063 2630 1118 2665 (Ἡ)
1140 2629 1475 2665 Divinilualmbilaculum,
1489 2633 1544 2656 etc.
1565 2628 1630 2656 Haec
1650 2633 1705 2662 quae
1719 2624 1791 2665 locutul

1027 2661 1194 2699 superiorem
1206 2665 1240 2691 ab
1255 2664 1419 2700 Hieronymo
1430 2664 1541 2691 allatum
1555 2665 1649 2700 statim
1659 2661 1791 2700 sequuntur

1028 2694 1153 2734 in'epist.
1166 2700 1200 2726 ad
1213 2700 1335 2731 Avitum,
1351 2694 1399 2727 aut
1417 2700 1602 2727 dissimulavit
1622 2697 1738 2725 Rnliutts,
1753 2694 1789 2734 ut.“

1029 2733 1193 2796 ladulterarit
1219 2736 1258 2763 uti
1274 2734 1359 2770 liquet
1374 2742 1409 2763 ex
1426 2735 1570 2769 utriusque
1587 2735 1734 2761 versiouutu
1746 2733 1791 2754 cor

1040 2775 1138 2796 aIIOIIG.

1040 2771 1138 2798 alioue.
