1860 3073
114 92 164 122 5‘29

113 153 174 181 linis
205 154 282 190 150
309 157 477 192 contempla-

113 201 192 234 tione,
214 203 283 229 sicut
305 203 331 230 in
358 205 480 239 superio-

111 247 183 276 ribus
208 248 365 289 frequenter
385 257 480 280 osten-

111 294 207 321 dimus.
223 294 317 322 Simile
336 297 416 324 etiam
439 305 482 324 ra-

112 341 252 369 tionabiles
266 347 408 371 creaturas
431 345 480 372 ha-

111 388 197 415 buisse
210 391 372 417 censendum
385 395 434 419 est.
447 392 480 419 Et

109 433 130 461 si
145 434 198 461 tale
213 435 319 463 initium
335 436 479 466 habuerint

108 479 213 512 qualem
244 480 324 508 linem
352 487 460 515 sperant
471 503 478 515 ,

109 525 215 552 fuerunt
238 526 297 555 sine
320 528 403 556 dubio
422 528 478 563 jam

108 571 139 597 ab
153 572 231 600 initio
246 574 272 601 in
289 575 330 602 his
347 582 408 610 quae
425 584 477 604 non

107 619 230 648 videntur
242 626 269 649 et
284 627 385 651 reterna
402 631 477 653 sunt.

106 666 180 699 Quod
193 668 216 695 si
237 674 290 702 est,
309 670 342 697 de
356 672 479 706 superio-

107 713 179 741 ribus
206 715 241 742 ad
270 716 398 744 inferiora
430 719 477 746 dc-

107 765 227 786 scensum
248 766 290 788 est
312 770 364 789 non
389 763 475 791 solum

107 806 138 832 ab
149 806 190 833 Itis
202 807 344 837 animabus
355 809 409 847 (23‘)
417 819 477 847 quae

107 850 131 877 id
147 856 268 880 motuum
294 862 404 882 suorum
431 865 477 884 va-

106 896 199 924 rietate
210 905 477 933 meruerunt.verum

107 945 132 967 et
150 943 182 969 ab
199 943 243 971 llis
261 952 320 978 qua:
342 947 374 973 ad
394 947 476 975 totius

107 987 194 1014 mundi
227 989 408 1018 ministerium
442 1001 475 1019 ex

107 1031 156 1060 illis
172 1036 359 1069 superioribus
379 1042 405 1065 et
431 1038 476 1065 in-

106 1079 255 1109 visibilibus
272 1083 306 1109 ad
334 1085 390 1111 haec
411 1085 476 1112 infc-

106 1124 173 1152 riora
182 1130 209 1153 et
223 1127 474 1158 visibiliadeductce

106 1174 175 1203 sunt,
188 1171 253 1198 licet
268 1179 321 1199 non
338 1173 473 1209 volentes;

108 1217 244 1243 «vanitati
272 1218 371 1253 quippe
397 1227 475 1247 crea-

107 1263 162 1287 tura
192 1262 313 1297 subjecta
344 1269 386 1292 est
423 1273 475 1293 non

106 1304 205 1339 volens,
220 1308 268 1335 sed
289 1314 398 1344 propter
412 1318 475 1338 eum

107 1349 149 1383 qui
172 1351 291 1386 subjecit
308 1353 336 1380 in
358 1363 405 1389 spe
416 1356 450 1387 ⁸³,
463 1366 472 1382 ι

106 1401 155 1429 qua
168 1397 209 1424 vel
224 1397 277 1431 sol,
292 1399 332 1426 vel
347 1399 418 1432 luna,
434 1402 476 1429 vel

106 1441 195 1476 stellis,
217 1444 260 1471 vel
277 1446 363 1481 angeli
384 1449 476 1482 exple-

107 1493 163 1514 rent
181 1489 342 1524 obsequium
364 1493 474 1528 mundo,

106 1539 131 1562 et
145 1535 185 1563 liis
202 1537 345 1565 animabus
365 1547 424 1574 qua:
442 1541 476 1569 ob

107 1581 200 1610 nimios
222 1583 344 1613 defectus
366 1588 475 1621 mentis,

106 1628 282 1658 crassioribus
305 1631 363 1658 istis
383 1637 411 1659 et
432 1639 477 1661 so-

106 1672 241 1702 lidioribus
260 1675 402 1711 indiguere
415 1686 475 1706 cor-

106 1719 221 1752 poribus,
241 1725 271 1747 et
301 1729 410 1757 propter
429 1731 476 1752 eos

106 1765 197 1798 quibus
219 1767 272 1795 hoc
294 1774 353 1795 erat
379 1777 475 1798 neces-

106 1812 218 1846 sarium,
259 1815 379 1843 mundus
425 1817 477 1844 iste

106 1858 182 1886 etiam
196 1861 314 1890 visibilis
336 1863 477 1892 institutus

106 1910 154 1932 est.
172 1907 209 1934 Ex
234 1909 288 1936 hoc
311 1917 376 1945 ergo
402 1919 478 1938 com-

107 1954 220 1982 muniter
259 1958 382 1984 omnium
429 1966 477 1993 per

107 1999 172 2028 hanc
193 2001 422 2036 signiﬁeantiam,
449 2005 475 2032 id

105 2050 144 2072 est
164 2054 211 2081 per
223 2048 386 2083 καταϐολὴν,
402 2057 415 2076 a
431 2058 474 2077 su<

105 2092 250 2123 periOribus
280 2094 314 2120 ad
348 2093 474 2121 inferiora

106 2137 207 2165 videtur
238 2139 353 2167 indicari
389 2141 474 2169 dedu-

106 2183 164 2211 ctio.
191 2183 270 2219 Spem
301 2193 367 2213 sane
391 2187 475 2214 liber—

107 2229 165 2255 tatis
193 2230 321 2258 universa
348 2237 474 2260 creatura

105 2274 169 2307 gerit
183 2279 212 2302 ut
227 2283 242 2303 a
258 2276 398 2304 servitutis
416 2285 476 2305 cor-

106 2320 225 2354 ruptione
249 2321 391 2354 liberetur,
413 2330 445 2349 cu
451 2330 475 2349 m

106 2363 149 2391 lilii
166 2365 211 2393 Dei
225 2367 273 2401 qui
288 2366 330 2394 vel
346 2367 474 2402 prolapsi,

105 2411 143 2438 vel
176 2413 294 2448 dispersi
340 2419 420 2446 sunt,
448 2416 474 2442 in

105 2465 180 2487 unum
219 2461 322 2489 fuerint
363 2469 476 2497 congre-

105 2504 166 2537 gati,
180 2505 220 2533 vel
239 2513 302 2534 cum
319 2511 418 2534 caetera
435 2508 476 2535 oi-

135 2563 158 2581 “
173 2565 252 2593 Rom.
274 2573 333 2599 vui,
345 2565 391 2593 ΞΟ.

775 99 873 128 LiBER
894 102 1057 130 TERTIUS.

520 160 689 188 rationabiles
701 167 890 189 commorantes
905 165 927 191 Α
941 165 1022 189 steria
1032 184 1039 196 ,
1057 169 1083 190 ut
1106 165 1241 191 ruentibus
1261 174 1317 192 nta-

518 211 656 241 antequam
689 207 725 234 ad
763 209 888 242 inferiora

519 252 575 279 loca
595 253 793 288 descenderent,
813 260 837 282 ct
859 256 890 282 de

518 297 692 327 inuisibilibus
718 301 752 326 ad
778 301 890 328 visibilia

518 345 736 379 commigrarent,
773 352 890 374 ruentes-

517 399 566 425 que
593 393 627 418 (ιιι
661 398 757 420 terram
796 398 891 422 crassis

518 438 655 471 coporibus
676 440 832 474 indigerent,
847 450 893 468 au-

517 483 590 518 tiqua
625 485 781 513 beatitudine
816 488 890 521 frue-

519 528 624 558 bantur.
658 531 733 558 Untle
771 535 892 561 conditor

520 574 588 601 Deus
619 576 679 610 fecit
705 578 742 604 eis
775 587 890 614 congrua

517 620 657 648 humilibus
679 623 742 650 locis
763 633 890 659 corpora,

516 670 542 691 et
565 668 689 694 mundum
712 670 790 696 istum
807 672 892 699 visibi-

516 709 566 737 lent
587 711 731 746 fabricatus
746 721 797 746 est.
814 718 891 744 mini-

516 762 634 792 strosque
666 759 696 786 ob
728 761 838 789 salutem
866 768 891 790 et

516 805 705 838 surreptionem
732 815 822 835 eorum
846 811 890 845 qui

517 851 678 885 reciderunt,
690 853 761 880 misit
777 855 802 881 in
818 863 891 884 mun-
907 841 928 869 Β

516 896 594 930 dum;
607 906 639 925 ea:
652 900 746 933 quibus
760 901 807 928 alii
821 908 891 930 certa

516 943 660 971 obtinerent
676 945 744 977 loca,
756 951 779 973 et
798 949 891 975 mundi

516 991 715 1028 necessitatibus
740 993 890 1028 obedirent;

516 1037 562 1063 alii
587 1037 705 1072 injuncla
732 1040 782 1066 sibi
806 1041 890 1076 ofﬁcia

515 1083 626 1117 singulis
651 1085 796 1120 quibusque
825 1091 889 1113 tent-

515 1128 622 1160 p0ribus
635 1138 694 1164 qute
708 1132 776 1157 novit
790 1133 890 1168 artifex

517 1173 596 1206 Deus,
614 1177 706 1203 sedula
728 1182 813 1205 mente
834 1184 888 1206 tra-

515 1223 625 1247 ctarent.
641 1220 675 1248 Et
694 1230 726 1248 ea:
744 1224 785 1249 Itis
805 1224 889 1251 subli-

514 1267 599 1294 miora
615 1269 706 1296 mundi
728 1270 785 1298 loca
806 1273 846 1299 sol
864 1277 888 1300 et

514 1312 577 1340 luna
601 1318 625 1340 et
659 1315 740 1343 stellte
772 1325 830 1352 qua:
856 1319 887 1345 ab

513 1360 638 1394 Apostolo
682 1368 803 1391 creatura
846 1367 888 1393 di-

514 1412 621 1440 cuntur,
644 1416 808 1445 acceperunt.
824 1411 889 1444 Qua:

514 1458 635 1481 creatura
649 1456 760 1482 vanitati
772 1457 889 1491 subjecta

946 216 1006 234 num
1028 209 1182 242 porrigant;
1200 209 1255 237 illa:
1274 218 1318 236 co-

945 258 1042 287 guntur
1059 253 1180 286 ingratar,
1195 259 1222 279 ut
1245 258 1317 281 tanta

945 301 1057 332 tempore
1077 298 1104 324 in
1132 304 1249 333 suscepto
1266 300 1318 334 ofﬁ-

944 343 984 370 cio
1013 349 1185 378 perseverent.
1207 345 1240 372 Et
1266 345 1316 373 ite-

946 397 1003 416 rum
1019 399 1025 416 :
1042 389 1084 417 Ea:
1095 398 1146 425 quo
1158 391 1278 425 sequitur
1291 396 1318 418 ut

945 435 976 462 ob
1001 436 1088 463 varios
1126 441 1212 464 motus
1250 438 1318 464 carii

945 486 1065 509 creentur
1076 486 1099 509 et
1112 483 1213 516 mundi,
1225 488 1247 510 et
1261 489 1317 517 post

944 529 1013 554 [tunc
1050 537 1124 564 quem
1166 530 1317 562 incolimus,

945 574 1015 600 alius
1052 574 1133 600 multo
1182 575 1318 603 dissimilis

945 619 1057 645 munitus
1083 618 1139 652 ﬁat.
1167 618 1318 655 Nullusque

944 663 1013 690 alius
1035 665 1143 691 diversis
1167 666 1272 693 casibus
1293 672 1316 694 et

943 709 1115 742 prolectibus,
1133 715 1157 737 et
1177 713 1214 737 vel
1236 712 1317 739 virtu-

944 760 998 781 tum
1008 757 1134 790 pra’miis,
1145 757 1182 783 vel
1196 758 1316 785 vitiorum

944 802 1090 836 suppliciis,
1104 808 1127 829 et
1142 803 1168 829 itt
1185 805 1316 838 prwsenti,

943 852 967 874 et
994 849 1020 875 in
1051 849 1159 883 futuro,
1186 855 1263 886 atque
1290 853 1317 879 in

943 895 1062 922 munibus
1106 901 1132 923 et
1179 903 1267 930 retro,
1292 903 1316 925 et

943 941 1031 974 priora
1051 943 1209 976 temporibus
1233 951 1315 979 potest

943 987 1036 1013 merita
1055 988 1215 1022 dispensare,
1235 996 1259 1017 et
1282 993 1317 1018 ad

943 1040 1025 1059 unum
1040 1041 1143 1060 rursum
1161 1035 1240 1068 linem
1258 1045 1318 1065 cun-

943 1082 984 1105 cta
998 1081 1158 1113 pertrahere,
1174 1083 1225 1109 nisi
1246 1084 1317 1112 salus

932 1126 1064 1153 econditor
1088 1128 1204 1155 omnium
1228 1129 1315 1163 Deus,

942 1171 987 1205 qui
1014 1173 1063 1199 scit
1093 1182 1186 1201 causas
1212 1182 1317 1210 propter

941 1224 1006 1251 quas
1028 1218 1094 1245 alios
1111 1221 1245 1252 permittat
1267 1230 1316 1249 sua

941 1264 1044 1299 perftui
1070 1266 1213 1301 voluntate,
1235 1273 1259 1296 et
1284 1270 1316 1296 de

943 1310 1088 1344 majoribus
1106 1313 1140 1338 ad
1162 1313 1255 1340 ultima
1272 1315 1316 1341 de-

942 1353 1008 1387 labi,
1017 1355 1084 1383 alios
1092 1357 1199 1392 incipiat
1210 1359 1315 1387 visitare

942 1405 966 1426 et
987 1401 1117 1435 gradatim
1136 1405 1211 1437 quasi
1234 1413 1314 1432 muttit

942 1446 1006 1472 data
1020 1447 1054 1473 ad
1076 1449 1215 1481 pristinum
1232 1454 1314 1477 retra-

943 1491 1002 1518 here
1018 1496 1129 1524 statum,
1148 1498 1171 1520 et
1189 1495 1215 1520 in
1233 1494 1316 1521 subli-

513 1503 551 1525 est
573 1507 603 1526 eo
623 1500 692 1534 quod
715 1502 812 1528 crassis
836 1503 889 1529 cir-
902 1514 924 1545 ο
943 1500 1002 1518 πθνθ
1018 1500 1087 1518 "am

514 1547 638 1564 μιηυιπη.
676 1550 829 1564 Manut...
867 1556 887 1564 -.
939 1537 1022 1563 mibus
1038 1537 1087 1564 coll

939 1545 1022 1563 minus
1038 1545 1174 1566 collocare.

1676 104 1728 132 550

1355 163 1415 191 licia
1441 163 1610 198 expleverint
1628 164 1655 190 in
1677 165 1728 191 huc

1353 210 1469 242 mundo,
1496 217 1555 244 quae
1581 209 1655 237 solus
1679 217 1727 237 co-

1352 257 1458 290 gnoscit
1482 258 1602 284 omnium
1624 257 1725 284 artifex

1353 301 1434 328 Deus.
1461 300 1552 328 Talem
1588 309 1668 334 vero,
1695 309 1728 328 ac

1353 350 1455 373 tantum
1493 347 1645 381 putandum
1686 352 1728 375 est

1353 391 1452 419 factum
1478 400 1539 420 esse
1575 393 1725 425 mundum,

1352 436 1397 470 qui
1423 436 1464 463 vel
1489 444 1584 464 omnes
1599 444 1646 465 eas
1669 438 1728 464 ani-

1353 491 1410 512 mas
1434 491 1495 519 qua:
1518 485 1544 512 in
1562 486 1613 513 hoc
1628 487 1727 513 mundo

1353 536 1461 558 statutae
1490 536 1554 559 sunt
1586 534 1726 565 exerceri,

1352 581 1474 612 caperet,
1495 577 1536 604 vel
1563 585 1660 606 omnes
1682 586 1729 606 eas

1353 624 1468 651 virtutes
1487 631 1546 659 quae
1564 625 1659 652 adesse
1677 626 1726 656 eis,

1352 675 1379 696 et
1394 670 1551 704 dispensare
1566 677 1622 701 eas.
1641 678 1672 698 ac
1685 672 1729 706 ju-

1352 723 1415 743 vare
1431 721 1531 751 parata:
1550 722 1623 744 sunt.
1641 716 1727 744 Unius

1352 767 1469 795 namque
1484 765 1588 788 naturte
1601 768 1662 789 €553
1673 768 1729 787 0m-

1352 815 1400 835 nes
1417 807 1591 835 rationabiles
1614 812 1726 835 creatu-

1352 861 1396 880 ras
1415 852 1487 888 (26),
1513 860 1545 880 ex
1567 853 1658 881 multis
1683 861 1730 881 as-

1352 898 1519 926 sertionibus
1564 899 1727 934 comproba-

1352 950 1416 972 tur:
1431 953 1479 980 per
1492 946 1563 980 quod
1576 946 1662 973 solum
1679 946 1727 974 Dei

1349 991 1451 1024 iustitia
1502 992 1627 1019 omnibus
1679 999 1726 1019 ea-

1353 1045 1412 1065 rum
1443 1037 1506 1074 (27)
1541 1039 1724 1073 dispensatio-

1354 1083 1433 1110 nibus
1475 1083 1580 1110 defendi
1618 1087 1707 1118 potest
1718 1104 1725 1116 ,

1353 1128 1416 1154 dum
1439 1135 1606 1162 unaquaeque
1630 1128 1656 1156 in
1682 1136 1727 1156 se-

1353 1172 1466 1206 metipsa
1504 1173 1585 1199 habet
1628 1180 1726 1200 causas

1352 1217 1423 1251 quod
1448 1217 1474 1244 in
1501 1217 1557 1250 illo,
1578 1218 1619 1245 vel
1636 1219 1662 1246 in
1680 1219 1726 1246 illo

1353 1263 1414 1290 vitre
1427 1262 1524 1290 ordine
1539 1263 1626 1297 posita
1642 1264 1688 1292 sit.

1387 1308 1412 1335 5.
1431 1308 1505 1336 llanc
1526 1316 1591 1344 ergo
1614 1310 1727 1344 disposi-

1352 1355 1451 1382 tionem
1467 1355 1514 1383 Dei
1533 1363 1612 1391 quam
1632 1361 1725 1391 postea

1351 1404 1504 1436 ordinavit,
1524 1403 1579 1438 jam
1609 1408 1672 1432 tunc
1692 1405 1725 1431 ab

1351 1451 1455 1485 origine
1465 1451 1557 1478 mundi
1573 1451 1725 1479 rationibus

1351 1498 1492 1531 causisque
1512 1500 1662 1533 perspectis
1677 1505 1725 1525 co<

514 1547 640 1574 cutndata
675 1550 829 1583 corporibus
865 1556 887 1577 et

514 1594 632 1628 aspectui
649 1600 752 1629 pateat;
766 1600 790 1622 et
803 1600 888 1623 tamen

514 1648 565 1667 non
590 1646 680 1675 sponte
705 1641 823 1676 subjecta
850 1648 888 1669 est

514 1686 638 1719 vanitati,
657 1687 703 1713 sed
725 1692 830 1721 propter
845 1695 888 1715 vo-

515 1731 641 1758 luntatem
671 1732 727 1766 ejus
753 1733 798 1767 qui
830 1741 886 1759 eam

512 1776 622 1810 subjecit
648 1777 674 1802 in
701 1785 754 1811 spe.
777 1777 810 1804 Et
835 1778 886 1805 ite-

511 1829 572 1848 rum
593 1821 670 1848 :Alit'
693 1831 753 1849 vero
781 1823 808 1850 in
832 1824 887 1850 sin-

511 1866 579 1900 gulis
603 1866 667 1893 locis
691 1872 769 1901 atque
789 1872 887 1901 tempo-

512 1912 594 1944 ribus,
617 1920 675 1946 qutc
696 1915 766 1938 solus
792 1913 887 1946 artifex

512 1958 581 1984 novit
591 1976 599 1989 ,
627 1957 718 1984 mundi
755 1957 886 1991 guberna-

511 2003 578 2029 culis
595 2003 726 2034 servituti,
748 2010 812 2037 quos
838 2010 886 2029 an-

511 2048 583 2083 gelos
607 2056 661 2074 esse
687 2048 829 2074 credimus.
855 2048 886 2075 Et

512 2099 573 2128 post.
610 2094 748 2129 pattlttlutn
771 2104 777 2121 :
802 2094 884 2126 Quem

512 2149 599 2167 rerum
638 2141 757 2167 ordinent
803 2141 884 2167 totius

1352 1549 1411 1568 rum
1432 1542 1477 1576 qui
1494 1543 1534 1570 vel
1554 1551 1602 1577 pro
1617 1543 1724 1571 defectu

940 1582 1038 1609 mentis
1055 1583 1147 1611 venire
1170 1584 1196 1610 in
1214 1592 1327 1620 corpora
1345 1588 1532 1620 merebantur,
1555 1588 1596 1616 vel
1620 1596 1715 1616 eorum

939 1627 983 1660 qui
1005 1627 1148 1655 visibilium
1167 1630 1313 1664 cupiditate
1333 1632 1519 1666 raptabantur,
1541 1634 1589 1660 sed
1613 1639 1640 1660 et
1664 1634 1724 1661 illo-

940 1680 998 1700 rum
1015 1674 1060 1708 qui
1083 1674 1124 1702 vel
1137 1675 1256 1702 volentes
1273 1675 1328 1712 ('28)
1343 1677 1384 1704 vel
1400 1677 1476 1705 inviti
1495 1683 1622 1712 prtestare
1635 1679 1724 1708 oﬂicia

938 1719 1059 1754 quietiam
1075 1720 1174 1755 bisqui
1197 1721 1225 1747 in
1247 1721 1317 1749 hunc
1340 1727 1439 1750 statum
1461 1724 1629 1758 deciderant,
1645 1732 1720 1752 com«

938 1765 1106 1798 pellebantur
1122 1766 1156 1792 ab
1170 1774 1202 1793 eo
1215 1767 1260 1801 qui
1278 1767 1303 1793 in
1323 1774 1369 1802 spe
1383 1767 1552 1802 subjiciebat,
1568 1777 1620 1797 non
1641 1771 1725 1798 intel-

939 1809 1051 1844 ligentes
1070 1811 1190 1845 quidam,
1208 1819 1257 1839 nec
1281 1813 1453 1841 advertentes
1475 1816 1546 1848 quod
1565 1822 1598 1842 es
1623 1823 1722 1850 praece-

938 1854 1064 1882 dentibus
1079 1855 1156 1883 liberi
1173 1856 1278 1883 arbitrii
1291 1858 1379 1885 causis
1394 1859 1516 1886 instituta
1533 1859 1625 1887 fuisset
1641 1867 1655 1886 a
1670 1860 1723 1887 Deo

938 1901 1123 1935 dispositionis
1136 1903 1185 1929 ista
1203 1903 1329 1936 varietas,
1342 1904 1466 1931 arbitrati
1480 1909 1541 1932 sunt
1551 1905 1592 1932 vel
1605 1905 1723 1933 fortuitis

937 1946 1056 1972 motibus
1071 1947 1112 1973 vel
1127 1946 1202 1974 fatali
1218 1947 1381 1975 necessitate
1395 1949 1436 1983 agi
1451 1950 1540 1976 omnia
1555 1957 1614 1983 qua:
1630 1950 1656 1976 lll
1671 1950 1722 1978 hoc

937 1990 1037 2017 mundo
1058 1990 1138 2023 ﬁunt,
1166 1999 1215 2018 nec
1235 1999 1296 2019 esse
1320 1992 1419 2027 aliquid
1439 1993 1465 2020 in
1485 1998 1576 2021 nostro
1596 1995 1720 2022 arbitrio.

937 2036 1015 2064 Unde
1030 2044 1080 2063 nec
1096 2037 1142 2064 Dei
1163 2037 1361 2072 providentiam
1377 2038 1566 2074 inculpabilem
1582 2040 1723 2075 assignare

936 2085 1096 2116 potuerunt.

970 2139 996 2167 6.
1017 2138 1095 2165 Sicut
1117 2143 1206 2166 autem
1226 2139 1355 2171 diximus,
1378 2139 1440 2174 quia
1461 2139 1621 2174 multis,ch
1640 2141 1720 2168 mini-

511 2187 602 2213 mututi
624 2187 687 2221 regit
703 2186 883 2219 Providentia,
901 2181 923 2208 D
938 2186 1022 2217 stris,
1043 2184 1085 2212 vel
1111 2184 1270 2218 rectoribus,
1293 2185 1335 2212 \‘cl
1353 2185 1561 2213 auxiliatoribus
1584 2192 1720 2221 eguerunt

511 2233 573 2258 dum
589 2232 649 2258 alia:
670 2232 777 2259 virtutes
791 2232 824 2258 de
845 2239 887 2258 su-

512 2277 675 2304 blimioribus
737 2282 884 2309 corruunt,

512 2324 572 2351 alite
602 2323 730 2358 paulatim
762 2323 888 2349 labuntur

511 2369 539 2395 in
559 2374 660 2401 terras;
681 2369 739 2395 ista?
766 2368 887 2395 volunta-

513 2417 559 2443 ria:
600 2414 780 2446 descendunt,
824 2414 885 2440 alia:

511 2460 710 2495 prwcipitantut'
726 2459 830 2492 invitte;
844 2459 886 2485 Ita:

512 2512 603 2542 sponte
634 2506 780 2541 suscipiunt
808 2505 887 2531 mini-

137 2631 190 2669 (35)
203 2633 251 2660 Sic
267 2641 331 2662 mss.
347 2634 374 2662 lu
388 2634 466 2661 editis
482 2634 617 2669 omittitur
634 2640 643 2658 ‹
659 2631 757 2663 solum,
770 2639 779 2669 ρ
792 2633 819 2656 et
835 2636 884 2669 pro

108 2676 118 2694 t
129 2666 268 2705 anititabus
282 2679 290 2694 ι
310 2670 408 2705 legitur
423 2678 433 2694 ‹
448 2668 627 2705 animalibus;
647 2675 655 2692 t
672 2670 698 2693 et
713 2666 795 2699 paulo
810 2668 883 2698 post,

108 2711 117 2728 ι
129 2703 238 2730 deducta
255 2708 329 2736 sunt,
339 2703 409 2731 licet
423 2711 475 2731 non
491 2703 618 2730 volentia.
635 2711 643 2727 I

212 2738 279 2766 Vide
292 2739 342 2766 Lit
357 2739 522 2774 Qrigenian.,
536 2746 562 2772 q.
575 2737 604 2769 5,
615 2744 644 2764 n.
661 2736 705 2764 Η.

139 2768 192 2807 (27')
213 2773 251 2811 Ita
270 2781 336 2801 mss.
352 2768 568 2811 Edit'iautemﬁ
583 2768 687 2811 eorum.
700 2780 708 2796 ι
723 2768 806 2811 Paulo
822 2772 883 2811 post

109 2804 189 2841 mss.,
208 2817 217 2834 ‹
232 2809 303 2836 hanc
327 2816 392 2842 ergo
419 2808 622 2843 dispositionem
643 2806 721 2833 Dei.»
749 2804 777 2831 ln
803 2804 883 2831 editis

282 2856 419 2887 Purser.
440 2856 498 2889 Gn.
523 2856 577 2888 XI.

936 2230 1032 2257 animae
1045 2237 1138 2257 omnes
1154 2237 1214 2264 qua:
1229 2230 1255 2257 in
1271 2230 1322 2257 hoc
1337 2231 1437 2257 mundo
1457 2235 1570 2258 versatae
1586 2235 1649 2258 sunt
1663 2241 1670 2258 ι
1684 2231 1723 2258 ita

937 2277 963 2303 in
994 2276 1150 2303 novissimis
1176 2275 1342 2310 temporibus
1366 2283 1426 2303 cum
1444 2275 1500 2310 jam
1528 2276 1592 2303 linis
1622 2277 1723 2303 mundo

936 2321 1078 2356 pro‘ximus
1101 2320 1273 2353 immineret,
1295 2324 1322 2347 et
1345 2320 1371 2347 in
1394 2320 1516 2347 ultimam
1542 2319 1724 2355 perditionem

937 2374 1017 2393 omne
1031 2367 1178 2393 humanum
1193 2369 1316 2399 vergeret
1332 2372 1428 2399 genus,
1450 2365 1595 2392 inﬁrmatis
1609 2372 1662 2392 non
1684 2372 1724 2392 so-

939 2412 1053 2439 lumbis
1074 2411 1119 2445 qui
1136 2411 1308 2446 regebantur,
1332 2418 1426 2438 verum
1449 2411 1531 2438 etiam
1552 2410 1605 2438 illis
1625 2410 1724 2444 quibus

941 2457 1051 2492 regendi
1075 2456 1164 2483 fuerat
1185 2455 1341 2483 sollicitudo
1362 2456 1518 2488 commissa,
1534 2463 1585 2482 non
1602 2454 1658 2489 jam
1676 2455 1722 2482 tali

940 2503 1050 2535 auxilio,
1063 2509 1111 2529 nec
1124 2501 1258 2528 similibus
1273 2499 1329 2527 suis
1344 2500 1458 2535 indiguit
1469 2499 1665 2532 defensoribus,
1677 2500 1723 2527 sed

937 2629 1011 2657 deest
1026 2638 1035 2654 ι
1051 2636 1126 2663 ergo.
1142 2638 1151 2655 ι

972 2663 1027 2699 (28)
1042 2662 1095 2699 rSic’
1106 2671 1169 2691 is.
1183 2663 1252 2690 Editi
1269 2670 1345 2699 vero,
1361 2671 1370 2688 ι
1386 2662 1534 2699 uigentem
1553 2662 1629 2699 infra
1643 2670 1721 2697 mss.,

939 2708 948 2725 ι
964 2697 1023 2739 quae
1041 2698 1067 2725 iu
1086 2699 1137 2725 hoc
1157 2699 1256 2739 tu'rmdo
1283 2697 1361 2739 fiunt.
1377 2707 1386 2723 t
1411 2697 1502 2738 Editi,
1515 2706 1524 2722 t
1539 2698 1650 2739 qurerin
1670 2699 1721 2739 hpc

937 2732 1037 2761 mundo
1055 2738 1129 2761 sunt,
1143 2742 1152 2759 )
1175 2732 1258 2759 Paulo
1277 2737 1337 2766 post
1357 2739 1436 2763 mss.,
1455 2741 1464 2757 ‹
1481 2732 1551 2759 sicut
1568 2738 1659 2761 autem
1680 2734 1720 2760 di-

937 2768 1034 2797 ximus.
1047 2778 1056 2794 t
1076 2768 1159 2802 Editi,
1177 2776 1186 2793 ι
1202 2768 1270 2795 sicut
1287 2771 1377 2795 autem
1393 2767 1556 2795 audivimus.
1571 2776 1579 2793 I

1506 2847 1542 2877 11
