  <div class='ocr_page' id='page_1' title='image "/cluster/home/n/w/nwhite01/storage/ocr_20150623/11/njp.32101077772414/183.png"; bbox 0 0 1860 3073; ppageno 0'>
   <div class='ocr_carea' id='block_1_1' title="bbox 160 87 924 119">
    <p class='ocr_par' dir='ltr' id='par_1_1' title="bbox 160 87 924 116">
     <span class='ocr_line' id='line_1_1' title="bbox 160 87 924 116; baseline 0.001 -1"><span class='ocrx_word' id='word_1_1' title='bbox 160 89 208 115; x_wconf 73' lang='grc'><strong>531</strong></span> <span class='ocrx_word' id='word_1_2' title='bbox 730 99 734 103; x_wconf 93' lang='grc'>·</span> <span class='ocrx_word' id='word_1_3' title='bbox 771 87 924 116; x_wconf 80' lang='lat' dir='ltr'><strong>ORIGENIS</strong></span> 
     </span>
    </p>
   </div>
   <div class='ocr_carea' id='block_1_2' title="bbox 1011 87 1790 119">
    <p class='ocr_par' dir='ltr' id='par_1_2' title="bbox 1011 89 1790 119">
     <span class='ocr_line' id='line_1_2' title="bbox 1011 89 1790 119; baseline 0.003 -2"><span class='ocrx_word' id='word_1_4' title='bbox 1011 89 1029 116; x_wconf 83' lang='lat' dir='ltr'><strong>&#39;I</strong></span> <span class='ocrx_word' id='word_1_5' title='bbox 1047 89 1163 117; x_wconf 80' lang='grc' dir='ltr'><strong>ΑΡΧΩΝ</strong></span> <span class='ocrx_word' id='word_1_6' title='bbox 1736 92 1790 119; x_wconf 73' lang='lat'><strong>332</strong></span> 
     </span>
    </p>
   </div>
   <div class='ocr_carea' id='block_1_3' title="bbox 161 141 1791 178">
    <p class='ocr_par' dir='ltr' id='par_1_3' title="bbox 161 141 1791 178">
     <span class='ocr_line' id='line_1_3' title="bbox 161 141 1791 178; baseline 0.002 -6"><span class='ocrx_word' id='word_1_7' title='bbox 161 144 283 173; x_wconf 84' lang='lat' dir='ltr'><strong>auctoris</strong></span> <span class='ocrx_word' id='word_1_8' title='bbox 300 143 383 178; x_wconf 81' lang='lat' dir='ltr'><strong>ipsius</strong></span> <span class='ocrx_word' id='word_1_9' title='bbox 405 146 431 169; x_wconf 84' lang='lat' dir='ltr'><strong>et</strong></span> <span class='ocrx_word' id='word_1_10' title='bbox 447 141 578 168; x_wconf 72' lang='lat' dir='ltr'><strong>creatoris</strong></span> <span class='ocrx_word' id='word_1_11' title='bbox 602 142 642 168; x_wconf 87' lang='lat' dir='ltr'><strong>sui</strong></span> <span class='ocrx_word' id='word_1_12' title='bbox 669 149 746 176; x_wconf 91' lang='lat' dir='ltr'><strong>opem</strong></span> <span class='ocrx_word' id='word_1_13' title='bbox 769 142 942 177; x_wconf 87' lang='lat' dir='ltr'><strong>depoposcit,</strong></span> <span class='ocrx_word' id='word_1_14' title='bbox 960 146 981 173; x_wconf 72' lang='grc' dir='ltr'>Α</span> <span class='ocrx_word' id='word_1_15' title='bbox 996 142 1116 177; x_wconf 88' lang='lat' dir='ltr'><strong>subjecta</strong></span> <span class='ocrx_word' id='word_1_16' title='bbox 1130 144 1231 171; x_wconf 78' lang='lat' dir='ltr'><strong>fuerim</strong></span> <span class='ocrx_word' id='word_1_17' title='bbox 1242 145 1293 172; x_wconf 83' lang='lat' dir='ltr'><strong>sibi</strong></span> <span class='ocrx_word' id='word_1_18' title='bbox 1306 145 1407 178; x_wconf 87' lang='lat' dir='ltr'><strong>omnia,</strong></span> <span class='ocrx_word' id='word_1_19' title='bbox 1421 153 1483 173; x_wconf 91' lang='lat' dir='ltr'><strong>cum</strong></span> <span class='ocrx_word' id='word_1_20' title='bbox 1498 153 1544 173; x_wconf 80' lang='lat' dir='ltr'><strong>rex</strong></span> <span class='ocrx_word' id='word_1_21' title='bbox 1556 147 1678 174; x_wconf 91' lang='lat' dir='ltr'><strong>omnium</strong></span> <span class='ocrx_word' id='word_1_22' title='bbox 1693 147 1791 177; x_wconf 79' lang='lat' dir='ltr'><strong>fuerit.</strong></span> 
     </span>
    </p>
   </div>
   <div class='ocr_carea' id='block_1_4' title="bbox 159 186 1789 227">
    <p class='ocr_par' dir='ltr' id='par_1_4' title="bbox 159 186 1789 227">
     <span class='ocr_line' id='line_1_4' title="bbox 159 186 1789 227; baseline 0.002 -9"><span class='ocrx_word' id='word_1_23' title='bbox 159 191 205 227; x_wconf 89' lang='lat' dir='ltr'><strong>qui</strong></span> <span class='ocrx_word' id='word_1_24' title='bbox 226 195 254 217; x_wconf 91' lang='lat' dir='ltr'><strong>et</strong></span> <span class='ocrx_word' id='word_1_25' title='bbox 276 190 319 217; x_wconf 87' lang='lat' dir='ltr'><strong>his</strong></span> <span class='ocrx_word' id='word_1_26' title='bbox 340 187 499 219; x_wconf 84' lang='lat' dir='ltr'><strong>obediendi,</strong></span> <span class='ocrx_word' id='word_1_27' title='bbox 522 191 550 213; x_wconf 92' lang='lat' dir='ltr'><strong>et</strong></span> <span class='ocrx_word' id='word_1_28' title='bbox 575 186 629 214; x_wconf 86' lang='lat' dir='ltr'><strong>illis</strong></span> <span class='ocrx_word' id='word_1_29' title='bbox 650 187 759 222; x_wconf 83' lang='lat' dir='ltr'><strong>regendi</strong></span> <span class='ocrx_word' id='word_1_30' title='bbox 788 192 945 221; x_wconf 81' lang='lat' dir='ltr'><strong>corruptam</strong></span> <span class='ocrx_word' id='word_1_31' title='bbox 998 193 1025 216; x_wconf 90' lang='lat' dir='ltr'><strong>et</strong></span> <span class='ocrx_word' id='word_1_32' title='bbox 1040 193 1200 223; x_wconf 87' lang='lat' dir='ltr'><strong>potestatem</strong></span> <span class='ocrx_word' id='word_1_33' title='bbox 1219 191 1338 218; x_wconf 90' lang='lat' dir='ltr'><strong>tenuerit</strong></span> <span class='ocrx_word' id='word_1_34' title='bbox 1355 191 1554 225; x_wconf 90' lang='lat' dir='ltr'><strong>universorum,</strong></span> <span class='ocrx_word' id='word_1_35' title='bbox 1570 197 1634 220; x_wconf 86' lang='lat' dir='ltr'><strong>tunc</strong></span> <span class='ocrx_word' id='word_1_36' title='bbox 1647 201 1710 221; x_wconf 85' lang='lat' dir='ltr'><strong>eum</strong></span> <span class='ocrx_word' id='word_1_37' title='bbox 1724 195 1789 222; x_wconf 89' lang='lat' dir='ltr'><strong>sub-</strong></span> 
     </span>
    </p>
   </div>
   <div class='ocr_carea' id='block_1_5' title="bbox 159 231 1786 272">
    <p class='ocr_par' dir='ltr' id='par_1_5' title="bbox 159 231 1786 272">
     <span class='ocr_line' id='line_1_5' title="bbox 159 231 1786 272; baseline 0.002 -9"><span class='ocrx_word' id='word_1_38' title='bbox 159 235 354 270; x_wconf 81' lang='lat' dir='ltr'><strong>prol&#39;anamquc</strong></span> <span class='ocrx_word' id='word_1_39' title='bbox 375 231 531 258; x_wconf 83' lang='lat' dir='ltr'><strong>restitueret</strong></span> <span class='ocrx_word' id='word_1_40' title='bbox 553 231 734 266; x_wconf 88' lang='lat' dir='ltr'><strong>disciplinam.</strong></span> <span class='ocrx_word' id='word_1_41' title='bbox 760 232 835 259; x_wconf 89' lang='lat' dir='ltr'><strong>Unde</strong></span> <span class='ocrx_word' id='word_1_42' title='bbox 853 232 946 266; x_wconf 79' lang='lat' dir='ltr'><strong>unige-</strong></span> <span class='ocrx_word' id='word_1_43' title='bbox 993 233 1140 268; x_wconf 89' lang='lat' dir='ltr'><strong>jiciendum</strong></span> <span class='ocrx_word' id='word_1_44' title='bbox 1150 240 1254 269; x_wconf 87' lang='lat' dir='ltr'><strong>putent,</strong></span> <span class='ocrx_word' id='word_1_45' title='bbox 1264 236 1470 269; x_wconf 88' lang='lat' dir='ltr'><strong>cumsubjectus</strong></span> <span class='ocrx_word' id='word_1_46' title='bbox 1479 241 1541 264; x_wconf 92' lang='lat' dir='ltr'><strong>ante</strong></span> <span class='ocrx_word' id='word_1_47' title='bbox 1553 246 1606 265; x_wconf 90' lang='lat' dir='ltr'><strong>non</strong></span> <span class='ocrx_word' id='word_1_48' title='bbox 1621 238 1786 272; x_wconf 82' lang='lat' dir='ltr'><strong>fuerit;non</strong></span> 
     </span>
    </p>
   </div>
   <div class='ocr_carea' id='block_1_6' title="bbox 160 275 945 311">
    <p class='ocr_par' dir='ltr' id='par_1_6' title="bbox 160 275 945 311">
     <span class='ocr_line' id='line_1_6' title="bbox 160 275 945 311; baseline -0.005 -4"><span class='ocrx_word' id='word_1_49' title='bbox 160 281 233 308; x_wconf 91' lang='lat' dir='ltr'><strong>nitus</strong></span> <span class='ocrx_word' id='word_1_50' title='bbox 248 278 334 306; x_wconf 79' lang='lat' dir='ltr'><strong>Filius</strong></span> <span class='ocrx_word' id='word_1_51' title='bbox 348 277 395 304; x_wconf 85' lang='lat' dir='ltr'><strong>Dei</strong></span> <span class='ocrx_word' id='word_1_52' title='bbox 413 277 459 310; x_wconf 89' lang='lat' dir='ltr'><strong>qui</strong></span> <span class='ocrx_word' id='word_1_53' title='bbox 477 280 536 303; x_wconf 89' lang='lat' dir='ltr'><strong>erat</strong></span> <span class='ocrx_word' id='word_1_54' title='bbox 558 275 674 303; x_wconf 87' lang='lat' dir='ltr'><strong>Verbqu</strong></span> <span class='ocrx_word' id='word_1_55' title='bbox 691 280 718 303; x_wconf 90' lang='lat' dir='ltr'><strong>et</strong></span> <span class='ocrx_word' id='word_1_56' title='bbox 743 277 874 311; x_wconf 83' lang='lat' dir='ltr'><strong>sapientia</strong></span> <span class='ocrx_word' id='word_1_57' title='bbox 894 277 945 303; x_wconf 86' lang='lat' dir='ltr'><strong>Pa-</strong></span> 
     </span>
    </p>
   </div>
   <div class='ocr_carea' id='block_1_7' title="bbox 159 322 943 358">
    <p class='ocr_par' dir='ltr' id='par_1_7' title="bbox 159 322 943 358">
     <span class='ocr_line' id='line_1_7' title="bbox 159 322 943 358; baseline -0.005 -5"><span class='ocrx_word' id='word_1_58' title='bbox 159 326 217 358; x_wconf 91' lang='lat' dir='ltr'><strong>tris,</strong></span> <span class='ocrx_word' id='word_1_59' title='bbox 230 332 290 352; x_wconf 91' lang='lat' dir='ltr'><strong>cum</strong></span> <span class='ocrx_word' id='word_1_60' title='bbox 307 328 379 351; x_wconf 88' lang='lat' dir='ltr'><strong>esset</strong></span> <span class='ocrx_word' id='word_1_61' title='bbox 397 323 422 349; x_wconf 90' lang='lat' dir='ltr'><strong>in</strong></span> <span class='ocrx_word' id='word_1_62' title='bbox 439 330 470 349; x_wconf 80' lang='lat' dir='ltr'><strong>ea</strong></span> <span class='ocrx_word' id='word_1_63' title='bbox 487 322 571 357; x_wconf 81' lang='lat' dir='ltr'><strong>gloria</strong></span> <span class='ocrx_word' id='word_1_64' title='bbox 587 323 656 356; x_wconf 89' lang='lat' dir='ltr'><strong>apud</strong></span> <span class='ocrx_word' id='word_1_65' title='bbox 674 322 782 349; x_wconf 81' lang='lat' dir='ltr'><strong>Patrem</strong></span> <span class='ocrx_word' id='word_1_66' title='bbox 797 331 877 357; x_wconf 83' lang='lat' dir='ltr'><strong>quant</strong></span> <span class='ocrx_word' id='word_1_67' title='bbox 898 323 943 349; x_wconf 86' lang='lat' dir='ltr'><strong>ha-</strong></span> 
     </span>
    </p>
   </div>
   <div class='ocr_carea' id='block_1_8' title="bbox 156 367 938 403">
    <p class='ocr_par' dir='ltr' id='par_1_8' title="bbox 156 367 938 403">
     <span class='ocr_line' id='line_1_8' title="bbox 156 367 938 403; baseline -0.003 -7"><span class='ocrx_word' id='word_1_68' title='bbox 156 370 214 396; x_wconf 84' lang='lat' dir='ltr'><strong>buit</strong></span> <span class='ocrx_word' id='word_1_69' title='bbox 227 373 370 403; x_wconf 81' lang='lat' dir='ltr'><strong>antequam</strong></span> <span class='ocrx_word' id='word_1_70' title='bbox 395 368 510 394; x_wconf 79' lang='lat' dir='ltr'><strong>mundus</strong></span> <span class='ocrx_word' id='word_1_71' title='bbox 528 371 609 399; x_wconf 76' lang='lat' dir='ltr'><strong>esset,</strong></span> <span class='ocrx_word' id='word_1_72' title='bbox 627 367 776 394; x_wconf 79' lang='lat' dir='ltr'><strong>exinanivit</strong></span> <span class='ocrx_word' id='word_1_73' title='bbox 796 367 871 402; x_wconf 78' lang='lat'><strong>151</strong></span> <span class='ocrx_word' id='word_1_74' title='bbox 900 374 938 394; x_wconf 87' lang='lat' dir='ltr'><strong>se-</strong></span> 
     </span>
    </p>
   </div>
   <div class='ocr_carea' id='block_1_9' title="bbox 155 413 942 448">
    <p class='ocr_par' dir='ltr' id='par_1_9' title="bbox 155 413 942 448">
     <span class='ocr_line' id='line_1_9' title="bbox 155 413 942 448; baseline -0.001 -7"><span class='ocrx_word' id='word_1_75' title='bbox 155 415 315 448; x_wconf 83' lang='lat' dir='ltr'><strong>metipsum,</strong></span> <span class='ocrx_word' id='word_1_76' title='bbox 330 419 357 441; x_wconf 91' lang='lat' dir='ltr'><strong>ct</strong></span> <span class='ocrx_word' id='word_1_77' title='bbox 373 415 489 441; x_wconf 78' lang='lat' dir='ltr'><strong>formam</strong></span> <span class='ocrx_word' id='word_1_78' title='bbox 506 414 576 440; x_wconf 82' lang='lat' dir='ltr'><strong>servi</strong></span> <span class='ocrx_word' id='word_1_79' title='bbox 593 414 730 448; x_wconf 83' lang='lat' dir='ltr'><strong>accipiens</strong></span> <span class='ocrx_word' id='word_1_80' title='bbox 747 413 863 440; x_wconf 85' lang='lat' dir='ltr'><strong>eliicitur</strong></span> <span class='ocrx_word' id='word_1_81' title='bbox 878 414 942 440; x_wconf 85' lang='lat' dir='ltr'><strong>obe-</strong></span> 
     </span>
    </p>
   </div>
   <div class='ocr_carea' id='block_1_10' title="bbox 156 460 942 495">
    <p class='ocr_par' dir='ltr' id='par_1_10' title="bbox 156 460 942 495">
     <span class='ocr_line' id='line_1_10' title="bbox 156 460 942 495; baseline -0.001 -7"><span class='ocrx_word' id='word_1_82' title='bbox 156 461 232 488; x_wconf 88' lang='lat' dir='ltr'><strong>diens</strong></span> <span class='ocrx_word' id='word_1_83' title='bbox 249 467 334 495; x_wconf 89' lang='lat' dir='ltr'><strong>usque</strong></span> <span class='ocrx_word' id='word_1_84' title='bbox 360 461 393 488; x_wconf 89' lang='lat' dir='ltr'><strong>ad</strong></span> <span class='ocrx_word' id='word_1_85' title='bbox 420 465 549 494; x_wconf 90' lang='lat' dir='ltr'><strong>mortem,</strong></span> <span class='ocrx_word' id='word_1_86' title='bbox 576 465 604 487; x_wconf 94' lang='lat' dir='ltr'><strong>ut</strong></span> <span class='ocrx_word' id='word_1_87' title='bbox 623 460 806 488; x_wconf 89' lang='lat' dir='ltr'><strong>obedientiam</strong></span> <span class='ocrx_word' id='word_1_88' title='bbox 833 461 942 488; x_wconf 80' lang='lat' dir='ltr'><strong>doceret</strong></span> 
     </span>
    </p>
   </div>
   <div class='ocr_carea' id='block_1_11' title="bbox 155 507 940 542">
    <p class='ocr_par' dir='ltr' id='par_1_11' title="bbox 155 507 940 542">
     <span class='ocr_line' id='line_1_11' title="bbox 155 507 940 542; baseline -0.003 -6"><span class='ocrx_word' id='word_1_89' title='bbox 155 515 201 536; x_wconf 85' lang='lat' dir='ltr'><strong>eos</strong></span> <span class='ocrx_word' id='word_1_90' title='bbox 218 508 261 542; x_wconf 91' lang='lat' dir='ltr'><strong>qui</strong></span> <span class='ocrx_word' id='word_1_91' title='bbox 291 515 342 534; x_wconf 88' lang='lat' dir='ltr'><strong>non</strong></span> <span class='ocrx_word' id='word_1_92' title='bbox 368 507 446 534; x_wconf 90' lang='lat' dir='ltr'><strong>aliter</strong></span> <span class='ocrx_word' id='word_1_93' title='bbox 473 507 523 534; x_wconf 89' lang='lat' dir='ltr'><strong>nisi</strong></span> <span class='ocrx_word' id='word_1_94' title='bbox 553 515 600 542; x_wconf 88' lang='lat' dir='ltr'><strong>per</strong></span> <span class='ocrx_word' id='word_1_95' title='bbox 622 507 805 534; x_wconf 82' lang='lat' dir='ltr'><strong>obedientiam</strong></span> <span class='ocrx_word' id='word_1_96' title='bbox 825 507 940 535; x_wconf 83' lang='lat' dir='ltr'><strong>salutem</strong></span> 
     </span>
    </p>
   </div>
   <div class='ocr_carea' id='block_1_12' title="bbox 153 554 940 588">
    <p class='ocr_par' dir='ltr' id='par_1_12' title="bbox 153 554 940 588">
     <span class='ocr_line' id='line_1_12' title="bbox 153 554 940 588; baseline -0.001 -7"><span class='ocrx_word' id='word_1_97' title='bbox 153 554 284 588; x_wconf 73' lang='lat' dir='ltr'><strong>consuqui</strong></span> <span class='ocrx_word' id='word_1_98' title='bbox 309 558 453 588; x_wconf 83' lang='lat' dir='ltr'><strong>poterant;</strong></span> <span class='ocrx_word' id='word_1_99' title='bbox 481 554 591 587; x_wconf 82' lang='lat' dir='ltr'><strong>regendi</strong></span> <span class='ocrx_word' id='word_1_100' title='bbox 619 560 727 588; x_wconf 89' lang='lat' dir='ltr'><strong>quoque</strong></span> <span class='ocrx_word' id='word_1_101' title='bbox 756 554 940 588; x_wconf 81' lang='lat' dir='ltr'><strong>regnandique</strong></span> 
     </span>
    </p>
   </div>
   <div class='ocr_carea' id='block_1_13' title="bbox 148 599 940 634">
    <p class='ocr_par' dir='ltr' id='par_1_13' title="bbox 148 599 940 634">
     <span class='ocr_line' id='line_1_13' title="bbox 148 599 940 634; baseline 0 -7"><span class='ocrx_word' id='word_1_102' title='bbox 148 604 295 634; x_wconf 77' lang='lat' dir='ltr'><strong>corruptas</strong></span> <span class='ocrx_word' id='word_1_103' title='bbox 310 600 428 626; x_wconf 91' lang='lat' dir='ltr'><strong>restituit</strong></span> <span class='ocrx_word' id='word_1_104' title='bbox 445 600 527 634; x_wconf 82' lang='lat' dir='ltr'><strong>leges,</strong></span> <span class='ocrx_word' id='word_1_105' title='bbox 543 599 607 626; x_wconf 90' lang='lat' dir='ltr'><strong>dum</strong></span> <span class='ocrx_word' id='word_1_106' title='bbox 623 607 717 626; x_wconf 89' lang='lat' dir='ltr'><strong>omnes</strong></span> <span class='ocrx_word' id='word_1_107' title='bbox 734 599 858 626; x_wconf 88' lang='lat' dir='ltr'><strong>inimicos</strong></span> <span class='ocrx_word' id='word_1_108' title='bbox 876 600 940 627; x_wconf 90' lang='lat' dir='ltr'><strong>sub-</strong></span> 
     </span>
    </p>
   </div>
   <div class='ocr_carea' id='block_1_14' title="bbox 150 645 938 680">
    <p class='ocr_par' dir='ltr' id='par_1_14' title="bbox 150 645 938 680">
     <span class='ocr_line' id='line_1_14' title="bbox 150 645 938 680; baseline -0.001 -8"><span class='ocrx_word' id='word_1_109' title='bbox 150 645 214 680; x_wconf 88' lang='lat' dir='ltr'><strong>jecit</strong></span> <span class='ocrx_word' id='word_1_110' title='bbox 234 645 347 680; x_wconf 86' lang='lat' dir='ltr'><strong>pedibus</strong></span> <span class='ocrx_word' id='word_1_111' title='bbox 361 645 426 677; x_wconf 84' lang='lat' dir='ltr'><strong>suis,</strong></span> <span class='ocrx_word' id='word_1_112' title='bbox 440 649 468 671; x_wconf 95' lang='lat' dir='ltr'><strong>ut</strong></span> <span class='ocrx_word' id='word_1_113' title='bbox 483 652 531 678; x_wconf 84' lang='lat' dir='ltr'><strong>per</strong></span> <span class='ocrx_word' id='word_1_114' title='bbox 545 645 597 672; x_wconf 77' lang='lat' dir='ltr'><strong>hoc</strong></span> <span class='ocrx_word' id='word_1_115' title='bbox 613 645 684 678; x_wconf 90' lang='lat' dir='ltr'><strong>quod</strong></span> <span class='ocrx_word' id='word_1_116' title='bbox 698 651 810 671; x_wconf 86' lang='lat' dir='ltr'><strong>necesse</strong></span> <span class='ocrx_word' id='word_1_117' title='bbox 825 649 865 671; x_wconf 88' lang='lat' dir='ltr'><strong>est</strong></span> <span class='ocrx_word' id='word_1_118' title='bbox 877 652 938 671; x_wconf 86' lang='lat' dir='ltr'><strong>eum</strong></span> 
     </span>
    </p>
   </div>
   <div class='ocr_carea' id='block_1_15' title="bbox 153 689 938 725">
    <p class='ocr_par' dir='ltr' id='par_1_15' title="bbox 153 689 938 725">
     <span class='ocr_line' id='line_1_15' title="bbox 153 689 938 725; baseline 0.001 -8"><span class='ocrx_word' id='word_1_119' title='bbox 153 698 269 725; x_wconf 70' lang='lat' dir='ltr'><strong>regnare</strong></span> <span class='ocrx_word' id='word_1_120' title='bbox 284 690 370 717; x_wconf 88' lang='lat' dir='ltr'><strong>donec</strong></span> <span class='ocrx_word' id='word_1_121' title='bbox 391 694 472 724; x_wconf 85' lang='lat' dir='ltr'><strong>ponat</strong></span> <span class='ocrx_word' id='word_1_122' title='bbox 489 690 613 716; x_wconf 79' lang='lat' dir='ltr'><strong>inimicos</strong></span> <span class='ocrx_word' id='word_1_123' title='bbox 627 697 691 716; x_wconf 89' lang='lat' dir='ltr'><strong>suos</strong></span> <span class='ocrx_word' id='word_1_124' title='bbox 712 689 762 716; x_wconf 87' lang='lat' dir='ltr'><strong>sub</strong></span> <span class='ocrx_word' id='word_1_125' title='bbox 781 690 894 722; x_wconf 83' lang='lat' dir='ltr'><strong>pedibus</strong></span> <span class='ocrx_word' id='word_1_126' title='bbox 912 694 938 718; x_wconf 83' lang='lat' dir='ltr'><strong>et</strong></span> 
     </span>
    </p>
   </div>
   <div class='ocr_carea' id='block_1_16' title="bbox 153 735 937 767">
    <p class='ocr_par' dir='ltr' id='par_1_16' title="bbox 153 735 937 767">
     <span class='ocr_line' id='line_1_16' title="bbox 153 735 937 767; baseline 0.003 -6"><span class='ocrx_word' id='word_1_127' title='bbox 153 735 331 762; x_wconf 82' lang='lat' dir='ltr'><strong>novissimum</strong></span> <span class='ocrx_word' id='word_1_128' title='bbox 351 735 488 762; x_wconf 88' lang='lat' dir='ltr'><strong>iuimicunt</strong></span> <span class='ocrx_word' id='word_1_129' title='bbox 519 735 641 761; x_wconf 82' lang='lat' dir='ltr'><strong>destruat</strong></span> <span class='ocrx_word' id='word_1_130' title='bbox 666 740 796 767; x_wconf 89' lang='lat' dir='ltr'><strong>mortem,</strong></span> <span class='ocrx_word' id='word_1_131' title='bbox 818 739 937 763; x_wconf 80' lang='lat' dir='ltr'><strong>rectores</strong></span> 
     </span>
    </p>
   </div>
   <div class='ocr_carea' id='block_1_17' title="bbox 152 780 934 816">
    <p class='ocr_par' dir='ltr' id='par_1_17' title="bbox 152 780 934 816">
     <span class='ocr_line' id='line_1_17' title="bbox 152 780 934 816; baseline 0 -8"><span class='ocrx_word' id='word_1_132' title='bbox 152 781 226 815; x_wconf 86' lang='lat' dir='ltr'><strong>ipsos</strong></span> <span class='ocrx_word' id='word_1_133' title='bbox 247 780 356 815; x_wconf 79' lang='lat' dir='ltr'><strong>regendi</strong></span> <span class='ocrx_word' id='word_1_134' title='bbox 374 781 469 808; x_wconf 86' lang='lat' dir='ltr'><strong>doceat</strong></span> <span class='ocrx_word' id='word_1_135' title='bbox 490 781 685 807; x_wconf 79' lang='lat' dir='ltr'><strong>moderamina.</strong></span> <span class='ocrx_word' id='word_1_136' title='bbox 703 780 771 813; x_wconf 86' lang='lat' dir='ltr'><strong>Quia</strong></span> <span class='ocrx_word' id='word_1_137' title='bbox 796 788 860 816; x_wconf 80' lang='lat' dir='ltr'><strong>ergo</strong></span> <span class='ocrx_word' id='word_1_138' title='bbox 882 789 934 808; x_wconf 89' lang='lat' dir='ltr'><strong>tton</strong></span> 
     </span>
    </p>
   </div>
   <div class='ocr_carea' id='block_1_18' title="bbox 151 825 935 861">
    <p class='ocr_par' dir='ltr' id='par_1_18' title="bbox 151 825 935 861">
     <span class='ocr_line' id='line_1_18' title="bbox 151 825 935 861; baseline -0.001 -7"><span class='ocrx_word' id='word_1_139' title='bbox 151 827 239 855; x_wconf 87' lang='lat' dir='ltr'><strong>solum</strong></span> <span class='ocrx_word' id='word_1_140' title='bbox 265 826 392 861; x_wconf 76' lang='lat' dir='ltr'><strong>regendi,</strong></span> <span class='ocrx_word' id='word_1_141' title='bbox 421 827 460 854; x_wconf 87' lang='lat' dir='ltr'><strong>vel</strong></span> <span class='ocrx_word' id='word_1_142' title='bbox 488 825 617 861; x_wconf 77' lang='lat' dir='ltr'><strong>regnandi</strong></span> <span class='ocrx_word' id='word_1_143' title='bbox 645 825 717 861; x_wconf 69' lang='lat'><strong>(29),</strong></span> <span class='ocrx_word' id='word_1_144' title='bbox 745 833 837 853; x_wconf 86' lang='lat' dir='ltr'><strong>verum</strong></span> <span class='ocrx_word' id='word_1_145' title='bbox 854 827 935 854; x_wconf 85' lang='lat' dir='ltr'><strong>etiam</strong></span> 
     </span>
    </p>
   </div>
   <div class='ocr_carea' id='block_1_19' title="bbox 151 872 936 907">
    <p class='ocr_par' dir='ltr' id='par_1_19' title="bbox 151 872 936 907">
     <span class='ocr_line' id='line_1_19' title="bbox 151 872 936 907; baseline 0 -8"><span class='ocrx_word' id='word_1_146' title='bbox 151 872 306 904; x_wconf 88' lang='lat' dir='ltr'><strong>obediendi,</strong></span> <span class='ocrx_word' id='word_1_147' title='bbox 328 877 357 898; x_wconf 93' lang='lat' dir='ltr'><strong>ut</strong></span> <span class='ocrx_word' id='word_1_148' title='bbox 374 872 510 904; x_wconf 75' lang='lat' dir='ltr'><strong>diximus,</strong></span> <span class='ocrx_word' id='word_1_149' title='bbox 535 878 648 898; x_wconf 86' lang='lat' dir='ltr'><strong>venerat</strong></span> <span class='ocrx_word' id='word_1_150' title='bbox 675 879 802 906; x_wconf 82' lang='lat' dir='ltr'><strong>reparare</strong></span> <span class='ocrx_word' id='word_1_151' title='bbox 818 872 936 907; x_wconf 90' lang='lat' dir='ltr'><strong>discipli-</strong></span> 
     </span>
    </p>
   </div>
   <div class='ocr_carea' id='block_1_20' title="bbox 150 917 935 952">
    <p class='ocr_par' dir='ltr' id='par_1_20' title="bbox 150 917 935 952">
     <span class='ocr_line' id='line_1_20' title="bbox 150 917 935 952; baseline -0.001 -6"><span class='ocrx_word' id='word_1_152' title='bbox 150 927 228 951; x_wconf 87' lang='lat' dir='ltr'><strong>nam,</strong></span> <span class='ocrx_word' id='word_1_153' title='bbox 253 918 279 945; x_wconf 93' lang='lat' dir='ltr'><strong>in</strong></span> <span class='ocrx_word' id='word_1_154' title='bbox 306 919 450 952; x_wconf 87' lang='lat' dir='ltr'><strong>semetipso</strong></span> <span class='ocrx_word' id='word_1_155' title='bbox 471 918 546 951; x_wconf 91' lang='lat' dir='ltr'><strong>prius</strong></span> <span class='ocrx_word' id='word_1_156' title='bbox 570 917 709 951; x_wconf 89' lang='lat' dir='ltr'><strong>complens</strong></span> <span class='ocrx_word' id='word_1_157' title='bbox 727 919 798 952; x_wconf 90' lang='lat' dir='ltr'><strong>quod</strong></span> <span class='ocrx_word' id='word_1_158' title='bbox 819 919 854 946; x_wconf 88' lang='lat' dir='ltr'><strong>ab</strong></span> <span class='ocrx_word' id='word_1_159' title='bbox 874 919 935 946; x_wconf 88' lang='lat' dir='ltr'><strong>aliis</strong></span> 
     </span>
    </p>
   </div>
   <div class='ocr_carea' id='block_1_21' title="bbox 150 963 934 997">
    <p class='ocr_par' dir='ltr' id='par_1_21' title="bbox 150 963 934 997">
     <span class='ocr_line' id='line_1_21' title="bbox 150 963 934 997; baseline 0 -6"><span class='ocrx_word' id='word_1_160' title='bbox 150 964 258 991; x_wconf 83' lang='lat' dir='ltr'><strong>volebat</strong></span> <span class='ocrx_word' id='word_1_161' title='bbox 275 963 390 997; x_wconf 88' lang='lat' dir='ltr'><strong>impleri,</strong></span> <span class='ocrx_word' id='word_1_162' title='bbox 410 963 511 990; x_wconf 80' lang='lat' dir='ltr'><strong>idcirco</strong></span> <span class='ocrx_word' id='word_1_163' title='bbox 525 970 577 990; x_wconf 93' lang='lat' dir='ltr'><strong>non</strong></span> <span class='ocrx_word' id='word_1_164' title='bbox 601 963 688 989; x_wconf 88' lang='lat' dir='ltr'><strong>solum</strong></span> <span class='ocrx_word' id='word_1_165' title='bbox 709 971 794 997; x_wconf 88' lang='lat' dir='ltr'><strong>usque</strong></span> <span class='ocrx_word' id='word_1_166' title='bbox 810 964 842 990; x_wconf 88' lang='lat' dir='ltr'><strong>ad</strong></span> <span class='ocrx_word' id='word_1_167' title='bbox 863 971 934 991; x_wconf 85' lang='lat' dir='ltr'><strong>inor-</strong></span> 
     </span>
    </p>
   </div>
   <div class='ocr_carea' id='block_1_22' title="bbox 152 1007 933 1041">
    <p class='ocr_par' dir='ltr' id='par_1_22' title="bbox 152 1007 933 1041">
     <span class='ocr_line' id='line_1_22' title="bbox 152 1007 933 1041; baseline 0 -5"><span class='ocrx_word' id='word_1_168' title='bbox 152 1013 204 1036; x_wconf 86' lang='lat' dir='ltr'><strong>tem</strong></span> <span class='ocrx_word' id='word_1_169' title='bbox 223 1009 312 1036; x_wconf 80' lang='lat' dir='ltr'><strong>erucis</strong></span> <span class='ocrx_word' id='word_1_170' title='bbox 326 1008 400 1036; x_wconf 85' lang='lat' dir='ltr'><strong>Patri</strong></span> <span class='ocrx_word' id='word_1_171' title='bbox 419 1008 550 1035; x_wconf 86' lang='lat' dir='ltr'><strong>obediens</strong></span> <span class='ocrx_word' id='word_1_172' title='bbox 568 1007 657 1036; x_wconf 77' lang='lat' dir='ltr'><strong>factus</strong></span> <span class='ocrx_word' id='word_1_173' title='bbox 671 1013 723 1041; x_wconf 89' lang='lat' dir='ltr'><strong>est,</strong></span> <span class='ocrx_word' id='word_1_174' title='bbox 740 1017 832 1036; x_wconf 88' lang='lat' dir='ltr'><strong>verum</strong></span> <span class='ocrx_word' id='word_1_175' title='bbox 853 1010 933 1036; x_wconf 91' lang='lat' dir='ltr'><strong>etiam</strong></span> 
     </span>
    </p>
   </div>
   <div class='ocr_carea' id='block_1_23' title="bbox 150 1054 934 1090">
    <p class='ocr_par' dir='ltr' id='par_1_23' title="bbox 150 1054 934 1090">
     <span class='ocr_line' id='line_1_23' title="bbox 150 1054 934 1090; baseline 0.001 -8"><span class='ocrx_word' id='word_1_176' title='bbox 150 1055 176 1082; x_wconf 90' lang='lat' dir='ltr'><strong>in</strong></span> <span class='ocrx_word' id='word_1_177' title='bbox 193 1054 428 1083; x_wconf 87' lang='lat' dir='ltr'><strong>consurnmatioue</strong></span> <span class='ocrx_word' id='word_1_178' title='bbox 443 1054 533 1080; x_wconf 78' lang='lat' dir='ltr'><strong>saeculi</strong></span> <span class='ocrx_word' id='word_1_179' title='bbox 551 1055 576 1081; x_wconf 87' lang='lat' dir='ltr'><strong>in</strong></span> <span class='ocrx_word' id='word_1_180' title='bbox 594 1054 739 1088; x_wconf 87' lang='lat' dir='ltr'><strong>semetipso</strong></span> <span class='ocrx_word' id='word_1_181' title='bbox 753 1055 934 1090; x_wconf 88' lang='lat' dir='ltr'><strong>complectens</strong></span> 
     </span>
    </p>
   </div>
   <div class='ocr_carea' id='block_1_24' title="bbox 148 1096 934 1133">
    <p class='ocr_par' dir='ltr' id='par_1_24' title="bbox 148 1096 934 1133">
     <span class='ocr_line' id='line_1_24' title="bbox 148 1096 934 1133; baseline 0.001 -8"><span class='ocrx_word' id='word_1_182' title='bbox 148 1105 243 1126; x_wconf 86' lang='lat' dir='ltr'><strong>omnes</strong></span> <span class='ocrx_word' id='word_1_183' title='bbox 262 1105 331 1133; x_wconf 88' lang='lat' dir='ltr'><strong>qttos</strong></span> <span class='ocrx_word' id='word_1_184' title='bbox 348 1096 458 1130; x_wconf 87' lang='lat' dir='ltr'><strong>subjicit</strong></span> <span class='ocrx_word' id='word_1_185' title='bbox 472 1096 559 1129; x_wconf 84' lang='lat' dir='ltr'><strong>Patri,</strong></span> <span class='ocrx_word' id='word_1_186' title='bbox 575 1101 602 1123; x_wconf 85' lang='lat' dir='ltr'><strong>et</strong></span> <span class='ocrx_word' id='word_1_187' title='bbox 616 1097 660 1131; x_wconf 89' lang='lat' dir='ltr'><strong>qui</strong></span> <span class='ocrx_word' id='word_1_188' title='bbox 679 1105 726 1132; x_wconf 90' lang='lat' dir='ltr'><strong>per</strong></span> <span class='ocrx_word' id='word_1_189' title='bbox 746 1106 807 1126; x_wconf 91' lang='lat' dir='ltr'><strong>cum</strong></span> <span class='ocrx_word' id='word_1_190' title='bbox 823 1100 934 1126; x_wconf 90' lang='lat' dir='ltr'><strong>veniunt</strong></span> 
     </span>
    </p>
   </div>
   <div class='ocr_carea' id='block_1_25' title="bbox 148 1141 933 1177">
    <p class='ocr_par' dir='ltr' id='par_1_25' title="bbox 148 1141 933 1177">
     <span class='ocr_line' id='line_1_25' title="bbox 148 1141 933 1177; baseline 0.001 -6"><span class='ocrx_word' id='word_1_191' title='bbox 148 1144 183 1171; x_wconf 87' lang='lat' dir='ltr'><strong>ad</strong></span> <span class='ocrx_word' id='word_1_192' title='bbox 201 1143 328 1175; x_wconf 80' lang='lat' dir='ltr'><strong>salutem,</strong></span> <span class='ocrx_word' id='word_1_193' title='bbox 346 1149 405 1169; x_wconf 86' lang='lat' dir='ltr'><strong>cum</strong></span> <span class='ocrx_word' id='word_1_194' title='bbox 423 1141 487 1176; x_wconf 86' lang='lat' dir='ltr'><strong>ipsis</strong></span> <span class='ocrx_word' id='word_1_195' title='bbox 503 1146 530 1168; x_wconf 90' lang='lat' dir='ltr'><strong>et</strong></span> <span class='ocrx_word' id='word_1_196' title='bbox 549 1142 575 1168; x_wconf 93' lang='lat' dir='ltr'><strong>in</strong></span> <span class='ocrx_word' id='word_1_197' title='bbox 591 1141 658 1176; x_wconf 90' lang='lat' dir='ltr'><strong>ipsis</strong></span> <span class='ocrx_word' id='word_1_198' title='bbox 675 1142 732 1176; x_wconf 86' lang='lat' dir='ltr'><strong>ipse</strong></span> <span class='ocrx_word' id='word_1_199' title='bbox 747 1151 854 1177; x_wconf 90' lang='lat' dir='ltr'><strong>quoque</strong></span> <span class='ocrx_word' id='word_1_200' title='bbox 870 1145 933 1172; x_wconf 88' lang='lat' dir='ltr'><strong>sub—</strong></span> 
     </span>
    </p>
   </div>
   <div class='ocr_carea' id='block_1_26' title="bbox 147 1187 932 1224">
    <p class='ocr_par' dir='ltr' id='par_1_26' title="bbox 147 1187 932 1224">
     <span class='ocr_line' id='line_1_26' title="bbox 147 1187 932 1224; baseline 0 -8"><span class='ocrx_word' id='word_1_201' title='bbox 147 1189 236 1224; x_wconf 85' lang='lat' dir='ltr'><strong>iectus</strong></span> <span class='ocrx_word' id='word_1_202' title='bbox 259 1188 357 1215; x_wconf 91' lang='lat' dir='ltr'><strong>dicitur</strong></span> <span class='ocrx_word' id='word_1_203' title='bbox 371 1187 445 1214; x_wconf 84' lang='lat' dir='ltr'><strong>Patri</strong></span> <span class='ocrx_word' id='word_1_204' title='bbox 460 1196 466 1213; x_wconf 91' lang='lat'><strong>:</strong></span> <span class='ocrx_word' id='word_1_205' title='bbox 483 1187 545 1213; x_wconf 91' lang='lat' dir='ltr'><strong>dum</strong></span> <span class='ocrx_word' id='word_1_206' title='bbox 563 1187 653 1214; x_wconf 85' lang='lat' dir='ltr'><strong>omnia</strong></span> <span class='ocrx_word' id='word_1_207' title='bbox 672 1187 699 1214; x_wconf 93' lang='lat' dir='ltr'><strong>in</strong></span> <span class='ocrx_word' id='word_1_208' title='bbox 717 1188 775 1222; x_wconf 88' lang='lat' dir='ltr'><strong>ipso</strong></span> <span class='ocrx_word' id='word_1_209' title='bbox 796 1193 932 1222; x_wconf 74' lang='lat' dir='ltr'><strong>constant,</strong></span> 
     </span>
    </p>
   </div>
   <div class='ocr_carea' id='block_1_27' title="bbox 148 1233 934 1270">
    <p class='ocr_par' dir='ltr' id='par_1_27' title="bbox 148 1233 934 1270">
     <span class='ocr_line' id='line_1_27' title="bbox 148 1233 934 1270; baseline -0.001 -7"><span class='ocrx_word' id='word_1_210' title='bbox 148 1240 176 1263; x_wconf 90' lang='lat' dir='ltr'><strong>et</strong></span> <span class='ocrx_word' id='word_1_211' title='bbox 194 1235 250 1270; x_wconf 87' lang='lat' dir='ltr'><strong>ipse</strong></span> <span class='ocrx_word' id='word_1_212' title='bbox 267 1238 309 1261; x_wconf 89' lang='lat' dir='ltr'><strong>est</strong></span> <span class='ocrx_word' id='word_1_213' title='bbox 325 1236 407 1267; x_wconf 83' lang='lat' dir='ltr'><strong>caput</strong></span> <span class='ocrx_word' id='word_1_214' title='bbox 428 1233 560 1266; x_wconf 91' lang='lat' dir='ltr'><strong>omnium,</strong></span> <span class='ocrx_word' id='word_1_215' title='bbox 582 1238 608 1260; x_wconf 87' lang='lat' dir='ltr'><strong>et</strong></span> <span class='ocrx_word' id='word_1_216' title='bbox 623 1234 649 1260; x_wconf 94' lang='lat' dir='ltr'><strong>in</strong></span> <span class='ocrx_word' id='word_1_217' title='bbox 673 1234 733 1268; x_wconf 91' lang='lat' dir='ltr'><strong>ipso</strong></span> <span class='ocrx_word' id='word_1_218' title='bbox 748 1239 789 1261; x_wconf 85' lang='lat' dir='ltr'><strong>est</strong></span> <span class='ocrx_word' id='word_1_219' title='bbox 814 1234 886 1262; x_wconf 85' lang='lat' dir='ltr'><strong>salus</strong></span> <span class='ocrx_word' id='word_1_220' title='bbox 906 1239 934 1262; x_wconf 92' lang='lat' dir='ltr'><strong>et</strong></span> 
     </span>
    </p>
   </div>
   <div class='ocr_carea' id='block_1_28' title="bbox 148 1279 933 1315">
    <p class='ocr_par' dir='ltr' id='par_1_28' title="bbox 148 1279 933 1315">
     <span class='ocr_line' id='line_1_28' title="bbox 148 1279 933 1315; baseline -0.001 -7"><span class='ocrx_word' id='word_1_221' title='bbox 148 1281 263 1309; x_wconf 81' lang='lat' dir='ltr'><strong>salutem</strong></span> <span class='ocrx_word' id='word_1_222' title='bbox 274 1280 496 1315; x_wconf 84' lang='lat' dir='ltr'><strong>consequentium</strong></span> <span class='ocrx_word' id='word_1_223' title='bbox 511 1279 649 1313; x_wconf 86' lang='lat' dir='ltr'><strong>plenitudo</strong></span> <span class='ocrx_word' id='word_1_224' title='bbox 660 1280 728 1314; x_wconf 77' lang='lat'><strong>(30).</strong></span> <span class='ocrx_word' id='word_1_225' title='bbox 743 1279 797 1307; x_wconf 89' lang='lat' dir='ltr'><strong>lIoc</strong></span> <span class='ocrx_word' id='word_1_226' title='bbox 808 1287 873 1315; x_wconf 81' lang='lat' dir='ltr'><strong>ergo</strong></span> <span class='ocrx_word' id='word_1_227' title='bbox 891 1285 933 1307; x_wconf 83' lang='lat' dir='ltr'><strong>est</strong></span> 
     </span>
    </p>
   </div>
   <div class='ocr_carea' id='block_1_29' title="bbox 146 1325 932 1363">
    <p class='ocr_par' dir='ltr' id='par_1_29' title="bbox 146 1325 932 1363">
     <span class='ocr_line' id='line_1_29' title="bbox 146 1325 932 1363; baseline -0.003 -7"><span class='ocrx_word' id='word_1_228' title='bbox 146 1328 219 1363; x_wconf 91' lang='lat' dir='ltr'><strong>quod</strong></span> <span class='ocrx_word' id='word_1_229' title='bbox 241 1328 274 1355; x_wconf 87' lang='lat' dir='ltr'><strong>de</strong></span> <span class='ocrx_word' id='word_1_230' title='bbox 288 1335 321 1355; x_wconf 89' lang='lat' dir='ltr'><strong>eo</strong></span> <span class='ocrx_word' id='word_1_231' title='bbox 338 1327 405 1355; x_wconf 86' lang='lat' dir='ltr'><strong>dicit</strong></span> <span class='ocrx_word' id='word_1_232' title='bbox 420 1325 565 1361; x_wconf 82' lang='lat' dir='ltr'><strong>Apostolus</strong></span> <span class='ocrx_word' id='word_1_233' title='bbox 581 1334 586 1352; x_wconf 89' lang='lat'>:</span> <span class='ocrx_word' id='word_1_234' title='bbox 609 1334 617 1350; x_wconf 80' lang='grc' dir='ltr'><strong>ι</strong></span> <span class='ocrx_word' id='word_1_235' title='bbox 633 1326 699 1353; x_wconf 90' lang='lat' dir='ltr'><strong>Cum</strong></span> <span class='ocrx_word' id='word_1_236' title='bbox 715 1330 803 1354; x_wconf 87' lang='lat' dir='ltr'><strong>autem</strong></span> <span class='ocrx_word' id='word_1_237' title='bbox 818 1327 843 1354; x_wconf 90' lang='lat' dir='ltr'><strong>ei</strong></span> <span class='ocrx_word' id='word_1_238' title='bbox 866 1327 932 1354; x_wconf 88' lang='lat' dir='ltr'><strong>sub-</strong></span> 
     </span>
    </p>
   </div>
   <div class='ocr_carea' id='block_1_30' title="bbox 144 1372 932 1410">
    <p class='ocr_par' dir='ltr' id='par_1_30' title="bbox 144 1372 932 1410">
     <span class='ocr_line' id='line_1_30' title="bbox 144 1372 932 1410; baseline -0.003 -8"><span class='ocrx_word' id='word_1_239' title='bbox 144 1375 217 1410; x_wconf 89' lang='lat' dir='ltr'><strong>jecta</strong></span> <span class='ocrx_word' id='word_1_240' title='bbox 235 1374 336 1402; x_wconf 85' lang='lat' dir='ltr'><strong>fuerint</strong></span> <span class='ocrx_word' id='word_1_241' title='bbox 352 1375 454 1407; x_wconf 86' lang='lat' dir='ltr'><strong>omnia,</strong></span> <span class='ocrx_word' id='word_1_242' title='bbox 480 1379 545 1401; x_wconf 91' lang='lat' dir='ltr'><strong>tunc</strong></span> <span class='ocrx_word' id='word_1_243' title='bbox 569 1379 596 1401; x_wconf 86' lang='lat' dir='ltr'><strong>et</strong></span> <span class='ocrx_word' id='word_1_244' title='bbox 613 1374 670 1408; x_wconf 91' lang='lat' dir='ltr'><strong>ipse</strong></span> <span class='ocrx_word' id='word_1_245' title='bbox 692 1372 775 1400; x_wconf 87' lang='lat' dir='ltr'><strong>Filius</strong></span> <span class='ocrx_word' id='word_1_246' title='bbox 795 1373 932 1408; x_wconf 89' lang='lat' dir='ltr'><strong>subjectus</strong></span> 
     </span>
    </p>
   </div>
   <div class='ocr_carea' id='block_1_31' title="bbox 146 1418 930 1456">
    <p class='ocr_par' dir='ltr' id='par_1_31' title="bbox 146 1418 930 1456">
     <span class='ocr_line' id='line_1_31' title="bbox 146 1418 930 1456; baseline -0.001 -8"><span class='ocrx_word' id='word_1_247' title='bbox 146 1421 198 1448; x_wconf 84' lang='lat' dir='ltr'><strong>erit</strong></span> <span class='ocrx_word' id='word_1_248' title='bbox 214 1421 238 1448; x_wconf 92' lang='lat' dir='ltr'><strong>ei</strong></span> <span class='ocrx_word' id='word_1_249' title='bbox 254 1420 300 1456; x_wconf 89' lang='lat' dir='ltr'><strong>qui</strong></span> <span class='ocrx_word' id='word_1_250' title='bbox 317 1420 369 1448; x_wconf 83' lang='lat' dir='ltr'><strong>sibi</strong></span> <span class='ocrx_word' id='word_1_251' title='bbox 391 1420 511 1448; x_wconf 88' lang='lat' dir='ltr'><strong>subdidit</strong></span> <span class='ocrx_word' id='word_1_252' title='bbox 531 1419 633 1451; x_wconf 89' lang='lat' dir='ltr'><strong>omnia,</strong></span> <span class='ocrx_word' id='word_1_253' title='bbox 656 1424 686 1445; x_wconf 91' lang='lat' dir='ltr'><strong>ut</strong></span> <span class='ocrx_word' id='word_1_254' title='bbox 700 1420 735 1446; x_wconf 89' lang='lat' dir='ltr'><strong>sit</strong></span> <span class='ocrx_word' id='word_1_255' title='bbox 751 1418 821 1446; x_wconf 92' lang='lat' dir='ltr'><strong>Deus</strong></span> <span class='ocrx_word' id='word_1_256' title='bbox 842 1422 930 1447; x_wconf 88' lang='lat' dir='ltr'><strong>omnia</strong></span> 
     </span>
    </p>
   </div>
   <div class='ocr_carea' id='block_1_32' title="bbox 146 1467 385 1496">
    <p class='ocr_par' dir='ltr' id='par_1_32' title="bbox 146 1467 385 1496">
     <span class='ocr_line' id='line_1_32' title="bbox 146 1467 385 1496; baseline -0.008 -1"><span class='ocrx_word' id='word_1_257' title='bbox 146 1468 173 1495; x_wconf 93' lang='lat' dir='ltr'><strong>in</strong></span> <span class='ocrx_word' id='word_1_258' title='bbox 189 1468 314 1496; x_wconf 88' lang='lat' dir='ltr'><strong>omnibus</strong></span> <span class='ocrx_word' id='word_1_259' title='bbox 326 1467 359 1494; x_wconf 79' lang='lat'><strong>“.</strong></span> <span class='ocrx_word' id='word_1_260' title='bbox 375 1476 385 1493; x_wconf 84' lang='lat' dir='ltr'><strong>I</strong></span> 
     </span>
    </p>
   </div>
   <div class='ocr_carea' id='block_1_33' title="bbox 184 1511 929 1548">
    <p class='ocr_par' dir='ltr' id='par_1_33' title="bbox 184 1511 929 1548">
     <span class='ocr_line' id='line_1_33' title="bbox 184 1511 929 1548; baseline 0 -8"><span class='ocrx_word' id='word_1_261' title='bbox 184 1511 317 1540; x_wconf 83' lang='lat' dir='ltr'><strong>&#39;l.Verum</strong></span> <span class='ocrx_word' id='word_1_262' title='bbox 325 1512 415 1540; x_wconf 85' lang='lat' dir='ltr'><strong>nescio</strong></span> <span class='ocrx_word' id='word_1_263' title='bbox 423 1519 476 1547; x_wconf 90' lang='lat' dir='ltr'><strong>quo</strong></span> <span class='ocrx_word' id='word_1_264' title='bbox 488 1517 566 1547; x_wconf 89' lang='lat' dir='ltr'><strong>pacto</strong></span> <span class='ocrx_word' id='word_1_265' title='bbox 574 1511 691 1540; x_wconf 83' lang='lat' dir='ltr'><strong>haeretici</strong></span> <span class='ocrx_word' id='word_1_266' title='bbox 701 1519 753 1539; x_wconf 91' lang='lat' dir='ltr'><strong>non</strong></span> <span class='ocrx_word' id='word_1_267' title='bbox 765 1512 819 1548; x_wconf 76' lang='lat'><strong>(51)</strong></span> <span class='ocrx_word' id='word_1_268' title='bbox 831 1512 929 1540; x_wconf 84' lang='lat' dir='ltr'><strong>intelli—</strong></span> 
     </span>
    </p>
   </div>
   <div class='ocr_carea' id='block_1_34' title="bbox 145 1557 926 1595">
    <p class='ocr_par' dir='ltr' id='par_1_34' title="bbox 145 1557 926 1595">
     <span class='ocr_line' id='line_1_34' title="bbox 145 1557 926 1595; baseline -0.001 -8"><span class='ocrx_word' id='word_1_269' title='bbox 145 1563 240 1595; x_wconf 71' lang='lat' dir='ltr'><strong>gentes</strong></span> <span class='ocrx_word' id='word_1_270' title='bbox 255 1558 374 1593; x_wconf 82' lang='lat' dir='ltr'><strong>Apostoli</strong></span> <span class='ocrx_word' id='word_1_271' title='bbox 396 1565 506 1585; x_wconf 81' lang='lat' dir='ltr'><strong>sensum</strong></span> <span class='ocrx_word' id='word_1_272' title='bbox 531 1558 576 1592; x_wconf 90' lang='lat' dir='ltr'><strong>qui</strong></span> <span class='ocrx_word' id='word_1_273' title='bbox 594 1557 636 1585; x_wconf 85' lang='lat' dir='ltr'><strong>his</strong></span> <span class='ocrx_word' id='word_1_274' title='bbox 657 1558 747 1585; x_wconf 86' lang='lat' dir='ltr'><strong>verbis</strong></span> <span class='ocrx_word' id='word_1_275' title='bbox 762 1559 926 1591; x_wconf 90' lang='lat' dir='ltr'><strong>continetur,</strong></span> 
     </span>
    </p>
   </div>
   <div class='ocr_carea' id='block_1_35' title="bbox 145 1603 929 1639">
    <p class='ocr_par' dir='ltr' id='par_1_35' title="bbox 145 1603 929 1639">
     <span class='ocr_line' id='line_1_35' title="bbox 145 1603 929 1639; baseline -0.001 -6"><span class='ocrx_word' id='word_1_276' title='bbox 145 1604 324 1639; x_wconf 83' lang='lat' dir='ltr'><strong>subjectionis</strong></span> <span class='ocrx_word' id='word_1_277' title='bbox 340 1604 367 1630; x_wconf 91' lang='lat' dir='ltr'><strong>in</strong></span> <span class='ocrx_word' id='word_1_278' title='bbox 383 1603 451 1631; x_wconf 84' lang='lat' dir='ltr'><strong>Filio</strong></span> <span class='ocrx_word' id='word_1_279' title='bbox 469 1611 565 1631; x_wconf 88' lang='lat' dir='ltr'><strong>nomen</strong></span> <span class='ocrx_word' id='word_1_280' title='bbox 584 1603 730 1637; x_wconf 80' lang='lat' dir='ltr'><strong>infamant;</strong></span> <span class='ocrx_word' id='word_1_281' title='bbox 748 1603 824 1638; x_wconf 89' lang='lat' dir='ltr'><strong>cujus</strong></span> <span class='ocrx_word' id='word_1_282' title='bbox 838 1605 929 1638; x_wconf 85' lang='lat' dir='ltr'><strong>appel-</strong></span> 
     </span>
    </p>
   </div>
   <div class='ocr_carea' id='block_1_36' title="bbox 146 1648 928 1683">
    <p class='ocr_par' dir='ltr' id='par_1_36' title="bbox 146 1648 928 1683">
     <span class='ocr_line' id='line_1_36' title="bbox 146 1648 928 1683; baseline 0 -7"><span class='ocrx_word' id='word_1_283' title='bbox 146 1649 256 1678; x_wconf 90' lang='lat' dir='ltr'><strong>lationis</strong></span> <span class='ocrx_word' id='word_1_284' title='bbox 268 1649 291 1677; x_wconf 86' lang='lat' dir='ltr'><strong>si</strong></span> <span class='ocrx_word' id='word_1_285' title='bbox 306 1649 458 1683; x_wconf 89' lang='lat' dir='ltr'><strong>proprietas</strong></span> <span class='ocrx_word' id='word_1_286' title='bbox 477 1648 636 1682; x_wconf 86' lang='lat' dir='ltr'><strong>requiritur,</strong></span> <span class='ocrx_word' id='word_1_287' title='bbox 646 1656 678 1676; x_wconf 81' lang='lat' dir='ltr'><strong>ex</strong></span> <span class='ocrx_word' id='word_1_288' title='bbox 693 1649 837 1676; x_wconf 85' lang='lat' dir='ltr'><strong>contrariis</strong></span> <span class='ocrx_word' id='word_1_289' title='bbox 849 1649 928 1677; x_wconf 83' lang='lat' dir='ltr'><strong>facile</strong></span> 
     </span>
    </p>
   </div>
   <div class='ocr_carea' id='block_1_37' title="bbox 145 1692 929 1729">
    <p class='ocr_par' dir='ltr' id='par_1_37' title="bbox 145 1692 929 1729">
     <span class='ocr_line' id='line_1_37' title="bbox 145 1692 929 1729; baseline -0.001 -7"><span class='ocrx_word' id='word_1_290' title='bbox 145 1694 245 1729; x_wconf 89' lang='lat' dir='ltr'><strong>poterit</strong></span> <span class='ocrx_word' id='word_1_291' title='bbox 265 1693 393 1721; x_wconf 87' lang='lat' dir='ltr'><strong>inveniri.</strong></span> <span class='ocrx_word' id='word_1_292' title='bbox 417 1693 484 1720; x_wconf 83' lang='lat' dir='ltr'><strong>Nam</strong></span> <span class='ocrx_word' id='word_1_293' title='bbox 509 1692 531 1720; x_wconf 90' lang='lat' dir='ltr'><strong>si</strong></span> <span class='ocrx_word' id='word_1_294' title='bbox 556 1693 707 1727; x_wconf 83' lang='lat' dir='ltr'><strong>subjectum</strong></span> <span class='ocrx_word' id='word_1_295' title='bbox 727 1701 787 1721; x_wconf 88' lang='lat' dir='ltr'><strong>esse</strong></span> <span class='ocrx_word' id='word_1_296' title='bbox 812 1701 865 1721; x_wconf 90' lang='lat' dir='ltr'><strong>non</strong></span> <span class='ocrx_word' id='word_1_297' title='bbox 888 1699 929 1722; x_wconf 89' lang='lat' dir='ltr'><strong>est</strong></span> 
     </span>
    </p>
   </div>
   <div class='ocr_carea' id='block_1_38' title="bbox 145 1737 927 1772">
    <p class='ocr_par' dir='ltr' id='par_1_38' title="bbox 145 1737 927 1772">
     <span class='ocr_line' id='line_1_38' title="bbox 145 1737 927 1772; baseline -0.001 -5"><span class='ocrx_word' id='word_1_298' title='bbox 145 1740 256 1772; x_wconf 88' lang='lat' dir='ltr'><strong>bonum,</strong></span> <span class='ocrx_word' id='word_1_299' title='bbox 272 1742 357 1766; x_wconf 82' lang='lat' dir='ltr'><strong>restat</strong></span> <span class='ocrx_word' id='word_1_300' title='bbox 371 1743 401 1765; x_wconf 92' lang='lat' dir='ltr'><strong>ut</strong></span> <span class='ocrx_word' id='word_1_301' title='bbox 413 1737 478 1765; x_wconf 92' lang='lat' dir='ltr'><strong>illud</strong></span> <span class='ocrx_word' id='word_1_302' title='bbox 491 1737 562 1772; x_wconf 90' lang='lat' dir='ltr'><strong>quod</strong></span> <span class='ocrx_word' id='word_1_303' title='bbox 578 1739 744 1766; x_wconf 88' lang='lat' dir='ltr'><strong>contrarium</strong></span> <span class='ocrx_word' id='word_1_304' title='bbox 761 1743 814 1772; x_wconf 88' lang='lat' dir='ltr'><strong>est,</strong></span> <span class='ocrx_word' id='word_1_305' title='bbox 828 1740 927 1768; x_wconf 92' lang='lat' dir='ltr'><strong>bonum</strong></span> 
     </span>
    </p>
   </div>
   <div class='ocr_carea' id='block_1_39' title="bbox 143 1784 928 1820">
    <p class='ocr_par' dir='ltr' id='par_1_39' title="bbox 143 1784 928 1820">
     <span class='ocr_line' id='line_1_39' title="bbox 143 1784 928 1820; baseline -0.001 -6"><span class='ocrx_word' id='word_1_306' title='bbox 143 1787 189 1819; x_wconf 86' lang='lat' dir='ltr'><strong>sit,</strong></span> <span class='ocrx_word' id='word_1_307' title='bbox 221 1786 246 1814; x_wconf 91' lang='lat' dir='ltr'><strong>id</strong></span> <span class='ocrx_word' id='word_1_308' title='bbox 276 1789 318 1813; x_wconf 85' lang='lat' dir='ltr'><strong>est</strong></span> <span class='ocrx_word' id='word_1_309' title='bbox 344 1791 398 1812; x_wconf 89' lang='lat' dir='ltr'><strong>non</strong></span> <span class='ocrx_word' id='word_1_310' title='bbox 421 1791 482 1811; x_wconf 85' lang='lat' dir='ltr'><strong>esse</strong></span> <span class='ocrx_word' id='word_1_311' title='bbox 505 1784 667 1819; x_wconf 86' lang='lat' dir='ltr'><strong>subjectum.</strong></span> <span class='ocrx_word' id='word_1_312' title='bbox 687 1784 783 1813; x_wconf 90' lang='lat' dir='ltr'><strong>Sermo</strong></span> <span class='ocrx_word' id='word_1_313' title='bbox 810 1793 928 1820; x_wconf 83' lang='lat' dir='ltr'><strong>namque</strong></span> 
     </span>
    </p>
   </div>
   <div class='ocr_carea' id='block_1_40' title="bbox 142 1829 927 1868">
    <p class='ocr_par' dir='ltr' id='par_1_40' title="bbox 142 1829 927 1868">
     <span class='ocr_line' id='line_1_40' title="bbox 142 1829 927 1868; baseline -0.004 -8"><span class='ocrx_word' id='word_1_314' title='bbox 142 1831 267 1868; x_wconf 74' lang='lat' dir='ltr'><strong>Apostoli</strong></span> <span class='ocrx_word' id='word_1_315' title='bbox 292 1830 440 1859; x_wconf 89' lang='lat' dir='ltr'><strong>secundum</strong></span> <span class='ocrx_word' id='word_1_316' title='bbox 464 1830 535 1864; x_wconf 91' lang='lat' dir='ltr'><strong>quod</strong></span> <span class='ocrx_word' id='word_1_317' title='bbox 562 1829 605 1857; x_wconf 88' lang='lat' dir='ltr'><strong>isti</strong></span> <span class='ocrx_word' id='word_1_318' title='bbox 627 1829 729 1865; x_wconf 77' lang='lat' dir='ltr'><strong>volunt,</strong></span> <span class='ocrx_word' id='word_1_319' title='bbox 755 1831 804 1858; x_wconf 91' lang='lat' dir='ltr'><strong>hoc</strong></span> <span class='ocrx_word' id='word_1_320' title='bbox 821 1831 927 1858; x_wconf 90' lang='lat' dir='ltr'><strong>videtur</strong></span> 
     </span>
    </p>
   </div>
   <div class='ocr_carea' id='block_1_41' title="bbox 142 1874 925 1910">
    <p class='ocr_par' dir='ltr' id='par_1_41' title="bbox 142 1874 925 1910">
     <span class='ocr_line' id='line_1_41' title="bbox 142 1874 925 1910; baseline -0.006 -4"><span class='ocrx_word' id='word_1_321' title='bbox 142 1878 299 1910; x_wconf 81' lang='lat' dir='ltr'><strong>ostendere,</strong></span> <span class='ocrx_word' id='word_1_322' title='bbox 319 1878 381 1904; x_wconf 92' lang='lat' dir='ltr'><strong>dum</strong></span> <span class='ocrx_word' id='word_1_323' title='bbox 406 1875 496 1903; x_wconf 85' lang='lat' dir='ltr'><strong>dicit:</strong></span> <span class='ocrx_word' id='word_1_324' title='bbox 516 1885 524 1902; x_wconf 90' lang='grc' dir='ltr'><strong>ι</strong></span> <span class='ocrx_word' id='word_1_325' title='bbox 544 1876 612 1903; x_wconf 80' lang='lat' dir='ltr'><strong>Curti</strong></span> <span class='ocrx_word' id='word_1_326' title='bbox 638 1880 730 1903; x_wconf 88' lang='lat' dir='ltr'><strong>autem</strong></span> <span class='ocrx_word' id='word_1_327' title='bbox 756 1875 780 1903; x_wconf 90' lang='lat' dir='ltr'><strong>ei</strong></span> <span class='ocrx_word' id='word_1_328' title='bbox 805 1874 925 1909; x_wconf 88' lang='lat' dir='ltr'><strong>subjecta</strong></span> 
     </span>
    </p>
   </div>
   <div class='ocr_carea' id='block_1_42' title="bbox 136 1920 925 1956">
    <p class='ocr_par' dir='ltr' id='par_1_42' title="bbox 136 1920 925 1956">
     <span class='ocr_line' id='line_1_42' title="bbox 136 1920 925 1956; baseline -0.006 -5"><span class='ocrx_word' id='word_1_329' title='bbox 136 1923 244 1951; x_wconf 80' lang='lat' dir='ltr'><strong>.l&#39;uerint</strong></span> <span class='ocrx_word' id='word_1_330' title='bbox 258 1923 359 1956; x_wconf 85' lang='lat' dir='ltr'><strong>omnia,</strong></span> <span class='ocrx_word' id='word_1_331' title='bbox 376 1927 442 1949; x_wconf 85' lang='lat' dir='ltr'><strong>tunc.</strong></span> <span class='ocrx_word' id='word_1_332' title='bbox 456 1926 483 1949; x_wconf 89' lang='lat' dir='ltr'><strong>et</strong></span> <span class='ocrx_word' id='word_1_333' title='bbox 500 1922 558 1956; x_wconf 90' lang='lat' dir='ltr'><strong>ipse</strong></span> <span class='ocrx_word' id='word_1_334' title='bbox 575 1921 661 1949; x_wconf 83' lang='lat' dir='ltr'><strong>Filius</strong></span> <span class='ocrx_word' id='word_1_335' title='bbox 682 1920 820 1954; x_wconf 83' lang='lat' dir='ltr'><strong>subjectus</strong></span> <span class='ocrx_word' id='word_1_336' title='bbox 837 1921 890 1948; x_wconf 88' lang='lat' dir='ltr'><strong>erit</strong></span> <span class='ocrx_word' id='word_1_337' title='bbox 902 1920 925 1947; x_wconf 89' lang='lat' dir='ltr'><strong>ci</strong></span> 
     </span>
    </p>
   </div>
   <div class='ocr_carea' id='block_1_43' title="bbox 141 1965 926 2004">
    <p class='ocr_par' dir='ltr' id='par_1_43' title="bbox 141 1965 926 2004">
     <span class='ocr_line' id='line_1_43' title="bbox 141 1965 926 2004; baseline -0.006 -8"><span class='ocrx_word' id='word_1_338' title='bbox 141 1968 187 2004; x_wconf 88' lang='lat' dir='ltr'><strong>qui</strong></span> <span class='ocrx_word' id='word_1_339' title='bbox 207 1968 258 1996; x_wconf 92' lang='lat' dir='ltr'><strong>sibi</strong></span> <span class='ocrx_word' id='word_1_340' title='bbox 282 1967 402 1995; x_wconf 86' lang='lat' dir='ltr'><strong>subdidit</strong></span> <span class='ocrx_word' id='word_1_341' title='bbox 420 1967 510 1995; x_wconf 90' lang='lat' dir='ltr'><strong>omnia</strong></span> <span class='ocrx_word' id='word_1_342' title='bbox 528 1967 561 1999; x_wconf 79' lang='grc'><strong>⁵⁵,</strong></span> <span class='ocrx_word' id='word_1_343' title='bbox 583 1976 592 1993; x_wconf 78' lang='lat' dir='ltr'><strong>i</strong></span> <span class='ocrx_word' id='word_1_344' title='bbox 615 1971 645 1994; x_wconf 92' lang='lat' dir='ltr'><strong>ut</strong></span> <span class='ocrx_word' id='word_1_345' title='bbox 659 1965 735 2001; x_wconf 89' lang='lat' dir='ltr'><strong>quasi</strong></span> <span class='ocrx_word' id='word_1_346' title='bbox 749 1965 772 1992; x_wconf 94' lang='lat' dir='ltr'><strong>is</strong></span> <span class='ocrx_word' id='word_1_347' title='bbox 788 1966 833 2000; x_wconf 89' lang='lat' dir='ltr'><strong>qui</strong></span> <span class='ocrx_word' id='word_1_348' title='bbox 855 1971 926 1992; x_wconf 94' lang='lat' dir='ltr'><strong>nunc</strong></span> 
     </span>
    </p>
   </div>
   <div class='ocr_carea' id='block_1_44' title="bbox 142 2012 925 2048">
    <p class='ocr_par' dir='ltr' id='par_1_44' title="bbox 142 2012 925 2048">
     <span class='ocr_line' id='line_1_44' title="bbox 142 2012 925 2048; baseline -0.005 -6"><span class='ocrx_word' id='word_1_349' title='bbox 142 2014 215 2042; x_wconf 87' lang='lat' dir='ltr'><strong>Patri</strong></span> <span class='ocrx_word' id='word_1_350' title='bbox 234 2014 372 2048; x_wconf 82' lang='lat' dir='ltr'><strong>subjectus</strong></span> <span class='ocrx_word' id='word_1_351' title='bbox 387 2021 441 2040; x_wconf 89' lang='lat' dir='ltr'><strong>non</strong></span> <span class='ocrx_word' id='word_1_352' title='bbox 465 2014 513 2045; x_wconf 90' lang='lat' dir='ltr'><strong>sit,</strong></span> <span class='ocrx_word' id='word_1_353' title='bbox 537 2013 674 2048; x_wconf 86' lang='lat' dir='ltr'><strong>subjectus</strong></span> <span class='ocrx_word' id='word_1_354' title='bbox 690 2012 797 2039; x_wconf 75' lang='lat' dir='ltr'><strong>futurus</strong></span> <span class='ocrx_word' id='word_1_355' title='bbox 811 2012 847 2038; x_wconf 89' lang='lat' dir='ltr'><strong>sit</strong></span> <span class='ocrx_word' id='word_1_356' title='bbox 862 2015 925 2038; x_wconf 89' lang='lat' dir='ltr'><strong>tunc</strong></span> 
     </span>
    </p>
   </div>
   <div class='ocr_carea' id='block_1_45' title="bbox 141 2055 926 2094">
    <p class='ocr_par' dir='ltr' id='par_1_45' title="bbox 141 2055 926 2094">
     <span class='ocr_line' id='line_1_45' title="bbox 141 2055 926 2094; baseline -0.005 -7"><span class='ocrx_word' id='word_1_357' title='bbox 141 2067 203 2087; x_wconf 93' lang='lat' dir='ltr'><strong>cum</strong></span> <span class='ocrx_word' id='word_1_358' title='bbox 219 2060 296 2094; x_wconf 89' lang='lat' dir='ltr'><strong>prius</strong></span> <span class='ocrx_word' id='word_1_359' title='bbox 310 2059 391 2086; x_wconf 83' lang='lat' dir='ltr'><strong>Pater</strong></span> <span class='ocrx_word' id='word_1_360' title='bbox 404 2058 428 2085; x_wconf 91' lang='lat' dir='ltr'><strong>ei</strong></span> <span class='ocrx_word' id='word_1_361' title='bbox 445 2057 570 2085; x_wconf 88' lang='lat' dir='ltr'><strong>universa</strong></span> <span class='ocrx_word' id='word_1_362' title='bbox 591 2056 748 2091; x_wconf 88' lang='lat' dir='ltr'><strong>subjecerit.</strong></span> <span class='ocrx_word' id='word_1_363' title='bbox 772 2055 825 2084; x_wconf 90' lang='lat' dir='ltr'><strong>Sed</strong></span> <span class='ocrx_word' id='word_1_364' title='bbox 842 2056 926 2083; x_wconf 87' lang='lat' dir='ltr'><strong>miror</strong></span> 
     </span>
    </p>
   </div>
   <div class='ocr_carea' id='block_1_46' title="bbox 141 2102 924 2139">
    <p class='ocr_par' dir='ltr' id='par_1_46' title="bbox 141 2102 924 2139">
     <span class='ocr_line' id='line_1_46' title="bbox 141 2102 924 2139; baseline -0.003 -8"><span class='ocrx_word' id='word_1_365' title='bbox 141 2105 275 2139; x_wconf 90' lang='lat' dir='ltr'><strong>quomodo</strong></span> <span class='ocrx_word' id='word_1_366' title='bbox 289 2104 340 2131; x_wconf 89' lang='lat' dir='ltr'><strong>hoc</strong></span> <span class='ocrx_word' id='word_1_367' title='bbox 355 2103 469 2138; x_wconf 81' lang='lat' dir='ltr'><strong>intelligi</strong></span> <span class='ocrx_word' id='word_1_368' title='bbox 485 2103 583 2137; x_wconf 86' lang='lat' dir='ltr'><strong>possit,</strong></span> <span class='ocrx_word' id='word_1_369' title='bbox 599 2106 627 2130; x_wconf 93' lang='lat' dir='ltr'><strong>ut</strong></span> <span class='ocrx_word' id='word_1_370' title='bbox 641 2102 664 2130; x_wconf 90' lang='lat' dir='ltr'><strong>is</strong></span> <span class='ocrx_word' id='word_1_371' title='bbox 680 2102 726 2136; x_wconf 92' lang='lat' dir='ltr'><strong>qui</strong></span> <span class='ocrx_word' id='word_1_372' title='bbox 743 2102 859 2129; x_wconf 89' lang='lat' dir='ltr'><strong>nondum</strong></span> <span class='ocrx_word' id='word_1_373' title='bbox 873 2102 924 2129; x_wconf 87' lang='lat' dir='ltr'><strong>sibi</strong></span> 
     </span>
    </p>
   </div>
   <div class='ocr_carea' id='block_1_47' title="bbox 141 2146 923 2183">
    <p class='ocr_par' dir='ltr' id='par_1_47' title="bbox 141 2146 923 2183">
     <span class='ocr_line' id='line_1_47' title="bbox 141 2146 923 2183; baseline -0.004 -6"><span class='ocrx_word' id='word_1_374' title='bbox 141 2149 271 2183; x_wconf 85' lang='lat' dir='ltr'><strong>subjectis</strong></span> <span class='ocrx_word' id='word_1_375' title='bbox 284 2148 409 2176; x_wconf 88' lang='lat' dir='ltr'><strong>omnibus</strong></span> <span class='ocrx_word' id='word_1_376' title='bbox 424 2155 477 2175; x_wconf 90' lang='lat' dir='ltr'><strong>non</strong></span> <span class='ocrx_word' id='word_1_377' title='bbox 493 2152 534 2175; x_wconf 86' lang='lat' dir='ltr'><strong>est</strong></span> <span class='ocrx_word' id='word_1_378' title='bbox 549 2148 607 2182; x_wconf 58' lang='lat' dir='ltr'><strong>ipse</strong></span> <span class='ocrx_word' id='word_1_379' title='bbox 622 2146 769 2182; x_wconf 89' lang='lat' dir='ltr'><strong>subjectus,</strong></span> <span class='ocrx_word' id='word_1_380' title='bbox 788 2151 849 2174; x_wconf 92' lang='lat' dir='ltr'><strong>tunc</strong></span> <span class='ocrx_word' id='word_1_381' title='bbox 863 2154 923 2174; x_wconf 89' lang='lat' dir='ltr'><strong>cum</strong></span> 
     </span>
    </p>
   </div>
   <div class='ocr_carea' id='block_1_48' title="bbox 177 2213 562 2246">
    <p class='ocr_par' dir='ltr' id='par_1_48' title="bbox 177 2213 562 2246">
     <span class='ocr_line' id='line_1_48' title="bbox 177 2213 562 2246; baseline -0.008 -3"><span class='ocrx_word' id='word_1_382' title='bbox 177 2215 201 2232; x_wconf 78' lang='lat'><strong>“</strong></span> <span class='ocrx_word' id='word_1_383' title='bbox 215 2214 224 2242; x_wconf 89' lang='lat' dir='ltr'><strong>l</strong></span> <span class='ocrx_word' id='word_1_384' title='bbox 239 2214 301 2242; x_wconf 89' lang='lat' dir='ltr'><strong>Cor.</strong></span> <span class='ocrx_word' id='word_1_385' title='bbox 321 2222 366 2246; x_wconf 77' lang='lat' dir='ltr'><strong>xv,</strong></span> <span class='ocrx_word' id='word_1_386' title='bbox 378 2213 422 2241; x_wconf 72' lang='grc'><strong>28.</strong></span> <span class='ocrx_word' id='word_1_387' title='bbox 461 2213 483 2228; x_wconf 74' lang='grc'><strong>⁸⁸</strong></span> <span class='ocrx_word' id='word_1_388' title='bbox 496 2213 562 2241; x_wconf 89' lang='lat' dir='ltr'><strong>ibid.</strong></span> 
     </span>
    </p>
   </div>
   <div class='ocr_carea' id='block_1_49' title="bbox 176 2278 923 2322">
    <p class='ocr_par' dir='ltr' id='par_1_49' title="bbox 176 2278 923 2322">
     <span class='ocr_line' id='line_1_49' title="bbox 176 2278 923 2322; baseline -0.011 -9"><span class='ocrx_word' id='word_1_389' title='bbox 176 2285 231 2322; x_wconf 73' lang='lat'>(29)</span> <span class='ocrx_word' id='word_1_390' title='bbox 247 2285 293 2312; x_wconf 83' lang='lat' dir='ltr'><strong>Sic</strong></span> <span class='ocrx_word' id='word_1_391' title='bbox 315 2291 380 2312; x_wconf 90' lang='lat' dir='ltr'><strong>mss.</strong></span> <span class='ocrx_word' id='word_1_392' title='bbox 399 2283 470 2322; x_wconf 75' lang='lat' dir='ltr'><strong>Editi</strong></span> <span class='ocrx_word' id='word_1_393' title='bbox 491 2289 567 2322; x_wconf 66' lang='lat' dir='ltr'><strong>vero,</strong></span> <span class='ocrx_word' id='word_1_394' title='bbox 585 2289 599 2321; x_wconf 42' lang='grc' dir='ltr'>ι.</span> <span class='ocrx_word' id='word_1_395' title='bbox 615 2279 742 2322; x_wconf 63' lang='lat' dir='ltr'><strong>docendi.</strong></span> <span class='ocrx_word' id='word_1_396' title='bbox 754 2287 767 2322; x_wconf 22' lang='lat' dir='ltr'><strong>ri</strong></span> <span class='ocrx_word' id='word_1_397' title='bbox 784 2278 867 2322; x_wconf 69' lang='lat' dir='ltr'><strong>Paulo</strong></span> <span class='ocrx_word' id='word_1_398' title='bbox 884 2278 923 2322; x_wconf 88' lang='lat' dir='ltr'><strong>in-</strong></span> 
     </span>
    </p>
   </div>
   <div class='ocr_carea' id='block_1_50' title="bbox 139 2315 923 2354">
    <p class='ocr_par' dir='ltr' id='par_1_50' title="bbox 139 2315 923 2354">
     <span class='ocr_line' id='line_1_50' title="bbox 139 2315 923 2354; baseline -0.011 -6"><span class='ocrx_word' id='word_1_399' title='bbox 139 2315 274 2353; x_wconf 50' lang='lat' dir='ltr'><strong>fra‘rnssq</strong></span> <span class='ocrx_word' id='word_1_400' title='bbox 292 2328 302 2345; x_wconf 84' lang='grc'><strong><em>‹</em></strong></span> <span class='ocrx_word' id='word_1_401' title='bbox 320 2325 388 2353; x_wconf 91' lang='lat' dir='ltr'><strong>quos</strong></span> <span class='ocrx_word' id='word_1_402' title='bbox 402 2317 511 2350; x_wconf 87' lang='lat' dir='ltr'><strong>subjicit</strong></span> <span class='ocrx_word' id='word_1_403' title='bbox 529 2315 600 2354; x_wconf 64' lang='lat' dir='ltr'><strong>Patri</strong></span> <span class='ocrx_word' id='word_1_404' title='bbox 613 2320 643 2354; x_wconf 83' lang='lat' dir='ltr'><strong>_et</strong></span> <span class='ocrx_word' id='word_1_405' title='bbox 663 2315 707 2354; x_wconf 77' lang='lat' dir='ltr'><strong>qui</strong></span> <span class='ocrx_word' id='word_1_406' title='bbox 731 2321 779 2354; x_wconf 81' lang='lat' dir='ltr'><strong>per</strong></span> <span class='ocrx_word' id='word_1_407' title='bbox 800 2321 923 2354; x_wconf 47' lang='lat' dir='ltr'><strong>eumve-</strong></span> 
     </span>
    </p>
   </div>
   <div class='ocr_carea' id='block_1_51' title="bbox 139 2348 923 2386">
    <p class='ocr_par' dir='ltr' id='par_1_51' title="bbox 139 2348 923 2386">
     <span class='ocr_line' id='line_1_51' title="bbox 139 2348 923 2386; baseline -0.013 -3"><span class='ocrx_word' id='word_1_408' title='bbox 139 2357 228 2384; x_wconf 92' lang='lat' dir='ltr'><strong>niunt.</strong></span> <span class='ocrx_word' id='word_1_409' title='bbox 247 2348 298 2382; x_wconf 60' lang='lat' dir='ltr'><strong>sin</strong></span> <span class='ocrx_word' id='word_1_410' title='bbox 320 2348 400 2380; x_wconf 74' lang='lat' dir='ltr'><strong>editis</strong></span> <span class='ocrx_word' id='word_1_411' title='bbox 426 2348 475 2386; x_wconf 69' lang='lat' dir='ltr'><strong>pro</strong></span> <span class='ocrx_word' id='word_1_412' title='bbox 497 2361 505 2377; x_wconf 85' lang='grc' dir='ltr'><strong>ι</strong></span> <span class='ocrx_word' id='word_1_413' title='bbox 524 2350 643 2386; x_wconf 86' lang='lat' dir='ltr'><strong>subjicit_,</strong></span> <span class='ocrx_word' id='word_1_414' title='bbox 665 2348 784 2386; x_wconf 61' lang='lat' dir='ltr'><strong>{legitur</strong></span> <span class='ocrx_word' id='word_1_415' title='bbox 803 2348 923 2386; x_wconf 47' lang='lat' dir='ltr'><strong>{subje-</strong></span> 
     </span>
    </p>
   </div>
   <div class='ocr_carea' id='block_1_52' title="bbox 138 2382 923 2423">
    <p class='ocr_par' dir='ltr' id='par_1_52' title="bbox 138 2382 923 2423">
     <span class='ocr_line' id='line_1_52' title="bbox 138 2382 923 2423; baseline -0.011 -5"><span class='ocrx_word' id='word_1_416' title='bbox 138 2382 188 2423; x_wconf 69' lang='lat' dir='ltr'><strong>Eu,</strong></span> <span class='ocrx_word' id='word_1_417' title='bbox 206 2399 216 2417; x_wconf 75' lang='grc' dir='ltr'><strong>ι</strong></span> <span class='ocrx_word' id='word_1_418' title='bbox 231 2395 258 2417; x_wconf 89' lang='lat' dir='ltr'><strong>et</strong></span> <span class='ocrx_word' id='word_1_419' title='bbox 272 2399 286 2415; x_wconf 67' lang='lat'><strong>4</strong></span> <span class='ocrx_word' id='word_1_420' title='bbox 305 2382 447 2418; x_wconf 82' lang='lat' dir='ltr'><strong>venerunt,</strong></span> <span class='ocrx_word' id='word_1_421' title='bbox 464 2395 472 2411; x_wconf 78' lang='grc' dir='ltr'><strong>ι</strong></span> <span class='ocrx_word' id='word_1_422' title='bbox 488 2393 536 2421; x_wconf 90' lang='lat' dir='ltr'><strong>pro</strong></span> <span class='ocrx_word' id='word_1_423' title='bbox 554 2382 735 2423; x_wconf 59' lang='lat' dir='ltr'><strong>{veniunt._3</strong></span> <span class='ocrx_word' id='word_1_424' title='bbox 753 2382 839 2423; x_wconf 84' lang='lat' dir='ltr'><strong>Paulo</strong></span> <span class='ocrx_word' id='word_1_425' title='bbox 863 2387 923 2423; x_wconf 78' lang='lat' dir='ltr'><strong>post</strong></span> 
     </span>
    </p>
   </div>
   <div class='ocr_carea' id='block_1_53' title="bbox 139 2421 923 2458">
    <p class='ocr_par' dir='ltr' id='par_1_53' title="bbox 139 2421 923 2458">
     <span class='ocr_line' id='line_1_53' title="bbox 139 2421 923 2458; baseline -0.013 -5"><span class='ocrx_word' id='word_1_426' title='bbox 139 2421 218 2458; x_wconf 78' lang='lat' dir='ltr'><strong>mss.,</strong></span> <span class='ocrx_word' id='word_1_427' title='bbox 238 2433 248 2450; x_wconf 75' lang='grc' dir='ltr'><strong>ι</strong></span> <span class='ocrx_word' id='word_1_428' title='bbox 266 2422 409 2458; x_wconf 71' lang='lat' dir='ltr'><strong>omniain</strong></span> <span class='ocrx_word' id='word_1_429' title='bbox 436 2422 494 2455; x_wconf 88' lang='lat' dir='ltr'><strong>ipso</strong></span> <span class='ocrx_word' id='word_1_430' title='bbox 508 2424 632 2458; x_wconf 79' lang='lat' dir='ltr'><strong>constant</strong></span> <span class='ocrx_word' id='word_1_431' title='bbox 651 2421 756 2458; x_wconf 17' lang='lat' dir='ltr'><strong>ctripse</strong></span> <span class='ocrx_word' id='word_1_432' title='bbox 779 2422 821 2445; x_wconf 92' lang='lat' dir='ltr'><strong>est</strong></span> <span class='ocrx_word' id='word_1_433' title='bbox 842 2421 923 2452; x_wconf 87' lang='lat' dir='ltr'><strong>caput</strong></span> 
     </span>
    </p>
   </div>
   <div class='ocr_carea' id='block_1_54' title="bbox 138 2453 921 2492">
    <p class='ocr_par' dir='ltr' id='par_1_54' title="bbox 138 2453 921 2492">
     <span class='ocr_line' id='line_1_54' title="bbox 138 2453 921 2492; baseline -0.014 -4"><span class='ocrx_word' id='word_1_434' title='bbox 138 2453 271 2492; x_wconf 76' lang='lat' dir='ltr'><strong>omnium,</strong></span> <span class='ocrx_word' id='word_1_435' title='bbox 287 2464 314 2485; x_wconf 90' lang='lat' dir='ltr'><strong>et</strong></span> <span class='ocrx_word' id='word_1_436' title='bbox 328 2458 353 2484; x_wconf 95' lang='lat' dir='ltr'><strong>in</strong></span> <span class='ocrx_word' id='word_1_437' title='bbox 367 2453 482 2492; x_wconf 67' lang='lat' dir='ltr'><strong>ipso_es_t</strong></span> <span class='ocrx_word' id='word_1_438' title='bbox 492 2454 573 2492; x_wconf 79' lang='lat' dir='ltr'><strong>salus</strong></span> <span class='ocrx_word' id='word_1_439' title='bbox 588 2453 739 2492; x_wconf 40' lang='lat' dir='ltr'><strong>et‘salutcm</strong></span> <span class='ocrx_word' id='word_1_440' title='bbox 754 2459 921 2492; x_wconf 78' lang='lat' dir='ltr'><strong>consequen-</strong></span> 
     </span>
    </p>
   </div>
   <div class='ocr_carea' id='block_1_55' title="bbox 139 2487 922 2528">
    <p class='ocr_par' dir='ltr' id='par_1_55' title="bbox 139 2487 922 2528">
     <span class='ocr_line' id='line_1_55' title="bbox 139 2487 922 2528; baseline -0.013 -6"><span class='ocrx_word' id='word_1_441' title='bbox 139 2496 205 2521; x_wconf 87' lang='lat' dir='ltr'><strong>tiurn</strong></span> <span class='ocrx_word' id='word_1_442' title='bbox 227 2487 404 2528; x_wconf 42' lang='lat' dir='ltr'><strong>plenitudofi</strong></span> <span class='ocrx_word' id='word_1_443' title='bbox 426 2490 510 2520; x_wconf 87' lang='lat' dir='ltr'><strong>Editi,</strong></span> <span class='ocrx_word' id='word_1_444' title='bbox 526 2498 536 2514; x_wconf 84' lang='grc'><strong>‹</strong></span> <span class='ocrx_word' id='word_1_445' title='bbox 554 2488 794 2528; x_wconf 80' lang='lat' dir='ltr'><strong>omttia_constant</strong></span> <span class='ocrx_word' id='word_1_446' title='bbox 815 2491 843 2513; x_wconf 87' lang='lat' dir='ltr'><strong>et</strong></span> <span class='ocrx_word' id='word_1_447' title='bbox 866 2487 922 2520; x_wconf 90' lang='lat' dir='ltr'><strong>ipse</strong></span> 
     </span>
    </p>
   </div>
   <div class='ocr_carea' id='block_1_56' title="bbox 138 2523 920 2563">
    <p class='ocr_par' dir='ltr' id='par_1_56' title="bbox 138 2523 920 2563">
     <span class='ocr_line' id='line_1_56' title="bbox 138 2523 920 2563; baseline -0.013 -6"><span class='ocrx_word' id='word_1_448' title='bbox 138 2534 182 2556; x_wconf 83' lang='lat' dir='ltr'><strong>est</strong></span> <span class='ocrx_word' id='word_1_449' title='bbox 194 2523 284 2563; x_wconf 78' lang='lat' dir='ltr'><strong>caput.</strong></span> <span class='ocrx_word' id='word_1_450' title='bbox 297 2528 382 2563; x_wconf 80' lang='lat' dir='ltr'><strong>Etiam</strong></span> <span class='ocrx_word' id='word_1_451' title='bbox 399 2527 457 2560; x_wconf 85' lang='lat' dir='ltr'><strong>ipse</strong></span> <span class='ocrx_word' id='word_1_452' title='bbox 472 2529 513 2552; x_wconf 88' lang='lat' dir='ltr'><strong>est</strong></span> <span class='ocrx_word' id='word_1_453' title='bbox 527 2523 608 2556; x_wconf 80' lang='lat' dir='ltr'><strong>salus,</strong></span> <span class='ocrx_word' id='word_1_454' title='bbox 619 2523 735 2550; x_wconf 88' lang='lat' dir='ltr'><strong>salutem</strong></span> <span class='ocrx_word' id='word_1_455' title='bbox 750 2529 920 2556; x_wconf 85' lang='lat' dir='ltr'><strong>consequen-</strong></span> 
     </span>
    </p>
   </div>
   <div class='ocr_carea' id='block_1_57' title="bbox 140 2562 397 2597">
    <p class='ocr_par' dir='ltr' id='par_1_57' title="bbox 140 2562 397 2597">
     <span class='ocr_line' id='line_1_57' title="bbox 140 2562 397 2597; baseline -0.016 -7"><span class='ocrx_word' id='word_1_456' title='bbox 140 2564 206 2591; x_wconf 92' lang='lat' dir='ltr'><strong>tium</strong></span> <span class='ocrx_word' id='word_1_457' title='bbox 223 2562 368 2597; x_wconf 81' lang='lat' dir='ltr'><strong>plenitudo.</strong></span> <span class='ocrx_word' id='word_1_458' title='bbox 388 2570 397 2586; x_wconf 74' lang='grc' dir='ltr'><strong>ι</strong></span> 
     </span>
    </p>
   </div>
   <div class='ocr_carea' id='block_1_58' title="bbox 175 2590 767 2633">
    <p class='ocr_par' dir='ltr' id='par_1_58' title="bbox 175 2590 767 2633">
     <span class='ocr_line' id='line_1_58' title="bbox 175 2590 767 2633; baseline -0.014 -8"><span class='ocrx_word' id='word_1_459' title='bbox 175 2590 345 2633; x_wconf 23' lang='grc' dir='ltr'><strong>(ὂυδγγὶιίθκξ.</strong></span> <span class='ocrx_word' id='word_1_460' title='bbox 362 2603 392 2623; x_wconf 87' lang='grc' dir='ltr'>ιιι</span> <span class='ocrx_word' id='word_1_461' title='bbox 406 2594 569 2633; x_wconf 59' lang='lat' dir='ltr'><strong>(inigenium,</strong></span> <span class='ocrx_word' id='word_1_462' title='bbox 584 2599 611 2627; x_wconf 90' lang='lat' dir='ltr'><strong>q.</strong></span> <span class='ocrx_word' id='word_1_463' title='bbox 624 2591 669 2632; x_wconf 42' lang='lat' dir='ltr'><strong>l‘l.</strong></span> <span class='ocrx_word' id='word_1_464' title='bbox 685 2590 767 2633; x_wconf 25' lang='lat' dir='ltr'><strong>niti-6.</strong></span> 
     </span>
    </p>
   </div>
   <div class='ocr_carea' id='block_1_59' title="bbox 173 2625 922 2668">
    <p class='ocr_par' dir='ltr' id='par_1_59' title="bbox 173 2625 922 2668">
     <span class='ocr_line' id='line_1_59' title="bbox 173 2625 922 2668; baseline -0.013 -8"><span class='ocrx_word' id='word_1_465' title='bbox 173 2625 304 2668; x_wconf 58' lang='lat' dir='ltr'><strong>(ﬁleM.</strong></span> <span class='ocrx_word' id='word_1_466' title='bbox 314 2631 390 2668; x_wconf 72' lang='lat' dir='ltr'><strong>Hauc</strong></span> <span class='ocrx_word' id='word_1_467' title='bbox 403 2625 629 2668; x_wconf 67' lang='lat' dir='ltr'><strong>particulamqu</strong></span> <span class='ocrx_word' id='word_1_468' title='bbox 639 2627 664 2653; x_wconf 91' lang='lat' dir='ltr'><strong>in</strong></span> <span class='ocrx_word' id='word_1_469' title='bbox 675 2626 754 2668; x_wconf 79' lang='lat' dir='ltr'><strong>editis</strong></span> <span class='ocrx_word' id='word_1_470' title='bbox 768 2625 869 2668; x_wconf 47' lang='lat' dir='ltr'><strong>deerat,</strong></span> <span class='ocrx_word' id='word_1_471' title='bbox 877 2631 922 2668; x_wconf 57' lang='lat' dir='ltr'><strong>re:</strong></span> 
     </span>
    </p>
   </div>
   <div class='ocr_carea' id='block_1_60' title="bbox 140 2660 920 2695">
    <p class='ocr_par' dir='ltr' id='par_1_60' title="bbox 140 2660 920 2695">
     <span class='ocr_line' id='line_1_60' title="bbox 140 2660 920 2695; baseline -0.014 0"><span class='ocrx_word' id='word_1_472' title='bbox 140 2660 257 2695; x_wconf 69' lang='lat' dir='ltr'><strong>stiiuutit</strong></span> <span class='ocrx_word' id='word_1_473' title='bbox 266 2674 333 2693; x_wconf 83' lang='lat' dir='ltr'><strong>mss.</strong></span> <span class='ocrx_word' id='word_1_474' title='bbox 346 2660 430 2692; x_wconf 82' lang='lat' dir='ltr'><strong>Paulo</strong></span> <span class='ocrx_word' id='word_1_475' title='bbox 440 2664 508 2690; x_wconf 77' lang='lat' dir='ltr'><strong>infra</strong></span> <span class='ocrx_word' id='word_1_476' title='bbox 526 2660 601 2694; x_wconf 74' lang='lat' dir='ltr'><strong>mss.,</strong></span> <span class='ocrx_word' id='word_1_477' title='bbox 614 2671 624 2687; x_wconf 80' lang='grc' dir='ltr'><strong>ι</strong></span> <span class='ocrx_word' id='word_1_478' title='bbox 637 2662 781 2689; x_wconf 83' lang='lat' dir='ltr'><strong>secundum</strong></span> <span class='ocrx_word' id='word_1_479' title='bbox 794 2660 864 2693; x_wconf 89' lang='lat' dir='ltr'><strong>quod</strong></span> <span class='ocrx_word' id='word_1_480' title='bbox 877 2660 920 2685; x_wconf 91' lang='lat' dir='ltr'><strong>isti</strong></span> 
     </span>
    </p>
   </div>
   <div class='ocr_carea' id='block_1_61' title="bbox 141 2695 917 2734">
    <p class='ocr_par' dir='ltr' id='par_1_61' title="bbox 141 2695 917 2734">
     <span class='ocr_line' id='line_1_61' title="bbox 141 2695 917 2734; baseline -0.013 -5"><span class='ocrx_word' id='word_1_481' title='bbox 141 2703 242 2729; x_wconf 83' lang='lat' dir='ltr'><strong>volunt.</strong></span> <span class='ocrx_word' id='word_1_482' title='bbox 260 2711 269 2726; x_wconf 78' lang='grc' dir='ltr'><strong>ι</strong></span> <span class='ocrx_word' id='word_1_483' title='bbox 284 2701 311 2728; x_wconf 90' lang='lat' dir='ltr'><strong>In</strong></span> <span class='ocrx_word' id='word_1_484' title='bbox 326 2700 406 2728; x_wconf 85' lang='lat' dir='ltr'><strong>editis</strong></span> <span class='ocrx_word' id='word_1_485' title='bbox 424 2706 472 2734; x_wconf 77' lang='lat' dir='ltr'><strong>pro</strong></span> <span class='ocrx_word' id='word_1_486' title='bbox 485 2707 494 2724; x_wconf 81' lang='grc' dir='ltr'><strong>ι</strong></span> <span class='ocrx_word' id='word_1_487' title='bbox 510 2698 600 2734; x_wconf 87' lang='lat' dir='ltr'><strong>volunt</strong></span> <span class='ocrx_word' id='word_1_488' title='bbox 616 2706 625 2723; x_wconf 76' lang='grc' dir='ltr'><strong>ι</strong></span> <span class='ocrx_word' id='word_1_489' title='bbox 641 2696 741 2734; x_wconf 76' lang='lat' dir='ltr'><strong>legitur</strong></span> <span class='ocrx_word' id='word_1_490' title='bbox 753 2695 897 2734; x_wconf 75' lang='lat' dir='ltr'><strong>.t_dicuut._</strong></span> <span class='ocrx_word' id='word_1_491' title='bbox 908 2702 917 2718; x_wconf 75' lang='grc' dir='ltr'><strong>ι</strong></span> 
     </span>
    </p>
   </div>
   <div class='ocr_carea' id='block_1_62' title="bbox 139 2728 920 2769">
    <p class='ocr_par' dir='ltr' id='par_1_62' title="bbox 139 2728 920 2769">
     <span class='ocr_line' id='line_1_62' title="bbox 139 2728 920 2769; baseline -0.012 -6"><span class='ocrx_word' id='word_1_492' title='bbox 139 2728 222 2763; x_wconf 74' lang='lat' dir='ltr'><strong>Paule</strong></span> <span class='ocrx_word' id='word_1_493' title='bbox 236 2740 295 2769; x_wconf 88' lang='lat' dir='ltr'><strong>post</strong></span> <span class='ocrx_word' id='word_1_494' title='bbox 310 2742 373 2762; x_wconf 89' lang='lat' dir='ltr'><strong>mss.</strong></span> <span class='ocrx_word' id='word_1_495' title='bbox 389 2742 396 2760; x_wconf 88' lang='lat'><strong>:</strong></span> <span class='ocrx_word' id='word_1_496' title='bbox 415 2728 474 2769; x_wconf 58' lang='lat' dir='ltr'><strong>{lit</strong></span> <span class='ocrx_word' id='word_1_497' title='bbox 491 2732 568 2767; x_wconf 84' lang='lat' dir='ltr'><strong>quasi</strong></span> <span class='ocrx_word' id='word_1_498' title='bbox 580 2733 604 2769; x_wconf 75' lang='lat' dir='ltr'><strong>is</strong></span> <span class='ocrx_word' id='word_1_499' title='bbox 615 2728 749 2769; x_wconf 43' lang='lat' dir='ltr'><strong>qui‘nunc</strong></span> <span class='ocrx_word' id='word_1_500' title='bbox 766 2729 843 2769; x_wconf 59' lang='lat' dir='ltr'><strong>Patri</strong></span> <span class='ocrx_word' id='word_1_501' title='bbox 857 2728 920 2755; x_wconf 92' lang='lat' dir='ltr'><strong>sub-</strong></span> 
     </span>
    </p>
   </div>
   <div class='ocr_carea' id='block_1_63' title="bbox 141 2765 920 2803">
    <p class='ocr_par' dir='ltr' id='par_1_63' title="bbox 141 2765 920 2803">
     <span class='ocr_line' id='line_1_63' title="bbox 141 2765 920 2803; baseline -0.013 -6"><span class='ocrx_word' id='word_1_502' title='bbox 141 2765 311 2803; x_wconf 54' lang='lat' dir='ltr'><strong>iectus-non</strong></span> <span class='ocrx_word' id='word_1_503' title='bbox 337 2768 388 2799; x_wconf 89' lang='lat' dir='ltr'><strong>sit,</strong></span> <span class='ocrx_word' id='word_1_504' title='bbox 416 2765 553 2802; x_wconf 78' lang='lat' dir='ltr'><strong>subjectus</strong></span> <span class='ocrx_word' id='word_1_505' title='bbox 578 2765 685 2803; x_wconf 80' lang='lat' dir='ltr'><strong>futurus</strong></span> <span class='ocrx_word' id='word_1_506' title='bbox 705 2765 746 2803; x_wconf 64' lang='lat' dir='ltr'><strong>sit</strong></span> <span class='ocrx_word' id='word_1_507' title='bbox 766 2766 830 2803; x_wconf 78' lang='lat' dir='ltr'><strong>tune</strong></span> <span class='ocrx_word' id='word_1_508' title='bbox 858 2769 920 2789; x_wconf 88' lang='lat' dir='ltr'><strong>cum</strong></span> 
     </span>
    </p>
   </div>
   <div class='ocr_carea' id='block_1_64' title="bbox 139 2798 920 2841">
    <p class='ocr_par' dir='ltr' id='par_1_64' title="bbox 139 2798 920 2841">
     <span class='ocr_line' id='line_1_64' title="bbox 139 2798 920 2841; baseline -0.012 -7"><span class='ocrx_word' id='word_1_509' title='bbox 139 2798 215 2841; x_wconf 70' lang='lat' dir='ltr'><strong>prius</strong></span> <span class='ocrx_word' id='word_1_510' title='bbox 229 2805 309 2834; x_wconf 82' lang='lat' dir='ltr'><strong>Pater</strong></span> <span class='ocrx_word' id='word_1_511' title='bbox 329 2805 364 2833; x_wconf 88' lang='lat' dir='ltr'><strong>ei.</strong></span> <span class='ocrx_word' id='word_1_512' title='bbox 382 2798 392 2831; x_wconf 55' lang='grc' dir='ltr'><strong>ι</strong></span> <span class='ocrx_word' id='word_1_513' title='bbox 407 2798 488 2838; x_wconf 84' lang='lat' dir='ltr'><strong>Edili,</strong></span> <span class='ocrx_word' id='word_1_514' title='bbox 505 2811 514 2829; x_wconf 85' lang='grc' dir='ltr'><strong>ι</strong></span> <span class='ocrx_word' id='word_1_515' title='bbox 532 2807 560 2831; x_wconf 87' lang='grc' dir='ltr'><strong>ιιι</strong></span> <span class='ocrx_word' id='word_1_516' title='bbox 581 2801 626 2836; x_wconf 86' lang='lat' dir='ltr'><strong>qui</strong></span> <span class='ocrx_word' id='word_1_517' title='bbox 646 2799 724 2836; x_wconf 84' lang='lat' dir='ltr'><strong>quasi</strong></span> <span class='ocrx_word' id='word_1_518' title='bbox 740 2799 763 2826; x_wconf 87' lang='lat' dir='ltr'><strong>is</strong></span> <span class='ocrx_word' id='word_1_519' title='bbox 777 2798 824 2833; x_wconf 85' lang='lat' dir='ltr'><strong>qui</strong></span> <span class='ocrx_word' id='word_1_520' title='bbox 848 2803 920 2825; x_wconf 80' lang='lat' dir='ltr'><strong>nunc</strong></span> 
     </span>
    </p>
   </div>
   <div class='ocr_carea' id='block_1_65' title="bbox 996 278 1785 316">
    <p class='ocr_par' dir='ltr' id='par_1_65' title="bbox 996 278 1785 316">
     <span class='ocr_line' id='line_1_65' title="bbox 996 278 1785 316; baseline 0.008 -11"><span class='ocrx_word' id='word_1_521' title='bbox 996 278 1178 315; x_wconf 82' lang='lat' dir='ltr'><strong>intelligentes</strong></span> <span class='ocrx_word' id='word_1_522' title='bbox 1192 283 1263 315; x_wconf 89' lang='lat' dir='ltr'><strong>quod</strong></span> <span class='ocrx_word' id='word_1_523' title='bbox 1272 281 1406 316; x_wconf 89' lang='lat' dir='ltr'><strong>subjectio</strong></span> <span class='ocrx_word' id='word_1_524' title='bbox 1417 282 1518 309; x_wconf 79' lang='lat' dir='ltr'><strong>Christi</strong></span> <span class='ocrx_word' id='word_1_525' title='bbox 1534 284 1567 310; x_wconf 87' lang='lat' dir='ltr'><strong>ad</strong></span> <span class='ocrx_word' id='word_1_526' title='bbox 1578 283 1687 311; x_wconf 81' lang='lat' dir='ltr'><strong>Patrem</strong></span> <span class='ocrx_word' id='word_1_527' title='bbox 1700 286 1785 313; x_wconf 61' lang='lat' dir='ltr'><strong>beati»</strong></span> 
     </span>
    </p>
   </div>
   <div class='ocr_carea' id='block_1_66' title="bbox 996 327 1785 365">
    <p class='ocr_par' dir='ltr' id='par_1_66' title="bbox 996 327 1785 365">
     <span class='ocr_line' id='line_1_66' title="bbox 996 327 1785 365; baseline 0.006 -12"><span class='ocrx_word' id='word_1_528' title='bbox 996 327 1116 353; x_wconf 87' lang='lat' dir='ltr'><strong>tudinem</strong></span> <span class='ocrx_word' id='word_1_529' title='bbox 1129 332 1230 354; x_wconf 84' lang='lat' dir='ltr'><strong>nostrae</strong></span> <span class='ocrx_word' id='word_1_530' title='bbox 1241 327 1417 361; x_wconf 77' lang='lat' dir='ltr'><strong>perfectionis</strong></span> <span class='ocrx_word' id='word_1_531' title='bbox 1427 328 1560 362; x_wconf 85' lang='lat' dir='ltr'><strong>ostendit,</strong></span> <span class='ocrx_word' id='word_1_532' title='bbox 1573 334 1600 356; x_wconf 92' lang='lat' dir='ltr'><strong>et</strong></span> <span class='ocrx_word' id='word_1_533' title='bbox 1609 332 1733 365; x_wconf 89' lang='lat' dir='ltr'><strong>suscepti</strong></span> <span class='ocrx_word' id='word_1_534' title='bbox 1752 331 1785 358; x_wconf 91' lang='lat' dir='ltr'><strong>ab</strong></span> 
     </span>
    </p>
   </div>
   <div class='ocr_carea' id='block_1_67' title="bbox 993 371 1783 411">
    <p class='ocr_par' dir='ltr' id='par_1_67' title="bbox 993 371 1783 411">
     <span class='ocr_line' id='line_1_67' title="bbox 993 371 1783 411; baseline 0.004 -11"><span class='ocrx_word' id='word_1_535' title='bbox 993 380 1025 400; x_wconf 91' lang='lat' dir='ltr'><strong>eo</strong></span> <span class='ocrx_word' id='word_1_536' title='bbox 1041 373 1131 408; x_wconf 89' lang='lat' dir='ltr'><strong>operis</strong></span> <span class='ocrx_word' id='word_1_537' title='bbox 1145 372 1259 407; x_wconf 89' lang='lat' dir='ltr'><strong>palmam</strong></span> <span class='ocrx_word' id='word_1_538' title='bbox 1274 371 1404 405; x_wconf 88' lang='lat' dir='ltr'><strong>declara‘,</strong></span> <span class='ocrx_word' id='word_1_539' title='bbox 1419 380 1479 400; x_wconf 91' lang='lat' dir='ltr'><strong>cum</strong></span> <span class='ocrx_word' id='word_1_540' title='bbox 1495 381 1549 400; x_wconf 92' lang='lat' dir='ltr'><strong>non</strong></span> <span class='ocrx_word' id='word_1_541' title='bbox 1566 374 1654 402; x_wconf 91' lang='lat' dir='ltr'><strong>solum</strong></span> <span class='ocrx_word' id='word_1_542' title='bbox 1672 377 1783 411; x_wconf 74' lang='lat' dir='ltr'><strong>regendi</strong></span> 
     </span>
    </p>
   </div>
   <div class='ocr_carea' id='block_1_68' title="bbox 993 418 1783 452">
    <p class='ocr_par' dir='ltr' id='par_1_68' title="bbox 993 418 1783 452">
     <span class='ocr_line' id='line_1_68' title="bbox 993 418 1783 452; baseline 0.004 -8"><span class='ocrx_word' id='word_1_543' title='bbox 993 425 1024 445; x_wconf 90' lang='lat' dir='ltr'><strong>ac</strong></span> <span class='ocrx_word' id='word_1_544' title='bbox 1039 418 1167 452; x_wconf 78' lang='lat' dir='ltr'><strong>regnandi</strong></span> <span class='ocrx_word' id='word_1_545' title='bbox 1183 425 1316 445; x_wconf 88' lang='lat' dir='ltr'><strong>summam</strong></span> <span class='ocrx_word' id='word_1_546' title='bbox 1332 425 1413 452; x_wconf 90' lang='lat' dir='ltr'><strong>quam</strong></span> <span class='ocrx_word' id='word_1_547' title='bbox 1435 418 1462 444; x_wconf 94' lang='lat' dir='ltr'><strong>in</strong></span> <span class='ocrx_word' id='word_1_548' title='bbox 1476 418 1632 446; x_wconf 85' lang='lat' dir='ltr'><strong>universam</strong></span> <span class='ocrx_word' id='word_1_549' title='bbox 1651 420 1783 447; x_wconf 85' lang='lat' dir='ltr'><strong>emenda-</strong></span> 
     </span>
    </p>
   </div>
   <div class='ocr_carea' id='block_1_69' title="bbox 994 463 1784 496">
    <p class='ocr_par' dir='ltr' id='par_1_69' title="bbox 994 463 1784 496">
     <span class='ocr_line' id='line_1_69' title="bbox 994 463 1784 496; baseline 0.005 -7"><span class='ocrx_word' id='word_1_550' title='bbox 994 463 1063 490; x_wconf 82' lang='lat' dir='ltr'><strong>verit</strong></span> <span class='ocrx_word' id='word_1_551' title='bbox 1080 468 1245 496; x_wconf 84' lang='lat' dir='ltr'><strong>creaturam,</strong></span> <span class='ocrx_word' id='word_1_552' title='bbox 1262 471 1355 490; x_wconf 87' lang='lat' dir='ltr'><strong>verutu</strong></span> <span class='ocrx_word' id='word_1_553' title='bbox 1376 463 1459 490; x_wconf 89' lang='lat' dir='ltr'><strong>etiam</strong></span> <span class='ocrx_word' id='word_1_554' title='bbox 1481 464 1642 493; x_wconf 74' lang='lat' dir='ltr'><strong>obedientia:</strong></span> <span class='ocrx_word' id='word_1_555' title='bbox 1664 470 1692 493; x_wconf 86' lang='lat' dir='ltr'><strong>et</strong></span> <span class='ocrx_word' id='word_1_556' title='bbox 1720 466 1784 494; x_wconf 86' lang='lat' dir='ltr'><strong>sub-</strong></span> 
     </span>
    </p>
   </div>
   <div class='ocr_carea' id='block_1_70' title="bbox 988 509 1783 546">
    <p class='ocr_par' dir='ltr' id='par_1_70' title="bbox 988 509 1783 546">
     <span class='ocr_line' id='line_1_70' title="bbox 988 509 1783 546; baseline 0.003 -10"><span class='ocrx_word' id='word_1_557' title='bbox 988 509 1116 543; x_wconf 90' lang='lat' dir='ltr'><strong>jectionis</strong></span> <span class='ocrx_word' id='word_1_558' title='bbox 1136 514 1258 537; x_wconf 84' lang='lat' dir='ltr'><strong>correcta</strong></span> <span class='ocrx_word' id='word_1_559' title='bbox 1280 510 1336 546; x_wconf 71' lang='lat'><strong>(5‘2)</strong></span> <span class='ocrx_word' id='word_1_560' title='bbox 1354 515 1532 545; x_wconf 85' lang='lat' dir='ltr'><strong>reparataque</strong></span> <span class='ocrx_word' id='word_1_561' title='bbox 1547 510 1658 538; x_wconf 88' lang='lat' dir='ltr'><strong>humani</strong></span> <span class='ocrx_word' id='word_1_562' title='bbox 1673 512 1783 546; x_wconf 76' lang='lat' dir='ltr'><strong>generis</strong></span> 
     </span>
    </p>
   </div>
   <div class='ocr_carea' id='block_1_71' title="bbox 990 555 1783 591">
    <p class='ocr_par' dir='ltr' id='par_1_71' title="bbox 990 555 1783 591">
     <span class='ocr_line' id='line_1_71' title="bbox 990 555 1783 591; baseline 0.003 -9"><span class='ocrx_word' id='word_1_563' title='bbox 990 555 1064 583; x_wconf 86' lang='lat' dir='ltr'><strong>Patri</strong></span> <span class='ocrx_word' id='word_1_564' title='bbox 1091 555 1187 583; x_wconf 74' lang='lat' dir='ltr'><strong>olferat</strong></span> <span class='ocrx_word' id='word_1_565' title='bbox 1218 556 1350 584; x_wconf 88' lang='lat' dir='ltr'><strong>instituta.</strong></span> <span class='ocrx_word' id='word_1_566' title='bbox 1377 557 1405 584; x_wconf 89' lang='lat' dir='ltr'><strong>Si</strong></span> <span class='ocrx_word' id='word_1_567' title='bbox 1428 564 1495 591; x_wconf 79' lang='lat' dir='ltr'><strong>ergo</strong></span> <span class='ocrx_word' id='word_1_568' title='bbox 1526 557 1594 584; x_wconf 86' lang='lat' dir='ltr'><strong>bona</strong></span> <span class='ocrx_word' id='word_1_569' title='bbox 1619 561 1648 584; x_wconf 89' lang='lat' dir='ltr'><strong>et</strong></span> <span class='ocrx_word' id='word_1_570' title='bbox 1679 557 1783 584; x_wconf 58' lang='lat' dir='ltr'><strong>saluta-</strong></span> 
     </span>
    </p>
   </div>
   <div class='ocr_carea' id='block_1_72' title="bbox 991 603 1780 639">
    <p class='ocr_par' dir='ltr' id='par_1_72' title="bbox 991 603 1780 639">
     <span class='ocr_line' id='line_1_72' title="bbox 991 603 1780 639; baseline 0 -9"><span class='ocrx_word' id='word_1_571' title='bbox 991 604 1027 630; x_wconf 87' lang='lat' dir='ltr'><strong>ris</strong></span> <span class='ocrx_word' id='word_1_572' title='bbox 1056 604 1188 638; x_wconf 89' lang='lat' dir='ltr'><strong>accipitur</strong></span> <span class='ocrx_word' id='word_1_573' title='bbox 1213 604 1264 631; x_wconf 88' lang='lat' dir='ltr'><strong>ista</strong></span> <span class='ocrx_word' id='word_1_574' title='bbox 1288 604 1421 638; x_wconf 88' lang='lat' dir='ltr'><strong>subjectio</strong></span> <span class='ocrx_word' id='word_1_575' title='bbox 1436 612 1487 639; x_wconf 92' lang='lat' dir='ltr'><strong>qua</strong></span> <span class='ocrx_word' id='word_1_576' title='bbox 1513 603 1650 638; x_wconf 88' lang='lat' dir='ltr'><strong>subjectus</strong></span> <span class='ocrx_word' id='word_1_577' title='bbox 1665 611 1729 631; x_wconf 87' lang='lat' dir='ltr'><strong>esse</strong></span> <span class='ocrx_word' id='word_1_578' title='bbox 1741 604 1780 630; x_wconf 87' lang='lat' dir='ltr'><strong>di-</strong></span> 
     </span>
    </p>
   </div>
   <div class='ocr_carea' id='block_1_73' title="bbox 989 649 1779 685">
    <p class='ocr_par' dir='ltr' id='par_1_73' title="bbox 989 649 1779 685">
     <span class='ocr_line' id='line_1_73' title="bbox 989 649 1779 685; baseline 0 -9"><span class='ocrx_word' id='word_1_579' title='bbox 989 649 1059 676; x_wconf 90' lang='lat' dir='ltr'><strong>citur</strong></span> <span class='ocrx_word' id='word_1_580' title='bbox 1074 649 1158 676; x_wconf 80' lang='lat' dir='ltr'><strong>Filius</strong></span> <span class='ocrx_word' id='word_1_581' title='bbox 1169 649 1242 676; x_wconf 89' lang='lat' dir='ltr'><strong>Patri</strong></span> <span class='ocrx_word' id='word_1_582' title='bbox 1253 649 1309 685; x_wconf 81' lang='grc'><strong>(55)</strong></span> <span class='ocrx_word' id='word_1_583' title='bbox 1317 669 1325 681; x_wconf 83' lang='grc'><em>,</em></span> <span class='ocrx_word' id='word_1_584' title='bbox 1340 650 1416 676; x_wconf 89' lang='lat' dir='ltr'><strong>valde</strong></span> <span class='ocrx_word' id='word_1_585' title='bbox 1426 657 1594 684; x_wconf 85' lang='lat' dir='ltr'><strong>consequens</strong></span> <span class='ocrx_word' id='word_1_586' title='bbox 1601 653 1627 676; x_wconf 89' lang='lat' dir='ltr'><strong>et</strong></span> <span class='ocrx_word' id='word_1_587' title='bbox 1638 650 1779 676; x_wconf 68' lang='lat' dir='ltr'><strong>cohaerens</strong></span> 
     </span>
    </p>
   </div>
   <div class='ocr_carea' id='block_1_74' title="bbox 987 694 1778 730">
    <p class='ocr_par' dir='ltr' id='par_1_74' title="bbox 987 694 1778 730">
     <span class='ocr_line' id='line_1_74' title="bbox 987 694 1778 730; baseline -0.001 -8"><span class='ocrx_word' id='word_1_588' title='bbox 987 699 1070 722; x_wconf 83' lang='lat' dir='ltr'><strong>estut</strong></span> <span class='ocrx_word' id='word_1_589' title='bbox 1086 700 1113 722; x_wconf 90' lang='lat' dir='ltr'><strong>et</strong></span> <span class='ocrx_word' id='word_1_590' title='bbox 1127 695 1296 722; x_wconf 87' lang='lat' dir='ltr'><strong>inimicorum</strong></span> <span class='ocrx_word' id='word_1_591' title='bbox 1310 703 1370 730; x_wconf 63' lang='lat' dir='ltr'><strong>quae</strong></span> <span class='ocrx_word' id='word_1_592' title='bbox 1383 695 1482 722; x_wconf 86' lang='lat' dir='ltr'><strong>dicitur</strong></span> <span class='ocrx_word' id='word_1_593' title='bbox 1494 694 1562 721; x_wconf 89' lang='lat' dir='ltr'><strong>Filio</strong></span> <span class='ocrx_word' id='word_1_594' title='bbox 1577 694 1624 721; x_wconf 86' lang='lat' dir='ltr'><strong>Dei</strong></span> <span class='ocrx_word' id='word_1_595' title='bbox 1641 702 1703 721; x_wconf 85' lang='lat' dir='ltr'><strong>esse</strong></span> <span class='ocrx_word' id='word_1_596' title='bbox 1715 694 1778 722; x_wconf 88' lang='lat' dir='ltr'><strong>sub-</strong></span> 
     </span>
    </p>
   </div>
   <div class='ocr_carea' id='block_1_75' title="bbox 984 740 1777 776">
    <p class='ocr_par' dir='ltr' id='par_1_75' title="bbox 984 740 1777 776">
     <span class='ocr_line' id='line_1_75' title="bbox 984 740 1777 776; baseline -0.001 -9"><span class='ocrx_word' id='word_1_597' title='bbox 984 740 1076 776; x_wconf 88' lang='lat' dir='ltr'><strong>jectio,</strong></span> <span class='ocrx_word' id='word_1_598' title='bbox 1097 740 1224 767; x_wconf 88' lang='lat' dir='ltr'><strong>salutaris</strong></span> <span class='ocrx_word' id='word_1_599' title='bbox 1249 741 1371 774; x_wconf 64' lang='lat' dir='ltr'><strong>quaedam</strong></span> <span class='ocrx_word' id='word_1_600' title='bbox 1397 740 1564 775; x_wconf 83' lang='lat' dir='ltr'><strong>intelligatur</strong></span> <span class='ocrx_word' id='word_1_601' title='bbox 1587 745 1615 768; x_wconf 89' lang='lat' dir='ltr'><strong>et</strong></span> <span class='ocrx_word' id='word_1_602' title='bbox 1638 740 1730 773; x_wconf 88' lang='lat' dir='ltr'><strong>utilis;</strong></span> <span class='ocrx_word' id='word_1_603' title='bbox 1748 744 1777 766; x_wconf 91' lang='lat' dir='ltr'><strong>ut</strong></span> 
     </span>
    </p>
   </div>
   <div class='ocr_carea' id='block_1_76' title="bbox 987 785 1776 820">
    <p class='ocr_par' dir='ltr' id='par_1_76' title="bbox 987 785 1776 820">
     <span class='ocr_line' id='line_1_76' title="bbox 987 785 1776 820; baseline -0.004 -6"><span class='ocrx_word' id='word_1_604' title='bbox 987 787 1057 814; x_wconf 92' lang='lat' dir='ltr'><strong>sicut</strong></span> <span class='ocrx_word' id='word_1_605' title='bbox 1071 793 1131 814; x_wconf 92' lang='lat' dir='ltr'><strong>cum</strong></span> <span class='ocrx_word' id='word_1_606' title='bbox 1152 785 1250 813; x_wconf 89' lang='lat' dir='ltr'><strong>dicitur</strong></span> <span class='ocrx_word' id='word_1_607' title='bbox 1277 785 1364 812; x_wconf 85' lang='lat' dir='ltr'><strong>Filius</strong></span> <span class='ocrx_word' id='word_1_608' title='bbox 1387 785 1459 813; x_wconf 83' lang='lat' dir='ltr'><strong>Patri</strong></span> <span class='ocrx_word' id='word_1_609' title='bbox 1481 785 1627 819; x_wconf 87' lang='lat' dir='ltr'><strong>subjectus,</strong></span> <span class='ocrx_word' id='word_1_610' title='bbox 1654 786 1776 820; x_wconf 80' lang='lat' dir='ltr'><strong>perfecta</strong></span> 
     </span>
    </p>
   </div>
   <div class='ocr_carea' id='block_1_77' title="bbox 952 820 1775 861">
    <p class='ocr_par' dir='ltr' id='par_1_77' title="bbox 952 820 1775 861">
     <span class='ocr_line' id='line_1_77' title="bbox 952 820 1775 861; baseline 0 -4"><span class='ocrx_word' id='word_1_611' title='bbox 952 820 973 847; x_wconf 78' lang='grc' dir='ltr'><strong>Β</strong></span> <span class='ocrx_word' id='word_1_612' title='bbox 988 831 1122 858; x_wconf 77' lang='lat' dir='ltr'><strong>universa:</strong></span> <span class='ocrx_word' id='word_1_613' title='bbox 1147 835 1278 858; x_wconf 87' lang='lat' dir='ltr'><strong>creaturae</strong></span> <span class='ocrx_word' id='word_1_614' title='bbox 1303 830 1440 857; x_wconf 88' lang='lat' dir='ltr'><strong>restitutio</strong></span> <span class='ocrx_word' id='word_1_615' title='bbox 1466 830 1634 861; x_wconf 81' lang='lat' dir='ltr'><strong>declaratur.</strong></span> <span class='ocrx_word' id='word_1_616' title='bbox 1653 831 1689 857; x_wconf 89' lang='lat' dir='ltr'><strong>ita</strong></span> <span class='ocrx_word' id='word_1_617' title='bbox 1715 837 1775 857; x_wconf 87' lang='lat' dir='ltr'><strong>eum</strong></span> 
     </span>
    </p>
   </div>
   <div class='ocr_carea' id='block_1_78' title="bbox 987 875 1777 911">
    <p class='ocr_par' dir='ltr' id='par_1_78' title="bbox 987 875 1777 911">
     <span class='ocr_line' id='line_1_78' title="bbox 987 875 1777 911; baseline 0.001 -9"><span class='ocrx_word' id='word_1_618' title='bbox 987 876 1056 903; x_wconf 85' lang='lat' dir='ltr'><strong>Filio</strong></span> <span class='ocrx_word' id='word_1_619' title='bbox 1070 876 1116 903; x_wconf 89' lang='lat' dir='ltr'><strong>Dei</strong></span> <span class='ocrx_word' id='word_1_620' title='bbox 1129 875 1232 903; x_wconf 87' lang='lat' dir='ltr'><strong>inimici</strong></span> <span class='ocrx_word' id='word_1_621' title='bbox 1253 875 1380 903; x_wconf 88' lang='lat' dir='ltr'><strong>dicuntur</strong></span> <span class='ocrx_word' id='word_1_622' title='bbox 1395 883 1455 903; x_wconf 88' lang='lat' dir='ltr'><strong>esse</strong></span> <span class='ocrx_word' id='word_1_623' title='bbox 1466 876 1577 911; x_wconf 73' lang='lat' dir='ltr'><strong>subjecti</strong></span> <span class='ocrx_word' id='word_1_624' title='bbox 1587 876 1654 911; x_wconf 69' lang='lat'><strong>(34),</strong></span> <span class='ocrx_word' id='word_1_625' title='bbox 1669 876 1777 911; x_wconf 82' lang='lat' dir='ltr'><strong>subjec-</strong></span> 
     </span>
    </p>
   </div>
   <div class='ocr_carea' id='block_1_79' title="bbox 988 921 1775 956">
    <p class='ocr_par' dir='ltr' id='par_1_79' title="bbox 988 921 1775 956">
     <span class='ocr_line' id='line_1_79' title="bbox 988 921 1775 956; baseline 0.003 -9"><span class='ocrx_word' id='word_1_626' title='bbox 988 926 1076 949; x_wconf 90' lang='lat' dir='ltr'><strong>torum</strong></span> <span class='ocrx_word' id='word_1_627' title='bbox 1094 921 1168 948; x_wconf 86' lang='lat' dir='ltr'><strong>salus</strong></span> <span class='ocrx_word' id='word_1_628' title='bbox 1193 921 1220 948; x_wconf 93' lang='lat' dir='ltr'><strong>in</strong></span> <span class='ocrx_word' id='word_1_629' title='bbox 1247 928 1279 948; x_wconf 87' lang='lat' dir='ltr'><strong>eo</strong></span> <span class='ocrx_word' id='word_1_630' title='bbox 1303 921 1469 956; x_wconf 82' lang='lat' dir='ltr'><strong>intelligatur</strong></span> <span class='ocrx_word' id='word_1_631' title='bbox 1488 925 1514 949; x_wconf 90' lang='lat' dir='ltr'><strong>et</strong></span> <span class='ocrx_word' id='word_1_632' title='bbox 1533 922 1669 956; x_wconf 86' lang='lat' dir='ltr'><strong>reparatio</strong></span> <span class='ocrx_word' id='word_1_633' title='bbox 1685 922 1775 956; x_wconf 83' lang='lat' dir='ltr'><strong>perdi-</strong></span> 
     </span>
    </p>
   </div>
   <div class='ocr_carea' id='block_1_80' title="bbox 988 970 1084 993">
    <p class='ocr_par' dir='ltr' id='par_1_80' title="bbox 988 970 1084 993">
     <span class='ocr_line' id='line_1_80' title="bbox 988 970 1084 993; baseline 0 -1"><span class='ocrx_word' id='word_1_634' title='bbox 988 970 1084 993; x_wconf 90' lang='lat' dir='ltr'><strong>torum.</strong></span> 
     </span>
    </p>
   </div>
   <div class='ocr_carea' id='block_1_81' title="bbox 1020 1008 1772 1047">
    <p class='ocr_par' dir='ltr' id='par_1_81' title="bbox 1020 1008 1772 1047">
     <span class='ocr_line' id='line_1_81' title="bbox 1020 1008 1772 1047; baseline 0.004 -11"><span class='ocrx_word' id='word_1_635' title='bbox 1020 1010 1047 1037; x_wconf 90' lang='lat'><strong>8.</strong></span> <span class='ocrx_word' id='word_1_636' title='bbox 1068 1008 1165 1036; x_wconf 90' lang='lat' dir='ltr'><strong>Verum</strong></span> <span class='ocrx_word' id='word_1_637' title='bbox 1182 1008 1265 1036; x_wconf 89' lang='lat' dir='ltr'><strong>certis</strong></span> <span class='ocrx_word' id='word_1_638' title='bbox 1279 1009 1431 1044; x_wconf 84' lang='lat' dir='ltr'><strong>quibusque</strong></span> <span class='ocrx_word' id='word_1_639' title='bbox 1446 1014 1473 1037; x_wconf 91' lang='lat' dir='ltr'><strong>et</strong></span> <span class='ocrx_word' id='word_1_640' title='bbox 1490 1010 1589 1041; x_wconf 88' lang='lat' dir='ltr'><strong>modis,</strong></span> <span class='ocrx_word' id='word_1_641' title='bbox 1605 1018 1633 1038; x_wconf 91' lang='lat' dir='ltr'><strong>et</strong></span> <span class='ocrx_word' id='word_1_642' title='bbox 1647 1012 1772 1047; x_wconf 88' lang='lat' dir='ltr'><strong>discipli-</strong></span> 
     </span>
    </p>
   </div>
   <div class='ocr_carea' id='block_1_82' title="bbox 985 1054 1771 1091">
    <p class='ocr_par' dir='ltr' id='par_1_82' title="bbox 985 1054 1771 1091">
     <span class='ocr_line' id='line_1_82' title="bbox 985 1054 1771 1091; baseline 0.004 -9"><span class='ocrx_word' id='word_1_643' title='bbox 985 1056 1037 1087; x_wconf 86' lang='lat' dir='ltr'><strong>nis,</strong></span> <span class='ocrx_word' id='word_1_644' title='bbox 1053 1059 1080 1083; x_wconf 92' lang='lat' dir='ltr'><strong>et</strong></span> <span class='ocrx_word' id='word_1_645' title='bbox 1095 1055 1260 1089; x_wconf 88' lang='lat' dir='ltr'><strong>temporibus</strong></span> <span class='ocrx_word' id='word_1_646' title='bbox 1275 1054 1408 1088; x_wconf 71' lang='lat' dir='ltr'><strong>sulijectio</strong></span> <span class='ocrx_word' id='word_1_647' title='bbox 1430 1056 1479 1083; x_wconf 87' lang='lat' dir='ltr'><strong>ista</strong></span> <span class='ocrx_word' id='word_1_648' title='bbox 1500 1057 1698 1091; x_wconf 81' lang='lat' dir='ltr'><strong>complebitur;</strong></span> <span class='ocrx_word' id='word_1_649' title='bbox 1715 1065 1771 1085; x_wconf 90' lang='lat' dir='ltr'><strong>non</strong></span> 
     </span>
    </p>
   </div>
   <div class='ocr_carea' id='block_1_83' title="bbox 985 1099 1774 1138">
    <p class='ocr_par' dir='ltr' id='par_1_83' title="bbox 985 1099 1774 1138">
     <span class='ocr_line' id='line_1_83' title="bbox 985 1099 1774 1138; baseline 0.006 -12"><span class='ocrx_word' id='word_1_650' title='bbox 985 1100 1147 1127; x_wconf 83' lang='lat' dir='ltr'><strong>necessitate</strong></span> <span class='ocrx_word' id='word_1_651' title='bbox 1161 1099 1251 1134; x_wconf 88' lang='lat' dir='ltr'><strong>aliqua</strong></span> <span class='ocrx_word' id='word_1_652' title='bbox 1269 1100 1302 1126; x_wconf 84' lang='lat' dir='ltr'><strong>ad</strong></span> <span class='ocrx_word' id='word_1_653' title='bbox 1317 1100 1514 1135; x_wconf 82' lang='lat' dir='ltr'><strong>Subjectionem</strong></span> <span class='ocrx_word' id='word_1_654' title='bbox 1527 1108 1648 1138; x_wconf 78' lang='lat' dir='ltr'><strong>cogente,</strong></span> <span class='ocrx_word' id='word_1_655' title='bbox 1670 1111 1704 1131; x_wconf 90' lang='lat' dir='ltr'><strong>ne</strong></span> <span class='ocrx_word' id='word_1_656' title='bbox 1724 1111 1774 1138; x_wconf 86' lang='lat' dir='ltr'><strong>per</strong></span> 
     </span>
    </p>
   </div>
   <div class='ocr_carea' id='block_1_84' title="bbox 985 1148 1771 1182">
    <p class='ocr_par' dir='ltr' id='par_1_84' title="bbox 985 1148 1771 1182">
     <span class='ocr_line' id='line_1_84' title="bbox 985 1148 1771 1182; baseline 0.001 -8"><span class='ocrx_word' id='word_1_657' title='bbox 985 1148 1038 1174; x_wconf 91' lang='lat' dir='ltr'><strong>vim</strong></span> <span class='ocrx_word' id='word_1_658' title='bbox 1054 1148 1178 1176; x_wconf 91' lang='lat' dir='ltr'><strong>subditus</strong></span> <span class='ocrx_word' id='word_1_659' title='bbox 1201 1149 1247 1175; x_wconf 87' lang='lat' dir='ltr'><strong>liat</strong></span> <span class='ocrx_word' id='word_1_660' title='bbox 1264 1149 1353 1176; x_wconf 90' lang='lat' dir='ltr'><strong>omnis</strong></span> <span class='ocrx_word' id='word_1_661' title='bbox 1378 1149 1493 1176; x_wconf 87' lang='lat' dir='ltr'><strong>mundus</strong></span> <span class='ocrx_word' id='word_1_662' title='bbox 1518 1149 1582 1182; x_wconf 90' lang='lat' dir='ltr'><strong>Deo,</strong></span> <span class='ocrx_word' id='word_1_663' title='bbox 1605 1149 1652 1177; x_wconf 86' lang='lat' dir='ltr'><strong>sed</strong></span> <span class='ocrx_word' id='word_1_664' title='bbox 1675 1150 1771 1181; x_wconf 87' lang='lat' dir='ltr'><strong>verbo,</strong></span> 
     </span>
    </p>
   </div>
   <div class='ocr_carea' id='block_1_85' title="bbox 985 1193 1771 1230">
    <p class='ocr_par' dir='ltr' id='par_1_85' title="bbox 985 1193 1771 1230">
     <span class='ocr_line' id='line_1_85' title="bbox 985 1193 1771 1230; baseline 0.004 -11"><span class='ocrx_word' id='word_1_665' title='bbox 985 1194 1100 1225; x_wconf 83' lang='lat' dir='ltr'><strong>ratione,</strong></span> <span class='ocrx_word' id='word_1_666' title='bbox 1116 1193 1250 1227; x_wconf 85' lang='lat' dir='ltr'><strong>doctrina,</strong></span> <span class='ocrx_word' id='word_1_667' title='bbox 1272 1195 1467 1230; x_wconf 89' lang='lat' dir='ltr'><strong>provocatione</strong></span> <span class='ocrx_word' id='word_1_668' title='bbox 1489 1194 1646 1227; x_wconf 86' lang='lat' dir='ltr'><strong>meliorum,</strong></span> <span class='ocrx_word' id='word_1_669' title='bbox 1659 1194 1771 1222; x_wconf 88' lang='lat' dir='ltr'><strong>institu-</strong></span> 
     </span>
    </p>
   </div>
   <div class='ocr_carea' id='block_1_86' title="bbox 985 1239 1771 1275">
    <p class='ocr_par' dir='ltr' id='par_1_86' title="bbox 985 1239 1771 1275">
     <span class='ocr_line' id='line_1_86' title="bbox 985 1239 1771 1275; baseline 0 -10"><span class='ocrx_word' id='word_1_670' title='bbox 985 1239 1101 1266; x_wconf 91' lang='lat' dir='ltr'><strong>tionibus</strong></span> <span class='ocrx_word' id='word_1_671' title='bbox 1114 1240 1234 1273; x_wconf 89' lang='lat' dir='ltr'><strong>optimis,</strong></span> <span class='ocrx_word' id='word_1_672' title='bbox 1249 1239 1508 1267; x_wconf 88' lang='lat' dir='ltr'><strong>comminationibus</strong></span> <span class='ocrx_word' id='word_1_673' title='bbox 1520 1247 1627 1274; x_wconf 91' lang='lat' dir='ltr'><strong>quoque</strong></span> <span class='ocrx_word' id='word_1_674' title='bbox 1640 1239 1731 1275; x_wconf 75' lang='lat' dir='ltr'><strong>dignis</strong></span> <span class='ocrx_word' id='word_1_675' title='bbox 1743 1244 1771 1267; x_wconf 86' lang='lat' dir='ltr'><strong>et</strong></span> 
     </span>
    </p>
   </div>
   <div class='ocr_carea' id='block_1_87' title="bbox 983 1285 1769 1319">
    <p class='ocr_par' dir='ltr' id='par_1_87' title="bbox 983 1285 1769 1319">
     <span class='ocr_line' id='line_1_87' title="bbox 983 1285 1769 1319; baseline 0.001 -8"><span class='ocrx_word' id='word_1_676' title='bbox 983 1285 1207 1319; x_wconf 87' lang='lat' dir='ltr'><strong>competentibus,</strong></span> <span class='ocrx_word' id='word_1_677' title='bbox 1220 1285 1362 1319; x_wconf 69' lang='lat' dir='ltr'><strong>qurejuste</strong></span> <span class='ocrx_word' id='word_1_678' title='bbox 1379 1285 1539 1312; x_wconf 85' lang='lat' dir='ltr'><strong>immineant</strong></span> <span class='ocrx_word' id='word_1_679' title='bbox 1554 1285 1596 1312; x_wconf 87' lang='lat' dir='ltr'><strong>bis</strong></span> <span class='ocrx_word' id='word_1_680' title='bbox 1611 1285 1658 1319; x_wconf 90' lang='lat' dir='ltr'><strong>qui</strong></span> <span class='ocrx_word' id='word_1_681' title='bbox 1671 1285 1769 1312; x_wconf 84' lang='lat' dir='ltr'><strong>salutis</strong></span> 
     </span>
    </p>
   </div>
   <div class='ocr_carea' id='block_1_88' title="bbox 983 1330 1767 1365">
    <p class='ocr_par' dir='ltr' id='par_1_88' title="bbox 983 1330 1767 1365">
     <span class='ocr_line' id='line_1_88' title="bbox 983 1330 1767 1365; baseline 0 -8"><span class='ocrx_word' id='word_1_682' title='bbox 983 1335 1010 1357; x_wconf 89' lang='lat' dir='ltr'><strong>et</strong></span> <span class='ocrx_word' id='word_1_683' title='bbox 1025 1330 1152 1358; x_wconf 82' lang='lat' dir='ltr'><strong>utilitatis</strong></span> <span class='ocrx_word' id='word_1_684' title='bbox 1175 1338 1229 1358; x_wconf 68' lang='lat' dir='ltr'><strong>sua:</strong></span> <span class='ocrx_word' id='word_1_685' title='bbox 1245 1338 1337 1358; x_wconf 85' lang='lat' dir='ltr'><strong>curam</strong></span> <span class='ocrx_word' id='word_1_686' title='bbox 1361 1331 1560 1365; x_wconf 88' lang='lat' dir='ltr'><strong>sanitatemque</strong></span> <span class='ocrx_word' id='word_1_687' title='bbox 1577 1334 1767 1358; x_wconf 88' lang='lat' dir='ltr'><strong>contemnunt.</strong></span> 
     </span>
    </p>
   </div>
   <div class='ocr_carea' id='block_1_89' title="bbox 983 1375 1769 1410">
    <p class='ocr_par' dir='ltr' id='par_1_89' title="bbox 983 1375 1769 1410">
     <span class='ocr_line' id='line_1_89' title="bbox 983 1375 1769 1410; baseline 0 -8"><span class='ocrx_word' id='word_1_688' title='bbox 983 1376 1102 1410; x_wconf 84' lang='lat' dir='ltr'><strong>Denique</strong></span> <span class='ocrx_word' id='word_1_689' title='bbox 1118 1381 1145 1403; x_wconf 93' lang='lat' dir='ltr'><strong>et</strong></span> <span class='ocrx_word' id='word_1_690' title='bbox 1160 1384 1208 1403; x_wconf 90' lang='lat' dir='ltr'><strong>nos</strong></span> <span class='ocrx_word' id='word_1_691' title='bbox 1224 1377 1348 1404; x_wconf 79' lang='lat' dir='ltr'><strong>homines</strong></span> <span class='ocrx_word' id='word_1_692' title='bbox 1367 1384 1428 1403; x_wconf 90' lang='lat' dir='ltr'><strong>cum</strong></span> <span class='ocrx_word' id='word_1_693' title='bbox 1454 1376 1496 1403; x_wconf 90' lang='lat' dir='ltr'><strong>vel</strong></span> <span class='ocrx_word' id='word_1_694' title='bbox 1518 1383 1622 1408; x_wconf 85' lang='lat' dir='ltr'><strong>servos,</strong></span> <span class='ocrx_word' id='word_1_695' title='bbox 1636 1375 1679 1403; x_wconf 90' lang='lat' dir='ltr'><strong>vel</strong></span> <span class='ocrx_word' id='word_1_696' title='bbox 1698 1376 1769 1403; x_wconf 73' lang='lat' dir='ltr'><strong>filios</strong></span> 
     </span>
    </p>
   </div>
   <div class='ocr_carea' id='block_1_90' title="bbox 981 1421 1769 1456">
    <p class='ocr_par' dir='ltr' id='par_1_90' title="bbox 981 1421 1769 1456">
     <span class='ocr_line' id='line_1_90' title="bbox 981 1421 1769 1456; baseline 0 -8"><span class='ocrx_word' id='word_1_697' title='bbox 981 1422 1128 1452; x_wconf 86' lang='lat' dir='ltr'><strong>erudimus.</strong></span> <span class='ocrx_word' id='word_1_698' title='bbox 1145 1423 1208 1448; x_wconf 90' lang='lat' dir='ltr'><strong>dum</strong></span> <span class='ocrx_word' id='word_1_699' title='bbox 1226 1422 1314 1448; x_wconf 90' lang='lat' dir='ltr'><strong>adhuc</strong></span> <span class='ocrx_word' id='word_1_700' title='bbox 1331 1428 1379 1456; x_wconf 88' lang='lat' dir='ltr'><strong>per</strong></span> <span class='ocrx_word' id='word_1_701' title='bbox 1399 1425 1506 1448; x_wconf 77' lang='lat' dir='ltr'><strong>aetatem</strong></span> <span class='ocrx_word' id='word_1_702' title='bbox 1522 1421 1637 1448; x_wconf 89' lang='lat' dir='ltr'><strong>rationis</strong></span> <span class='ocrx_word' id='word_1_703' title='bbox 1658 1421 1769 1456; x_wconf 81' lang='lat' dir='ltr'><strong>incapa-</strong></span> 
     </span>
    </p>
   </div>
   <div class='ocr_carea' id='block_1_91' title="bbox 981 1467 1766 1502">
    <p class='ocr_par' dir='ltr' id='par_1_91' title="bbox 981 1467 1766 1502">
     <span class='ocr_line' id='line_1_91' title="bbox 981 1467 1766 1502; baseline -0.003 -8"><span class='ocrx_word' id='word_1_704' title='bbox 981 1474 1026 1494; x_wconf 88' lang='lat' dir='ltr'><strong>ccs</strong></span> <span class='ocrx_word' id='word_1_705' title='bbox 1042 1471 1104 1494; x_wconf 91' lang='lat' dir='ltr'><strong>sunt</strong></span> <span class='ocrx_word' id='word_1_706' title='bbox 1120 1467 1189 1502; x_wconf 81' lang='grc'><strong>(55),</strong></span> <span class='ocrx_word' id='word_1_707' title='bbox 1207 1467 1285 1494; x_wconf 93' lang='lat' dir='ltr'><strong>minis</strong></span> <span class='ocrx_word' id='word_1_708' title='bbox 1301 1473 1348 1493; x_wconf 89' lang='lat' dir='ltr'><strong>eos</strong></span> <span class='ocrx_word' id='word_1_709' title='bbox 1370 1471 1398 1493; x_wconf 88' lang='lat' dir='ltr'><strong>et</strong></span> <span class='ocrx_word' id='word_1_710' title='bbox 1422 1470 1494 1492; x_wconf 87' lang='lat' dir='ltr'><strong>metu</strong></span> <span class='ocrx_word' id='word_1_711' title='bbox 1515 1473 1690 1499; x_wconf 87' lang='lat' dir='ltr'><strong>coercemus;</strong></span> <span class='ocrx_word' id='word_1_712' title='bbox 1706 1473 1766 1493; x_wconf 91' lang='lat' dir='ltr'><strong>cum</strong></span> 
     </span>
    </p>
   </div>
   <div class='ocr_carea' id='block_1_92' title="bbox 943 1492 1766 1547">
    <p class='ocr_par' dir='ltr' id='par_1_92' title="bbox 943 1492 1766 1547">
     <span class='ocr_line' id='line_1_92' title="bbox 943 1492 1766 1547; baseline -0.001 -8"><span class='ocrx_word' id='word_1_713' title='bbox 943 1492 964 1520; x_wconf 64' lang='grc' dir='ltr'><strong>ο</strong></span> <span class='ocrx_word' id='word_1_714' title='bbox 980 1520 1044 1540; x_wconf 87' lang='lat' dir='ltr'><strong>vero</strong></span> <span class='ocrx_word' id='word_1_715' title='bbox 1062 1513 1135 1546; x_wconf 90' lang='lat' dir='ltr'><strong>boni,</strong></span> <span class='ocrx_word' id='word_1_716' title='bbox 1148 1492 1220 1540; x_wconf 68' lang='lat' dir='ltr'><strong>uiilis</strong></span> <span class='ocrx_word' id='word_1_717' title='bbox 1232 1517 1258 1540; x_wconf 91' lang='lat' dir='ltr'><strong>ct</strong></span> <span class='ocrx_word' id='word_1_718' title='bbox 1277 1513 1383 1540; x_wconf 90' lang='lat' dir='ltr'><strong>honesti</strong></span> <span class='ocrx_word' id='word_1_719' title='bbox 1403 1512 1611 1547; x_wconf 73' lang='lat' dir='ltr'><strong>intelligentiam</strong></span> <span class='ocrx_word' id='word_1_720' title='bbox 1629 1512 1766 1547; x_wconf 90' lang='lat' dir='ltr'><strong>ceperint,</strong></span> 
     </span>
    </p>
   </div>
   <div class='ocr_carea' id='block_1_93' title="bbox 980 1558 1767 1592">
    <p class='ocr_par' dir='ltr' id='par_1_93' title="bbox 980 1558 1767 1592">
     <span class='ocr_line' id='line_1_93' title="bbox 980 1558 1767 1592; baseline -0.001 -7"><span class='ocrx_word' id='word_1_721' title='bbox 980 1562 1035 1585; x_wconf 91' lang='lat' dir='ltr'><strong>tum</strong></span> <span class='ocrx_word' id='word_1_722' title='bbox 1047 1558 1103 1592; x_wconf 90' lang='lat' dir='ltr'><strong>jam</strong></span> <span class='ocrx_word' id='word_1_723' title='bbox 1120 1562 1242 1585; x_wconf 81' lang='lat' dir='ltr'><strong>cessante</strong></span> <span class='ocrx_word' id='word_1_724' title='bbox 1255 1559 1398 1585; x_wconf 84' lang='lat' dir='ltr'><strong>verberum</strong></span> <span class='ocrx_word' id='word_1_725' title='bbox 1418 1562 1502 1590; x_wconf 88' lang='lat' dir='ltr'><strong>metu,</strong></span> <span class='ocrx_word' id='word_1_726' title='bbox 1517 1558 1602 1585; x_wconf 89' lang='lat' dir='ltr'><strong>verbo</strong></span> <span class='ocrx_word' id='word_1_727' title='bbox 1614 1565 1646 1585; x_wconf 87' lang='lat' dir='ltr'><strong>ae</strong></span> <span class='ocrx_word' id='word_1_728' title='bbox 1661 1559 1767 1584; x_wconf 87' lang='lat' dir='ltr'><strong>ratione</strong></span> 
     </span>
    </p>
   </div>
   <div class='ocr_carea' id='block_1_94' title="bbox 980 1603 1765 1638">
    <p class='ocr_par' dir='ltr' id='par_1_94' title="bbox 980 1603 1765 1638">
     <span class='ocr_line' id='line_1_94' title="bbox 980 1603 1765 1638; baseline 0 -8"><span class='ocrx_word' id='word_1_729' title='bbox 980 1603 1052 1631; x_wconf 89' lang='lat' dir='ltr'><strong>suasi</strong></span> <span class='ocrx_word' id='word_1_730' title='bbox 1069 1603 1102 1631; x_wconf 91' lang='lat' dir='ltr'><strong>ad</strong></span> <span class='ocrx_word' id='word_1_731' title='bbox 1116 1604 1205 1630; x_wconf 86' lang='lat' dir='ltr'><strong>omnia</strong></span> <span class='ocrx_word' id='word_1_732' title='bbox 1221 1611 1280 1638; x_wconf 68' lang='lat' dir='ltr'><strong>quae</strong></span> <span class='ocrx_word' id='word_1_733' title='bbox 1297 1603 1368 1631; x_wconf 88' lang='lat' dir='ltr'><strong>bona</strong></span> <span class='ocrx_word' id='word_1_734' title='bbox 1392 1607 1464 1635; x_wconf 91' lang='lat' dir='ltr'><strong>sunt,</strong></span> <span class='ocrx_word' id='word_1_735' title='bbox 1483 1603 1672 1638; x_wconf 83' lang='lat' dir='ltr'><strong>acquiescunt.</strong></span> <span class='ocrx_word' id='word_1_736' title='bbox 1691 1603 1765 1636; x_wconf 86' lang='lat' dir='ltr'><strong>Quo-</strong></span> 
     </span>
    </p>
   </div>
   <div class='ocr_carea' id='block_1_95' title="bbox 979 1647 1765 1676">
    <p class='ocr_par' dir='ltr' id='par_1_95' title="bbox 979 1647 1765 1676">
     <span class='ocr_line' id='line_1_95' title="bbox 979 1647 1765 1676; baseline -0.001 -1"><span class='ocrx_word' id='word_1_737' title='bbox 979 1648 1059 1676; x_wconf 91' lang='lat' dir='ltr'><strong>modo</strong></span> <span class='ocrx_word' id='word_1_738' title='bbox 1070 1653 1159 1675; x_wconf 88' lang='lat' dir='ltr'><strong>autem</strong></span> <span class='ocrx_word' id='word_1_739' title='bbox 1175 1652 1280 1675; x_wconf 88' lang='lat' dir='ltr'><strong>servata</strong></span> <span class='ocrx_word' id='word_1_740' title='bbox 1293 1648 1320 1674; x_wconf 93' lang='lat' dir='ltr'><strong>in</strong></span> <span class='ocrx_word' id='word_1_741' title='bbox 1331 1647 1459 1675; x_wconf 87' lang='lat' dir='ltr'><strong>omnibtts</strong></span> <span class='ocrx_word' id='word_1_742' title='bbox 1470 1647 1677 1675; x_wconf 87' lang='lat' dir='ltr'><strong>rationabilibus</strong></span> <span class='ocrx_word' id='word_1_743' title='bbox 1692 1654 1765 1675; x_wconf 86' lang='lat' dir='ltr'><strong>crea-</strong></span> 
     </span>
    </p>
   </div>
   <div class='ocr_carea' id='block_1_96' title="bbox 980 1693 1766 1728">
    <p class='ocr_par' dir='ltr' id='par_1_96' title="bbox 980 1693 1766 1728">
     <span class='ocr_line' id='line_1_96' title="bbox 980 1693 1766 1728; baseline 0 -8"><span class='ocrx_word' id='word_1_744' title='bbox 980 1693 1048 1720; x_wconf 90' lang='lat' dir='ltr'><strong>turis</strong></span> <span class='ocrx_word' id='word_1_745' title='bbox 1065 1693 1169 1721; x_wconf 90' lang='lat' dir='ltr'><strong>arbitrii</strong></span> <span class='ocrx_word' id='word_1_746' title='bbox 1192 1693 1316 1720; x_wconf 88' lang='lat' dir='ltr'><strong>libertate</strong></span> <span class='ocrx_word' id='word_1_747' title='bbox 1333 1693 1521 1728; x_wconf 90' lang='lat' dir='ltr'><strong>unusquisque</strong></span> <span class='ocrx_word' id='word_1_748' title='bbox 1537 1693 1636 1721; x_wconf 88' lang='lat' dir='ltr'><strong>debeat</strong></span> <span class='ocrx_word' id='word_1_749' title='bbox 1653 1693 1766 1728; x_wconf 84' lang='lat' dir='ltr'><strong>dispen-</strong></span> 
     </span>
    </p>
   </div>
   <div class='ocr_carea' id='block_1_97' title="bbox 978 1738 1766 1774">
    <p class='ocr_par' dir='ltr' id='par_1_97' title="bbox 978 1738 1766 1774">
     <span class='ocr_line' id='line_1_97' title="bbox 978 1738 1766 1774; baseline 0 -9"><span class='ocrx_word' id='word_1_750' title='bbox 978 1738 1043 1769; x_wconf 87' lang='lat' dir='ltr'><strong>sari,</strong></span> <span class='ocrx_word' id='word_1_751' title='bbox 1057 1738 1082 1765; x_wconf 90' lang='lat' dir='ltr'><strong>id</strong></span> <span class='ocrx_word' id='word_1_752' title='bbox 1095 1743 1146 1770; x_wconf 91' lang='lat' dir='ltr'><strong>est,</strong></span> <span class='ocrx_word' id='word_1_753' title='bbox 1159 1746 1227 1773; x_wconf 90' lang='lat' dir='ltr'><strong>quos</strong></span> <span class='ocrx_word' id='word_1_754' title='bbox 1239 1738 1312 1765; x_wconf 91' lang='lat' dir='ltr'><strong>velut</strong></span> <span class='ocrx_word' id='word_1_755' title='bbox 1321 1738 1376 1772; x_wconf 89' lang='lat' dir='ltr'><strong>jam</strong></span> <span class='ocrx_word' id='word_1_756' title='bbox 1391 1743 1501 1774; x_wconf 86' lang='lat' dir='ltr'><strong>paratos</strong></span> <span class='ocrx_word' id='word_1_757' title='bbox 1511 1743 1538 1766; x_wconf 90' lang='lat' dir='ltr'><strong>et</strong></span> <span class='ocrx_word' id='word_1_758' title='bbox 1551 1745 1664 1772; x_wconf 88' lang='lat' dir='ltr'><strong>capaces</strong></span> <span class='ocrx_word' id='word_1_759' title='bbox 1675 1746 1766 1765; x_wconf 89' lang='lat' dir='ltr'><strong>sermo</strong></span> 
     </span>
    </p>
   </div>
   <div class='ocr_carea' id='block_1_98' title="bbox 978 1781 1766 1818">
    <p class='ocr_par' dir='ltr' id='par_1_98' title="bbox 978 1781 1766 1818">
     <span class='ocr_line' id='line_1_98' title="bbox 978 1781 1766 1818; baseline -0.003 -8"><span class='ocrx_word' id='word_1_760' title='bbox 978 1783 1026 1811; x_wconf 88' lang='lat' dir='ltr'><strong>Dei</strong></span> <span class='ocrx_word' id='word_1_761' title='bbox 1042 1788 1069 1811; x_wconf 88' lang='lat' dir='ltr'><strong>el</strong></span> <span class='ocrx_word' id='word_1_762' title='bbox 1082 1784 1203 1810; x_wconf 90' lang='lat' dir='ltr'><strong>inveniat</strong></span> <span class='ocrx_word' id='word_1_763' title='bbox 1217 1787 1244 1810; x_wconf 92' lang='lat' dir='ltr'><strong>et</strong></span> <span class='ocrx_word' id='word_1_764' title='bbox 1256 1783 1392 1816; x_wconf 84' lang='lat' dir='ltr'><strong>instituat,</strong></span> <span class='ocrx_word' id='word_1_765' title='bbox 1405 1790 1472 1818; x_wconf 88' lang='lat' dir='ltr'><strong>quos</strong></span> <span class='ocrx_word' id='word_1_766' title='bbox 1484 1787 1573 1809; x_wconf 89' lang='lat' dir='ltr'><strong>autem</strong></span> <span class='ocrx_word' id='word_1_767' title='bbox 1589 1782 1699 1809; x_wconf 80' lang='lat' dir='ltr'><strong>interim</strong></span> <span class='ocrx_word' id='word_1_768' title='bbox 1714 1781 1766 1810; x_wconf 76' lang='lat' dir='ltr'><strong>dit“-</strong></span> 
     </span>
    </p>
   </div>
   <div class='ocr_carea' id='block_1_99' title="bbox 977 1827 1766 1864">
    <p class='ocr_par' dir='ltr' id='par_1_99' title="bbox 977 1827 1766 1864">
     <span class='ocr_line' id='line_1_99' title="bbox 977 1827 1766 1864; baseline -0.003 -8"><span class='ocrx_word' id='word_1_769' title='bbox 977 1830 1059 1861; x_wconf 79' lang='lat' dir='ltr'><strong>ferat,</strong></span> <span class='ocrx_word' id='word_1_770' title='bbox 1072 1836 1087 1855; x_wconf 85' lang='lat' dir='ltr'><strong>a</strong></span> <span class='ocrx_word' id='word_1_771' title='bbox 1099 1829 1197 1864; x_wconf 88' lang='lat' dir='ltr'><strong>quibus</strong></span> <span class='ocrx_word' id='word_1_772' title='bbox 1207 1836 1271 1856; x_wconf 87' lang='lat' dir='ltr'><strong>vero</strong></span> <span class='ocrx_word' id='word_1_773' title='bbox 1284 1829 1390 1863; x_wconf 90' lang='lat' dir='ltr'><strong>penitus</strong></span> <span class='ocrx_word' id='word_1_774' title='bbox 1404 1828 1566 1860; x_wconf 89' lang='lat' dir='ltr'><strong>occultetur,</strong></span> <span class='ocrx_word' id='word_1_775' title='bbox 1580 1832 1606 1855; x_wconf 92' lang='lat' dir='ltr'><strong>et</strong></span> <span class='ocrx_word' id='word_1_776' title='bbox 1623 1827 1705 1862; x_wconf 75' lang='lat' dir='ltr'><strong>longe</strong></span> <span class='ocrx_word' id='word_1_777' title='bbox 1720 1835 1766 1855; x_wconf 88' lang='lat' dir='ltr'><strong>eo-</strong></span> 
     </span>
    </p>
   </div>
   <div class='ocr_carea' id='block_1_100' title="bbox 978 1873 1763 1908">
    <p class='ocr_par' dir='ltr' id='par_1_100' title="bbox 978 1873 1763 1908">
     <span class='ocr_line' id='line_1_100' title="bbox 978 1873 1763 1908; baseline 0 -7"><span class='ocrx_word' id='word_1_778' title='bbox 978 1881 1036 1901; x_wconf 90' lang='lat' dir='ltr'><strong>rum</strong></span> <span class='ocrx_word' id='word_1_779' title='bbox 1053 1881 1067 1900; x_wconf 91' lang='lat' dir='ltr'><strong>a</strong></span> <span class='ocrx_word' id='word_1_780' title='bbox 1088 1881 1117 1901; x_wconf 92' lang='lat' dir='ltr'><strong>se</strong></span> <span class='ocrx_word' id='word_1_781' title='bbox 1134 1873 1191 1900; x_wconf 88' lang='lat' dir='ltr'><strong>lieri</strong></span> <span class='ocrx_word' id='word_1_782' title='bbox 1209 1873 1348 1908; x_wconf 88' lang='lat' dir='ltr'><strong>dispenset</strong></span> <span class='ocrx_word' id='word_1_783' title='bbox 1363 1873 1496 1906; x_wconf 88' lang='lat' dir='ltr'><strong>auditum,</strong></span> <span class='ocrx_word' id='word_1_784' title='bbox 1513 1881 1636 1908; x_wconf 85' lang='lat' dir='ltr'><strong>quosque</strong></span> <span class='ocrx_word' id='word_1_785' title='bbox 1656 1882 1763 1902; x_wconf 82' lang='lat' dir='ltr'><strong>rursum</strong></span> 
     </span>
    </p>
   </div>
   <div class='ocr_carea' id='block_1_101' title="bbox 978 1911 1764 1954">
    <p class='ocr_par' dir='ltr' id='par_1_101' title="bbox 978 1911 1764 1954">
     <span class='ocr_line' id='line_1_101' title="bbox 978 1911 1764 1954; baseline 0 -8"><span class='ocrx_word' id='word_1_786' title='bbox 978 1911 1182 1946; x_wconf 80' lang='lat' dir='ltr'><strong>contemnentes</strong></span> <span class='ocrx_word' id='word_1_787' title='bbox 1197 1919 1345 1946; x_wconf 88' lang='lat' dir='ltr'><strong>indicatum</strong></span> <span class='ocrx_word' id='word_1_788' title='bbox 1358 1919 1408 1946; x_wconf 90' lang='lat' dir='ltr'><strong>sibi</strong></span> <span class='ocrx_word' id='word_1_789' title='bbox 1420 1923 1447 1946; x_wconf 90' lang='lat' dir='ltr'><strong>et</strong></span> <span class='ocrx_word' id='word_1_790' title='bbox 1463 1919 1639 1954; x_wconf 63' lang='lat' dir='ltr'><strong>praedicatum</strong></span> <span class='ocrx_word' id='word_1_791' title='bbox 1653 1919 1764 1946; x_wconf 88' lang='lat' dir='ltr'><strong>verbum</strong></span> 
     </span>
    </p>
   </div>
   <div class='ocr_carea' id='block_1_102' title="bbox 977 1964 1763 1998">
    <p class='ocr_par' dir='ltr' id='par_1_102' title="bbox 977 1964 1763 1998">
     <span class='ocr_line' id='line_1_102' title="bbox 977 1964 1763 1998; baseline -0.001 -7"><span class='ocrx_word' id='word_1_792' title='bbox 977 1965 1023 1991; x_wconf 88' lang='lat' dir='ltr'><strong>Dei</strong></span> <span class='ocrx_word' id='word_1_793' title='bbox 1037 1964 1251 1998; x_wconf 85' lang='lat' dir='ltr'><strong>cerreptionibus</strong></span> <span class='ocrx_word' id='word_1_794' title='bbox 1267 1964 1426 1998; x_wconf 87' lang='lat' dir='ltr'><strong>quibusdam</strong></span> <span class='ocrx_word' id='word_1_795' title='bbox 1446 1968 1474 1991; x_wconf 91' lang='lat' dir='ltr'><strong>et</strong></span> <span class='ocrx_word' id='word_1_796' title='bbox 1485 1964 1713 1998; x_wconf 75' lang='lat' dir='ltr'><strong>castigationibus</strong></span> <span class='ocrx_word' id='word_1_797' title='bbox 1731 1964 1763 1991; x_wconf 92' lang='lat' dir='ltr'><strong>il-</strong></span> 
     </span>
    </p>
   </div>
   <div class='ocr_carea' id='block_1_103' title="bbox 977 2009 1762 2045">
    <p class='ocr_par' dir='ltr' id='par_1_103' title="bbox 977 2009 1762 2045">
     <span class='ocr_line' id='line_1_103' title="bbox 977 2009 1762 2045; baseline 0.001 -9"><span class='ocrx_word' id='word_1_798' title='bbox 977 2010 1038 2036; x_wconf 83' lang='lat' dir='ltr'><strong>latis</strong></span> <span class='ocrx_word' id='word_1_799' title='bbox 1050 2013 1194 2045; x_wconf 78' lang='lat' dir='ltr'><strong>pernrgeat</strong></span> <span class='ocrx_word' id='word_1_800' title='bbox 1207 2010 1240 2037; x_wconf 89' lang='lat' dir='ltr'><strong>ad</strong></span> <span class='ocrx_word' id='word_1_801' title='bbox 1254 2009 1381 2041; x_wconf 88' lang='lat' dir='ltr'><strong>salutem,</strong></span> <span class='ocrx_word' id='word_1_802' title='bbox 1392 2009 1656 2044; x_wconf 89' lang='lat' dir='ltr'><strong>conversionemqne</strong></span> <span class='ocrx_word' id='word_1_803' title='bbox 1669 2017 1762 2037; x_wconf 88' lang='lat' dir='ltr'><strong>eorum</strong></span> 
     </span>
    </p>
   </div>
   <div class='ocr_carea' id='block_1_104' title="bbox 976 2055 1763 2089">
    <p class='ocr_par' dir='ltr' id='par_1_104' title="bbox 976 2055 1763 2089">
     <span class='ocr_line' id='line_1_104' title="bbox 976 2055 1763 2089; baseline 0.003 -8"><span class='ocrx_word' id='word_1_804' title='bbox 976 2056 1175 2089; x_wconf 89' lang='lat' dir='ltr'><strong>quodammodo</strong></span> <span class='ocrx_word' id='word_1_805' title='bbox 1189 2055 1280 2089; x_wconf 76' lang='lat' dir='ltr'><strong>exigat</strong></span> <span class='ocrx_word' id='word_1_806' title='bbox 1294 2059 1320 2082; x_wconf 91' lang='lat' dir='ltr'><strong>et</strong></span> <span class='ocrx_word' id='word_1_807' title='bbox 1334 2059 1509 2089; x_wconf 73' lang='lat' dir='ltr'><strong>extorqueat;</strong></span> <span class='ocrx_word' id='word_1_808' title='bbox 1523 2055 1686 2089; x_wconf 88' lang='lat' dir='ltr'><strong>quibusnam</strong></span> <span class='ocrx_word' id='word_1_809' title='bbox 1700 2063 1763 2083; x_wconf 91' lang='lat' dir='ltr'><strong>vero</strong></span> 
     </span>
    </p>
   </div>
   <div class='ocr_carea' id='block_1_105' title="bbox 978 2100 1764 2135">
    <p class='ocr_par' dir='ltr' id='par_1_105' title="bbox 978 2100 1764 2135">
     <span class='ocr_line' id='line_1_105' title="bbox 978 2100 1764 2135; baseline -0.001 -7"><span class='ocrx_word' id='word_1_810' title='bbox 978 2101 1060 2128; x_wconf 89' lang='lat' dir='ltr'><strong>etiam</strong></span> <span class='ocrx_word' id='word_1_811' title='bbox 1083 2101 1240 2128; x_wconf 86' lang='lat' dir='ltr'><strong>occasiones</strong></span> <span class='ocrx_word' id='word_1_812' title='bbox 1261 2101 1390 2135; x_wconf 89' lang='lat' dir='ltr'><strong>quasdam</strong></span> <span class='ocrx_word' id='word_1_813' title='bbox 1413 2105 1523 2134; x_wconf 80' lang='lat' dir='ltr'><strong>praestet</strong></span> <span class='ocrx_word' id='word_1_814' title='bbox 1543 2100 1651 2133; x_wconf 86' lang='lat' dir='ltr'><strong>salutis,</strong></span> <span class='ocrx_word' id='word_1_815' title='bbox 1675 2101 1712 2128; x_wconf 86' lang='lat' dir='ltr'><strong>ita</strong></span> <span class='ocrx_word' id='word_1_816' title='bbox 1734 2107 1764 2127; x_wconf 87' lang='grc' dir='ltr'><strong>ιιι</strong></span> 
     </span>
    </p>
   </div>
   <div class='ocr_carea' id='block_1_106' title="bbox 977 2144 1762 2180">
    <p class='ocr_par' dir='ltr' id='par_1_106' title="bbox 977 2144 1762 2180">
     <span class='ocr_line' id='line_1_106' title="bbox 977 2144 1762 2180; baseline 0 -8"><span class='ocrx_word' id='word_1_817' title='bbox 977 2145 1114 2173; x_wconf 90' lang='lat' dir='ltr'><strong>interdum</strong></span> <span class='ocrx_word' id='word_1_818' title='bbox 1130 2145 1211 2173; x_wconf 87' lang='lat' dir='ltr'><strong>etiam</strong></span> <span class='ocrx_word' id='word_1_819' title='bbox 1234 2152 1267 2173; x_wconf 77' lang='lat' dir='ltr'><strong>ex</strong></span> <span class='ocrx_word' id='word_1_820' title='bbox 1289 2144 1467 2179; x_wconf 85' lang='lat' dir='ltr'><strong>responsione</strong></span> <span class='ocrx_word' id='word_1_821' title='bbox 1491 2144 1548 2171; x_wconf 89' lang='lat' dir='ltr'><strong>sola</strong></span> <span class='ocrx_word' id='word_1_822' title='bbox 1571 2144 1624 2171; x_wconf 83' lang='lat' dir='ltr'><strong>[ide</strong></span> <span class='ocrx_word' id='word_1_823' title='bbox 1647 2145 1762 2180; x_wconf 87' lang='lat' dir='ltr'><strong>probata</strong></span> 
     </span>
    </p>
   </div>
   <div class='ocr_carea' id='block_1_107' title="bbox 939 2259 1763 2311">
    <p class='ocr_par' dir='ltr' id='par_1_107' title="bbox 939 2259 1763 2311">
     <span class='ocr_line' id='line_1_107' title="bbox 939 2259 1763 2311; baseline -0.005 -5"><span class='ocrx_word' id='word_1_824' title='bbox 939 2259 961 2286; x_wconf 68' lang='grc' dir='ltr'><strong><em>Β</em></strong></span> <span class='ocrx_word' id='word_1_825' title='bbox 976 2279 1048 2306; x_wconf 89' lang='lat' dir='ltr'><strong>Patri</strong></span> <span class='ocrx_word' id='word_1_826' title='bbox 1063 2285 1116 2306; x_wconf 81' lang='lat' dir='ltr'><strong>non</strong></span> <span class='ocrx_word' id='word_1_827' title='bbox 1133 2278 1169 2305; x_wconf 88' lang='lat' dir='ltr'><strong>sit</strong></span> <span class='ocrx_word' id='word_1_828' title='bbox 1189 2277 1337 2311; x_wconf 87' lang='lat' dir='ltr'><strong>subjectus,</strong></span> <span class='ocrx_word' id='word_1_829' title='bbox 1353 2277 1508 2304; x_wconf 77' lang='lat' dir='ltr'><strong>l&#39;nturus&#39;sit</strong></span> <span class='ocrx_word' id='word_1_830' title='bbox 1521 2280 1584 2303; x_wconf 90' lang='lat' dir='ltr'><strong>tunc</strong></span> <span class='ocrx_word' id='word_1_831' title='bbox 1604 2283 1667 2303; x_wconf 92' lang='lat' dir='ltr'><strong>cum</strong></span> <span class='ocrx_word' id='word_1_832' title='bbox 1680 2275 1763 2303; x_wconf 83' lang='lat' dir='ltr'><strong>Pater</strong></span> 
     </span>
    </p>
   </div>
   <div class='ocr_carea' id='block_1_108' title="bbox 974 2311 1763 2346">
    <p class='ocr_par' dir='ltr' id='par_1_108' title="bbox 974 2311 1763 2346">
     <span class='ocr_line' id='line_1_108' title="bbox 974 2311 1763 2346; baseline -0.004 -6"><span class='ocrx_word' id='word_1_833' title='bbox 974 2314 1009 2341; x_wconf 90' lang='lat' dir='ltr'><strong>ei.</strong></span> <span class='ocrx_word' id='word_1_834' title='bbox 1027 2323 1035 2339; x_wconf 82' lang='grc' dir='ltr'><strong>ι</strong></span> <span class='ocrx_word' id='word_1_835' title='bbox 1052 2313 1123 2340; x_wconf 89' lang='lat' dir='ltr'><strong>lnl&#39;ra</strong></span> <span class='ocrx_word' id='word_1_836' title='bbox 1141 2313 1203 2340; x_wconf 87' lang='lat' dir='ltr'><strong>libb.</strong></span> <span class='ocrx_word' id='word_1_837' title='bbox 1217 2313 1294 2344; x_wconf 89' lang='lat' dir='ltr'><strong>editi,</strong></span> <span class='ocrx_word' id='word_1_838' title='bbox 1311 2321 1320 2337; x_wconf 75' lang='grc' dir='ltr'><strong>ι</strong></span> <span class='ocrx_word' id='word_1_839' title='bbox 1337 2319 1419 2346; x_wconf 90' lang='lat' dir='ltr'><strong>quam</strong></span> <span class='ocrx_word' id='word_1_840' title='bbox 1436 2312 1560 2338; x_wconf 87' lang='lat' dir='ltr'><strong>universa</strong></span> <span class='ocrx_word' id='word_1_841' title='bbox 1573 2311 1763 2346; x_wconf 78' lang='lat' dir='ltr'><strong>emendaverit</strong></span> 
     </span>
    </p>
   </div>
   <div class='ocr_carea' id='block_1_109' title="bbox 973 2345 1761 2375">
    <p class='ocr_par' dir='ltr' id='par_1_109' title="bbox 973 2345 1761 2375">
     <span class='ocr_line' id='line_1_109' title="bbox 973 2345 1761 2375; baseline -0.005 0"><span class='ocrx_word' id='word_1_842' title='bbox 973 2353 1107 2375; x_wconf 87' lang='lat' dir='ltr'><strong>crcattrra.</strong></span> <span class='ocrx_word' id='word_1_843' title='bbox 1128 2357 1137 2374; x_wconf 79' lang='grc' dir='ltr'><strong>ι</strong></span> <span class='ocrx_word' id='word_1_844' title='bbox 1155 2347 1200 2374; x_wconf 86' lang='lat' dir='ltr'><strong>sed</strong></span> <span class='ocrx_word' id='word_1_845' title='bbox 1220 2354 1284 2374; x_wconf 90' lang='lat' dir='ltr'><strong>mss.</strong></span> <span class='ocrx_word' id='word_1_846' title='bbox 1307 2351 1336 2374; x_wconf 92' lang='lat' dir='ltr'><strong>ut</strong></span> <span class='ocrx_word' id='word_1_847' title='bbox 1348 2345 1386 2373; x_wconf 41' lang='lat' dir='ltr'><strong>&#39;in</strong></span> <span class='ocrx_word' id='word_1_848' title='bbox 1409 2351 1500 2373; x_wconf 91' lang='lat' dir='ltr'><strong>nostro</strong></span> <span class='ocrx_word' id='word_1_849' title='bbox 1516 2349 1600 2372; x_wconf 78' lang='lat' dir='ltr'><strong>textu.</strong></span> <span class='ocrx_word' id='word_1_850' title='bbox 1619 2345 1704 2373; x_wconf 80' lang='lat' dir='ltr'><strong>l-‘orte</strong></span> <span class='ocrx_word' id='word_1_851' title='bbox 1721 2345 1761 2371; x_wconf 92' lang='lat' dir='ltr'><strong>le-</strong></span> 
     </span>
    </p>
   </div>
   <div class='ocr_carea' id='block_1_110' title="bbox 973 2381 1758 2418">
    <p class='ocr_par' dir='ltr' id='par_1_110' title="bbox 973 2381 1758 2418">
     <span class='ocr_line' id='line_1_110' title="bbox 973 2381 1758 2418; baseline -0.005 -9"><span class='ocrx_word' id='word_1_852' title='bbox 973 2383 1099 2418; x_wconf 62' lang='lat' dir='ltr'><strong>gendum,</strong></span> <span class='ocrx_word' id='word_1_853' title='bbox 1118 2389 1169 2416; x_wconf 86' lang='lat' dir='ltr'><strong>qua</strong></span> <span class='ocrx_word' id='word_1_854' title='bbox 1189 2382 1342 2418; x_wconf 80' lang='lat' dir='ltr'><strong>universam</strong></span> <span class='ocrx_word' id='word_1_855' title='bbox 1357 2381 1542 2418; x_wconf 59' lang='lat' dir='ltr'><strong>emendaverit</strong></span> <span class='ocrx_word' id='word_1_856' title='bbox 1565 2385 1732 2407; x_wconf 88' lang='lat' dir='ltr'><strong>creaturam.</strong></span> <span class='ocrx_word' id='word_1_857' title='bbox 1749 2388 1758 2404; x_wconf 75' lang='grc' dir='ltr'><strong>ι</strong></span> 
     </span>
    </p>
   </div>
   <div class='ocr_carea' id='block_1_111' title="bbox 1009 2415 1758 2450">
    <p class='ocr_par' dir='ltr' id='par_1_111' title="bbox 1009 2415 1758 2450">
     <span class='ocr_line' id='line_1_111' title="bbox 1009 2415 1758 2450; baseline -0.005 -6"><span class='ocrx_word' id='word_1_858' title='bbox 1009 2417 1064 2450; x_wconf 74' lang='lat'><strong>(5&#39;2)</strong></span> <span class='ocrx_word' id='word_1_859' title='bbox 1081 2415 1222 2450; x_wconf 77' lang='lat' dir='ltr'><strong>Reparala.</strong></span> <span class='ocrx_word' id='word_1_860' title='bbox 1248 2415 1283 2442; x_wconf 88' lang='lat' dir='ltr'><strong>lta</strong></span> <span class='ocrx_word' id='word_1_861' title='bbox 1306 2423 1370 2442; x_wconf 88' lang='lat' dir='ltr'><strong>mss.</strong></span> <span class='ocrx_word' id='word_1_862' title='bbox 1392 2415 1463 2442; x_wconf 84' lang='lat' dir='ltr'><strong>Editi</strong></span> <span class='ocrx_word' id='word_1_863' title='bbox 1477 2420 1576 2447; x_wconf 90' lang='lat' dir='ltr'><strong>autem,</strong></span> <span class='ocrx_word' id='word_1_864' title='bbox 1593 2423 1602 2440; x_wconf 80' lang='grc' dir='ltr'><strong>ι</strong></span> <span class='ocrx_word' id='word_1_865' title='bbox 1617 2419 1730 2450; x_wconf 79' lang='lat' dir='ltr'><strong>parata.</strong></span> <span class='ocrx_word' id='word_1_866' title='bbox 1748 2423 1758 2440; x_wconf 74' lang='grc' dir='ltr'><strong>ι</strong></span> 
     </span>
    </p>
   </div>
   <div class='ocr_carea' id='block_1_112' title="bbox 1008 2449 1638 2513">
    <p class='ocr_par' dir='ltr' id='par_1_112' title="bbox 1008 2449 1638 2513">
     <span class='ocr_line' id='line_1_112' title="bbox 1008 2449 1638 2513; baseline -0.005 -35"><span class='ocrx_word' id='word_1_867' title='bbox 1008 2449 1063 2513; x_wconf 45' lang='grc' dir='ltr'><strong>(ὅδὲ</strong></span> <span class='ocrx_word' id='word_1_868' title='bbox 1078 2451 1142 2478; x_wconf 86' lang='lat' dir='ltr'><strong>Vide</strong></span> <span class='ocrx_word' id='word_1_869' title='bbox 1158 2451 1176 2476; x_wconf 94' lang='grc' dir='ltr'><strong>Ι.</strong></span> <span class='ocrx_word' id='word_1_870' title='bbox 1191 2458 1210 2477; x_wconf 90' lang='grc' dir='ltr'><strong>ιι</strong></span> <span class='ocrx_word' id='word_1_871' title='bbox 1224 2450 1389 2485; x_wconf 81' lang='lat' dir='ltr'><strong>0rigenian.,</strong></span> <span class='ocrx_word' id='word_1_872' title='bbox 1405 2458 1432 2484; x_wconf 88' lang='lat' dir='ltr'><strong>q.</strong></span> <span class='ocrx_word' id='word_1_873' title='bbox 1449 2449 1492 2482; x_wconf 85' lang='lat' dir='ltr'><strong>ll,</strong></span> <span class='ocrx_word' id='word_1_874' title='bbox 1505 2457 1579 2476; x_wconf 89' lang='lat' dir='ltr'><strong>num.</strong></span> <span class='ocrx_word' id='word_1_875' title='bbox 1595 2449 1638 2476; x_wconf 80' lang='grc'><strong>16.</strong></span> 
     </span>
     <span class='ocr_line' id='line_1_113' title="bbox 1008 2486 1159 2513; baseline -0.013 0"><span class='ocrx_word' id='word_1_876' title='bbox 1008 2487 1053 2513; x_wconf 74' lang='grc'><strong>(54</strong></span> <span class='ocrx_word' id='word_1_877' title='bbox 1080 2486 1159 2513; x_wconf 85' lang='lat' dir='ltr'><strong>Cave.</strong></span> 
     </span>
    </p>
   </div>
   <div class='ocr_carea' id='block_1_113' title="bbox 1020 2487 1159 2513">
    <p class='ocr_par' dir='ltr' id='par_1_113' title="bbox 1020 2487 1159 2513">
     <span class='ocr_line' id='line_1_114' title="bbox 1020 2487 1159 2513; baseline -0.014 0"><span class='ocrx_word' id='word_1_878' title='bbox 1020 2487 1063 2513; x_wconf 69' lang='grc'><strong>54)</strong></span> <span class='ocrx_word' id='word_1_879' title='bbox 1080 2487 1159 2513; x_wconf 85' lang='lat' dir='ltr'><strong>Cave.</strong></span> 
     </span>
    </p>
   </div>
   <div class='ocr_carea' id='block_1_114' title="bbox 1005 2488 1760 2556">
    <p class='ocr_par' dir='ltr' id='par_1_114' title="bbox 1005 2488 1760 2556">
     <span class='ocr_line' id='line_1_115' title="bbox 1005 2488 1760 2556; baseline -0.007 -8"><span class='ocrx_word' id='word_1_880' title='bbox 1181 2527 1190 2544; x_wconf 80' lang='grc' dir='ltr'><strong>ι</strong></span> <span class='ocrx_word' id='word_1_881' title='bbox 1209 2517 1270 2546; x_wconf 86' lang='lat' dir='ltr'><strong>dum</strong></span> <span class='ocrx_word' id='word_1_882' title='bbox 1284 2519 1371 2556; x_wconf 72' lang='lat' dir='ltr'><strong>adhuc</strong></span> <span class='ocrx_word' id='word_1_883' title='bbox 1386 2518 1508 2556; x_wconf 76' lang='lat' dir='ltr'><strong>veritatis</strong></span> <span class='ocrx_word' id='word_1_884' title='bbox 1522 2524 1569 2556; x_wconf 66' lang='lat' dir='ltr'><strong>per</strong></span> <span class='ocrx_word' id='word_1_885' title='bbox 1589 2521 1760 2556; x_wconf 64' lang='lat' dir='ltr'><strong>attatem_ra-</strong></span> 
     </span>
    </p>
   </div>
   <div class='ocr_carea' id='block_1_115' title="bbox 972 2552 1760 2588">
    <p class='ocr_par' dir='ltr' id='par_1_115' title="bbox 972 2552 1760 2588">
     <span class='ocr_line' id='line_1_116' title="bbox 972 2552 1760 2588; baseline -0.005 -5"><span class='ocrx_word' id='word_1_886' title='bbox 972 2552 1208 2588; x_wconf 72' lang='lat' dir='ltr'><strong>tioitis&#39;incapaces</strong></span> <span class='ocrx_word' id='word_1_887' title='bbox 1226 2558 1300 2580; x_wconf 90' lang='lat' dir='ltr'><strong>sunt.</strong></span> <span class='ocrx_word' id='word_1_888' title='bbox 1316 2563 1326 2579; x_wconf 69' lang='grc' dir='ltr'><strong>ι</strong></span> <span class='ocrx_word' id='word_1_889' title='bbox 1340 2553 1393 2580; x_wconf 87' lang='lat' dir='ltr'><strong>Sed</strong></span> <span class='ocrx_word' id='word_1_890' title='bbox 1415 2554 1440 2580; x_wconf 91' lang='lat' dir='ltr'><strong>in</strong></span> <span class='ocrx_word' id='word_1_891' title='bbox 1457 2561 1522 2580; x_wconf 89' lang='lat' dir='ltr'><strong>mss.</strong></span> <span class='ocrx_word' id='word_1_892' title='bbox 1542 2553 1618 2579; x_wconf 87' lang='lat' dir='ltr'><strong>deest</strong></span> <span class='ocrx_word' id='word_1_893' title='bbox 1631 2552 1760 2588; x_wconf 67' lang='lat' dir='ltr'><strong>«verita-</strong></span> 
     </span>
    </p>
   </div>
   <div class='ocr_carea' id='block_1_116' title="bbox 973 2585 1758 2623">
    <p class='ocr_par' dir='ltr' id='par_1_116' title="bbox 973 2585 1758 2623">
     <span class='ocr_line' id='line_1_117' title="bbox 973 2585 1758 2623; baseline -0.006 -5"><span class='ocrx_word' id='word_1_894' title='bbox 973 2591 1020 2618; x_wconf 81' lang='lat' dir='ltr'><strong>tis:</strong></span> <span class='ocrx_word' id='word_1_895' title='bbox 1033 2599 1043 2616; x_wconf 78' lang='grc' dir='ltr'><strong>ι</strong></span> <span class='ocrx_word' id='word_1_896' title='bbox 1055 2585 1136 2623; x_wconf 81' lang='lat' dir='ltr'><strong>quani</strong></span> <span class='ocrx_word' id='word_1_897' title='bbox 1144 2595 1236 2614; x_wconf 81' lang='lat' dir='ltr'><strong>vocem</strong></span> <span class='ocrx_word' id='word_1_898' title='bbox 1249 2592 1340 2622; x_wconf 91' lang='lat' dir='ltr'><strong>utpote</strong></span> <span class='ocrx_word' id='word_1_899' title='bbox 1348 2588 1392 2615; x_wconf 90' lang='lat' dir='ltr'><strong>hic</strong></span> <span class='ocrx_word' id='word_1_900' title='bbox 1401 2588 1594 2623; x_wconf 83' lang='lat' dir='ltr'><strong>redundantem</strong></span> <span class='ocrx_word' id='word_1_901' title='bbox 1604 2585 1758 2623; x_wconf 78' lang='lat' dir='ltr'><strong>omisimus.</strong></span> 
     </span>
    </p>
   </div>
   <div class='ocr_carea' id='block_1_117' title="bbox 971 2621 1757 2659">
    <p class='ocr_par' dir='ltr' id='par_1_117' title="bbox 971 2621 1757 2659">
     <span class='ocr_line' id='line_1_118' title="bbox 971 2621 1757 2659; baseline -0.005 -7"><span class='ocrx_word' id='word_1_902' title='bbox 971 2625 1053 2652; x_wconf 81' lang='lat' dir='ltr'><strong>Paulo</strong></span> <span class='ocrx_word' id='word_1_903' title='bbox 1065 2621 1124 2659; x_wconf 79' lang='lat' dir='ltr'><strong>post</strong></span> <span class='ocrx_word' id='word_1_904' title='bbox 1138 2630 1214 2654; x_wconf 90' lang='lat' dir='ltr'><strong>mss.,</strong></span> <span class='ocrx_word' id='word_1_905' title='bbox 1230 2631 1239 2647; x_wconf 80' lang='grc' dir='ltr'><strong>ι</strong></span> <span class='ocrx_word' id='word_1_906' title='bbox 1252 2621 1336 2659; x_wconf 74' lang='lat' dir='ltr'><strong>verbo</strong></span> <span class='ocrx_word' id='word_1_907' title='bbox 1346 2623 1494 2659; x_wconf 28' lang='lat' dir='ltr'><strong>ac‘ratione</strong></span> <span class='ocrx_word' id='word_1_908' title='bbox 1505 2621 1576 2659; x_wconf 80' lang='lat' dir='ltr'><strong>suasi</strong></span> <span class='ocrx_word' id='word_1_909' title='bbox 1588 2621 1757 2659; x_wconf 64' lang='lat' dir='ltr'><strong>adomnia.»</strong></span> 
     </span>
    </p>
   </div>
   <div class='ocr_carea' id='block_1_118' title="bbox 970 2655 1759 2690">
    <p class='ocr_par' dir='ltr' id='par_1_118' title="bbox 970 2655 1759 2690">
     <span class='ocr_line' id='line_1_119' title="bbox 970 2655 1759 2690; baseline -0.005 -3"><span class='ocrx_word' id='word_1_910' title='bbox 970 2660 1052 2690; x_wconf 87' lang='lat' dir='ltr'><strong>Alias,</strong></span> <span class='ocrx_word' id='word_1_911' title='bbox 1065 2655 1150 2685; x_wconf 62' lang='lat' dir='ltr'><strong>&#39;vcrbo</strong></span> <span class='ocrx_word' id='word_1_912' title='bbox 1163 2665 1194 2684; x_wconf 85' lang='lat' dir='ltr'><strong>ac</strong></span> <span class='ocrx_word' id='word_1_913' title='bbox 1209 2657 1312 2684; x_wconf 85' lang='lat' dir='ltr'><strong>ratione</strong></span> <span class='ocrx_word' id='word_1_914' title='bbox 1330 2655 1429 2683; x_wconf 31' lang='lat' dir='ltr'><strong>sua’ad</strong></span> <span class='ocrx_word' id='word_1_915' title='bbox 1444 2656 1545 2684; x_wconf 89' lang='lat' dir='ltr'><strong>omnia.</strong></span> <span class='ocrx_word' id='word_1_916' title='bbox 1561 2665 1570 2681; x_wconf 75' lang='grc' dir='ltr'><strong>ι</strong></span> <span class='ocrx_word' id='word_1_917' title='bbox 1588 2655 1659 2682; x_wconf 73' lang='lat' dir='ltr'><strong>Infra</strong></span> <span class='ocrx_word' id='word_1_918' title='bbox 1678 2663 1759 2688; x_wconf 82' lang='lat' dir='ltr'><strong>mss.,</strong></span> 
     </span>
    </p>
   </div>
   <div class='ocr_carea' id='block_1_119' title="bbox 974 2690 1758 2725">
    <p class='ocr_par' dir='ltr' id='par_1_119' title="bbox 974 2690 1758 2725">
     <span class='ocr_line' id='line_1_120' title="bbox 974 2690 1758 2725; baseline -0.006 -4"><span class='ocrx_word' id='word_1_919' title='bbox 974 2703 983 2720; x_wconf 74' lang='grc' dir='ltr'><strong>ι</strong></span> <span class='ocrx_word' id='word_1_920' title='bbox 1004 2693 1160 2721; x_wconf 65' lang='lat' dir='ltr'><strong>occasiones</strong></span> <span class='ocrx_word' id='word_1_921' title='bbox 1184 2692 1313 2725; x_wconf 85' lang='lat' dir='ltr'><strong>quasdam</strong></span> <span class='ocrx_word' id='word_1_922' title='bbox 1339 2696 1457 2725; x_wconf 63' lang='lat' dir='ltr'><strong>praestet.</strong></span> <span class='ocrx_word' id='word_1_923' title='bbox 1480 2700 1491 2717; x_wconf 73' lang='grc' dir='ltr'><strong>ι</strong></span> <span class='ocrx_word' id='word_1_924' title='bbox 1512 2690 1540 2717; x_wconf 89' lang='lat' dir='ltr'><strong>lu</strong></span> <span class='ocrx_word' id='word_1_925' title='bbox 1563 2691 1644 2717; x_wconf 85' lang='lat' dir='ltr'><strong>editis</strong></span> <span class='ocrx_word' id='word_1_926' title='bbox 1667 2690 1758 2722; x_wconf 85' lang='lat' dir='ltr'><strong>deest,</strong></span> 
     </span>
    </p>
   </div>
   <div class='ocr_carea' id='block_1_120' title="bbox 974 2725 1759 2763">
    <p class='ocr_par' dir='ltr' id='par_1_120' title="bbox 974 2725 1759 2763">
     <span class='ocr_line' id='line_1_121' title="bbox 974 2725 1759 2763; baseline -0.004 -9"><span class='ocrx_word' id='word_1_927' title='bbox 974 2739 983 2754; x_wconf 80' lang='grc' dir='ltr'><strong>ι</strong></span> <span class='ocrx_word' id='word_1_928' title='bbox 1002 2729 1142 2763; x_wconf 87' lang='lat' dir='ltr'><strong>quasdam.</strong></span> <span class='ocrx_word' id='word_1_929' title='bbox 1162 2736 1174 2763; x_wconf 21' lang='grc' dir='ltr'><strong>ν»</strong></span> <span class='ocrx_word' id='word_1_930' title='bbox 1192 2725 1355 2763; x_wconf 82' lang='lat' dir='ltr'><strong>Paulo_.infra</strong></span> <span class='ocrx_word' id='word_1_931' title='bbox 1377 2733 1453 2758; x_wconf 90' lang='lat' dir='ltr'><strong>mss.,</strong></span> <span class='ocrx_word' id='word_1_932' title='bbox 1469 2734 1481 2763; x_wconf 59' lang='grc' dir='ltr'><strong>ι</strong></span> <span class='ocrx_word' id='word_1_933' title='bbox 1498 2725 1588 2763; x_wconf 73' lang='lat' dir='ltr'><strong>gloria</strong></span> <span class='ocrx_word' id='word_1_934' title='bbox 1612 2725 1639 2751; x_wconf 92' lang='lat' dir='ltr'><strong>in</strong></span> <span class='ocrx_word' id='word_1_935' title='bbox 1654 2728 1759 2753; x_wconf 63' lang='lat' dir='ltr'><strong>astet-na</strong></span> 
     </span>
    </p>
   </div>
   <div class='ocr_carea' id='block_1_121' title="bbox 971 2759 1646 2796">
    <p class='ocr_par' dir='ltr' id='par_1_121' title="bbox 971 2759 1646 2796">
     <span class='ocr_line' id='line_1_122' title="bbox 971 2759 1646 2796; baseline -0.009 -5"><span class='ocrx_word' id='word_1_936' title='bbox 971 2759 1076 2791; x_wconf 66' lang='lat' dir='ltr'><strong>saecula.</strong></span> <span class='ocrx_word' id='word_1_937' title='bbox 1100 2772 1108 2789; x_wconf 75' lang='grc' dir='ltr'><strong>ι</strong></span> <span class='ocrx_word' id='word_1_938' title='bbox 1125 2762 1209 2794; x_wconf 86' lang='lat' dir='ltr'><strong>Alias,</strong></span> <span class='ocrx_word' id='word_1_939' title='bbox 1230 2770 1239 2786; x_wconf 81' lang='grc' dir='ltr'><strong>ι</strong></span> <span class='ocrx_word' id='word_1_940' title='bbox 1254 2761 1338 2796; x_wconf 72' lang='lat' dir='ltr'><strong>gloria</strong></span> <span class='ocrx_word' id='word_1_941' title='bbox 1353 2765 1452 2788; x_wconf 63' lang='lat' dir='ltr'><strong>aeterna</strong></span> <span class='ocrx_word' id='word_1_942' title='bbox 1469 2759 1618 2788; x_wconf 40' lang='lat' dir='ltr'><strong>iu’szecula.</strong></span> <span class='ocrx_word' id='word_1_943' title='bbox 1637 2768 1646 2785; x_wconf 79' lang='grc' dir='ltr'><strong>ι</strong></span> 
     </span>
    </p>
   </div>
  </div>
