1860 3073
71 157 111 187 δῶ

705 144 803 172 LIBER
825 142 984 170 TERTIUS.

1607 139 1659 167 554

70 209 216 240 Mummiam
231 204 291 238 quis
307 204 410 239 ceperit
428 203 562 236 salutem;
585 201 682 238 quibus
711 202 769 228 haec
790 207 822 226 ex
840 201 862 228 Α
878 198 927 224 hoc
942 205 956 224 a
975 197 1054 224 Putre
1072 187 1210 231 discipulis
1225 197 1281 223 suis
1299 196 1444 232 impetrare
1467 195 1602 232 dignatur,
1620 197 1661 233 di-

71 255 140 284 eausis
150 252 185 280 vel
199 251 291 286 quibus
304 248 494 278 occasionibus
518 248 602 280 ﬁant;
621 248 718 282 quidve
735 247 760 273 in
779 246 820 273 bis

70 303 125 330 intro
141 297 274 333 inspiciens
290 297 382 324 divina
408 295 553 329 sapientia,
568 294 610 322 vel
635 301 703 328 quos
732 297 820 319 motus

70 345 172 381 propositi
187 350 274 371 eorum
286 342 381 368 videns
397 341 455 368 haec
470 341 596 368 universa
608 339 754 374 dispenset,
770 337 819 364 soli

68 393 110 419 Deo
119 390 237 426 cognitum
249 393 289 415 est
304 392 331 415 et
347 387 489 422 Unigenito
498 387 566 420 ejus,
580 393 626 420 per
639 391 717 419 quem
729 389 819 410 creata

70 446 94 465 ac
110 441 215 472 reparata
232 440 294 462 sunt
320 435 459 466 universa,
476 438 503 460 et
527 432 638 466 Spiritui
662 433 756 458 sancto
772 437 819 465 per

66 490 128 518 quem
142 486 228 508 cuncta
241 481 456 509 sanctilicantur.
474 479 519 513 qui
538 478 572 505 ab
588 478 646 512 ipso
659 477 739 503 Patre
757 483 816 510 pro-

66 528 131 560 cedit,
142 528 178 555 cui
192 532 230 554 est
244 526 328 562 gloria
345 526 370 552 in
390 529 493 552 teter-na
509 523 618 551 saecula.
634 523 731 549 Amen.

335 593 447 621 CAPUT
476 592 518 620 Vl.

229 652 270 678 De
285 650 510 678 consummatione
523 649 625 676 mundi.

95 709 116 734 Ι,
127 709 160 736 De
172 707 220 735 line
231 715 296 734 vero
311 707 401 734 mundi
414 710 440 734 et
453 705 688 734 consummatione
701 706 819 733 omnium

62 752 107 787 iam
119 752 215 786 quidem
230 756 258 778 et
273 751 300 778 itt
317 751 504 786 superioribus
527 759 575 785 pro
593 751 697 778 viribus
721 750 821 778 nostris

64 796 224 828 disseruimus,
242 796 392 823 secundum
408 795 479 830 quod
501 795 598 822 divina:
614 795 764 830 Scriptura:
781 796 821 822 in-

64 841 130 868 dulsit
152 841 305 874 auctoritas,
322 848 382 875 quae
408 839 529 868 sullicere
556 842 589 868 ad
615 841 819 868 instructionem

873 251 961 271 cens:
979 253 988 269 ι
1011 243 1103 275 Pater,
1123 243 1182 270 volo
1206 248 1234 270 ut
1253 243 1297 269 ubi
1320 249 1369 276 ego
1391 250 1450 270 sum
1473 247 1501 269 et
1531 242 1575 269 isti
1605 243 1660 270 sint

874 297 996 321 mecum;
1014 293 1040 316 et
1056 289 1125 316 sicut
1138 295 1187 323 ego
1207 292 1235 314 et
1248 294 1275 314 tu
1291 295 1374 314 unum
1395 295 1500 322 sumus,
1519 287 1555 315 ita
1573 292 1600 315 et
1615 288 1661 315 isti

875 337 899 362 in
923 335 1000 362 nobis
1024 341 1106 361 unum
1126 334 1180 360 sint
1194 333 1228 360 ⁸⁸.
1247 342 1257 359 ι
1276 333 1303 359 lu
1322 339 1376 366 quo
1392 331 1447 366 jam
1469 333 1575 360 videtur
1602 334 1660 368 ipsa

873 381 1022 408 similitudo
1036 380 1103 415 (60),
1119 379 1141 406 si
1158 379 1209 406 dici
1236 383 1336 413 potest,
1352 379 1494 412 prolicere,
1519 383 1546 405 et
1568 386 1601 406 ex
1625 379 1661 406 si-

863 427 929 454 mili
954 433 1036 453 unum
1058 424 1114 459 jam
1142 424 1211 456 ﬁeri,
1226 432 1273 458 pro
1298 431 1330 451 eo
1354 424 1413 452 sine
1436 424 1516 452 dubio
1536 425 1606 459 quod
1631 425 1657 452 in

873 471 1112 499 consummatione
1127 469 1169 496 vel
1193 469 1246 496 line
1264 467 1352 496 omnia
1366 474 1393 496 et
1404 468 1436 503 [in
1453 469 1578 497 omnibus
1592 469 1661 497 Deus

873 522 925 545 est.

903 562 930 589 In
940 570 992 597 quo
1003 563 1148 597 requiritur
1158 569 1171 588 a
1181 568 1248 588 non-

874 609 964 640 nullis,
994 608 1016 635 si
1045 608 1113 635 ratio
1143 612 1247 634 natura;

874 663 1010 689 corporeae
1043 655 1165 690 quamvis
1199 661 1246 681 ex-

835 696 847 699 "
874 707 994 737 purgatae
1018 702 1051 729 ad
1075 702 1203 736 liquidum
1221 705 1249 728 et

874 749 980 783 penitus
994 747 1123 783 spiritalis
1134 747 1247 778 ell'ectte,

875 802 927 821 non
963 794 1086 821 videatur
1118 793 1250 820 obsistere

874 841 916 868 vel
949 840 981 867 ad
1005 839 1188 867 similitudinis
1209 839 1250 866 di-

64 892 178 921 putamus,
196 887 289 921 paucis
305 887 388 913 etiam
412 894 483 914 nunc
505 887 667 918 admonitis,
691 888 818 921 quoniam
835 874 856 901 Β
871 887 1012 922 gnitatem,
1032 886 1071 913 vel
1091 886 1123 913 ad
1138 885 1251 913 unitatis

64 931 90 958 ad
105 931 171 966 152
186 933 254 959 hunc
282 939 332 960 nos
358 932 447 959 locum
478 933 635 966 quaestionis
662 933 728 960 ordo
757 940 820 967 per—

63 977 126 1004 duxit
138 977 198 1012 (36).
213 978 297 1013 Igitur
313 984 450 1005 summum
472 978 578 1004 bonum
589 978 622 1004 ad
638 979 709 1012 quod
727 983 821 1006 natura

64 1023 205 1051 rationabilis
220 1024 347 1051 universa
363 1023 483 1056 festinat,
500 1023 570 1058 quod
588 1023 669 1050 etiam
687 1023 749 1050 linis
764 1023 820 1058 (57)

61 1069 162 1096 omnium
176 1069 282 1102 dicitur,
296 1077 311 1096 a
326 1068 534 1104 quamplurimis
550 1070 631 1096 etiam
648 1069 822 1104 philosopho-

62 1120 110 1140 rum
125 1115 170 1140 ltoc
192 1115 270 1142 modo
288 1115 459 1146 terminatur,
476 1114 540 1148 quia
560 1121 696 1141 summum
722 1115 821 1141 bonum

61 1159 98 1190 sit,
113 1165 181 1194 prout
195 1160 322 1195 possibile
336 1165 388 1194 est,
405 1161 520 1188 similem
538 1160 596 1187 lieri
614 1161 679 1187 Deo.
701 1159 754 1187 Sed
771 1161 822 1188 hoc

62 1211 104 1230 non
120 1209 165 1231 tant
179 1205 297 1240 ipsorum
318 1206 467 1238 inventum,
484 1213 565 1241 quam
582 1212 616 1233 ex
633 1206 732 1234 divinis
748 1206 824 1233 libris

61 1250 88 1277 ab
101 1250 135 1278 eis
148 1257 313 1287 assumptum
330 1257 406 1287 puto.
423 1251 480 1279 Hoc
504 1259 619 1288 namque
635 1253 735 1280 indicat
751 1252 824 1288 Moy—

61 1301 97 1322 ses
109 1300 163 1324 ante
178 1304 282 1330 omnes,
297 1304 357 1324 cum
372 1297 488 1332 primam
509 1298 692 1325 conditionem
708 1297 825 1325 hominis

60 1345 153 1368 enarrat
167 1341 255 1369 dicens
271 1348 280 1368 :
299 1351 309 1368 ι
328 1342 362 1368 Ει
375 1342 444 1369 dixit
460 1342 532 1369 Deus
547 1351 554 1369 :
572 1342 715 1369 Faciamus
738 1342 826 1369 homi-

61 1393 112 1413 nem
125 1386 155 1414 ad
165 1387 306 1423 imaginem
318 1392 345 1414 et
361 1388 568 1415 similitudinem
582 1393 713 1416 nostram.
727 1398 737 1414 ι
751 1388 827 1415 Tunc

58 1431 142 1460 deinde
159 1433 230 1460 addit
245 1442 276 1461 ς(
292 1433 325 1461 Ει
337 1433 400 1461 fecit
411 1434 480 1462 Deus
495 1434 643 1468 hominem,
656 1435 689 1462 ad
703 1435 749 1462 Dei
763 1435 827 1462 ima-

59 1477 134 1511 ginem
148 1477 208 1506 fecit
220 1478 306 1511 illum,
318 1478 466 1507 masculum
479 1484 506 1507 et
518 1476 647 1507 feminam
659 1480 722 1508 fecit
731 1487 789 1514 eos,
801 1485 829 1508 ut

872 934 1082 969 proprietatem;
1106 933 1177 967 quod
1202 940 1250 959 na-

873 983 939 1006 turae
956 978 1054 1005 divina:
1077 985 1138 1012 qua:
1157 978 1251 1012 utique

873 1026 1031 1058 incorporea
1047 1029 1101 1054 est.
1117 1031 1167 1051 nec
1176 1024 1251 1051 sinti-

872 1071 906 1098 lis
918 1070 1041 1097 videatur
1053 1070 1106 1097 dici
1119 1076 1249 1104 corporea

875 1121 970 1144 ttatura
986 1123 1076 1151 posse,
1100 1123 1150 1143 nec
1168 1123 1250 1142 unum

874 1170 935 1190 cum
960 1169 991 1189 ea
1013 1169 1075 1189 vere
1099 1169 1131 1188 ac
1155 1161 1251 1188 merito

875 1208 1024 1243 designari,
1050 1207 1167 1235 maxime
1191 1214 1251 1235 cum

876 1255 901 1281 id
915 1254 985 1289 quod
1006 1261 1087 1280 unum
1107 1257 1150 1280 est
1169 1252 1254 1280 Filius

876 1307 936 1328 cum
966 1299 1057 1333 Patre,
1086 1299 1119 1326 ad
1150 1302 1254 1326 natura:

876 1347 1070 1382 proprietatem
1082 1345 1252 1373 referendum

1355 568 1460 589 INTERP.
1471 569 1604 590 SJHERON.

1312 606 1392 640 Quia,
1403 613 1429 634 ut
1439 608 1586 643 crebrojam
1596 608 1662 634 (lixi-

1283 661 1340 680 ntus
1351 654 1417 688 (41),
1429 655 1586 689 principium
1602 662 1661 681 rur-

1285 709 1330 727 sus
1358 709 1390 728 ea:
1419 701 1471 735 ﬁne
1502 706 1661 735 generatur.

1285 747 1413 782 quwritur
1438 752 1526 775 utrum
1555 753 1578 775 et
1602 752 1662 774 tunc

1286 793 1378 828 futura
1399 794 1450 820 sint
1477 802 1604 829 corpora,
1627 803 1661 822 an

1287 839 1343 866 sine
1357 839 1508 874 corporibus
1520 839 1662 875 aliquando

1286 885 1420 911 vivendum
1430 886 1475 917 sit,
1484 893 1543 912 cum
1555 886 1662 912 redacta

1286 929 1312 956 in
1326 930 1434 957 nihilum
1447 931 1564 965 fuerint;
1579 935 1603 958 et
1621 932 1662 958 in-

1285 976 1461 1010 corporalium
1477 978 1530 1004 vita
1545 978 1662 1012 incorpo-

1287 1021 1349 1047 ralis
1376 1029 1430 1048 esse
1454 1023 1583 1049 credenda
1608 1024 1660 1054 sit,

1285 1067 1388 1102 qualem
1415 1073 1438 1094 et
1465 1067 1512 1094 Dei
1534 1068 1661 1096 novimus.

1289 1112 1344 1139 Nec
1367 1113 1474 1139 dubium
1494 1118 1532 1140 est
1552 1114 1614 1147 quin
1639 1116 1663 1142 si

1288 1161 1375 1187 omnia
1397 1170 1507 1196 corpora
1531 1161 1566 1189 ad
1588 1170 1664 1189 mun-

1288 1205 1350 1232 dum
1359 1207 1439 1234 istum
1450 1207 1596 1234 sensibile»:
1607 1216 1664 1242 per-

1288 1252 1397 1285 tineant,
1418 1262 1476 1288 quas:
1497 1254 1663 1288 appellantur

1289 1297 1321 1324 ab
1336 1298 1459 1332 Apostolo
1476 1300 1600 1333 visibilia,
1618 1300 1663 1335 [ιι-

1289 1351 1349 1373 tura
1374 1347 1406 1374 sit
1433 1348 1486 1375 vita
1513 1349 1664 1384 incorpora-

878 1393 938 1420 lidei
955 1393 1054 1420 veritas
1070 1392 1176 1419 doceat.
1290 1392 1354 1419 lium
1369 1393 1557 1426 incorporalis.

913 1439 946 1467 Et
959 1439 1038 1474 paulo
1054 1443 1133 1473 post:
1149 1438 1222 1465 Illud
1236 1447 1336 1474 quoque
1350 1439 1418 1473 quod
1437 1439 1469 1466 ab
1489 1439 1578 1466 eodem
1595 1440 1666 1475 Ap;-

878 1485 945 1513 ctolo
957 1485 1075 1512 dicitur:
1094 1493 1103 1510 (
1122 1484 1212 1512 Omnis
1234 1489 1354 1511 creatura
1374 1484 1529 1512 liberabitur
1546 1494 1562 1512 a
1583 1487 1665 1513 servi-

58 1522 178 1552 benedixit
188 1531 233 1552 eos
240 1525 275 1554 ⁸⁸.
288 1534 298 1551 ι
311 1524 368 1552 lloc
375 1532 439 1561 ergo
451 1526 520 1560 quod
530 1526 607 1560 dixit,
619 1534 629 1552 ί
639 1526 671 1554 ad
681 1526 825 1562 imaginem
839 1536 861 1566 α
878 1537 930 1559 tute
940 1531 1129 1566 corruptionis,
1139 1531 1164 1556 in
1179 1530 1320 1557 libertatem
1329 1530 1420 1565 gloria!
1429 1530 1544 1564 ﬁliorum
1555 1531 1603 1558 Dei
1611 1532 1643 1563 δ’,
1651 1540 1662 1558 ι

58 1569 97 1597 Dei
111 1570 169 1599 fecit
184 1580 253 1607 eum,
274 1581 285 1598 ι
302 1577 329 1600 et
342 1573 376 1601 de
394 1573 570 1601 similitudine
586 1573 670 1607 siluit,
686 1581 738 1601 non
752 1574 824 1601 aliud

59 1614 150 1644 indicat
169 1618 218 1645 nisi
239 1619 311 1654 quod
335 1619 458 1654 imaginis
488 1620 596 1654 quidem
613 1620 772 1653 dignitatem
798 1620 825 1647 in

59 1662 134 1694 prima
157 1664 308 1692 conditione
331 1664 451 1698 percepit
462 1664 534 1700 (38);
556 1664 742 1692 similitudinis
761 1672 826 1692 vero

57 1708 172 1742 perfectio
186 1709 213 1736 in
230 1710 465 1738 consummatione
480 1715 589 1738 servata
602 1715 661 1743 est;
678 1711 781 1739 scilicet
797 1716 826 1739 ut

57 1752 106 1786 ipse
116 1753 163 1781 sibi
176 1762 235 1781 eam
249 1755 367 1790 propriae
387 1755 525 1783 industria:
541 1756 637 1783 studiis
653 1763 685 1783 ex
703 1756 749 1784 Dei
766 1756 827 1784 imi-

58 1800 145 1828 tatione
160 1803 354 1834 conscisceret,
377 1810 437 1830 cum
464 1802 642 1837 possibilitate
666 1802 716 1830 sibi
738 1802 827 1836 perie-

56 1844 143 1872 ctionis
163 1847 188 1873 in
212 1847 299 1874 initiis
326 1848 388 1875 data
403 1855 452 1882 per
469 1848 595 1883 imaginis
613 1848 782 1883 dignitatem,
799 1848 826 1875 in

57 1888 102 1916 line
115 1891 216 1919 demum
228 1900 279 1928 per
292 1900 404 1927 operum
419 1893 599 1927 expletionem
616 1893 762 1928 perfectam
775 1893 827 1920 sibi

57 1934 104 1969 ipse
118 1937 322 1966 similitudinem
341 1943 554 1966 consummaret.
568 1938 620 1966 Sed
633 1938 754 1973 apertius
770 1938 828 1965 haec

57 1986 79 2008 et
92 1984 236 2013 evidentius
252 1986 291 2012 ita
312 1993 341 2013 se
357 1985 458 2012 habere
472 1984 590 2012 Joannes
604 1984 746 2019 apostolus
761 1985 827 2012 deli-

57 2029 100 2062 nit,
115 2031 162 2058 boc
177 2032 257 2058 modo
273 2032 455 2066 pronuntians
471 2038 479 2058 :
498 2039 508 2056 ι
520 2030 619 2062 Filiol't,
635 2031 753 2057 nondum
772 2030 826 2057 sci-

57 2081 108 2102 mus
121 2077 182 2111 quid
205 2077 290 2104 futuri
315 2084 429 2110 sumus;
451 2076 474 2104 si
498 2083 563 2104 vero
588 2076 735 2104 revelatum
750 2075 828 2103 nobis

55 2119 126 2148 fuerit
147 2123 179 2150 de
200 2123 358 2153 Salvatore.
375 2123 434 2151 sine
452 2122 534 2150 dubio
559 2122 666 2156 dicetis,
682 2119 789 2149 Similes
801 2122 827 2149 ei

55 2167 145 2195 erimus
156 2169 189 2195 ⁵⁷.
206 2178 216 2195 ι
235 2169 288 2197 Per
302 2169 373 2203 quod
395 2169 547 2196 certissime
570 2169 672 2196 indicat
697 2172 724 2196 et
747 2167 826 2195 linem

875 1578 912 1604 sic
929 1577 1108 1612 intelligimus,
1122 1580 1150 1602 ut
1170 1576 1281 1610 primam
1304 1581 1452 1603 creaturam
1466 1577 1664 1604 rationabilium

877 1628 902 1650 et
918 1622 1121 1657 incorporalium
1134 1629 1188 1648 esse
1210 1622 1340 1652 dicamus.
1356 1630 1414 1656 qum
1428 1630 1480 1649 non
1496 1623 1590 1649 serviat
1606 1630 1664 1650 cor-

879 1670 1006 1704 ruptioni,
1023 1677 1052 1696 eo
1068 1669 1136 1705 quod
1151 1676 1203 1695 non
1224 1668 1258 1695 sit
1274 1669 1365 1695 vestita
1379 1669 1549 1703 corporibus;
1564 1673 1590 1696 et
1606 1669 1664 1695 ubi-

877 1724 977 1751 cunque
1000 1723 1108 1750 corpora
1127 1715 1234 1749 fuerint,
1255 1714 1343 1741 statim
1365 1715 1499 1748 corruptio
1520 1715 1664 1750 subsequu-

877 1767 929 1788 tur.
947 1760 1041 1788 Postea
1056 1765 1144 1799 autent
1163 1759 1316 1786 liberabitur
1331 1760 1363 1785 de
1381 1760 1503 1786 servitute
1517 1761 1663 1794 corruptio-

877 1807 916 1834 nis
935 1808 1039 1842 quando
1055 1806 1196 1840 receperint
1216 1806 1326 1840 gloriam
1350 1805 1465 1838 ﬁliorum
1479 1805 1537 1838 Dei,
1549 1811 1573 1832 et
1593 1806 1663 1845 Deus

878 1852 957 1886 fuerit
973 1852 1061 1879 omnia
1076 1852 1103 1878 in
1117 1851 1248 1877 omnibus.

914 1898 944 1925 Et
963 1899 989 1924 in
1008 1897 1101 1924 eodem
1125 1897 1183 1924 loco
1200 1904 1207 1923 :
1226 1895 1258 1922 Ut
1274 1900 1360 1922 autem
1382 1896 1563 1929 incorporeum
1585 1896 1664 1930 ﬁnem

878 1944 991 1971 omnium
1015 1950 1102 1970 rerum
1126 1950 1179 1969 esse
1205 1941 1354 1972 credamus.
1378 1941 1426 1968 illa
1446 1949 1492 1967 nos
1518 1940 1664 1968 Saluatoris

878 1992 964 2017 oratio
982 1992 1103 2024 provocat
1123 1989 1149 2015 in
1163 1996 1214 2023 qua
1227 1988 1263 2013 ait
1280 1994 1288 2013 :
1306 1995 1315 2012 ι
1335 1986 1371 2014 Ut
1388 1987 1516 2021 quomodo
1531 1995 1577 2022 ego
1593 1993 1616 2014 et
1637 1993 1665 2014 tu

879 2045 958 2063 unum
972 2043 1072 2067 sumus,
1087 2035 1123 2061 sic
1139 2038 1162 2060 et
1184 2034 1227 2060 isti
1242 2033 1269 2060 in
1285 2033 1357 2059 nobis
1374 2040 1455 2058 umtm
1473 2032 1526 2059 sint
1538 2033 1570 2059 ⁸⁸.
1586 2042 1595 2059 ι
1618 2033 1666 2059 Et-

878 2082 944 2108 enim
960 2081 1027 2107 scire
1039 2079 1159 2106 debemus
1175 2078 1236 2111 quid
1254 2078 1286 2104 sit
1302 2077 1383 2110 Deus,
1398 2082 1421 2103 et
1435 2077 1497 2111 quid
1512 2077 1546 2104 rit
1560 2077 1666 2112 futurus

878 2127 905 2153 in
921 2126 972 2160 [ine
992 2124 1134 2152 Salvator:
1149 2128 1174 2150 et
1195 2121 1325 2157 quomodo
1347 2121 1374 2154 in
1400 2122 1497 2148 sanctis
1522 2122 1666 2149 similitudo
1706 2140 1711 2149 κ

881 2171 969 2198 Patris
992 2175 1015 2198 et
1040 2169 1106 2196 Filii
1129 2168 1287 2203 repromissa
1309 2168 1362 2199 sit;
1383 2167 1511 2202 quomodo
1528 2168 1556 2193 in
1578 2176 1606 2195 se
1626 2167 1668 2195 illi

55 2211 172 2245 omnium:
190 2220 274 2247 quem
292 2213 379 2239 adhuc
394 2212 445 2240 Sibi
459 2213 523 2240 (Πείι
539 2214 671 2248 ignotum.
685 2218 713 2240 et
732 2214 828 2241 simili-
843 2202 866 2231 Ῑ)
879 2221 962 2244 unum
978 2219 1049 2248 sunt,
1067 2216 1104 2242 sic
1126 2220 1149 2241 et
1166 2213 1208 2240 isti
1224 2214 1251 2240 in
1275 2214 1312 2240 eis
1336 2221 1417 2240 unum
1438 2213 1501 2240 sint.
1523 2213 1575 2240 Aut
1597 2214 1668 2241 enim

56 2257 163 2284 tudinem
185 2260 232 2286 Dei
248 2259 422 2294 sperandam,
437 2266 496 2294 quae
514 2267 564 2294 pro
583 2260 744 2287 meritorum
768 2267 830 2294 per-

55 2299 159 2330 fectione
169 2305 353 2338 praestabitur.
366 2304 423 2339 Ipse
439 2312 546 2340 quoque
560 2305 691 2332 Dominus
704 2306 731 2332 in
742 2306 829 2333 Evan-

55 2347 117 2380 gelio
139 2349 195 2377 haec
216 2351 312 2378 eadem
333 2351 388 2385 (59)
416 2358 469 2378 ιιοιι
495 2350 584 2378 solum
610 2350 710 2384 futura,
737 2359 828 2378 verum

54 2393 125 2420 etiam
139 2396 180 2422 sui
203 2395 401 2423 intercessione
426 2396 514 2423 futura
535 2396 670 2431 designat,
689 2396 751 2424 dum
773 2396 830 2431 ipse

86 2452 182 2481 “Gen.
199 2462 220 2488 ι,
234 2455 283 2488 26,
294 2455 339 2481 27.
378 2455 400 2470 ⁸⁷
417 2454 498 2484 Joan.
511 2463 554 2489 ιιι,
569 2455 595 2487 2,
611 2456 638 2483 5.
675 2456 698 2472 ⁵⁸
713 2456 791 2486 Joan.
806 2467 821 2486 x

86 2524 135 2560 (36)
149 2525 214 2553 Vide
226 2525 245 2552 l.
262 2533 282 2553 ιι
298 2525 464 2560 0rigmian.,
477 2532 504 2559 q.
520 2525 563 2555 1‘2.
577 2533 602 2553 n.
615 2525 641 2552 9.

85 2559 135 2594 (57)
146 2560 191 2588 Sic
203 2568 271 2588 mss.
286 2559 355 2587 Editi
370 2568 442 2593 rem,
455 2569 464 2584 ι
476 2568 535 2594 quae
547 2561 626 2587 etiam
640 2560 707 2587 ﬁnis.
723 2570 732 2586 ι
747 2560 830 2588 Paulo

54 2600 107 2627 post
127 2604 202 2627 mss.,
224 2604 234 2621 ι
256 2599 425 2631 assumptum
449 2599 522 2630 puto.
541 2605 550 2620 ι
567 2595 649 2628 Editi,
666 2604 675 2621 (
693 2601 830 2630 sumptum

55 2634 120 2662 puto.
140 2639 148 2654 ι

85 2663 137 2699 (38)
152 2665 190 2692 lta
211 2672 281 2694 mss.
303 2665 372 2693 Editi
393 2668 492 2695 autem,
511 2673 520 2690 ι
539 2666 699 2700 perceperit.
720 2674 730 2691 ι
749 2665 832 2692 Paulo

54 2705 108 2731 post
128 2707 210 2732 mss.,
235 2700 414 2735 possibilitate
438 2699 488 2735 sibi
505 2699 684 2735 perfectionis
700 2700 725 2726 in
749 2700 834 2727 initiis

57 2736 120 2769 data.
133 2743 142 2759 ι
153 2735 223 2762 Editi
236 2734 378 2766 iuendose,
391 2744 399 2759 ι
411 2734 614 2768 possibilitatem
623 2735 671 2762 sibi
687 2735 832 2769 perfectio-

56 2768 92 2802 nis
102 2768 229 2797 divinitus
240 2770 344 2796 datam.
362 2779 372 2795 ι
387 2769 469 2796 Paulo
482 2769 553 2796 inl'ra
568 2777 645 2802 mss.,
662 2779 671 2795 ι
688 2768 724 2797 ita
741 2778 771 2797 se
785 2770 833 2796 ha-

56 2801 112 2829 bere
129 2802 259 2832 Joannes.
279 2813 289 2829 ι
305 2804 388 2836 Editi,
405 2813 415 2829 ι
435 2805 460 2830 in
476 2811 506 2831 se
520 2804 622 2831 habere
638 2801 770 2831 Ioannes.
787 2814 797 2830 ι

85 2836 138 2872 (39)
153 2838 217 2866 Haec
239 2839 341 2866 eadem.
359 2839 494 2866 Omittunt
509 2839 574 2866 libb.
598 2839 673 2869 editi.
687 2839 733 2866 sed
755 2839 836 2865 resti-

57 2876 127 2900 tuunt
139 2881 221 2902 mss.:
240 2881 305 2901 mox
321 2881 397 2907 mss.,
412 2883 420 2899 I
441 2874 563 2909 designat
577 2874 640 2902 dum
664 2874 721 2908 ipse
744 2874 804 2902 boc.
821 2883 831 2900 ι

882 2262 1075 2297 suscipiendum
1091 2265 1127 2287 est
1148 2259 1326 2286 universitatis
1349 2259 1431 2285 Deum
1445 2259 1533 2285 vestiri
1549 2267 1666 2292 corpore,

883 2313 905 2335 et
919 2308 1047 2342 quomodo
1062 2314 1108 2334 nos
1124 2305 1255 2336 cantibus,
1271 2305 1308 2332 sic
1333 2303 1406 2330 illum
1424 2303 1536 2338 qualibet
1556 2305 1668 2331 materia

884 2353 1066 2386 circumdari,‘
1080 2356 1108 2379 ut
1128 2351 1274 2378 similitudo
1295 2350 1352 2377 vita:
1373 2349 1433 2383 Dei,
1455 2350 1482 2376 in
1504 2349 1556 2384 [ine
1570 2350 1668 2376 sanctis

883 2401 962 2435 possit
980 2399 1079 2434 tequari
1088 2406 1098 2430 ;
1114 2402 1159 2424 aut
1174 2397 1197 2424 si
1212 2396 1259 2424 Itoc
1274 2396 1394 2422 indecens
1409 2400 1458 2427 en,
1471 2395 1584 2421 maxime
1597 2394 1668 2428 apud

979 2457 1001 2473 ⁵³
1018 2457 1094 2483 Rom.
1113 2462 1171 2486 rm,
1186 2454 1230 2481 28.
1278 2453 1300 2468 ⁶⁰
1312 2451 1389 2479 Joan.
1403 2458 1470 2484 xrtt,
1483 2450 1528 2478 21.

883 2526 964 2558 Editi,
978 2535 986 2551 ι
1002 2524 1143 2560 denuntiat
1163 2523 1220 2557 ipse
1235 2523 1298 2560 dum
1315 2521 1381 2560 ltoc._
1396 2529 1404 2546 ι
1421 2520 1503 2560 Paulo
1516 2523 1668 2560 post.mss_.,

885 2572 893 2588 ι
913 2554 1006 2595 inquo
1024 2559 1078 2594 jam
1096 2554 1211 2586 videtur.
1227 2567 1236 2584 ι
1253 2557 1332 2588 Editi,
1348 2565 1357 2582 ι
1375 2556 1401 2582 in
1413 2562 1466 2589 quo
1486 2555 1542 2589 jam
1563 2554 1668 2581 videbi-

883 2602 937 2624 tur.
957 2606 967 2621 ι

919 2630 975 2663 (40)
993 2630 1059 2657 Vide
1070 2628 1088 2655 l.
1102 2636 1119 2655 ιι
1135 2627 1301 2662 0rigenian.,
1313 2633 1342 2663 q.
1357 2625 1400 2663 ll,
1415 2631 1488 2651 num.
1506 2623 1522 2649 'l
1538 2627 1568 2663 et
1579 2622 1623 2650 10.

921 2631 964 2663 (40
993 2630 1059 2657 Vide
1070 2630 1088 2655 l.
1102 2636 1119 2655 ιι
1135 2630 1301 2662 0rigenian.,
1313 2633 1340 2660 q.
1357 2630 1400 2657 tt,
1415 2631 1488 2651 num.
1507 2630 1520 2649 't
1540 2630 1568 2663 et
1579 2630 1623 2650 ‘IU.

921 2630 975 2701 (41)
991 2665 1110 2701 Quia,_ut
1128 2663 1217 2701 crebro
1236 2663 1301 2701 jam_
1316 2661 1446 2701 diximnuc.‘
1462 2657 1669 2701 ἥιρεμιςιὲιιξ-

887 2690 946 2728 mus
954 2690 1038 2734 epist.
1050 2690 1094 2730 ill,
1112 2699 1144 2724 ad
1157 2690 1278 2734 Avitu'm,
1296 2696 1353 2721 huic
1367 2693 1448 2734 refert
1465 2692 1564 2720 dixisse
1575 2690 1670 2734 Orige-

887 2744 959 2768 nem,
972 2729 983 2760 ἱ
992 2742 1052 2762 eum
1066 2729 1099 2760 de
1112 2733 1164 2759 line
1175 2732 1314 2765 disputare
1325 2729 1453 2768 ccepi-sset
1461 2736 1468 2760 ;
1477 2737 1496 2768 nr
1509 2734 1568 2761 qua:
1577 2729 1668 2768 omnia

885 2760 978 2804 iiipole
996 2760 1083 2796 Vnimis
1104 2760 1414 2804 erronea'prmtermis'it
1433 2760 1555 2804 Ruﬁnus,
1574 2765 1602 2804 et
1616 2760 1669 2804 alia

887 2797 965 2832 no'bis
986 2805 1030 2832 hic
1053 2807 1080 2831 et
1105 2801 1184 2837 paulo
1213 2797 1275 2828 ante
1297 2797 1429 2831 obtrudit,
1448 2802 1477 2825 ut
1502 2797 1602 2831 legenti
1622 2803 1669 2831 pn-

889 2840 965 2869 teblt.
