1860 3073
207 106 264 135 1155

814 108 893 137 ORIG
899 109 975 138 ENIS
995 111 1073 138 ΠΕΡΙ
1092 112 1206 138 ΛΡΧΩΝ

1785 112 1835 138 355

209 176 252 195 eos
267 168 311 202 qui
325 167 415 193 saltem
438 175 469 193 ea:
484 167 592 193 minima
608 174 682 201 parte
712 168 758 195 Dei
779 170 874 196 seu/ire
893 170 999 204 (‘ttpittttl
1015 174 1035 201 Α
1053 171 1178 197 omnibus
1189 171 1278 198 omnia
1296 171 1394 198 dicitur
1416 178 1476 198 esse
1493 171 1573 202 Deus,
1593 170 1732 205 significet
1753 172 1834 197 etiam

209 214 383 248 majestatem,
399 218 422 239 et
446 213 568 247 ingenin
583 219 660 247 atque
681 215 768 242 omnia
784 216 931 243 excedentis
952 225 998 244 na-

209 265 276 287 tura;
290 259 401 294 gloriam
423 261 570 293 suspicari;
589 268 602 287 ε
618 261 719 288 duobus
739 263 851 288 alterum
868 263 997 295 suscipere

207 305 336 338 cogimur,
360 308 388 330 ut
415 309 461 330 aut
489 305 654 336 desperemus
676 305 875 333 similitudinem
899 306 954 335 Dei.
975 307 997 333 si

206 349 296 375 eadem
312 357 413 383 sentpar
427 357 516 375 sumus
531 357 640 383 corpora
663 351 790 382 habituri,
811 357 855 378 att!
871 352 893 377 si
916 353 997 378 beati-

207 393 270 420 tudo
295 394 368 420 nobis
389 393 505 427 ejusdem
531 402 590 420 cum
611 393 663 420 Deo
685 395 744 422 vita:
764 396 935 429 promittitur,
952 405 996 423 ea-

205 438 266 464 dem
282 446 333 471 qua
357 438 417 465 vivit
444 439 523 470 Deus,
538 439 612 466 nobis
627 439 774 466 conditione
790 440 926 466 vivendum
945 447 993 468 est.

257 483 312 518 (42)
341 483 506 518 [Λεγομένου
536 484 582 510 τοῦ

206 528 273 555 Θεοῦ
297 529 387 555 πάντα
409 529 534 562 γενέσθαι
555 530 583 554 ἐν

207 575 305 606 πᾶσιν,
328 573 422 609 ὥσπερ
449 574 478 600 οὐ
503 574 583 600 δυνά-

208 620 277 655 μεθα
292 621 391 647 κακίαν
413 622 581 653 καταλιπεῖν,

206 668 267 694 οὔτε
287 668 352 700 Θεὸς
373 668 460 694 πάντα
479 669 581 702 γίνεται

206 717 235 742 ἐν
247 717 340 747 πᾶσιν,
350 716 409 742 Οὐδὲ
420 715 504 750 ἄλογα
513 715 580 747 ζῶα,

206 763 250 790 ἵνα
279 764 315 799 μὴ
342 764 389 790 καὶ
411 764 439 789 ὲν
464 764 546 799 κακίᾳ
568 765 581 790 ὁ

206 811 272 843 Θεὸς
285 811 403 846 γίνηται,
419 812 464 838 καὶ
482 813 510 838 ἐν
526 811 583 837 d16-

207 867 265 893 γοις
281 859 374 891 ζώοις·
396 859 452 885 ἀλλ’
475 859 535 885 οὐδὲ
550 859 582 886 ἄ-

206 907 288 942 ψυχα,
306 907 348 934 ἵνα
367 906 403 942 μὴ
425 907 471 932 καὶ
488 907 516 932 ὲν
536 906 584 932 αὺ-

206 953 261 984 τοῖς
287 953 300 978 6
330 952 406 983 Θεὸς,
423 952 466 978 ὅτε
494 951 582 978 πάντα

208 997 318 1031 γίνεται.
335 995 428 1027 οὕτως
449 997 508 1023 οὐδὲ
528 996 581 1022 σώ-

207 1052 288 1078 ματα,
306 1043 386 1069 ἅτινα
406 1044 437 1078 τῇ
464 1043 516 1078 ἰδίᾳ
533 1042 581 1077 φύ-

206 1097 246 1114 σει
265 1088 357 1123 ἅψυχά
372 1089 454 1114 ἐστιν.

314 1141 390 1160 νειμ.
412 1141 474 1160 NOV.

241 1178 307 1205 Cum
322 1178 391 1205 Deus
405 1180 511 1205 dicatur
524 1179 581 1212 ﬁeri

205 1227 292 1253 omnia
309 1228 335 1253 in
349 1226 478 1258 omnibus,
496 1235 582 1261 quem-

205 1273 346 1299 admodum
371 1280 422 1298 non
443 1280 581 1302 possumus

204 1326 321 1347 asserere
353 1317 516 1352 nequitiam,
545 1317 581 1343 ita

205 1372 285 1398 neque
306 1363 375 1390 Deus
397 1363 426 1396 [it
447 1363 535 1389 omnia
554 1361 580 1388 in

204 1410 335 1443 omnibus,
359 1417 439 1444 neque
461 1411 488 1435 id
511 1408 580 1443 quod

203 1461 264 1483 sunt
291 1456 378 1487 bruta,
405 1463 436 1481 ne
461 1454 529 1480 Deus
547 1455 579 1480 sit

204 1509 306 1536 quoque
332 1502 359 1527 in
387 1501 489 1527 malitia
514 1505 536 1526 et
553 1501 579 1526 in

205 1547 289 1573 brutis
324 1546 502 1578 animalium;
536 1546 580 1572 sed

206 1601 289 1628 neque
306 1593 334 1627 ﬁt
355 1593 424 1626 quod
445 1597 504 1618 sunt
522 1592 581 1617 inn-

205 1639 316 1673 nimata,
340 1648 371 1666 ne
396 1640 428 1666 sit
454 1641 532 1666 etiam
553 1640 580 1666 in

205 1686 269 1717 illis,
295 1688 400 1721 quando
423 1686 453 1720 ﬁt
480 1686 578 1712 omnia.

205 1732 248 1760 Ita
260 1741 339 1768 neque
349 1732 378 1767 ﬁt
390 1733 459 1767 quod
470 1741 580 1767 corpora

203 1784 274 1811 sunt,
291 1787 349 1810 qua:
360 1779 467 1813 propria
483 1782 579 1805 tratum

203 1824 321 1850 inanima
336 1823 422 1860 sunt]

653 484 681 510 2.
705 485 772 511 Cum
796 491 861 518 ergo
888 485 913 511 in
940 485 993 513 line

621 529 690 556 heus
712 537 772 556 esse
797 530 889 556 omnia
918 535 945 557 et
969 531 994 557 iu

619 575 745 602 omnibus
753 575 937 610 promittatur,
946 577 995 604 sic-

621 625 650 648 ut
671 628 842 656 consequens
860 626 902 649 est
925 622 993 657 (45),

621 675 672 693 non
685 672 726 694 est.
741 668 885 702 putandum
903 670 994 696 venire

619 714 652 740 ad
669 713 741 740 illurn
759 714 838 741 finem
856 715 991 747 animalia,

619 760 660 786 vel
684 767 793 794 pecora,
818 760 860 787 vel
884 760 992 793 bestias,

620 816 653 834 ne
668 809 750 835 etiam
769 809 794 835 in
821 809 991 842 animalibus,

619 861 666 882 aut
679 855 834 888 pecoribus,
848 856 888 881 vel
901 856 993 883 bestiis

621 903 691 930 Deus
707 903 794 930 inesse
818 904 992 938 designetur;

619 947 664 975 sed
678 955 725 975 nec
739 948 810 982 ligna
822 949 862 975 vel
879 948 992 984 lapides,

618 1002 652 1021 ne
680 995 704 1020 in
732 994 774 1021 his
801 1003 910 1028 quoque
933 1003 993 1022 esse

617 1041 724 1067 dicatur
749 1041 829 1068 Deus.
855 1041 932 1076 153
955 1041 993 1069 lla

618 1095 651 1114 ne
676 1087 756 1114 ullatn
783 1089 891 1122 quidem
915 1088 993 1115 mali-

618 1135 681 1160 tiam
704 1134 737 1160 ad
758 1133 831 1160 illum
851 1134 930 1160 linem
946 1142 994 1168 pu-

619 1180 729 1206 tandum
755 1184 797 1206 est
823 1179 963 1214 pervenire
984 1188 991 1206 :

619 1232 651 1251 ne
666 1225 728 1251 dum
745 1225 770 1251 in
784 1226 909 1252 omnibus
924 1225 994 1252 Deus

618 1276 677 1297 esse
689 1270 799 1301 dicitur,
811 1271 892 1297 etiam
906 1271 932 1297 in
945 1271 994 1298 ali-

618 1324 671 1351 quo
688 1316 796 1343 malita:
820 1317 930 1344 vasculo
953 1318 993 1344 in-

617 1369 677 1390 esse
695 1362 810 1390 dicatur.
834 1362 900 1390 Nam
922 1368 949 1391 et
970 1364 991 1391 si

618 1417 688 1436 nunc
715 1417 821 1445 quoque
845 1410 943 1445 ubique
965 1415 992 1437 et

618 1456 643 1481 in
659 1456 785 1483 omnibus
801 1456 914 1483 dicimus
931 1464 991 1484 esse

1050 217 1075 242 in
1104 216 1216 251 singulis
1233 223 1294 243 eum
1324 217 1413 244 omnia
1438 224 1508 244 esse.
1528 217 1580 243 Per
1603 216 1726 251 singulos
1745 221 1835 243 autem

1048 262 1138 288 omnia
1152 262 1203 289 crit.
1217 262 1267 289 hoc
1280 263 1370 295 modo,
1384 267 1412 289 ut
1424 263 1554 297 quidquid
1570 261 1743 289 rationabilis
1760 269 1836 288 mens

1047 313 1194 342 expurgata
1210 308 1329 335 omnium
1346 309 1472 335 vitiorum
1488 309 1561 339 hcce,
1578 314 1659 342 atque
1672 309 1747 335 omni
1763 309 1838 343 peni-

1049 358 1091 379 tus
1107 354 1230 380 abstersa
1246 355 1317 380 nube
1343 354 1463 388 malitiae,
1487 355 1527 381 vel
1544 356 1656 385 sentire,
1677 353 1719 381 vel
1737 354 1839 380 intelli-

1047 406 1121 432 gere,
1136 400 1176 424 vel
1192 399 1312 432 cogitare
1333 404 1431 434 potest,
1446 400 1536 426 omnia
1555 399 1623 426 Deus
1636 399 1685 430 sit,
1703 406 1754 426 nec
1768 399 1839 426 ultra

1043 445 1097 479 jam
1113 446 1185 473 aliud
1207 447 1308 480 aliquid
1332 447 1382 474 nisi
1400 447 1482 474 Deum
1508 447 1607 478 videat,
1625 446 1711 473 Deum
1735 450 1839 475 teneat,

1046 494 1136 520 omnis
1164 497 1252 520 motus
1275 494 1315 520 sui
1335 493 1405 520 Dens
1420 493 1515 520 modus
1530 497 1556 519 et
1583 499 1711 519 mensura
1730 492 1787 523 sit;
1814 496 1840 517 et

1046 539 1082 566 ita
1107 540 1159 566 erit
1183 541 1274 567 omnia
1306 540 1392 567 Deus:
1416 547 1468 567 non
1498 539 1571 566 enim
1592 538 1648 573 jam
1677 539 1752 565 ultra
1775 537 1839 564 boni

1045 586 1164 621 malique
1187 586 1330 617 discretio,
1355 586 1417 620 quia
1446 592 1580 619 nusquam
1605 583 1722 614 malum;
1748 584 1838 610 omnia

1044 632 1115 658 enim
1134 632 1202 658 Deus
1219 637 1271 663 est,
1292 631 1335 657 ctti
1355 631 1410 664 jam
1430 639 1481 657 non
1504 630 1611 664 adjacet
1636 629 1759 660 malum;
1789 637 1839 655 nec

1045 677 1115 704 ultra
1129 685 1162 704 ex
1181 678 1278 705 arbore
1295 677 1401 704 sciendi
1426 676 1525 703 bonum
1551 682 1578 702 et
1603 675 1704 702 malum
1723 675 1840 701 mandu-

1044 728 1106 747 care
1129 721 1313 756 concnpiscet,
1337 721 1383 754 qui
1399 728 1506 754 semper
1521 721 1547 747 in
1566 721 1638 747 bono
1661 724 1714 752 est,
1745 725 1772 746 et
1797 720 1839 745 cui

1043 768 1133 793 omnia
1152 767 1221 794 Deus
1240 772 1290 794 est.
1309 766 1354 794 Sic
1375 775 1439 802 ergo
1455 767 1516 794 ﬁnis
1530 767 1563 793 ad
1578 767 1747 801 principium
1763 774 1838 801 repa-

1045 818 1130 844 ratus,
1157 817 1184 840 et
1211 820 1300 840 rerum
1331 813 1421 840 exitus
1448 813 1562 840 collatus
1587 813 1685 846 ittitiis,
1714 813 1840 839 restituet

1046 859 1118 886 illum
1132 864 1230 887 statum
1253 867 1333 893 quem
1352 864 1416 886 tunc
1430 859 1523 886 habuit
1538 863 1636 886 natura
1653 859 1838 890 rationabilis,

1045 913 1105 932 cum
1129 906 1161 933 de
1184 905 1256 940 ligno
1275 905 1376 932 sciendi
1393 906 1492 932 bonum
1508 911 1535 932 et
1563 905 1665 931 malum
1693 906 1839 932 comedere

1045 959 1098 978 non
1112 951 1227 986 egebat;
1255 955 1283 978 ut
1301 955 1393 978 amoto
1419 950 1492 977 omni
1511 951 1621 977 malitia:
1639 958 1732 983 sensu,
1749 956 1775 977 et
1807 950 1838 976 ad

1045 997 1179 1024 sincerum
1206 1004 1358 1031 purumque
1389 997 1508 1027 deterso.
1534 997 1608 1023 solus
1630 996 1676 1030 qui
1700 1001 1744 1023 cst
1770 1004 1839 1023 unus

1045 1041 1132 1068 bonus
1154 1041 1223 1067 Deus
1239 1041 1283 1068 hic
1307 1041 1332 1068 ei
1356 1041 1402 1068 t’iat
1428 1041 1530 1073 omnia,
1558 1046 1585 1068 ct
1613 1049 1668 1068 non
1689 1042 1715 1068 in
1745 1043 1839 1075 paucis

1044 1088 1181 1121 aliquibus
1197 1087 1238 1114 vel
1254 1087 1387 1120 pluribus,
1404 1087 1450 1114 sed
1471 1087 1497 1114 in
1513 1087 1641 1114 omnibus
1656 1087 1713 1121 ipse
1729 1088 1767 1114 sit
1780 1095 1838 1114 om-

1046 1134 1088 1160 nia
1103 1133 1169 1168 (45).
1185 1133 1252 1160 Cum
1265 1133 1322 1166 jam
1351 1141 1483 1167 nusquam
1514 1141 1596 1165 mors,
1615 1140 1751 1167 nusquam
1774 1141 1838 1159 acu.

1045 1178 1102 1206 lcus
1125 1179 1228 1208 mortis,
1261 1186 1394 1211 nusquam
1421 1179 1533 1206 omnino
1549 1178 1662 1209 malum,
1679 1184 1746 1205 tunc
1775 1185 1837 1205 rere

1045 1224 1114 1251 Deus
1134 1224 1224 1250 omnia
1245 1224 1272 1250 in
1286 1224 1413 1252 omnibus
1429 1225 1491 1251 erit.

1080 1269 1179 1296 Verum
1193 1270 1249 1304 (46)
1266 1270 1343 1296 istam
1358 1278 1420 1304 pcr-

1045 1316 1188 1343 t'cctionem
1207 1315 1263 1350 (47)
1280 1323 1311 1342 ac
1333 1317 1419 1343 beati-

1045 1362 1164 1389 tudinem
1215 1361 1416 1389 rationabilium

1044 1413 1241 1440 creaturarum,
1272 1407 1313 1433 vel
1340 1412 1415 1434 natu-

1044 1461 1146 1485 rarum,
1171 1454 1206 1479 ita
1230 1454 1338 1480 dctnum
1360 1453 1420 1487 qui-

618 1500 712 1532 Deum.
728 1509 776 1535 pro
788 1509 820 1528 eo
837 1502 908 1536 quod
923 1503 988 1528 nihil
1003 1503 1025 1533 C.
1042 1500 1102 1526 dant
1115 1506 1274 1534 permanere
1286 1499 1312 1525 in
1323 1500 1417 1526 eodem

617 1552 706 1581 potest
721 1554 781 1574 esse
797 1555 908 1574 vacuum
926 1548 990 1580 Deo,

617 1600 669 1618 non
692 1597 780 1619 tamen
804 1593 840 1620 ita
868 1601 929 1620 esse
951 1594 991 1620 di-

617 1639 712 1672 cimus,
728 1645 755 1666 ut
768 1640 857 1666 omnia
872 1641 906 1667 sit
919 1648 990 1668 nunc

619 1685 644 1712 in
663 1685 759 1719 quibus
771 1691 822 1712 est.
840 1685 915 1713 Unde
929 1687 990 1713 dili-

615 1732 722 1766 gentius
760 1725 915 1759 intuendum
950 1736 990 1759 est

615 1778 694 1812 quale
709 1783 750 1805 cst
772 1778 822 1805 huc
838 1777 910 1811 qttod
927 1786 990 1812 per-

617 1823 760 1852 fectionem
816 1823 989 1851 beatitudinis

1041 1551 1112 1573 statu
1128 1553 1182 1580 quo
1197 1553 1278 1579 supra
1298 1545 1417 1572 diximus

1042 1597 1146 1627 putant,
1171 1592 1196 1619 id
1221 1596 1262 1619 est.
1287 1596 1317 1618 ut
1334 1592 1417 1618 Deum

1041 1638 1131 1664 omnia
1150 1638 1278 1669 habeant,
1302 1642 1328 1664 ct
1349 1638 1418 1664 Deus

1041 1684 1082 1711 eis
1100 1684 1135 1711 sit
1150 1683 1251 1715 omnia,
1267 1685 1288 1710 si
1304 1683 1417 1710 nullate-

1042 1738 1092 1758 nus
1109 1737 1157 1757 eas
1170 1730 1287 1757 societas
1311 1734 1417 1756 natura:

1041 1776 1191 1811 corporalis
1205 1782 1332 1803 amoveat
1347 1776 1413 1811 (48).

1040 1824 1166 1858 Alioquin
1187 1824 1343 1851 existimant
1360 1824 1417 1859 glo-

1041 1870 1108 1897 riam
1120 1878 1231 1897 summte
1243 1871 1416 1898 beatitudinis

1474 1278 1635 1298 INTERPHET.
1661 1278 1822 1298 ΙΙΙΕΕΟΣΥΙΙ.

1479 1317 1534 1344 Nec
1542 1318 1651 1344 dubium
1659 1319 1770 1352 estquia
1780 1324 1836 1352 post

1454 1365 1546 1398 qua'da
1552 1372 1575 1390 nt
1601 1364 1742 1391 intervalla
1770 1369 1836 1390 tem-

1455 1418 1548 1444 parum
1587 1418 1681 1437 rursus
1722 1411 1836 1437 materia

1454 1456 1590 1488 subsistat,
1600 1462 1623 1482 ct
1634 1465 1749 1491 corpora
1761 1458 1834 1490 ﬁant,

1455 1506 1479 1528 et
1496 1503 1586 1528 mundi
1607 1503 1748 1529 diversitas
1773 1511 1836 1529 con-

1454 1553 1573 1575 struatur
1607 1555 1714 1582 propter
1750 1550 1834 1575 uarias

1454 1595 1599 1622 voluntates
1633 1596 1834 1622 rationvrbilinm

1454 1646 1635 1667 creaturarum
1673 1650 1735 1676 quae
1776 1649 1832 1676 p051

1453 1687 1593 1721 perfectam
1646 1687 1833 1714 beatitudinem

1454 1741 1534 1769 usque
1556 1734 1592 1759 ad
1612 1733 1692 1767 finem
1719 1735 1832 1760 omnium

1453 1788 1539 1806 rerum
1558 1780 1689 1813 paulatim
1707 1782 1744 1807 ad
1767 1782 1832 1816 inf:—

1453 1827 1524 1852 riora
1538 1825 1653 1858 delapsae
1663 1832 1768 1854 tantam
1780 1836 1834 1853 nta-

1452 1870 1537 1898 litiam
1560 1878 1725 1906 receperunt,
1755 1879 1781 1900 ut
1809 1875 1832 1899 in

203 1878 349 1905 rerumque
365 1870 444 1897 tinem
458 1870 614 1905 signiﬁcat:
632 1871 702 1904 quod
721 1878 773 1896 non
788 1870 873 1897 soluat
889 1870 915 1896 in
931 1877 989 1897 ont-

203 1917 283 1944 nibus
298 1916 355 1950 (M)
369 1923 428 1944 esse
445 1916 545 1950 dicitur
570 1917 653 1947 Deus,
678 1916 723 1943 sed
741 1915 824 1942 etiam
846 1916 936 1942 omnia
962 1916 987 1941 in

202 1962 340 1989 omnibus.
353 1961 417 1995 Quas
432 1962 489 1989 sint
507 1970 570 1997 ergo
594 1962 645 1989 ista
664 1961 754 1989 omnia
777 1970 838 1997 quae
860 1961 930 1988 Deus
946 1961 989 1987 fu~

204 2011 281 2034 turus
297 2007 332 2033 sit
345 2006 371 2033 in
388 2007 524 2038 erunibus,
538 2009 721 2041 requiramus.

237 2052 264 2079 5.
284 2051 316 2079 Et
343 2059 393 2086 ego
416 2052 525 2087 quidem
544 2053 672 2085 arbitror,
699 2052 762 2086 quia
787 2053 838 2080 hoc
860 2053 931 2087 quod
959 2052 986 2079 in

238 2133 295 2168 (42)
310 2133 475 2168 Λετομένου
497 2133 549 2161 τοῦ
565 2133 650 2161 Θεοῦ.
672 2133 757 2161 Locus
781 2134 824 2161 llic
849 2139 936 2161 exstat
958 2135 991 2162 ad

204 2168 306 2195 calcem
323 2169 441 2202 epistolae
464 2168 610 2195 Iustiniani
631 2168 803 2202 imperatoris
819 2169 852 2195 ad
875 2169 990 2197 Menam.

239 2202 345 2237 (i3)lta
359 2210 422 2230 mss.
437 2203 507 2230 Editi
521 2208 622 2233 autem.
638 2212 646 2227 ι
661 2203 732 2230 sicut
744 2205 907 2230 conveniens
920 2209 988 2231 est.»

203 2236 288 2264 Pattlo
304 2243 363 2272 post
383 2245 459 2270 mss.,
477 2246 486 2262 ι
503 2245 536 2264 ne
562 2238 587 2264 in
613 2238 654 2264 his
675 2245 783 2272 quoque
804 2245 864 2265 esse
886 2238 992 2266 dicatur

204 2271 284 2299 Deus.
300 2271 338 2299 Ita
355 2280 388 2299 ne
401 2272 480 2298 ullam
499 2273 617 2306 quidem.
640 2281 648 2297 ι
665 2271 746 2304 Εὐίιῇ
762 2282 771 2298 ‹
788 2277 814 2298 ιιι
829 2273 854 2299 in
869 2273 911 2300 his
925 2281 992 2307 quo-

203 2313 257 2340 que
269 2313 329 2334 esse
341 2307 447 2334 dicatur
463 2307 543 2333 Deus.
558 2307 595 2333 Ita
612 2314 662 2334 nec
675 2306 755 2334 ullam
768 2308 887 2341 quidem.
905 2317 913 2334 ι
930 2306 989 2335 Mox

204 2349 283 2373 mss.,
298 2351 307 2367 ι
325 2341 352 2369 in
367 2341 456 2375 aliquo
479 2341 588 2368 malitia:
607 2341 716 2369 vasculo
733 2342 830 2369 inesse.
846 2352 855 2367 ι
870 2343 896 2369 ln
912 2344 991 2370 edllis

203 2375 290 2405 deest.
307 2385 316 2402 ι
335 2376 457 2407 malitia),
476 2384 485 2401 ι
501 2381 526 2402 et
541 2383 589 2410 pro
605 2385 614 2401 ι
632 2377 721 2403 inesse
739 2386 748 2402 ι
764 2377 859 2411 legitur
873 2387 882 2402 ε
897 2385 966 2404 esse.
977 2387 987 2404 ι

239 2410 296 2447 (Η)
323 2411 400 2444 Quod
430 2419 480 2437 non
505 2412 589 2447 solum
618 2411 646 2447 iu
669 2410 864 2447 omnibusicsse
888 2413 988 2438 dicitur

203 2444 291 2478 Dein;
318 2447 363 2473 sed
391 2447 471 2472 etiam
499 2446 586 2471 omnia
614 2446 641 2472 in
662 2447 792 2473 omnibus.
817 2446 878 2473 Hmc
893 2447 989 2474 desunt

203 2481 231 2508 in
246 2485 324 2509 antea
349 2481 441 2513 editis,
468 2481 516 2507 sed
540 2480 566 2507 in
584 2481 709 2508 omnibus
734 2481 868 2509 habentur
889 2483 988 2509 nostris

203 2523 269 2543 IDSS.

239 2550 295 2585 (45)
314 2549 346 2576 Et
359 2558 411 2577 non
426 2549 454 2575 in
470 2549 560 2582 paucis
581 2549 712 2585 aliquibus
731 2551 769 2577 vel
794 2550 924 2585 pluribus.
943 2552 988 2578 sed

202 2585 230 2612 in
245 2584 370 2611 omnibus
388 2585 442 2618 ipse
463 2585 497 2610 sit
520 2585 618 2612 omnia.
643 2584 706 2612 llaec
721 2584 829 2619 quoque
854 2586 879 2611 in
907 2591 986 2613 antea

201 2619 283 2646 editis
299 2619 487 2646 desiderantur
502 2625 561 2653 qua:
576 2619 660 2647 nostri
679 2627 745 2647 mss.
761 2621 916 2647 restituunt.

249 2653 294 2686 46)
309 2653 393 2680 Caute
405 2653 474 2686 lege.

250 2687 294 2722 47)
319 2687 412 2714 Verum
431 2688 509 2714 istam
530 2688 725 2722 perfectionem,
745 2694 798 2716 etc.
815 2690 878 2716 Mihi
907 2690 985 2716 valde

202 2722 254 2759 boc
268 2723 326 2759 loco
343 2723 430 2750 adhuc
445 2730 569 2759 suspecta
581 2729 622 2751 cst
635 2725 789 2759 interpretis
804 2724 892 2750 Ruﬁni
909 2726 983 2752 lides.

203 2757 394 2793 Pet-vulgatum
410 2758 508 2792 quippe
525 2759 649 2793 Origenis
670 2757 764 2792 dogma
791 2759 822 2786 de
845 2759 984 2785 beatarum

204 2792 356 2828 animarum
369 2792 486 2828 peccatis
502 2798 529 2820 et
544 2792 673 2828 lapsibus,
697 2794 722 2820 in
741 2793 809 2819 alios
824 2793 985 2827 interpreta-

206 2825 278 2854 tione
296 2833 344 2854 sua
359 2826 496 2856 transfert.
514 2825 670 2862 Quinetiam
686 2828 757 2862 quod
773 2828 833 2856 aliis
847 2825 983 2856 ascriben-

1042 1916 1176 1950 impediri,
1210 1916 1231 1943 si
1269 1917 1416 1943 materialis

1043 1962 1200 1988 substantia:
1238 1962 1418 1989 interseratur

1043 2007 1180 2034 adtnistio.
1200 2007 1236 2034 De
1249 2016 1301 2042 qua
1319 2016 1346 2035 re
1362 2009 1417 2042 ple-

1042 2052 1102 2079 nius
1117 2060 1131 2078 a
1153 2052 1230 2080 nobis
1245 2059 1305 2086 qua:
1319 2053 1344 2079 in
1369 2060 1415 2079 su-

1452 1919 1613 1943 contrarium
1659 1925 1831 1950 uerterentur,

1453 1963 1516 1988 dum
1533 1964 1623 1989 uolunt
1639 1972 1750 1991 seruare
1765 1966 1834 1999 prin-

1454 2009 1548 2042 cipium
1560 2029 1566 2045 ,
1594 2013 1619 2035 et
1650 2010 1713 2037 inca
1719 2017 1833 2045 nuptam

1454 2053 1640 2079 beatitudinem
1688 2056 1831 2086 possidere.

1047 2140 1098 2162 tem
1112 2135 1254 2171 0rigenem
1272 2136 1385 2169 inducit,
1405 2137 1429 2163 id
1445 2137 1630 2171 confutantem
1655 2137 1747 2171 ipsum
1762 2138 1832 2164 exhi—

1048 2170 1175 2206 betrinl't'a
1192 2179 1265 2197 nuzn.
1281 2171 1308 2202 6,
1326 2172 1366 2197 bis
1380 2172 1468 2199 verbis
1483 2182 1488 2198 :
1511 2182 1520 2197 ι
1539 2170 1566 2196 In
1583 2179 1638 2206 quo
1649 2177 1722 2198 statu
1737 2173 1832 2206 (hemi-

1045 2205 1154 2240 tudinis)
1170 2206 1252 2232 etiam
1267 2213 1425 2239 permanere
1445 2214 1552 2239 semper
1570 2211 1599 2232 et
1623 2205 1832 2234 itumutabilitcr

1043 2239 1182 2275 Creatoris
1197 2241 1332 2267 voluntate
1352 2246 1391 2266 est
1408 2242 1582 2272 credendum,
1601 2249 1610 2266 ι
1629 2245 1684 2267 etc.
1702 2242 1833 2275 Suspicor

1044 2274 1134 2309 itaque
1159 2275 1216 2302 iure
1236 2276 1326 2302 omnia
1349 2276 1381 2302 de
1405 2284 1453 2303 suo
1482 2276 1608 2302 Ruﬁnum
1629 2274 1784 2303 attexrrisse
1807 2285 1832 2304 et

1042 2316 1091 2345 pro
1107 2309 1141 2345 iis
1155 2309 1308 2337 obtrudissc
1325 2317 1383 2344 quae
1408 2311 1484 2338 initio
1499 2311 1579 2345 hujus
1594 2310 1696 2344 capitis
1711 2319 1786 2338 num.
1807 2313 1830 2342 Ι,

1041 2349 1069 2370 et
1087 2344 1130 2371 hic
1147 2353 1180 2380 es;
1196 2345 1307 2377 epistola
1326 2345 1479 2380 Hieronymi
1497 2347 1529 2371 ad
1545 2345 1654 2372 Avitum
1680 2354 1830 2380 repraesen-

1043 2382 1144 2415 tantur.
1171 2379 1276 2406 Videsis
1298 2379 1343 2407 lib.
1363 2387 1380 2406 ιι
1406 2379 1570 2415 origanum,
1587 2387 1615 2414 q.
1636 2381 1678 2414 ll,
1702 2379 1779 2407 num.
1801 2383 1826 2408 9.

1077 2413 1131 2449 (48)
1145 2414 1191 2450 Sic
1214 2422 1280 2442 mss.
1297 2415 1368 2442 Editi
1390 2413 1529 2448 mendose,
1547 2424 1556 2439 ι
1581 2413 1719 2450 corporali
1732 2416 1826 2443 admo-

1041 2454 1110 2485 yeat.
1130 2459 1140 2474 ι
1162 2449 1246 2476 Paulo
1266 2454 1325 2483 post
1339 2457 1416 2481 mss.,
1438 2459 1446 2475 |
1466 2450 1591 2484 quoniam
1614 2449 1686 2484 apud
1711 2452 1828 2485 Aposto—

1040 2482 1095 2521 _l_nrn
1115 2482 1279 2521 mentionem
1299 2484 1428 2517 spiritalis
1446 2482 1568 2521 corporis
1585 2482 1744 2521 invenimus
1761 2494 1827 2521 qua-

1040 2516 1100 2553 liter
1119 2519 1200 2545 etiam
1217 2518 1278 2545 inde
1291 2516 1397 2547 séntiri.
1419 2529 1427 2545 ι
1445 2516 1527 2552 Editi,
1543 2529 1551 2545 ι
1570 2520 1699 2553 quoniam
1720 2516 1827 2553 εψυὶιιι-

1039 2551 1216 2589 lurtthl’aulunt
1232 2554 1394 2581 mentionem
1405 2551 1533 2589 spiritalis
1542 2551 1638 2581 fecisse
1652 2551 1824 2588 invenimus;

1039 2587 1156 2620 qualiter
1180 2589 1261 2614 etiam
1287 2589 1351 2614 mihi
1376 2587 1483 2616 sentiri.
1511 2598 1521 2614 ι
1547 2589 1632 2616 Paulo
1658 2589 1730 2616 infra
1748 2599 1825 2622 mss.,

1041 2630 1050 2646 ε
1072 2622 1150 2657 talem
1173 2623 1317 2657 quamdam
1339 2630 1398 2651 esse
1412 2624 1552 2651 sentimus.
1574 2633 1584 2649 ι
1603 2624 1688 2656 Editi,
1710 2633 1720 2650 σ
1743 2626 1825 2652 talem

1037 2656 1146 2690 quidem
1161 2656 1223 2684 esse
1238 2658 1379 2685 sentimus.
1401 2668 1409 2684 ι
1428 2658 1488 2685 Mox
1509 2667 1585 2690 mss.,
1603 2667 1612 2684 ι
1632 2667 1729 2686 verum
1742 2661 1825 2687 etiarn

1037 2698 1144 2718 omnem
1171 2692 1245 2719 illam
1269 2698 1432 2719 creaturam.
1456 2702 1465 2718 ι
1481 2694 1507 2720 In
1531 2694 1611 2720 editis
1639 2695 1719 2721 deest
1739 2703 1748 2720 I
1767 2703 1826 2722 om-

1038 2733 1107 2764 nem.
1129 2727 1260 2764 [Ibidem
1284 2735 1360 2764 mss.,
1377 2737 1385 2753 ‹
1402 2728 1434 2755 de
1449 2736 1561 2762 corpore
1577 2729 1658 2756 etiam
1674 2728 1743 2756 illud
1755 2731 1825 2764 Apo-

1037 2761 1121 2788 stolus
1136 2761 1221 2798 dixit;
1242 2771 1251 2788 ι
1268 2762 1344 2795 editi,
1363 2770 1372 2788 ι
1391 2765 1424 2790 de
1432 2771 1484 2798 quo
1498 2761 1614 2798 corpore
1626 2763 1711 2791 etiam
1726 2761 1825 2793 Paulus

1037 2796 1175 2830 apostolus
1187 2797 1266 2825 dixit.
