1860 3073
68 144 112 172 571
724 148 826 176 LIBER
847 148 1008 177 TERTIUS.

67 205 206 240 purioribus
222 213 369 234 occttrrere
380 214 429 242 po-

68 257 432 289 tuerunt,pertractataatque
468 255 559 281 multm
576 256 747 283 rationabiles
770 265 844 283 erea-

68 299 156 332 digesta
170 303 242 326 sunt.
467 304 535 328 tura:
555 309 636 336 usque
654 303 688 328 ad
702 304 843 329 serundum

68 350 86 370 ιτι
101 344 198 370 tertium
223 348 247 371 et
268 350 392 379 quartum
407 346 533 373 mundum
556 352 655 374 servent
675 349 841 382 principium,

69 398 105 416 nec
124 391 262 416 mutationi
284 391 311 417 in
326 399 352 417 se
372 390 457 417 locum
479 392 613 424 tribuant;
634 393 695 420 alite
712 402 769 420 vero
789 399 842 420 tant

67 443 145 470 parum
159 435 190 462 de
204 436 315 469 pristino
327 441 399 463 statu
414 437 553 464 omissuro:
573 439 624 465 sint
634 459 641 470 ,
658 444 685 465 ut
701 448 764 473 pene
778 440 842 466 nihil

66 481 195 514 perdidisse
220 482 369 514 videantur,
395 487 417 509 et
440 483 573 510 nonnullo:
595 484 690 518 grandi
713 486 791 512 ruina
815 487 842 512 in

67 527 171 553 ultimum
185 529 384 562 prwcipilmulte
400 529 451 555 sint
468 529 632 556 but‘alltt'um.
652 529 778 565 .‘Vovitque
788 531 842 558 dis-

63 578 173 608 pensator
200 575 317 601 omnium
332 574 399 602 Deus
411 575 437 601 iu
452 576 600 603 conditione
613 577 767 604 mundorum
783 580 840 605 sin<

64 620 122 654 gulis
134 620 204 646 abuti
216 620 296 652 iuxta
309 621 429 646 meritum
448 626 472 647 et
489 623 698 655 opportunitates
711 629 734 649 et
747 632 840 651 causa:

64 666 144 699 quibus
157 667 248 693 mundi
258 666 435 701 gubernacula
449 672 633 694 sustentantur
644 674 667 694 ρι
681 670 819 695 initiantur
830 677 839 695 :

66 717 87 736 nl
102 711 142 746 qui
166 720 254 738 omnes
281 713 368 738 vicerit
392 713 520 747 nequitia,
544 718 568 740 et
586 714 689 748 peni/us
709 723 736 741 se
763 720 840 742 terrre

65 757 230 790 tomqutlreril,
247 757 275 783 in
299 757 352 783 alio
378 758 475 784 mundo
495 759 540 792 qui
560 765 650 793 postea
667 759 838 794 fabricandas

64 808 104 833 est,
117 803 160 835 ﬁni
181 804 313 836 diabolus,
339 805 495 839 principium
512 805 696 840 plasmalionis
722 807 836 841 Domini,

65 848 217 875 utillndatur
240 849 266 876 ei
289 851 320 876 ab
342 850 441 884 angelis
458 852 501 886 qui
524 851 627 878 exordii
647 852 757 879 uitiisere
786 855 838 880 vir-

64 899 142 922 tulerit.

94 942 116 967 ι.
130 941 200 969 Nunc
222 949 288 968 vero
303 943 430 976 qnoaiam
452 944 522 978 apud
541 944 698 978 Apostofum
720 947 836 973 mentio-

67 994 116 1012 nem
134 987 260 1020 spiritalis
283 989 409 1021 corporis
427 989 592 1022 invenimus,
619 990 735 1024 qualiter
755 993 836 1019 etiam

65 1032 117 1058 inde
129 1033 217 1059 sentiri
231 1034 331 1060 debeat
347 1034 380 1060 de
395 1034 457 1067 hoc,
475 1037 665 1063 tantummodo
679 1043 760 1071 proat
778 1046 838 1072 pos-

65 1084 144 1104 sumus
169 1078 350 1110 requiramus.
376 1079 510 1112 Quantum
537 1087 601 1113 ergo
625 1088 722 1108 sensus
745 1086 838 1108 noster

65 1129 149 1155 rapere
163 1128 257 1156 potest,
276 1124 439 1158 qualitatem
464 1125 594 1158 spiritalis
615 1127 738 1160 corporis
756 1127 837 1154 talem

65 1169 190 1202 quamdam
204 1176 264 1196 esse
279 1170 428 1201 sentinuts,
452 1171 478 1197 in
501 1177 554 1204 quo
571 1171 725 1199 inhabitare
744 1172 837 1199 deccat

65 1221 109 1239 non
132 1214 211 1241 solum
234 1220 346 1242 Sanctus
365 1223 487 1250 quasque
512 1217 699 1252 perfectasque
721 1219 835 1252 animus,

64 1266 145 1286 verum
157 1261 235 1288 etiam
250 1268 360 1288 omnem
378 1262 450 1288 illaut
465 1267 619 1289 creaturam
632 1271 692 1297 qua:
710 1264 837 1291 liberabi-

66 1310 102 1331 tur
114 1312 127 1331 a
141 1306 268 1334 servitute
288 1308 484 1341 corruptionis.
500 1308 535 1335 De
547 1315 662 1342 Corpore
678 1309 759 1336 etiam
773 1310 836 1337 illud

64 1350 190 1383 Apostolus
205 1351 272 1379 dixit
288 1361 294 1379 :
311 1361 319 1377 ι
338 1352 450 1379 Domum
471 1353 602 1380 habemus
618 1362 672 1381 non
697 1362 777 1382 manu
801 1355 837 1382 fa-

63 1398 134 1427 ctata,
148 1400 274 1422 atterunt"
302 1397 327 1423 in
339 1397 418 1424 cmlis
435 1397 468 1430 υ,
490 1407 499 1423 ›
513 1398 538 1425 id
551 1403 592 1425 est
607 1399 632 1425 in
651 1400 838 1428 mansionibus

63 1441 198 1469 beatorum.
216 1443 253 1469 Ex
273 1443 326 1470 hoc
352 1450 416 1478 ergo
446 1444 633 1477 conjecturam
659 1445 714 1481 (49)
741 1454 837 1481 capere

63 1494 200 1520 possumus,
229 1494 340 1523 quantas
369 1490 508 1525 puritatis,
535 1496 644 1525 quantae
667 1492 836 1526 subtilitatis,

64 1536 207 1567 quantaeque
232 1534 329 1569 gloriae
353 1536 389 1562 sit
413 1536 532 1569 qualitas
556 1537 680 1571 corporis
700 1537 789 1570 illius,
814 1540 836 1566 si

64 1579 275 1612 comparationem
294 1580 426 1610 faciamus
437 1583 495 1617 ejus
510 1582 543 1610 ad
556 1590 590 1609 ea
608 1591 668 1618 quae
682 1592 764 1616 nunc,
779 1585 840 1613 licet

63 1624 168 1652 mli-stin
186 1627 238 1654 sint
250 1633 279 1655 et
295 1628 514 1662 splendidissima
529 1637 655 1664 corpora,
670 1639 750 1658 manli
769 1631 837 1659 facta

64 1673 141 1697 tanien
153 1677 213 1698 sunt
227 1678 255 1699 et
271 1673 400 1700 visibilia.
417 1673 454 1700 De
464 1673 509 1700 illo
521 1679 612 1701 autem
628 1675 729 1702 dicitur
743 1676 838 1704 domus

64 1723 114 1742 esse
135 1725 183 1744 non
201 1726 281 1745 manu
305 1718 388 1751 facta,
406 1720 453 1747 sed
479 1724 580 1746 aeterna
603 1720 630 1746 in
656 1721 742 1748 cmlis.
769 1721 837 1756 Quia

65 1767 117 1796 ergo
137 1772 145 1788 ι
167 1770 224 1797 qua:
240 1764 369 1791 videntur
394 1765 551 1798 temporalia
574 1770 648 1798 sunt,
671 1774 731 1801 quae
747 1773 837 1794 autem

66 1814 110 1833 non
122 1808 248 1842 videntur,
266 1814 369 1836 aeterna
390 1810 470 1846 154
486 1814 548 1837 sunt
566 1810 600 1842 θ’,
625 1820 633 1836 ι
654 1812 780 1840 omnibus
797 1813 839 1841 his

64 1854 216 1887 corporibus,
234 1863 297 1890 qua:
318 1856 374 1883 sive
394 1857 419 1883 in
440 1857 532 1888 terris,
547 1856 604 1884 sive
620 1857 646 1883 in
671 1857 747 1884 ccelis
764 1859 837 1886 vide-

65 1905 123 1930 unus,
136 1905 160 1926 et
174 1908 231 1935 quae
247 1901 336 1928 videri
364 1907 486 1936 possunt,
508 1906 534 1928 el
560 1909 640 1929 manu
667 1902 737 1930 facta
762 1909 838 1937 sunt,

64 1949 86 1969 et
98 1949 187 1972 aeterna
211 1954 264 1973 non
292 1951 366 1979 sunt,
392 1947 474 1974 nmlta
493 1948 579 1983 longe
597 1948 752 1982 prmlatione
768 1957 836 1983 prte-

65 1989 125 2016 cellit
139 1991 200 2018 illud
216 1993 290 2026 quod
315 1993 592 2026 etvisibilcnonest,
617 2001 666 2021 nec
687 2001 766 2021 manu
797 1993 838 2021 fa-

64 2039 124 2062 ctum
146 2042 195 2070 est,
209 2039 255 2066 sed
279 2043 411 2065 attentum
428 2044 479 2066 est.
497 2039 533 2066 Ex
555 2047 607 2074 qua
633 2040 837 2074 comparatione

64 2081 149 2114 conjici
165 2082 219 2118 (50)
232 2088 323 2118 potest
336 2089 455 2118 quantus
465 2086 556 2118 decor,
567 2089 687 2120 quantus
698 2085 836 2120 splendor,

65 2131 166 2158 quantus
181 2127 267 2163 fulgor
284 2129 451 2164 sitcorporis
464 2130 611 2165 spiritalis;
628 2135 655 2156 et
668 2138 762 2157 verum
776 2138 837 2158 esse

65 2170 119 2199 illud
134 2174 198 2208 quod
211 2175 314 2202 dictum
332 2182 383 2206 est,
401 2176 464 2210 quia
485 2185 495 2202 ι
519 2176 613 2203 oculus
626 2183 680 2202 non
692 2175 771 2208 vidit,
786 2183 836 2203 nec

66 2217 128 2244 auris
142 2219 249 2251 audivit.
276 2228 328 2247 nec
353 2220 380 2247 in
401 2228 450 2248 cor
474 2222 593 2248 hominis
615 2221 748 2253 ascendit,
776 2229 836 2256 qua:

65 2265 210 2296 pneparavit
223 2266 294 2293 Deus
308 2266 480 2298 diligentibus
493 2267 566 2293 illum
576 2267 609 2293 ⁵³.
632 2276 640 2292 ι
664 2266 722 2294 Non
745 2271 834 2293 autem

65 2306 225 2337 dubitandum
250 2316 292 2339 est
307 2311 362 2347 (5|)
377 2318 500 2340 naturam
519 2313 642 2348 corporis
655 2312 733 2346 hujus
748 2313 834 2340 nostri

66 2354 185 2384 voluntate
203 2356 248 2384 Dei
265 2358 312 2392 qui
337 2357 418 2384 talem
435 2358 498 2385 fecit
518 2366 589 2390 eam,
608 2366 695 2393 usque
715 2359 748 2385 ad
764 2358 835 2385 illam

65 2401 203 2433 qualitatem
218 2403 388 2431 subtilissimi
411 2408 438 2430 et
458 2405 597 2438 purissimi
618 2412 649 2431 ac
670 2404 835 2439 splendidis-

68 2447 116 2473 .‘imi
129 2449 245 2479 corporis
262 2457 342 2484 posse
356 2458 371 2475 a
394 2450 521 2477 Creatore
536 2450 661 2484 perduci,
689 2454 768 2485 prout
793 2458 835 2477 re-

95 2525 113 2541 “
127 2524 145 2551 Il
153 2526 213 2554 Cor.
223 2534 249 2559 v,
263 2530 287 2556 I.

96 2593 144 2628 (λθ)
164 2596 358 2632 Conjecluram.
374 2598 481 2633 Optime
499 2606 564 2625 mss.
580 2597 651 2626 Male
678 2596 754 2629 editi,
770 2605 779 2622 ι
805 2601 832 2624 et

69 2634 201 2659 censuram.
221 2642 230 2658 1

97 2663 145 2701 (ῥῷ)
160 2666 202 2701 §ic
217 2675 282 2694 mss.
297 2667 367 2694 Editi
389 2668 528 2701 mendose,
552 2677 560 2692 ι
580 2666 713 2696 convinci.
730 2675 739 2692 ι

64 2705 67 2729 ί
157 2699 222 2737 Elide
236 2702 254 2727 l.
270 2710 288 2729 tt
306 2702 473 2737 Origenimt.,
491 2697 527 2736 ιι(
539 2703 565 2734 9,
585 2712 611 2729 It.
628 2703 653 2728 7.

93 2731 198 2772 (ἴξῖᾙόἱο
215 2744 280 2763 mss.
297 2737 324 2763 In
337 2731 414 2764 editis
427 2731 505 2765 dcost'
526 2747 535 2763 ι
555 2731 680 2772 itumque,
700 2745 708 2762 ι
732 2741 759 2762 et
772 2741 832 2770 pos:

93 2771 213 2802 mimicus,
232 2780 240 2796 I
259 2773 386 2799 additur:
411 2782 419 2797 ι
443 2773 467 2798 id
491 2777 533 2799 est
558 2771 689 2799 diabolus.
718 2781 727 2798 ι
750 2771 833 2797 Paulo

69 2807 124 2842 tuth.
135 2811 206 2836 mss.,
226 2814 234 2830 ι
250 2812 358 2840 propter
372 2808 442 2842 quod
455 2807 672 2834 immutationem
683 2807 803 2837 quidem.
818 2815 826 2831 ι

70 2835 136 2868 Εειιιὶ,
149 2847 157 2862 ‹
172 2835 310 2876 propterea
329 2835 631 2876 "inﬂationemquidem.
653 2851 661 2866 ι
678 2835 736 2867 hlox
750 2848 828 2872 ntss.,

72 2879 168 2905 'qutca
189 2874 240 2902 Deo
255 2877 287 2903 ad
308 2876 360 2903 hoc
381 2876 452 2904 facta
474 2874 546 2905 sunt.
570 2886 578 2902 ι
599 2876 626 2903 In
652 2876 732 2904 editis
755 2876 830 2904 deest

1633 155 1684 182 338

469 207 760 243 Nec/tocignorlutdum
772 211 840 245 quod
858 212 880 240 Α
895 218 953 237 rum
975 214 1061 237 status
1075 210 1212 237 vocaverit
1224 214 1251 237 et
1262 210 1388 239 meritum
1412 212 1583 240 rationabilis
1600 218 1682 240 natu-

899 263 936 283 rrc
950 256 1112 291 poposcerit.
1124 256 1244 291 Denique
1258 264 1318 284 eum
1336 259 1466 285 varietate
1479 263 1508 285 et
1526 259 1685 287 diversitate

898 304 1013 330 mundus
1035 303 1161 336 indiguil,
1178 310 1226 338 per
1243 304 1362 332 diversas
1396 312 1487 332 rerum
1515 305 1600 332 facies
1621 313 1683 340 spe-

898 351 1006 383 ciesque
1022 349 1093 375 omni
1103 348 1232 375 fantulaltt
1246 350 1361 383 praebuit
1375 358 1404 377 se
1416 351 1527 377 materia
1536 351 1682 383 Conditori,

898 399 989 429 utpote
1009 394 1124 422 Domino
1139 399 1165 421 et
1189 396 1305 423 creatori
1322 404 1380 428 suo,
1399 404 1452 431 quo
1467 396 1586 423 diversas
1600 397 1683 425 caele-

896 440 978 467 stium
995 447 1220 474 terrenorumque
1235 447 1267 467 ex
1286 447 1318 467 ea
1342 441 1453 468 duceret
1473 440 1586 469 formas.
1613 442 1682 470 Cum

896 493 960 513 vero
975 493 1017 513 res
1032 486 1064 513 ad
1088 486 1154 512 illud
1169 487 1303 521 cmperint
1323 486 1453 514 festinare
1469 491 1498 514 ut
1515 487 1568 514 sint
1589 495 1682 516 omnes

896 539 989 563 unum,
1005 532 1074 558 sicut
1094 537 1137 558 est
1153 531 1235 558 Pater
1246 539 1308 558 cum
1323 531 1391 559 Filio
1406 540 1498 564 unum,
1514 541 1682 568 consequen-

896 581 935 603 ter
949 576 1060 611 intelligi
1080 576 1168 608 datur,
1183 577 1254 611 quod
1270 577 1314 604 ubi
1330 584 1424 603 omnes
1445 584 1527 603 unum
1540 582 1613 609 sunt,
1626 577 1680 611 jam

894 623 1038 650 diversitas
1051 630 1104 650 non
1123 623 1188 649 erit.

930 670 955 696 5.
972 669 1116 703 Propterea
1132 676 1248 703 namque
1271 668 1327 705 (ΒΞ)
1354 669 1434 695 etiam
1456 667 1616 695 novissimus
1632 667 1683 696 inl-

894 715 980 742 nticns
996 713 1063 750 (53),
1081 715 1126 749 qui
1146 722 1219 741 mors
1235 714 1397 748 appellatur,
1411 714 1511 741 destrui
1526 713 1637 746 dicitur,
1654 718 1682 740 ut

894 769 979 796 neque
997 761 1067 787 ultra
1084 761 1162 788 triste
1177 761 1213 787 sit
1234 761 1334 794 aliquid
1354 760 1398 786 ubi
1421 767 1493 786 mors
1510 767 1561 786 non
1576 765 1627 789 est.
1639 767 1682 788 ne-

892 814 943 841 que
962 807 1108 833 adversunt
1135 805 1180 838 sit,
1208 806 1250 832 ubi
1272 813 1324 832 non
1347 810 1388 832 est
1410 805 1545 832 inimicus.
1572 804 1680 832 Destrui

892 860 957 880 sane
973 852 1136 879 novissimus
1157 851 1285 878 inimicus
1299 851 1335 877 ita
1353 850 1541 885 intelligendus
1555 855 1608 882 est,
1627 859 1679 878 non

892 902 918 924 ut
942 898 1093 924 substantia
1109 895 1166 930 ejus
1182 904 1242 931 qua:
1266 904 1280 922 a
1297 896 1352 923 Deo
1369 896 1438 923 facta
1453 900 1494 923 est
1507 901 1608 930 pereat,
1632 896 1680 923 sed

891 945 921 968 ul
938 941 1104 975 propositum
1123 945 1149 966 et
1173 941 1296 967 \oluntas
1315 940 1434 973 inimica,
1446 948 1504 974 qua:
1522 949 1575 967 non
1587 948 1601 967 a
1616 941 1679 973 Deo,

892 989 937 1015 sed
954 988 987 1014 ab
1007 989 1064 1022 ipso
1078 987 1222 1022 processit,
1241 987 1363 1014 intereat.
1380 986 1540 1014 Destruelur
1552 994 1616 1022 ergo
1628 994 1680 1014 non

892 1039 921 1061 ut
941 1042 992 1061 ttott
1009 1034 1054 1064 sit,
1071 1035 1117 1060 sed
1137 1037 1165 1059 ut
1189 1031 1316 1059 inimicus
1337 1039 1389 1059 non
1407 1032 1442 1059 sit
1463 1037 1490 1058 et
1505 1040 1588 1059 mors.
1607 1031 1680 1059 Nihil

891 1079 962 1106 enim
977 1079 1159 1114 Onmipoteuti
1187 1077 1355 1112 impossibile
1380 1082 1431 1110 est,
1456 1085 1504 1105 nec
1530 1078 1680 1105 insanabile

891 1130 932 1152 est
944 1123 1048 1158 aliquid
1065 1124 1163 1151 factori
1179 1131 1244 1156 suo;
1260 1127 1404 1158 propterea
1420 1123 1492 1150 enim
1507 1123 1571 1150 fecit
1584 1123 1677 1150 omnia

892 1175 920 1196 ut
934 1174 1036 1203 essent,
1050 1174 1076 1197 ct
1089 1178 1149 1204 quae
1161 1170 1232 1197 facta
1246 1174 1308 1196 sunt
1324 1174 1351 1196 ut
1369 1175 1471 1202 essent,
1487 1178 1538 1197 non
1551 1178 1611 1198 esse
1626 1178 1679 1197 tton

891 1221 1015 1251 possunt.
1028 1216 1140 1251 Propter
1154 1217 1226 1250 quod
1241 1215 1454 1243 immutationem
1469 1216 1578 1251 quidem
1590 1215 1679 1242 varie-

893 1266 1029 1296 tatemque
1045 1262 1189 1297 recipient,
1202 1263 1275 1290 itaut
1291 1269 1339 1297 pro
1355 1262 1459 1289 meritis
1476 1262 1517 1289 vel
1530 1262 1556 1289 in
1573 1262 1679 1290 meliori

891 1307 931 1334 vel
946 1308 972 1334 in
987 1308 1114 1335 deteriori
1130 1308 1281 1335 habeantur
1291 1313 1379 1341 statu;
1395 1308 1600 1335 substantialetn
1615 1317 1680 1336 vero

892 1354 1031 1380 interitum
1047 1361 1079 1380 ea
1098 1362 1159 1389 quae
1174 1363 1187 1381 a
1206 1355 1259 1382 Deo
1275 1356 1307 1382 ad
1327 1356 1378 1382 hoc
1390 1355 1459 1381 facta
1473 1359 1574 1382 suntut
1588 1360 1680 1382 essent

891 1404 918 1427 et
945 1405 1146 1434 permanerent,
1166 1401 1286 1435 recipere
1309 1409 1361 1428 non
1386 1405 1507 1435 possunt.
1525 1400 1582 1428 Non
1608 1401 1679 1428 enim

891 1453 951 1480 qua:
979 1447 1108 1481 opinione
1132 1447 1202 1482 vulgi
1233 1447 1345 1474 interire
1370 1447 1529 1479 creduntur,
1553 1448 1680 1474 continuo

890 1492 974 1519 etiam
990 1492 1032 1519 vel
1051 1492 1112 1519 ﬁdei
1135 1492 1176 1519 vel
1198 1493 1323 1520 veritatis
1342 1492 1411 1519 ratio
1429 1499 1460 1518 ea
1477 1492 1589 1519 interire
1613 1500 1679 1519 eon-

891 1537 1018 1565 senserit.
1046 1537 1167 1572 Denique
1191 1545 1259 1564 caro
1274 1542 1366 1564 nostra
1378 1537 1412 1564 ab
1433 1537 1566 1572 imperitis
1580 1543 1606 1564 et
1621 1538 1680 1564 inli-

853 1569 875 1598 ο
893 1582 998 1609 delibns
1014 1582 1050 1608 ita
1073 1569 1134 1616 post
1156 1588 1272 1609 mortent
1298 1582 1422 1616 deperire
1443 1582 1626 1614 existimatur,
1652 1588 1681 1608 ut

892 1628 960 1655 nihil
974 1636 1086 1662 prorsus
1102 1628 1237 1663 reliquum
1254 1628 1413 1655 substantiae
1426 1636 1482 1656 sua:
1504 1630 1604 1656 habere
1621 1636 1680 1656 cre-

892 1674 981 1700 datur.
995 1672 1048 1700 Nos
1063 1681 1127 1700 vero
1144 1673 1200 1709 (54)
1218 1673 1262 1708 qui
1280 1674 1506 1701 resurrectionem
1520 1674 1578 1708 ejus
1592 1675 1681 1702 credi-

892 1727 961 1751 mus,
979 1719 1194 1746 immntationcm
1217 1719 1275 1753 ejus
1298 1720 1484 1747 tantummodo
1500 1728 1547 1754 per
1565 1725 1679 1748 mortem

892 1764 991 1792 factam
1007 1765 1196 1799 intelligimus,
1214 1765 1396 1792 substantiam
1422 1773 1484 1792 vero
1500 1767 1558 1800 ejus
1576 1770 1678 1794 certum

892 1815 934 1839 est
946 1818 1117 1845 permanere,
1141 1815 1169 1838 el
1186 1811 1326 1838 voluntate
1343 1811 1481 1839 Creatoris
1498 1813 1538 1838 sui
1551 1818 1680 1846 certoque

893 1861 1014 1890 tempore
1037 1863 1131 1883 rursus
1159 1856 1278 1890 reparari
1305 1856 1338 1882 ad
1362 1856 1456 1889 vitam,
1478 1860 1559 1890 atque
1581 1856 1678 1883 iterum

892 1902 1121 1936 permutationem
1136 1901 1195 1936 ejus
1223 1902 1292 1933 ﬁeri,
1315 1907 1343 1928 ut
1365 1909 1424 1936 qua:
1439 1902 1527 1936 primo
1541 1901 1592 1929 fuit
1614 1910 1680 1930 caro

891 1954 924 1974 ex
943 1952 1014 1974 terra
1031 1952 1147 1979 terrena,
1165 1951 1219 1974 tum
1238 1947 1336 1974 deinde
1349 1947 1479 1975 dissoluta
1493 1956 1539 1982 per
1552 1953 1678 1982 mortem,

891 1998 916 2019 et
934 1993 1031 2020 iterum
1049 1993 1116 2020 facta
1130 1993 1199 2020 cinis
1214 2001 1246 2020 ac
1265 1998 1345 2025 terra,
1365 2002 1375 2019 ι
1394 1993 1526 2026 Quoniam
1544 1998 1613 2020 terra
1638 2002 1678 2027 es,

892 2037 991 2072 inquit,
1007 2038 1072 2064 etin
1090 2042 1191 2064 terram
1214 2037 1265 2064 ibis
1288 2036 1321 2067 δ”,
1344 2045 1353 2062 ι
1371 2044 1478 2063 rursum
1501 2037 1680 2064 resuscitetur

890 2092 905 2112 e
918 2090 999 2117 terra,
1011 2089 1037 2112 et
1049 2089 1110 2119 post
1123 2084 1171 2111 hoc
1182 2084 1252 2119 jam,
1267 2089 1348 2118 prout
1360 2084 1484 2111 meritutn
1500 2083 1680 2112 inhabitantis

890 2131 988 2158 anima:
1002 2130 1164 2165 poposcerit,
1181 2130 1207 2156 in
1222 2129 1337 2165 gloriam
1353 2129 1475 2164 corporis
1484 2128 1610 2163 proﬁciat
1624 2130 1680 2165 spi-

890 2176 987 2203 rilalis.

925 2220 952 2248 6.
970 2221 998 2247 In
1016 2221 1087 2248 lntnc
1111 2228 1176 2254 ergo
1197 2223 1295 2247 statum
1318 2225 1428 2246 omnem
1457 2219 1528 2245 hanc
1559 2223 1679 2246 nostram

887 2265 1066 2291 substantiam
1076 2263 1243 2298 corporalem
1257 2263 1405 2298 putandum
1415 2267 1456 2290 est
1468 2263 1680 2298 perducendum,

889 2314 952 2336 tunc
965 2318 1026 2337 cum
1038 2310 1130 2337 omnia
1148 2309 1334 2342 restituentur,
1353 2314 1383 2336 ut
1401 2317 1484 2336 unum
1497 2310 1560 2340 sint,
1578 2314 1678 2337 etcum

888 2355 958 2382 Deus
974 2355 1053 2382 fuerit
1067 2355 1156 2382 omnia
1169 2355 1196 2381 in
1210 2355 1346 2382 omnibus.
1361 2355 1438 2388 Quod
1452 2360 1539 2382 tamen
1554 2354 1610 2390 (ΰὸ)
1622 2363 1676 2382 ιιοιι

887 2403 919 2429 ad
935 2402 1052 2429 subitum
1075 2402 1142 2434 ﬁeri,
1157 2402 1202 2429 sed
1218 2402 1346 2436 paulatim
1363 2407 1390 2429 et
1405 2409 1454 2436 per
1467 2406 1558 2436 partes
1575 2402 1676 2429 intelli-

887 2448 1004 2483 gettdttttt
1022 2453 1074 2480 est,
1091 2449 1203 2475 inﬁnitis
1217 2453 1243 2475 et
1264 2449 1409 2476 immensis
1423 2448 1575 2476 labentibus
1590 2455 1675 2475 smon-

328 2528 349 2544 ⁶¹
368 2528 387 2555 ll
398 2528 459 2556 Cor.
477 2536 513 2560 tv,
531 2528 573 2555 i8-
599 2528 622 2543 "
637 2527 645 2555 l
662 2528 723 2555 Cor.
738 2535 768 2560 ιι,
786 2527 812 2555 9.
839 2527 861 2542 ⁸⁵
873 2527 940 2555 Gen.
960 2535 1001 2559 tn,
1019 2528 1059 2554 I9.

888 2606 897 2622 ι
914 2597 945 2623 ad
963 2595 1024 2622 hoc.
1043 2605 1052 2621 ι
1067 2595 1130 2623 Post
1149 2595 1287 2629 paululum
1302 2602 1382 2626 mss.,
1399 2603 1411 2629 γε
1431 2593 1547 2629 interire
1561 2595 1676 2620 credun-

887 2636 939 2658 lur.
958 2640 966 2655 ι
979 2631 1059 2664 Editi,
1074 2639 1082 2656 ε
1100 2628 1211 2657 interire
1224 2631 1359 2664 dicuntur.
1371 2638 1387 2664 ιν
1397 2628 1467 2655 Infra
1481 2635 1563 2664 ntss.,
1577 2637 1586 2653 ε
1598 2635 1676 2663 prout

887 2664 1074 2693 meritum"...
1093 2665 1258 2699 poposcerit,
1276 2664 1307 2699 in,
1320 2663 1435 2699 gloriam
1457 2663 1580 2696 corporis
1596 2664 1677 2697 proti~

886 2701 940 2727 ciat
957 2697 1100 2736 spiritalis.
1120 2697 1228 2736 t'Etliti,
1243 2708 1252 2724 ι
1269 2698 1342 2736 velut
1359 2697 1521 2736 meritum...
1548 2705 1676 2732 poposce-

888 2736 934 2762 rit.
949 2732 976 2760 ili
987 2735 1071 2768 gloria
1088 2735 1213 2767 corporis
1230 2732 1351 2767 proliciet
1363 2732 1507 2768 spiritalis.
1523 2741 1533 2758 ι

922 2770 977 2805 (57,)
993 2769 1057 2796 Vide
1070 2769 1086 2795 Ι.
1103 2777 1121 2796 ιι
1141 2767 1308 2802 Orig/cuium,
1324 2774 1350 2801 q.
1374 2767 1416 2800 11,
1435 2774 1462 2794 ιι,
1479 2767 1522 2798 18.
1535 2773 1562 2794 et
1579 2772 1676 2801 quatsl.

884 2805 912 2832 5.
926 2814 1000 2832 ιιιιιιι.
1018 2805 1058 2831 14.

1069 2839 1085 2864 l.
1101 2846 1118 2864 tt
1137 2837 1304 2873 Ot‘igeuinn”
1319 2840 1414 2870 qumst.
1432 2836 1459 2869 9,
1473 2842 1548 2873 num.
1562 2836 1588 2863 6.

930 2840 973 2873 fit)
989 2840 1053 2865 Vide
1069 2840 1085 2864 Ι.
1101 2846 1118 2864 ιι
1137 2840 1304 2871 Θνῑθσηὶηη..
1319 2840 1414 2870 qumst.
1432 2840 1459 2869 υ,
1473 2842 1548 2864 num.
1562 2840 1588 2863 6.

918 2840 974 2910 lxii)
998 2873 1062 2900 Vide
1083 2873 1100 2899 ι.
1129 2881 1147 2899 ιι
1163 2872 1332 2907 0rigcniau.,
1351 2877 1446 2906 quaest.
1472 2871 1517 2904 ll,
1533 2879 1607 2898 nam.
1634 2871 1672 2898 I0.
