1860 3073
188 147 241 176 $33

797 143 961 173 ORIGEXIS
978 143 1057 170 ΠΕΡΙ
1075 142 1187 169 ᾹΡΧΩΝ

1752 135 1798 164 540

188 206 231 238 lis,
249 213 309 233 cum
320 201 420 232 sensim
436 210 462 232 et
476 212 523 239 per
539 205 659 241 singulos
677 207 830 234 emendatio
851 206 932 233 fuerit
945 211 970 232 et
989 208 1008 236 Α
1023 203 1204 237 dijudicetur;
1222 201 1259 228 ita
1271 199 1352 228 etiam
1365 200 1399 226 de
1413 198 1534 232 corporis
1550 201 1624 225 statu
1636 196 1799 224 sentiendum

186 252 319 280 correctio
329 256 482 286 prosecuta,
497 253 724 286 praecurrentibus
739 251 799 279 aliis
809 257 835 278 et
844 251 970 279 velociori

185 306 266 327 cursu
285 299 319 324 ad
344 305 448 324 summa
480 298 663 329 tendentibus,
688 298 748 325 aliis
769 305 833 325 vero
847 298 971 333 proximo

183 351 289 379 quoque
302 344 389 378 spatio
402 343 616 378 insequentibus,
635 348 690 370 tum
705 344 800 370 dcimle
813 343 872 370 aliis
894 343 972 378 longe

183 389 329 422 posterius,
349 393 377 416 et
392 388 430 416 sic
444 395 491 422 per
516 388 614 415 mullos
637 393 663 415 et
687 389 841 416 innumeros
863 389 972 416 ordines

183 435 381 468 proficiemium
399 443 430 462 ac
445 435 500 463 Deo
510 441 541 462 se
555 442 587 461 ex
606 434 725 461 inimicis
739 433 971 462 reconciliantium

182 480 337 514 pervenitur
349 487 434 511 usque
447 481 479 506 ad
496 479 672 506 novissimum
690 479 829 505 inimicum
845 479 890 513 qui
905 478 972 504 dici-

183 530 227 551 tur
239 532 322 556 mors,
344 528 373 551 ut
393 524 474 551 etiam
491 524 548 558 ipse
564 524 719 551 destruatur
733 530 768 550 ne
781 522 848 549 ultra
864 523 898 548 sit
919 522 971 548 ini-

183 570 277 597 micus.
296 569 362 598 Cum
384 577 448 604 ergo
467 570 600 596 restituta:
616 569 718 596 fuerint
738 576 834 595 omnes
853 568 972 594 rationa-

183 615 250 642 biles
263 617 359 642 animaa
386 616 412 642 in
439 615 622 649 hujuscemodi
653 619 763 645 statum,
789 618 852 640 tunc
875 617 970 640 natura

182 661 263 687 etiam
278 660 355 693 huius
371 662 494 694 corporis
507 660 591 687 nostri
608 659 663 695 (56)
680 660 708 686 in
729 659 862 694 spiritalis
875 666 972 693 corpo-

183 706 221 733 ris
232 706 345 740 gloriam
359 706 531 739 perducetur.
545 706 622 733 Sicut
637 706 708 732 enim
721 705 754 732 de
767 705 971 732 rationabilibus

183 751 286 778 naturis
309 752 440 785 videmus,
459 758 512 777 nun
535 751 602 778 alias
617 758 677 778 esse
696 758 756 784 qua:
781 758 830 784 pro
852 749 971 784 peccatis

183 799 211 825 in
223 798 382 833 indignitate
397 798 524 829 vixerint,
540 803 567 824 et
591 798 658 824 alias
674 805 734 831 qua:
755 805 804 831 pro
820 797 923 824 meritis
938 797 971 823 ad

181 843 373 871 beatitudinem
392 844 509 870 invitata:
521 844 585 874 sint.
597 844 643 870 sed
661 844 710 870 has
719 843 826 870 easdem
838 850 898 877 qua:
909 847 971 869 ante

183 890 289 916 fuerant
311 890 487 923 peccatrices,
506 896 654 915 convenas
677 888 846 922 postmodum
875 892 902 914 et
918 888 972 914 Deo

182 934 368 961 reconciliatas
395 934 520 961 videmus
545 933 579 959 ad
606 933 799 959 beatitudinem
828 932 970 964 revocari;

182 981 217 1007 ita
244 980 325 1007 etiam
350 979 382 1006 de
397 984 495 1006 natura
508 979 628 1013 corporis
645 978 814 1005 sentiendum
841 982 880 1004 est
902 977 968 1011 (57),

180 1026 251 1060 quod
266 1033 317 1052 non
329 1025 402 1052 aliud
419 1032 518 1059 corpus
532 1028 573 1052 est
593 1031 647 1058 quo
663 1031 734 1050 nunc
749 1023 776 1050 in
802 1023 970 1057 ignobilitate

179 1076 207 1098 et
218 1071 244 1097 in
256 1071 428 1106 corruptione
438 1075 466 1097 et
481 1069 641 1096 inﬁrmitate
652 1070 766 1100 utimur,
782 1073 809 1095 et
826 1068 899 1094 aliud
916 1068 970 1094 erit

181 1115 245 1141 illud
260 1114 353 1148 quoin
373 1114 589 1148 incorruptione,
603 1118 631 1140 et
650 1113 676 1140 in
699 1113 809 1144 virtute,
826 1118 853 1140 et
871 1113 897 1139 in
911 1113 970 1147 glo-

181 1161 221 1187 ria
237 1164 362 1191 utemur;
378 1160 425 1186 sed
438 1160 489 1186 hoc
502 1159 571 1186 idem
587 1158 698 1193 abjcctis
709 1159 751 1186 his
765 1158 970 1185 inﬁrmitatibus

182 1206 209 1232 in
224 1205 323 1239 quibus
338 1213 408 1232 nunc
427 1209 477 1238 est,
502 1205 527 1231 in
543 1205 656 1238 gloriam
674 1205 902 1231 transmutabitur
913 1206 970 1238 spi-

182 1251 261 1277 ritale
278 1251 415 1283 effectum,
432 1255 461 1277 ut
481 1251 553 1283 quod
577 1249 628 1276 fuit
651 1250 819 1284 indignitatis
843 1257 900 1282 vas,
918 1251 969 1277 hoc

180 1296 268 1331 ipsum
282 1301 461 1331 expurgatum
482 1295 528 1322 ﬁat
550 1302 596 1322 vas
616 1295 727 1322 honoris
746 1299 773 1321 et
791 1295 968 1322 beatitudinis

181 1341 376 1368 habitaculum.
403 1341 429 1368 In
457 1348 512 1375 quo
534 1345 605 1368 statu
630 1340 712 1366 etiam
740 1339 795 1375 (58)
810 1347 970 1374 permanere

181 1394 288 1421 semper
309 1391 336 1414 et
362 1385 566 1413 immntabiliter
592 1384 729 1412 Creatoris
759 1384 896 1412 voluntate
928 1389 969 1412 est

181 1433 357 1465 credendum,
381 1432 460 1459 ﬁdem
486 1432 524 1458 rei
548 1431 664 1458 faciente
689 1431 823 1458 sententia
848 1430 968 1465 Apostoli

181 1479 314 1504 dicentis:
338 1487 347 1503 ι
376 1477 488 1505 Domum
512 1477 645 1504 habemus
671 1484 723 1503 non
750 1484 829 1504 manu
854 1476 968 1509 factam,

181 1527 311 1550 aeternam
341 1523 397 1558 (59)
413 1524 438 1549 in
465 1523 542 1550 ccelis
556 1524 590 1550 “.
614 1534 623 1550 ι
641 1522 697 1550 Non
717 1524 789 1551 enim
818 1523 966 1550 secundum

181 1566 313 1600 quosdam
329 1566 487 1593 Graecorum
503 1567 678 1602 philosophos
689 1573 789 1603 przeter
805 1568 856 1595 hoc
869 1575 969 1602 corpus

182 1612 297 1646 quodex
311 1617 426 1646 quatuor
433 1612 574 1640 elementis
587 1619 638 1646 est,
653 1614 722 1641 aliud
734 1614 859 1648 quintum
871 1621 970 1647 corpus

182 1659 253 1691 quod
271 1665 319 1692 per
328 1659 418 1684 omnia
435 1659 506 1686 aliud
521 1659 556 1686 sit
569 1664 596 1686 et
612 1660 748 1687 diversum
759 1659 793 1686 ab
809 1660 860 1686 hoc
877 1664 970 1687 nostro

182 1708 308 1734 corpore,
325 1702 392 1728 ﬁdes
406 1701 533 1728 Ecclesiae
548 1702 643 1732 recipit
660 1711 666 1729 :
686 1702 813 1736 quoniam
828 1710 916 1737 neque
937 1710 968 1729 ex

184 1746 333 1780 Scripturis
346 1747 447 1774 sanctis
458 1747 498 1774 vel
519 1748 701 1781 suspicionem
714 1748 831 1782 aliquam
849 1748 971 1782 proferre

183 1794 216 1821 de
230 1794 273 1820 his
288 1793 349 1827 quis
363 1798 460 1827 potest,
485 1801 572 1828 neque
587 1794 644 1829 ipsa
660 1801 751 1822 rerum
773 1794 969 1828 consequentia

184 1839 241 1866 haec
259 1839 342 1873 recipi
356 1839 467 1873 patitur,
481 1840 598 1867 maxime
611 1847 671 1866 cum
696 1839 840 1867 manifeste
860 1839 971 1867 deﬁniat

181 1890 292 1912 sanctus
313 1885 465 1920 Apostolus,
481 1886 544 1920 quia
569 1893 620 1912 non
642 1892 711 1912 nova
739 1885 830 1919 aliqua
852 1892 968 1919 corpora

180 1931 387 1964 resurgentibus
404 1940 419 1957 ει
436 1931 550 1958 mortuis
571 1931 680 1962 dentur,
697 1931 743 1958 sed
761 1931 819 1957 haee
838 1931 893 1965 ipsa
907 1938 967 1964 qua:

181 1976 301 2004 viventes
317 1976 478 2008 habuerant,
489 1984 520 2003 ex
532 1977 710 2004 deterioribus
721 1976 747 2003 in
763 1976 859 2003 melius
875 1981 964 2002 trans-

183 2021 299 2049 formata
326 2022 468 2056 recipiant.
485 2022 529 2048 Ait
545 2022 616 2049 enim
632 2030 640 2049 :
659 2031 669 2048 (
686 2021 843 2049 Seminatur
867 2029 968 2056 corpus

182 2068 311 2099 animale,
333 2073 456 2101 resurget
471 2075 570 2102 corpus
585 2067 746 2102 spirituale;
765 2068 916 2094 seminatur
941 2066 967 2093 in

183 2114 364 2146 corruptione,
381 2113 459 2148 155
472 2117 594 2147 resurget
609 2113 635 2140 in
653 2112 874 2146 incorruptione;
891 2113 969 2139 semi-

183 2163 265 2184 natur
284 2159 311 2184 in
325 2157 492 2191 infirmitate,
512 2163 636 2192 resurget
651 2159 676 2184 in
691 2159 805 2190 virtute;
820 2158 969 2185 seminatur

1022 253 1073 277 est.
1090 247 1162 282 quod
1182 246 1271 280 ipsum
1284 245 1355 271 idem
1375 251 1477 278 corpus
1486 243 1558 278 quod
1572 250 1641 269 nunc
1655 250 1704 276 pro
1723 241 1799 268 mini-

1023 293 1106 320 sterio
1126 292 1223 318 anima:
1242 293 1423 324 nuncupatum
1438 293 1481 316 est
1499 287 1626 320 animale,
1643 295 1691 322 per
1713 285 1796 321 profe-

1022 344 1096 366 ctum
1110 338 1264 373 quemdam,
1275 345 1337 370 cum
1353 337 1443 364 anima
1458 336 1583 371 adjuncta
1595 335 1651 362 Βθο
1665 342 1733 362 unus
1745 342 1800 362 cum

1022 393 1054 413 co
1075 385 1187 419 spiritus
1215 384 1296 411 fuerit
1313 383 1420 416 effecta,
1435 382 1492 416 iam
1516 387 1579 408 tunc
1604 388 1702 415 corpus
1729 381 1802 415 quasi

1022 431 1129 465 spiritui
1147 430 1305 458 miniSIrans
1320 429 1347 456 in
1367 433 1468 456 statum
1491 427 1705 462 qualitatemque
1722 425 1798 460 proft-

1022 479 1076 505 ciat
1093 477 1256 512 spiritalem,
1279 476 1395 502 maxime
1418 481 1491 506 cum,
1507 475 1578 501 sicut
1597 479 1668 507 sape
1688 472 1802 499 ostendi-

1023 531 1094 556 mus,
1119 522 1178 550 Ialis
1194 521 1370 549 aConditore
1397 519 1468 547 facta
1486 519 1522 546 sit
1544 523 1640 546 natura
1663 524 1801 552 corporea,

1022 574 1052 594 ιιι
1066 568 1092 595 in
1110 574 1301 602 quamcunque
1318 566 1443 598 voluerit,
1457 563 1499 591 vel
1513 571 1556 591 res
1575 562 1731 598 poposcerit
1743 569 1804 596 qua-

1023 614 1134 645 litatem,
1150 612 1228 639 facile
1242 613 1433 644 subsequatur.

1057 659 1083 686 ‘l.
1098 658 1191 685 Omnis
1208 657 1289 692 igitur
1309 658 1366 684 hsce
1393 657 1462 683 ratio
1486 656 1539 682 hoc
1565 653 1711 686 contiuet‘,
1735 652 1804 686 quod

1021 705 1091 732 duas
1110 703 1251 738 generales
1265 707 1378 729 naturas
1399 701 1552 728 condiderit
1564 701 1658 727 Deus:
1677 703 1798 726 naturain

1022 750 1170 782 visibilem,
1188 749 1213 775 id
1228 753 1269 775 est
1294 754 1471 782 corpoream,
1490 751 1517 773 et
1532 751 1658 772 naturam
1684 744 1801 771 invisibi-

1023 796 1086 829 lem,
1112 802 1172 830 qua:
1187 799 1230 821 est
1252 794 1422 828 incorporea.
1441 792 1502 820 Ista:
1522 799 1586 819 vero
1613 791 1675 818 duze
1701 794 1798 817 natura:

1023 840 1146 866 diversas
1170 839 1210 866 sui
1228 838 1364 872 recipiunt
1392 837 1619 872 permutationes.
1633 835 1683 862 Illa
1700 834 1801 868 quidem

990 873 1011 899 Β
1025 885 1168 912 invisibilis
1181 892 1241 919 qua:
1252 883 1420 910 rationabilis
1433 888 1485 914 est,
1502 883 1594 908 animo
1613 880 1803 915 propositoque

1024 935 1143 958 mutatur
1158 938 1207 964 pro
1223 937 1256 957 eo
1273 929 1346 964 quod
1366 929 1475 956 arbitrii
1501 928 1542 955 sui
1559 927 1690 954 libertate
1711 926 1801 953 donata

1023 982 1082 1009 est;
1100 982 1127 1003 ct
1144 983 1191 1011 per
1207 976 1257 1002 hoc
1281 974 1428 1009 aliquando
1451 974 1479 1001 in
1502 971 1595 1005 bonis,
1615 973 1763 1006 aliquando
1780 972 1801 997 in

1024 1022 1173 1050 contrariis
1198 1021 1344 1048 invenitur.
1370 1020 1433 1047 Haae
1459 1026 1524 1046 vero
1551 1023 1649 1046 natura
1676 1024 1801 1051 corporea

1023 1068 1234 1096 substantialem
1250 1067 1348 1102 recipit
1369 1066 1616 1101 permutationem;
1631 1064 1706 1091 unde
1728 1068 1754 1089 et
1775 1062 1802 1088 ad

1023 1122 1103 1142 omne
1119 1114 1191 1146 quod
1220 1113 1333 1144 moliri,
1358 1112 1400 1140 vel
1425 1112 1572 1142 fabricare,
1591 1110 1635 1137 vel
1661 1114 1803 1136 retractare

1023 1161 1136 1188 voluerit
1152 1159 1251 1187 artifex
1266 1159 1386 1186 omnium
1402 1159 1481 1187 Deus.
1496 1157 1618 1184 materia:
1633 1155 1719 1190 hujus
1733 1155 1803 1182 habet

1024 1206 1050 1232 in
1067 1205 1193 1232 omnibus
1210 1204 1381 1235 famulatum,
1399 1207 1428 1229 ut
1443 1203 1469 1229 in
1481 1208 1660 1236 quascunque
1683 1201 1741 1227 vult
1756 1200 1806 1240 for-V

1024 1259 1081 1279 mas
1093 1251 1133 1278 vel
1147 1251 1263 1286 species,
1278 1254 1358 1284 prout
1370 1257 1460 1276 rerum
1479 1249 1574 1275 merita
1586 1249 1750 1282 deposcunt,
1766 1253 1803 1273 na-

1024 1301 1111 1323 turam
1138 1303 1300 1330 corpoream
1319 1299 1482 1322 transmutel
1503 1298 1531 1321 et
1555 1294 1715 1320 transferat.
1735 1291 1802 1325 Quod

1022 1342 1163 1370 evidenter
1175 1341 1306 1375 propheta
1328 1341 1475 1376 designans
1495 1340 1532 1366 ait
1547 1348 1575 1365 τι
1588 1339 1662 1366 Deus
1682 1338 1729 1373 qui
1744 1337 1802 1366 facit

1022 1388 1111 1415 omnia
1126 1392 1153 1415 et
1169 1391 1344 1414 transmutat.
1360 1395 1370 1412 ι

1056 1433 1083 1460 8.
1099 1432 1159 1460 Jam
1182 1441 1248 1460 sane
1264 1433 1328 1460 illud
1345 1432 1521 1467 quaerendum
1539 1436 1593 1464 est,
1617 1431 1640 1458 si
1664 1435 1732 1457 tunc
1747 1437 1800 1456 cum

1021 1479 1074 1506 erit
1093 1478 1164 1506 Deus
1191 1479 1282 1505 omnia
1307 1478 1335 1505 in
1358 1477 1496 1510 otnnibus,
1525 1477 1552 1504 in
1576 1476 1801 1504 consummatione

1021 1524 1143 1552 omnium
1159 1524 1288 1551 universa
1303 1523 1426 1558 corporis
1442 1526 1538 1549 natura
1553 1529 1605 1548 una
1625 1521 1721 1556 specie
1743 1528 1800 1548 coa-

1020 1570 1114 1602 stabit,
1131 1574 1159 1597 et
1170 1569 1260 1597 omnis
1276 1569 1394 1603 qualitas
1409 1568 1534 1603 corporis
1550 1567 1595 1594 illa
1611 1567 1672 1594 sola
1688 1567 1740 1594 erit
1750 1572 1800 1600 qui:

1022 1615 1048 1642 in
1065 1615 1110 1642 illa
1134 1614 1308 1642 inenarrabili
1324 1614 1410 1649 gloria
1433 1613 1554 1648 fulgebit,
1581 1620 1643 1647 qua:
1669 1611 1795 1647 spiritalis

1021 1661 1142 1694 corporis
1158 1661 1247 1688 futura
1265 1667 1326 1688 esse
1342 1660 1482 1688 sentienda
1505 1665 1558 1687 est.
1579 1658 1608 1686 Si
1629 1659 1706 1686 enim
1733 1662 1797 1684 recte

1021 1707 1182 1741 accipimus.
1198 1706 1222 1733 id
1247 1707 1273 1733 in
1289 1706 1369 1733 initio
1392 1705 1453 1732 libri
1471 1705 1512 1732 sui
1528 1704 1636 1740 Moyses
1655 1704 1752 1731 scribit
1762 1703 1796 1729 di.

1021 1760 1085 1780 cens
1097 1762 1104 1780 :
1116 1762 1125 1778 ι
1136 1752 1163 1779 In
1171 1752 1305 1787 principio
1316 1751 1381 1778 fecit
1396 1752 1467 1778 Deus
1479 1751 1576 1778 caelum
1592 1755 1619 1777 et
1637 1755 1740 1776 terram
1752 1748 1794 1774 ".i

1022 1798 1078 1825 Hoc
1095 1798 1167 1824 enim
1181 1797 1343 1831 principium
1359 1796 1442 1822 totius
1454 1800 1604 1826 creatura);
1620 1795 1654 1822 ad
1673 1795 1725 1822 hoc
1735 1795 1799 1828 prin-

1020 1845 1121 1878 cipiunt
1138 1843 1217 1870 ﬁnem
1235 1843 1355 1870 omnium
1372 1841 1691 1875 consummationemque
1708 1847 1798 1868 conve-

1021 1888 1059 1914 nit
1084 1895 1231 1915 revocare:
1252 1888 1278 1914 id
1293 1891 1336 1914 est
1358 1891 1388 1914 ut
1404 1887 1469 1914 illud
1485 1886 1596 1917 ctelum,
1614 1891 1643 1913 ct
1660 1886 1706 1913 illa
1725 1891 1797 1915 terra.

1021 1932 1154 1959 habitatio
1173 1936 1199 1958 et
1213 1932 1321 1965 requies
1334 1932 1370 1959 sit
1383 1932 1488 1966 piorum
1502 1940 1510 1963 ;
1527 1931 1564 1958 ita
1588 1935 1619 1957 ut
1633 1932 1715 1965 prius
1728 1935 1796 1957 terra:

1021 1977 1094 2003 illius
1108 1977 1196 2004 sancti
1217 1977 1318 2011 quique
1333 1981 1360 2004 et
1384 1977 1517 2003 mansueti
1541 1977 1733 2003 hmreditatem
1755 1983 1795 2003 ca-

1021 2022 1107 2056 piant,
1120 2023 1338 2056 quandoquidem
1354 2023 1406 2049 hoc
1416 2022 1497 2049 etiam
1512 2022 1564 2052 lex,
1578 2027 1606 2049 et
1618 2022 1766 2057 prophetae,
1776 2025 1798 2046 et

1019 2066 1194 2100 Evangelium
1211 2067 1319 2094 docent.
1347 2067 1375 2094 In
1392 2074 1445 2101 qua
1467 2072 1538 2094 terra
1556 2071 1622 2101 puto
1649 2074 1712 2094 esse
1727 2072 1797 2093 veras

1021 2111 1081 2138 illas
1089 2116 1116 2138 et
1127 2112 1201 2139 vivas
1217 2113 1318 2139 formas
1328 2113 1400 2139 illius
1412 2112 1595 2138 observantia:
1606 2120 1690 2146 quam
1703 2111 1797 2145 Moyses

1020 2165 1067 2191 per
1080 2157 1148 2192 legis
1162 2158 1285 2184 umbram
1309 2158 1443 2184 tradebat.
1466 2157 1503 2183 De
1517 2157 1617 2191 quibus
1631 2158 1734 2184 dictum
1751 2160 1797 2186 est,

185 2203 211 2229 in
226 2202 405 2236 ignobilitate,
427 2207 548 2236 resurget
571 2203 597 2228 in
614 2202 699 2236 gloria
720 2202 752 2228 “.
774 2212 783 2227 ι
809 2201 885 2229 Sicut
901 2210 967 2237 ergo

1030 2203 1249 2238 [uiatexemplari
1264 2209 1290 2230 et
1307 2204 1408 2230 umbra:
1421 2204 1578 2231 deserviunt
1589 2203 1743 2230 cmlestium
1752 2201 1795 2232 “;I

184 2247 322 2281 profectus
337 2252 379 2274 est
390 2248 493 2274 homini
509 2248 619 2282 quidam
637 2247 703 2283 (60),
721 2252 750 2274 ιιι
763 2255 824 2274 cum
843 2248 880 2274 sit
893 2248 966 2281 prius

185 2291 311 2318 animalis
333 2292 424 2324 homo,
450 2299 502 2319 nec
526 2292 657 2327 intelligat
682 2300 742 2327 qua:
772 2298 835 2320 sunt
848 2293 967 2326 Spiritus

184 2337 244 2370 Dei,
264 2338 355 2365 veniat
380 2338 405 2364 in
434 2338 485 2364 hoc
508 2345 556 2372 per
580 2338 758 2365 eruditionem
782 2343 811 2364 ut
836 2339 967 2365 efficiatur

183 2383 323 2418 spiritalis,
347 2387 374 2410 et
397 2383 524 2416 dijudicet
545 2383 647 2415 omnia,
665 2383 722 2417 ipse
744 2391 809 2410 vero
829 2391 842 2410 a
860 2385 968 2411 nemine

219 2461 241 2477 “
255 2460 275 2488 ΙΙ
290 2461 354 2488 Cor.
370 2468 396 2494 v,
412 2461 436 2488 1.

221 2528 276 2564 (56)
296 2529 341 2556 Sic
358 2537 426 2556 mss.
445 2529 472 2555 In
496 2528 577 2556 editis
597 2530 681 2562 deest,
704 2538 714 2555 ι
739 2531 836 2557 nostri.
854 2540 863 2556 ι
890 2531 968 2558 Deest

183 2562 247 2590 item
266 2562 275 2589 ι
295 2564 426 2597 spiritalis
440 2565 572 2597 corporis.
590 2572 599 2588 ι

218 2598 274 2633 (57)
293 2598 358 2625 Vide
373 2598 390 2633 l.
409 2606 427 2624 ιι
442 2598 608 2633 ρ’·ὶςεηὶαιιη
623 2602 716 2632 quaest.
732 2599 759 2631 9,
774 2607 848 2626 num.
862 2600 887 2627 7.

231 2632 275 2663 58)
290 2632 357 2659 Vide
372 2632 390 2657 1.
408 2640 425 2658 ιι
441 2632 608 2666 0rigeuian.,
622 2640 650 2666 q.
667 2633 710 2664 ll,
726 2642 752 2660 ιι.
765 2634 781 2659 9
797 2639 825 2660 et
837 2635 883 2661 25.

232 2667 277 2701 59)
293 2666 446 2701 Elernam.
460 2667 539 2693 Deest
554 2668 580 2692 in
595 2673 672 2694 antea
688 2668 779 2700 editis,
793 2669 840 2694 sed
855 2669 969 2696 habetur

186 2701 212 2726 in
227 2700 291 2728 inss.
308 2700 368 2727 Mox
381 2708 457 2736 mss,
478 2710 487 2725 ι
506 2702 653 2728 secundum
671 2703 799 2736 quosdam
811 2703 966 2730 Graecorum

185 2735 370 2768 philosophos.
391 2743 402 2771 ξ
417 2735 447 2771 rln
462 2735 541 2771 editis
556 2736 643 2768 deest,
667 2735 685 2762 «⁷
695 2738 836 2771 quosdam.
859 2746 868 2762 ι
885 2737 968 2764 Paulo

185 2774 246 2801 post
259 2777 337 2808 mss.,
356 2778 366 2795 ι
389 2769 453 2808 fides
475 2770 598 2797 Ecclesia:
618 2769 724 2805 recipii.
741 2780 750 2796 ι
773 2771 857 2803 Editi,
873 2781 881 2797 ι
903 2772 968 2798 ﬁdes

187 2804 342 2838 necessario
361 2804 467 2838 recipit.
487 2814 496 2829 ι

226 2838 282 2871 (60)
303 2837 423 2870 Quidum
447 2838 484 2865 Ita
503 2840 690 2875 manuscripti.
708 2840 780 2868 Editi
796 2847 872 2874 vero,
884 2849 892 2865 ι
908 2840 968 2875 qui-

1022 2249 1047 2275 hi
1066 2248 1182 2279 scilicet,
1196 2248 1241 2282 qui
1259 2248 1414 2275 serviebant
1427 2249 1453 2274 in
1469 2248 1538 2280 lege.
1553 2248 1608 2274 Sed
1623 2252 1652 2274 et
1672 2248 1706 2273 ad
1718 2247 1795 2280 ipsum

1021 2293 1128 2328 Moysen
1146 2294 1247 2319 dictum
1272 2297 1332 2319 est:
1350 2302 1359 2318 ι
1379 2293 1446 2320 V‘ide
1471 2298 1501 2319 nt
1528 2294 1615 2321 facias
1636 2293 1729 2321 omnia
1746 2292 1795 2327 (6|)

1021 2339 1169 2366 secundum
1177 2338 1539 2366 formametsimilitudinem
1553 2347 1615 2374 quae
1632 2340 1681 2366 tibi
1695 2343 1794 2366 ostensa

1020 2388 1062 2410 est
1075 2384 1102 2410 in
1118 2387 1207 2410 monte
1223 2383 1256 2410 ".
1275 2392 1284 2408 ι
1302 2382 1378 2410 Unde
1391 2384 1456 2410 mihi
1470 2384 1576 2411 videtur
1595 2385 1669 2419 quod
1686 2385 1755 2411 sicut
1772 2383 1795 2408 in

475 2462 497 2477 ⁸⁸
517 2460 526 2487 1
542 2460 605 2489 Cor.
618 2469 663 2494 xv,
683 2462 728 2494 ιε,
743 2462 786 2493 45,
800 2463 845 2489 14.
885 2463 906 2478 ⁸⁷
922 2462 968 2490 Gel

1038 2464 1061 2490 l.
1103 2463 1125 2478 ⁸⁸
1139 2463 1206 2490 Heb.
1227 2471 1286 2495 vm.
1297 2464 1325 2492 5.
1363 2445 1385 2479 δ’
1399 2463 1486 2490 Exod.
1500 2471 1566 2495 xxx,
1580 2464 1626 2491 10.

1023 2533 1095 2567 dem.
1111 2541 1120 2557 ι
1136 2532 1208 2558 infra
1223 2533 1411 2567 manuscripli,
1429 2542 1439 2558 ι
1452 2540 1500 2566 pro
1512 2531 1665 2559 ministerio
1680 2532 1791 2559 animal.)

1023 2566 1094 2592 Editi
1109 2568 1244 2602 mendose,
1262 2576 1272 2602 ς
1289 2575 1336 2602 pro
1353 2566 1481 2602 mysterio
1498 2569 1606 2595 animm.
1622 2576 1631 2592 ι
1648 2566 1709 2593 Mox
1725 2574 1792 2595 mss.

1025 2609 1035 2625 ι
1054 2609 1115 2627 eum
1127 2601 1215 2628 anima
1230 2601 1355 2635 adjuncta
1376 2601 1431 2628 Deo
1445 2610 1514 2629 unus
1532 2610 1593 2630 cum
1609 2609 1642 2628 eo
1661 2602 1790 2636 spiritus»

1022 2636 1049 2661 In
1067 2636 1149 2670 editis
1163 2636 1247 2668 deest,
1267 2645 1275 2661 ι
1295 2637 1434 2670 adjuncta.
1454 2645 1464 2661 ι

1023 2703 1028 2709 .
1058 2670 1113 2704 (61)
1132 2669 1238 2709 omnia.
1251 2670 1313 2697 Haec
1328 2669 1466 2709 vox_deest
1479 2671 1504 2697 in
1519 2671 1612 2709 editis,
1629 2672 1676 2709 sed
1690 2671 1793 2697 habetur

1023 2704 1138 2740 iitriuss.
1160 2704 1220 2740 Mox
1243 2712 1320 2736 mss.,
1340 2714 1349 2730 (
1366 2706 1399 2731 ab
1416 2705 1471 2739 ipsa
1490 2706 1601 2740 perduci
1629 2707 1765 2732 deberent.
1783 2713 1792 2729 ι

1024 2738 1105 2770 Editi,
1120 2747 1128 2763 ι
1142 2739 1176 2764 ab
1191 2738 1249 2772 ipso
1260 2739 1370 2773 perduci
1381 2738 1519 2767 deberent.
1532 2750 1541 2766 ι
1554 2740 1639 2767 Paulo
1652 2745 1712 2774 post
1725 2747 1791 2768 mss.

1026 2781 1035 2797 ι
1055 2779 1165 2799 sanctos
1184 2780 1307 2807 quosque
1329 2774 1489 2808 suscipiens.
1509 2784 1518 2799 ι
1537 2775 1564 2801 In
1592 2776 1674 2803 editis
1704 2775 1791 2802 deest.

1025 2816 1042 2843 ι
1054 2814 1187 2843 quosque.
1207 2817 1216 2832 ι
1236 2808 1294 2834 Mox
1310 2815 1388 2839 mss.,
1407 2818 1416 2833 ι
1437 2809 1464 2836 in
1476 2817 1530 2843 quo
1547 2817 1611 2837 vere
1627 2810 1680 2837 crit
1698 2809 1790 2836 illud.»

1023 2841 1092 2869 Edtti
1110 2843 1248 2876 omittunt,
1266 2852 1275 2868 (
1293 2850 1365 2870 vere.
1382 2852 1391 2868 ι
