1860 3073
175 142 229 170 547

790 139 951 168 ORIGENIS
969 140 1049 166 ΠΕΡΙ
1067 138 1182 165 ΑΡΧΩΝ

1741 131 1785 157 3ὶὸ

176 202 211 230 de
230 201 320 236 templi
336 201 432 228 decore
443 220 451 233 ,
473 200 513 227 vel
531 200 565 227 de
584 200 680 228 altaris
697 200 862 234 insignibus,
879 206 959 234 atque

1042 198 1112 225 Ξνων.
1134 194 1295 231 Ἐπληρὼθη
1304 193 1357 229 γὰρ
1365 193 1380 228 ἡ
1388 192 1503 226 λέγουσα
1521 193 1682 228 προφητεία·
1689 201 1698 217 ι
1712 188 1786 236 ’(1μὲ-

176 247 303 274 om‘nihus
315 246 369 274 illis
384 246 599 274 sacerdotalibus
618 245 720 279 infulis,
738 245 959 280 indumentisque

176 292 344 327 pontificum,
364 291 444 319 simul
476 292 602 318 universa
624 292 761 318 destructa
780 295 855 318 sunt.
879 291 958 318 Com-

177 337 247 372 pleta
270 342 310 365 est
328 338 400 364 enim
420 337 561 371 prophetia
578 344 638 371 quae
657 336 764 364 dixerat
782 345 789 363 :
811 345 820 362 ί
835 336 886 363 Per
901 336 958 363 dies

176 383 276 410 mullos
288 383 422 410 sedebunt
437 383 481 409 ﬁlii
497 382 578 408 Israel
596 382 654 409 sine
664 390 737 417 rege,
749 383 807 409 sine
820 382 957 416 principe;

176 435 228 454 non
244 427 296 454 erit
312 427 413 458 hostia,
437 435 486 454 nec
505 427 601 458 altare.
626 433 677 453 nec
700 427 890 459 sacerdotium,
910 434 959 454 nec

175 479 304 506 responsa
315 472 348 498 ⁷⁸.
366 481 375 497 ι
395 471 441 498 His
456 479 520 506 ergo
532 472 693 499 testimoniis
709 471 811 498 utimur
825 471 959 498 adversus

175 525 222 545 eos
237 517 284 551 qui
297 517 421 544 videntur
438 524 562 544 asserere
583 517 664 551 159
678 517 712 544 de
727 516 769 544 his
787 523 846 550 quae
863 516 890 542 in
906 516 959 543 Ge-

175 562 233 589 nesi
250 562 284 589 ab
298 561 382 588 Iacob
396 561 467 589 dicta
488 566 562 594 sunt,
577 564 648 597 quod
664 562 696 589 dc
709 561 777 589 Juda
799 561 872 589 dicta
888 562 956 594 sint;

174 612 202 635 et
223 608 318 635 dicunt
337 615 499 642 permanere
516 608 604 635 adhuc
625 608 774 642 principem
802 614 835 634 ex
860 608 958 641 genere

174 653 261 684 Iudae,
274 654 353 680 istum
361 653 485 680 Videlicet
499 653 543 687 qui
557 658 598 680 est
612 653 701 687 gentis
712 660 804 679 eorum
819 653 956 687 princeps,

175 706 255 733 quem
267 698 599 732 nominantpatriarcham
612 697 680 732 (Si),
696 705 745 724 nec
756 698 870 725 deiicere
881 705 959 731 posse

175 744 209 770 de
227 743 332 770 semine
342 742 400 776 ejus
410 742 454 776 qui
473 746 649 776 permaneant
667 749 753 775 usque
767 742 800 768 ad
816 742 958 768 adventum

174 788 232 823 ejus
247 788 346 815 Christi
361 795 441 822 quem
452 787 503 814 sibi
519 787 568 821 ipsi
584 787 751 814 describunt.
763 787 814 814 Sed
827 787 849 813 si
865 794 958 814 verum

174 837 214 860 est
228 833 302 866 quod
312 833 351 859 ait
366 833 507 867 propheta,
527 832 591 866 quia
607 841 615 858 ι
636 832 694 859 dies
709 832 811 859 multos
827 832 959 859 sedebant

1012 253 1061 280 ρας
1072 243 1172 274 πολλὰς
1188 241 1344 268 καθίσονται
1356 239 1411 275 (82)
1421 239 1445 265 οἱ
1459 238 1512 264 οἱο)¹
1530 236 1647 272 Ἰσραὴλ,
1659 235 1708 262 οὐκ
1720 234 1788 267 ὄντος

1012 289 1154 325 βασιλέως,
1164 287 1225 314 οὐδὲ
1235 287 1310 318 ὄντος
1319 286 1457 321 ἄρχοντος,
1469 284 1518 310 οὐκ
1528 284 1556 310 οἷ
1562 291 1609 317 σης
1619 281 1724 325 θυσίας,
1735 280 1788 307 οὐδὲ

1010 323 1085 365 θντος
1108 330 1309 365 θυσιαστηρίου,
1329 329 1389 355 οὐδὲ
1411 327 1558 363 ἱερατείας,
1583 325 1645 351 οὐδὲ
1669 323 1760 358 δήλων.
1778 331 1785 347 ι

1009 379 1065 405 Καὶ
1080 378 1184 409 τούτοις
1206 376 1335 413 χρώμεθα
1353 375 1409 405 τοῖς
1427 374 1528 409 ῥητοῖς,
1551 370 1619 406 πρὸς
1634 370 1699 401 τοὺς
1714 370 1741 395 ὲν
1755 368 1790 403 τῷ

1010 423 1148 450 θλίϐεσθαι
1159 423 1213 450 ἀπὸ
1229 422 1282 448 τῶν
1293 422 1321 447 ἐν
1333 422 1365 456 τῇ
1381 419 1487 446 Γενέσει
1497 418 1549 444 ὑπὸ
1558 416 1605 444 τοῦ
1624 414 1721 442 Ἰακὼϐ
1731 415 1790 450 πρὸς

1009 469 1054 495 τὸν
1074 468 1174 495 Ἰούδαν
1187 467 1338 503 εἰρημένων
1352 466 1506 500 φάσκοντας
1523 463 1569 489 τὸν
1589 461 1724 496 ἐθνάρχην
1743 459 1791 486 ἀπὸ

1009 514 1054 540 τοῦ
1078 514 1163 540 ’ἰούδα
1178 513 1273 548 γένους
1286 511 1452 546 τυγχάνοντα
1474 509 1568 544 ἄρχειν
1588 507 1635 534 τοῦ
1652 506 1728 537 λαοῦ,
1747 505 1792 531 οὐκ

1010 559 1187 594 ἑκλειψόντων
1204 558 1257 584 τῶν
1268 557 1321 584 ἀπὸ
1337 555 1382 583 τοῦ
1400 555 1555 591 σπέρματος
1571 553 1626 588 (85)
1638 551 1731 584 αὑτοῦ,
1746 552 1792 582 ἕως

1009 603 1042 641 ἦς
1059 603 1236 639 φαντάζονται
1256 601 1373 638 Χριστοῦ
1387 601 1542 635 ἐπιδημίας,
1558 600 1588 626 El
1603 598 1658 633 γὰρ
1670 607 1680 622 ι
1695 597 1792 631 ἡμέρας

1010 652 1109 682 πολλὰς
1121 650 1276 677 καθίσονται
1288 648 1342 684 (84)
1358 648 1443 674 οἱυὶοὶ
1450 645 1566 681 Ἰσραὴλ,
1574 645 1624 672 οὺκ
1631 645 1709 675 ὄντος
1726 643 1793 678 ﬂuet-

1009 697 1087 728 λέως,
1107 696 1172 732 μηδὲ
1190 696 1264 726 ὄντος
1281 695 1419 729 ἄρχοντος,
1441 693 1492 719 οὐκ
1513 691 1596 726 οῠσης
1611 690 1719 722 θυσίας,
1740 688 1793 715 οὐδὲ

1010 742 1212 777 θυσιαστηρίου,
1225 740 1285 766 οὐδὲ
1300 739 1445 775 ἱερατείας,
1463 738 1523 765 οὐδὲ
1535 738 1621 773 δήλων
1632 746 1638 751 ·
1661 747 1670 762 ι
1689 735 1718 768 ἐξ
1729 731 1758 761 οὗ
1770 735 1793 761 δὲ

1010 787 1169 822 κατεσκάφη
1186 788 1200 813 ὁ
1212 786 1286 818 ναὸς,
1301 786 1351 811 οὐκ
1366 784 1406 811 ἔτι
1420 784 1509 815 θυσία,
1525 783 1585 809 οὐδὲ
1598 781 1792 815 θυσιαστήριον,

1010 833 1070 860 οὐδὲ
1093 832 1222 868 ἱερατεία·
1244 831 1323 866 δῆλον
1343 831 1384 857 ὅτι
1404 829 1524 862 ἐξέλιπεν
1544 828 1635 863 ἄρκων
1653 827 1684 859 ἐξ
1707 825 1792 856 Ἰούδα,

174 879 221 906 ﬁlii
238 879 319 906 Israel
332 879 390 906 sine
404 886 478 913 rege,
493 879 551 905 sine
563 879 698 912 principe.
717 886 767 905 nec
780 879 832 905 erit
855 878 956 909 hostia,

1042 879 1057 904 ι).
1069 877 1219 913 ἡγούμενος
1234 877 1266 903 ὲκ
1276 876 1328 902 τῶν
1341 875 1436 911 μηρῶν
1450 873 1542 901 αὑτοῦ.
1564 873 1641 899 Ἐπεὶ
1656 873 1686 899 δὲ
1702 873 1718 906 ἡ
1736 880 1794 906 προ-

174 931 224 951 nec
238 923 337 956 altare,
361 931 411 950 nec
436 923 642 955 sacerdotium;
664 932 672 948 ι
692 928 719 950 et
735 923 828 957 utique
846 931 878 950 ex
903 931 957 957 quo

172 969 329 995 subversum
344 972 386 996 est
397 967 538 1002 templum,
557 975 607 994 nec
622 967 716 995 hostiae
727 967 890 999 oﬂ‘cruntur,
907 976 956 995 nec

172 1014 258 1040 altare
276 1013 422 1044 invenitur,
439 1020 489 1040 nec
502 1012 687 1040 sacerdotium
702 1017 820 1045 constat,
834 1013 956 1040 certissi-

172 1066 245 1085 mum
257 1062 299 1085 est
308 1058 438 1085 defecisse
448 1058 586 1092 principes
599 1066 632 1084 ex
643 1056 723 1090 Juda,
735 1057 808 1085 sicut
823 1058 954 1093 scriptum

170 1110 221 1137 est,
238 1109 267 1132 et
286 1105 383 1132 ducem
403 1111 435 1131 ex
461 1103 612 1131 femoribus
634 1104 692 1138 ejus
718 1112 858 1139 usquean
883 1105 956 1131 venit

173 1147 218 1174 ille
241 1148 284 1174 ctti
306 1147 454 1182 repositum
476 1153 518 1175 est
530 1149 566 1175 ⁷⁵.
584 1149 697 1175 Constat
719 1156 784 1183 ergo
806 1149 868 1183 quia
883 1149 956 1176 venit

1010 923 1107 959 φητεία
1128 923 1221 959 φησιν,
1250 932 1258 947 t
1274 922 1330 948 Οὐκ
1353 921 1471 955 ἐκλείψει
1486 921 1576 955 ἄρχων
1594 919 1624 951 ἐξ
1647 918 1733 944 Ἰούδα
1753 917 1793 944 καὶ

1009 967 1158 1004 ἡγούμενος
1187 969 1219 993 ὲκ
1242 966 1295 993 τῶν
1317 965 1410 1001 μηρῶν
1428 964 1521 995 αὑτοῦ,
1547 963 1599 995 ἕως
1618 963 1652 989 ἂν
1681 962 1744 999 ἔλθῃ
1765 962 1793 988 τὰ

1008 1013 1177 1048 ἀποκείμενα
1193 1011 1275 1047 αὐτῷ·
1297 1011 1391 1047 »δῆλον
1406 1011 1447 1037 ὅτι
1466 1009 1593 1045 ἐλήλυθεν
1645 1009 1680 1035 τὰ
1693 1008 1793 1035 ἀποκεί-

1010 1067 1089 1095 μενα,
1118 1059 1134 1093 ἡ
1162 1057 1308 1094 προσδοκία
1335 1056 1390 1083 τῶν
1418 1056 1511 1083 ὲθνῶν.
1537 1055 1594 1082 Καὶ
1615 1054 1697 1081 τοῦτο
1719 1053 1793 1089 σαφὲς

1009 1106 1041 1131 ὲκ
1053 1103 1100 1131 τοῦ
1114 1103 1232 1138 πλήθους
1245 1103 1298 1129 τῶν
1311 1102 1394 1129 ἐθνῶν
1404 1101 1457 1128 τῶν
1469 1101 1513 1128 διὰ
1524 1099 1644 1136 Χριστοῦ
1657 1108 1790 1127 πεπιστεν

1009 1149 1094 1176 κότων
1111 1149 1167 1184 (85)
1183 1148 1222 1179 εἰς
1237 1148 1283 1174 τὸν
1299 1148 1374 1175 Θεὸν.

172 1193 217 1221 Ille
230 1194 275 1220 cui
291 1194 437 1228 repositutn
454 1199 507 1227 est,
533 1195 558 1221 in
580 1203 634 1230 quo
645 1196 812 1229 exspectatio
828 1195 949 1230 gentium
964 1200 1015 1223 est.
1035 1196 1112 1228 Quod
1130 1195 1272 1222 manifeste
1289 1195 1397 1222 videtur
1415 1195 1553 1229 impletum
1576 1194 1610 1221 de
1627 1192 1793 1220 multitudine

172 1247 266 1268 eorum
282 1241 327 1275 qui
345 1248 394 1276 per
405 1242 543 1269 Christum
559 1242 613 1269 Deo
631 1250 665 1270 ex
682 1242 796 1270 diversis
811 1242 938 1276 gentibus
954 1242 1139 1270 crediderunt.

206 1288 234 1315 ι.
257 1287 309 1315 Sed
325 1293 352 1316 et
371 1289 397 1315 in
413 1289 614 1317 Deuteronomii
645 1290 753 1318 cantico
778 1297 828 1324 per
843 1291 959 1325 prophe-

171 1333 236 1361 tiam
251 1333 408 1368 designatur
423 1341 473 1368 pro
498 1335 619 1367 peccatis
636 1334 735 1369 prioris
760 1335 851 1370 populi
865 1335 955 1362 futura

169 1386 230 1406 esse
257 1379 401 1406 insensatae
433 1380 522 1414 gentis
546 1379 665 1413 electio,
691 1388 743 1407 non
780 1381 831 1408 alia
864 1381 957 1415 utique

169 1431 250 1459 quam
265 1424 323 1451 haec.
338 1432 398 1460 qua:
422 1432 471 1458 per
486 1424 626 1453 Christum
649 1425 720 1453 facta
735 1430 778 1453 est
794 1434 800 1458 ;
827 1426 865 1453 sic
883 1426 954 1453 enim

170 1471 230 1498 ait:
251 1479 261 1496 ‹
276 1470 516 1498 Exacerbaverunt
535 1479 578 1498 me
595 1472 621 1498 in
643 1471 797 1499 simulacris
822 1472 898 1504 suis,
928 1476 955 1498 et

170 1524 220 1551 ego
237 1517 264 1544 in
281 1517 340 1544 zelo
356 1517 499 1545 concitabo
513 1525 561 1545 eos
572 1537 580 1550 ,
598 1518 624 1545 in
637 1523 718 1553 gente
733 1518 878 1552 insipiente
896 1518 954 1544 irri-

171 1562 233 1590 tabo
249 1563 335 1590 eos”.
351 1572 360 1588 ι
392 1563 440 1590 Est
461 1571 526 1597 ergo
551 1564 618 1590 satis
634 1564 774 1591 evidenter
796 1570 953 1597 agnoscere,

169 1606 394 1641 quemadmodum
410 1608 514 1635 Hebraei
540 1608 585 1642 qui
614 1607 699 1635 Deum
721 1607 888 1635 evacerbare
912 1607 953 1634 di-

169 1658 268 1681 cuntur
282 1654 309 1681 in
325 1655 368 1682 his
378 1655 422 1689 qui
440 1662 491 1681 non
509 1659 571 1682 sunt
583 1655 631 1687 dii,
659 1659 686 1682 et
704 1655 826 1681 irritasse
847 1662 908 1681 eum
927 1654 952 1681 in

169 1700 322 1727 simulacris
338 1700 404 1733 suis,
430 1700 530 1727 irritati
555 1701 611 1727 sint
638 1705 664 1728 et
691 1700 742 1735 ipsi
769 1701 794 1726 in
818 1700 953 1735 zelotypia

1042 1291 1097 1317 Καὶ
1117 1292 1145 1317 ὲν
1160 1291 1192 1326 τῇ
1214 1289 1259 1316 τοῦ
1275 1289 1485 1324 Δευτερονομίου
1502 1288 1530 1315 δὲ
1546 1287 1601 1323 ᾠδῇ
1620 1285 1792 1323 προφητικῶς

1006 1335 1132 1371 δηλοῦται
1148 1337 1164 1371 ἡ
1182 1335 1226 1362 διὰ
1246 1335 1279 1362 τὰ
1296 1335 1483 1370 ἁμαρτήματα
1507 1333 1553 1360 τοῦ
1576 1333 1714 1368 προτέρου
1736 1331 1790 1358 λαοῦ

1006 1381 1121 1416 ἐσομένη
1137 1380 1191 1406 τῶν
1206 1380 1344 1407 ἀσυνέτων
1359 1379 1447 1405 ἐθνῶν
1461 1378 1569 1413 ἐκλογὴ,
1582 1379 1613 1404 οὐ
1626 1378 1661 1404 δι’
1674 1377 1752 1404 ἄλλου
1762 1386 1791 1403 τι-

1006 1426 1075 1462 νὸςῆ
1090 1426 1134 1452 τοῦ
1147 1425 1236 1461 Ἰησοῦ
1248 1425 1417 1461 γεγενημένη
1432 1424 1498 1460 (86).
1516 1434 1524 1449 ι
1539 1424 1622 1451 Αὐτοὶ
1637 1424 1704 1459 γὰρ,
1721 1423 1790 1458 φησι,

1007 1471 1203 1507 παρεζήλωσάν
1221 1480 1253 1507 με
1268 1471 1311 1497 ἐπ’
1326 1472 1355 1497 οὔ
1369 1470 1437 1505 Θεῷ,
1457 1469 1636 1504 παρώργισάν
1653 1478 1686 1504 με
1701 1465 1730 1494 ἐν
1742 1470 1791 1499 τοῖς

1005 1517 1122 1549 εἰδώλοις
1140 1518 1239 1550 αὐτῶν,
1259 1517 1335 1552 κάγὼ
1353 1515 1543 1552 παραζηλώσω
1559 1516 1660 1547 αὐτοὺς
1684 1516 1727 1543 ἐπ’
1749 1516 1791 1542 οὐκ

1005 1563 1086 1596 ἔθνει,
1104 1564 1150 1590 καὶ
1164 1564 1210 1590 ἐπὶ
1221 1563 1291 1590 ἔθνει
1301 1563 1425 1597 ἀσυνέτῳ
1443 1563 1582 1597 παροργιῶ
1593 1562 1705 1594 αὐτούς.
1719 1572 1728 1587 ι
1744 1560 1791 1588 Καὶ

1004 1609 1061 1636 ἐστι
1075 1610 1177 1645 σφόδρα
1193 1609 1299 1645 τρανῶς
1312 1609 1475 1636 καταλαϐεῖν
1485 1607 1607 1640 δυνατὸν,
1621 1610 1685 1635 τίνα
1699 1608 1790 1644 τρόπον

1004 1657 1027 1683 οἱ
1037 1656 1178 1692 λεγόμενοι
1189 1655 1413 1691 παρεζηλωκέναι
1426 1655 1469 1681 τὸν
1483 1654 1548 1681 Θεὸν
1567 1654 1691 1690 Ἑϐραῖοι
1703 1654 1748 1680 ἐπὶ
1757 1653 1790 1688 τῷ

1003 1703 1033 1728 οὺ
1046 1702 1114 1738 Θεῷ,
1130 1703 1177 1729 καὶ
1190 1702 1394 1737 παρωργικέναι
1407 1701 1487 1728 αὐτὸν
1502 1702 1530 1727 ἐν
1544 1702 1599 1732 τοῖς
1614 1701 1735 1732 εἰδώλοις
1749 1699 1789 1726 αὐ-

785 1759 1064 1788 INTERPRETATIO
1082 1761 1185 1788 NOVA.

168 1806 255 1841 tium?
272 1806 309 1834 Ex
325 1806 438 1834 historia
452 1807 523 1833 enim
538 1811 565 1833 et
584 1806 618 1834 iis
634 1814 694 1841 qua:
707 1806 789 1834 hodie
810 1811 971 1838 cernuntur,
988 1807 1164 1835 manifestum
1183 1812 1224 1834 est
1245 1816 1259 1834 a
1275 1807 1376 1835 Christi
1402 1807 1570 1841 temporibus
1592 1806 1683 1834 nttllos
1699 1806 1788 1833 deinde

167 1840 325 1868 Iudaeorum
352 1848 430 1876 reges
449 1842 598 1875 exstitisse,
629 1840 722 1868 fractis
738 1846 765 1867 et
783 1842 924 1875 dissipatis
941 1842 1023 1869 rebus
1045 1843 1173 1869 omnibus
1197 1842 1318 1870 .Iudaicis
1345 1842 1443 1876 quibus
1460 1840 1662 1876 gloriabantur,
1695 1840 1788 1875 templo

167 1883 276 1911 nempe,
289 1877 380 1907 altari,
395 1876 433 1903 rei
455 1876 554 1903 divinae
565 1881 695 1904 consueto
711 1877 774 1908 ritu,
791 1880 817 1904 et
834 1877 999 1904 indumentis
1011 1877 1155 1910 pontiﬁcis.
1173 1877 1282 1910 Impleta
1295 1882 1337 1904 est
1355 1878 1453 1911 quippe
1468 1876 1608 1910 prophetia
1625 1883 1690 1910 qum
1704 1876 1767 1902 dicit
1781 1883 1787 1901 :

169 1919 179 1936 ‹
190 1910 243 1938 Per
258 1911 316 1939 dies
333 1911 430 1938 mullos
447 1911 581 1938 sedebttnt
593 1911 646 1938 .tilii
665 1911 746 1937 Israel
759 1912 818 1939 sine
831 1918 904 1946 rege,
920 1912 979 1938 sine
993 1912 1125 1945 principe,
1140 1910 1430 1945 sine-sacriﬁcio,rsine
1446 1912 1537 1943 altari,
1553 1912 1614 1946 sine
1625 1910 1787 1946 sacerdotio,

166 1946 225 1973 sine
239 1946 387 1980 responsis.
404 1955 412 1971 ι
429 1946 532 1977 Quibus
547 1946 637 1972 verbis
661 1947 763 1973 utimur
777 1944 907 1981 adversus
924 1954 970 1973 cos
988 1944 1033 1979 Qui
1053 1947 1116 1972 dum
1142 1952 1273 1981 urgentur
1286 1947 1320 1973 iis
1334 1955 1392 1981 qua:
1407 1947 1431 1973 in
1444 1946 1537 1973 Genesi
1550 1947 1583 1973 ab
1598 1945 1685 1972 Jacob
1700 1945 1732 1971 ad
1748 1944 1787 1981 {u—

166 1981 227 2006 dam
241 1979 312 2008 dieta
327 1985 400 2012 sttnt,
410 1988 571 2016 permanere
580 1982 729 2008 etiamnum
741 1989 772 2007 ex
784 1989 883 2016 genere
892 1980 967 2008 Judm
975 1985 1098 2016 asserunt
1114 1979 1262 2015 principem
1276 1982 1319 2015 qui
1333 1979 1430 2016 populo
1440 1982 1606 2012 dominetur,
1620 1987 1710 2015 neque
1719 1979 1788 2016 defu-

166 2021 243 2042 turos
257 2024 289 2042 ex
302 2015 404 2043 semine
418 2015 476 2047 ejus
491 2015 574 2042 dttces
585 2023 670 2050 usque
682 2016 716 2042 ad
735 2014 796 2042 enni
812 2024 891 2050 quem
902 2016 952 2043 sibi
963 2016 1052 2042 animo
1062 2014 1275 2049 ﬁnguntCIiristi
1288 2014 1443 2043 adventum.
1461 2016 1488 2043 Si
1499 2016 1570 2042 enim
1581 2025 1589 2041 ι
1603 2023 1651 2049 per
1659 2016 1718 2042 dies
1727 2014 1788 2041 mul-

168 2056 208 2077 tos
224 2051 356 2078 sedebant
370 2050 416 2077 ﬁlii
432 2050 513 2077 Israel
525 2051 584 2076 sine
596 2058 668 2084 rege,
684 2051 743 2077 sine
755 2051 887 2084 principe,
897 2052 955 2077 sine
970 2051 1113 2082 sacrilieio,
1124 2051 1184 2077 sine
1200 2051 1286 2082 altari.
1296 2052 1355 2078 sine
1363 2051 1528 2082 sacerdotio,
1539 2051 1597 2077 sine
1613 2050 1765 2084 responsis;
1777 2058 1784 2074 I

165 2092 198 2112 ex
211 2093 265 2118 quo
277 2091 366 2112 autem
381 2092 509 2119 eversum
518 2090 561 2112 est
575 2085 715 2119 templum,
730 2093 783 2111 non
796 2090 836 2112 cst
851 2086 1026 2116 sacriﬁcium,
1044 2093 1095 2111 neti
1112 2085 1208 2118 altare,
1218 2093 1271 2112 non
1287 2086 1482 2117 sacerdotium,
1498 2086 1672 2119 perspicuum
1691 2089 1733 2111 est
1743 2084 1785 2110 de-

165 2119 265 2148 fecisse
281 2120 430 2154 principem
448 2127 481 2146 ex
497 2118 565 2146 .Iuda
578 2124 606 2146 et
622 2123 717 2146 ducem
736 2119 768 2146 tle
782 2120 883 2146 femore
897 2121 964 2153 ejus.
980 2120 1112 2153 Quoniam
1131 2121 1215 2155 igitur
1227 2121 1366 2155 prophetia
1383 2121 1448 2147 dicit
1465 2129 1472 2147 :
1489 2130 1497 2145 ι
1514 2118 1572 2146 Non
1590 2119 1701 2147 deliciet
1716 2119 1786 2153 prin-

163 2162 229 2189 ceps
244 2164 275 2182 ex
288 2155 369 2187 .Iuda,
387 2162 437 2181 nec
454 2155 506 2180 dux
520 2156 552 2180 de
571 2155 672 2181 femore
686 2154 744 2188 ejus
763 2155 846 2181 donec
864 2156 974 2182 veniant
988 2156 1104 2189 reposita
1121 2154 1157 2188 ei,
1175 2165 1185 2181 ι
1197 2154 1354 2182 venit'ccrtc
1371 2156 1411 2182 cui
1431 2155 1547 2189 reposita
1557 2160 1631 2186 sunt,
1648 2158 1785 2187 exspecta-

165 2190 202 2217 tio
218 2191 349 2225 gentium.
366 2189 441 2221 Quod
453 2189 668 2225 el‘mauifestum
681 2194 721 2225 est
735 2196 767 2215 ex
781 2189 954 2217 multitudine
968 2191 1088 2224 gentium
1111 2198 1170 2223 quae
1186 2198 1234 2224 per
1247 2191 1386 2217 Christum
1404 2191 1429 2216 in
1446 2191 1528 2216 Deum
1548 2190 1736 2225 crediderunt.

199 2223 230 2251 4:
243 2225 269 2251 In
289 2223 491 2250 Deuteronomii
505 2230 613 2257 quoque
641 2224 910 2259 canticoﬁstultarum
939 2223 1060 2259 gentium
1087 2223 1197 2259 propter
1213 2226 1315 2258 prioris
1338 2227 1427 2259 populi
1445 2230 1556 2257 peccata
1583 2224 1675 2250 futura
1693 2223 1785 2250 electio

164 2259 323 2294 prophetica
339 2259 505 2290 declaratur,
522 2266 583 2294 quae
600 2266 652 2285 non
668 2265 716 2291 per
733 2258 815 2285 aliunt
833 2266 914 2292 quam
938 2267 986 2292 per
1000 2258 1093 2285 Jesum
1121 2258 1192 2286 facta
1209 2265 1262 2288 est.
1285 2269 1294 2285 ι
1313 2258 1464 2293 Ιρεὶοιιίιιι,
1483 2260 1580 2293 inquit,
1601 2267 1643 2285 me
1658 2265 1782 2293 provoca-

164 2293 262 2321 Verunt
281 2295 307 2319 in
322 2300 355 2320 eo
369 2294 414 2327 qui
427 2301 479 2319 non
500 2297 560 2319 erat.
577 2293 647 2320 Dens
664 2313 670 2325 ,
692 2299 719 2320 et
743 2294 920 2320 irritavcruut
937 2295 962 2320 in
980 2294 1058 2321 idolis
1075 2295 1147 2327 suis;
1176 2300 1204 2321 et
1228 2302 1278 2329 ego
1294 2296 1447 2330 provocabo
1461 2302 1508 2322 eos
1525 2303 1552 2321 III
1570 2302 1603 2321 eo
1620 2295 1666 2327 qui
1683 2298 1784 2320 nonest

211 2340 232 2355 "
251 2339 315 2367 Ose.
330 2347 374 2371 ιιι,
386 2339 414 2368 4.
452 2339 475 2355 ⁷³
486 2339 556 2367 Gen.
572 2348 648 2372 thx,
667 2340 710 2367 I0.
749 2341 773 2356 ”
788 2340 868 2367 Deut.
881 2349 967 2373 xxxn,
980 2342 1026 2369 ‘21.

198 2389 254 2425 (8|)
270 2389 458 2425 Patriarclmm
470 2408 479 2420 ,
497 2394 547 2425 etc.
569 2389 780 2425 Chrysoslomus
795 2391 821 2418 in
838 2392 948 2418 ltomilia
967 2395 987 2422 ι)
1002 2391 1100 2417 tavium
1119 2391 1146 2418 in
1160 2391 1230 2418 uotis
1243 2391 1275 2417 ad
1291 2391 1484 2425 Epipltanium,
1499 2396 1525 2417 et
1541 2391 1672 2418 Iacobum
1683 2389 1776 2416 Gothe-

162 2423 256 2452 (δοίηιή
268 2424 374 2452 ,Ιυάεεοδ
386 2429 412 2451 et
425 2423 550 2460 gentiles,
573 2423 649 2457 Quod
666 2425 788 2451 Christus
815 2427 849 2452 ait
866 2426 945 2458 Deus,
1002 2425 1101 2452 fridum
1118 2427 1149 2452 ad
1161 2425 1222 2452 cod.
1236 2423 1372 2453 'I'hcodos.
1389 2432 1454 2453 tom.
1471 2425 1513 2456 νι,
1532 2433 1591 2460 pag.
1603 2425 1668 2451 ‘2I3.

163 2460 458 2496 meminitpatriarclue
486 2459 653 2496 Iudaeorum.
678 2460 813 2496 Ejusmodi
831 2461 947 2495 patriar-
1036 2461 1092 2494 18?.)
1111 2461 1301 2488 Καθίσονται.
1317 2462 1354 2488 Ita
1366 2466 1484 2496 quatuor
1497 2458 1562 2488 mss.
1571 2458 1665 2486 Editio
1681 2458 1780 2489 Tariui,

162 2496 240 2543 c‘ham
252 2494 404 2536 memorant
412 2494 502 2543 itidlem
514 2495 590 2543 mullti
600 2495 746 2543 scriptorcs
755 2494 945 2543 ecclesiastici.
1001 2496 1174 2543 mitia—evicti.

163 2531 293 2565 Origenes
309 2531 335 2557 in
349 2529 478 2563 opusculo
490 2530 561 2565 quml
579 2531 604 2556 in
619 2528 672 2556 alio
691 2535 764 2557 lomo
778 2532 900 2563 edemus,
919 2536 948 2557 ut

1042 2528 1092 2565 ’83)
1116 2529 1176 2557 Τῶν
1198 2530 1256 2557 ἀπὸ
1284 2530 1337 2558 τοῦ
1364 2530 1542 2565 σπέρματος.
1576 2530 1613 2565 Ita
1632 2530 1686 2556 duo
1707 2528 1778 2555 codd.

162 2563 306 2600 genuinum
317 2563 946 2600 fragmentumCommentariortuninl’salmos,
1001 2563 1101 2599 Rugii»,
1127 2571 1155 2593 et.
1179 2566 1373 2594 Coisliniauus.
1398 2563 1427 2593 In
1440 2563 1567 2593 editione
1588 2564 1681 2592 Tariui
1710 2565 1779 2590 deest

161 2599 227 2630 dicit
249 2608 278 2627 se
298 2608 359 2633 cuin
386 2599 540 2633 patriarcha
561 2599 809 2632 Iudaeorutn,.lullo
829 2601 945 2632 nomine,
1001 2600 1064 2627 τῶν.

161 2631 436 2671 congressumfsse.
480 2634 668 2671 Patriarcham
702 2635 777 2671 item»
794 2631 947 2662 .Iudatorum
1033 2635 1089 2671 (84)
1110 2635 1166 2671 Duo
1188 2635 1262 2670 Regii
1290 2640 1316 2661 et
1329 2634 1525 2664 Coislinianns,
1543 2634 1710 2671 xaglcoyut.
1731 2631 1779 2671 Ta-

162 2665 316 2698 tnetnorant
339 2669 455 2706 Cyrinus
475 2669 717 2705 Jet‘osolymitanus
734 2690 740 2701 ,
758 2669 946 2706 Hieronymus,
997 2665 1096 2706 rin‘nsjr
1113 2665 1285 2706 κριθήσονται.
1324 2671 1423 2697 Ibidem
1456 2671 1558 2704 primus
1584 2669 1684 2704 Regius
1701 2689 1708 2702 ,
1733 2665 1779 2693 οὐκ

162 2711 190 2732 ει
208 2706 327 2740 maxime
345 2705 532 2740 Tlteodoretus
549 2705 647 2738 dialog.
666 2705 677 2731 l
693 2724 699 2737 ,
728 2713 761 2731 ex
778 2705 855 2739 cujus
867 2705 946 2732 (lictis

1042 2714 1070 2737 ος
1087 2705 1227 2740 βασιλέως,
1241 2705 1300 2732 οὐδὲ
1317 2705 1455 2740 ἄρχοντος.

162 2739 299 2776 colligitur
327 2739 500 2776 patriarchas
523 2740 677 2776 Iudaeorum
705 2748 735 2767 se
757 2747 790 2766 ex
817 2740 945 2776 progenie
1031 2739 1091 2776 (85)
1108 2742 1212 2767 Primus
1226 2742 1310 2776 codex
1330 2739 1439 2776 ltegius.
1456 2739 1668 2776 πιστευσάντων.

164 2772 272 2801 Davidis
285 2772 345 2802 esse
358 2773 425 2810 falso
436 2773 586 2810 jactitasse.
606 2775 705 2802 Ilorum
724 2775 792 2802 alter
816 2772 841 2802 in
853 2772 942 2802 Judaca

1042 2772 1085 2807 86)
1103 2776 1173 2802 Idem
1192 2795 1199 2806 ,
1222 2775 1237 2810 ἢ
1262 2775 1304 2802 διὰ
1327 2772 1382 2801 105‘
1392 2775 1477 2809 Ἰησοῦ
1507 2772 1775 2810 γεγενημέυηηίιιῐη

163 2810 293 2845 degebat,
315 2809 386 2845 alter,
401 2809 545 2844 Babylone.
580 2811 616 2838 De
640 2810 673 2836 iis
687 2815 771 2845 agunt.
788 2811 832 2845 qui
847 2811 880 2838 dc
893 2809 924 2836 Ju
935 2826 941 2830 -

1042 2820 1062 2836 in
1079 2820 1084 2837 :
1101 2810 1144 2836 ἐπ’
1162 2811 1211 2837 οὐκ
1228 2808 1300 2837 ἓυνει
1313 2830 1320 2842 ,
1343 2810 1388 2835 ἐπὶ
1410 2808 1489 2838 ἔθνει.
1512 2808 1677 2844 Ι¹ιιυίο”ιιοδι
1695 2808 1770 2836 idem.

162 2844 280 2872 deorum
296 2843 433 2879 republica
451 2843 612 2873 tractarere.
646 2843 717 2874 Vide
727 2843 875 2881 prmscrtim
891 2846 939 2874 I’e-

1045 2846 1093 2881 δρα
1108 2845 1200 2880 σατῶς
1218 2845 1387 2873 καταλαϐεῖν.
