1860 3073
100 149 150 178 349

772 151 873 180 LIBER
891 152 1067 187 QUARTUS.

1677 148 1730 186 550

97 210 160 240 τῶν,
177 208 396 245 παρωξύνθησαν
408 211 449 243 είς
460 211 625 247 ζηλοτυπίαν
639 211 684 238 ἐπὶ
699 211 737 247 τῷ
751 213 801 239 οὒκ
816 213 875 240 ἐθνε

956 221 987 241 er
1003 217 1110 248 gentem
1128 212 1302 248 insipientem
1314 236 1322 248 ,
1340 221 1421 249 quam
1434 214 1506 243 Deus
1518 214 1600 250 elegit
1617 223 1666 250 per
1678 217 1728 244 ad-

98 256 135 290 τῷ
151 255 274 291 ἀσυνέτῳ
284 265 292 272 ·
317 258 384 294 ὅπερ
400 259 414 284 ὁ
429 257 495 289 θεὸς
517 257 657 290 ἐξελέξατο
672 258 715 284 διὰ
729 259 777 294 τῆς
793 259 887 294 ἐπιδη-

99 301 164 336 μίας
176 302 298 338 Χριστοῦ
316 303 414 339 Ἰησοῦ,
428 304 476 330 καὶ
497 304 551 330 τῶν
565 303 692 340 μαθητῶν
704 304 798 330 αὑτοῦ.
824 304 888 331 Βλέ-

97 355 184 382 πομεν
195 347 262 382 γοῦν
282 357 292 374 ι
303 348 352 384 τὴν
367 349 463 384 κλῆσιν
484 350 572 385 ἡμῶν,
596 350 637 376 ὅτι
653 350 683 376 οὐ
700 350 790 376 πολλοὶ
811 349 887 384 σοφοὶ

95 391 167 419 κατὰ
186 393 286 428 σάρκα,
302 393 332 419 οὐ
350 394 440 420 πολλοὶ
461 394 578 426 δυνατοὶ,
595 395 625 422 οὐ
646 394 737 421 πολλοὶ
753 395 885 429 εὐγενεῖς,

95 437 165 464 ἀλλὰ
177 437 211 464 τὰ
225 438 304 474 μωρὰ
320 439 367 465 τοῦ
380 439 482 474 κόσμου
497 440 636 473 ἐξελέξατο
645 441 659 466 ὁ
672 440 748 472 θεὸς,
763 441 806 467 ἵνα
820 449 885 467 κατ-

93 483 214 519 αισχύνῃ
223 483 286 516 τοὺς
299 484 407 519 σοφούς.
420 485 474 511 Καὶ
487 486 522 512 τὰ
535 486 619 521 ἀγενῆ
632 486 678 512 καὶ
689 485 885 521 ἐξουθενημένα

92 528 154 564 (87)
179 529 319 562 ἐξελέξατο
335 531 350 556 ὁ
365 530 441 563 Θεὸς,
465 532 512 558 καὶ
526 531 559 557 τὰ
578 531 614 566 μὴ
637 531 711 563 ὄντα,
733 531 774 558 ἵνα
794 532 885 558 ἐκεῖνα

90 573 127 600 τὰ
149 574 281 610 πρότερον
295 574 361 602 ὅντα
377 577 548 612 καταργήσῃ·
571 586 580 602 ι
599 576 646 602 καὶ
665 575 701 612 μὴ
715 577 884 612 καυχήσηται

87 621 104 648 ὁ
116 621 192 648 κατὰ
207 621 295 657 σάρκα
315 621 431 657 Ἰσραὴλ,
443 621 607 657 καλούμενος
623 622 674 648 ὑπὸ
689 621 735 648 τοῦ
755 622 884 648 Ἀποστά-

87 667 139 695 λου
159 668 237 705 σάρξ⁷
251 667 365 695 ἑνώπων
382 668 460 694 Θεοῦ.

125 714 161 741 Τί
179 715 208 741 δὲ
223 714 262 740 δεῖ
275 714 364 748 λέγειν
380 714 444 749 περὶ
460 713 513 740 τῶν
529 714 558 739 ὲν
570 714 695 749 Ψαλμοῖς
709 713 883 750 προφητειῶν

87 761 158 797 περὶ
175 759 303 796 Χριστοῦ,
321 759 392 795 ᾠδῆς
405 768 476 791 τινος
491 759 735 796 ἐπιγεγραμμένης
743 759 819 793 ὑπὲρ
828 759 881 786 τοῦ

86 805 257 841 ἀγαπητοῦ,
266 802 296 832 οὗ
308 815 317 831 ι
328 807 344 841 ἡ
355 805 464 840 γλῶσσα
474 804 581 839 λέγεται
590 803 659 832 εἶναι
668 805 789 841 κάλαμος
797 814 883 842 γραμ-

89 851 201 885 ματέως
217 850 384 885 ὀξυγράφου·
406 849 506 884 ὡραῖος
527 849 620 876 κάλλει
637 850 713 886 παρὰ
729 851 791 882 τοὺς
807 851 882 882 υἱοὺς

85 896 145 923 τῶν
166 895 327 932 ἀνθρώπων,
344 896 404 922 ἐπεὶ
418 896 531 931 ἐξεχύθη
552 895 632 931 χάρις
651 897 680 922 ὲν
703 895 818 931 χείλεσιν
830 896 880 922 αὕη

87 941 147 968 τοῦ.
165 951 175 967 ι
194 941 349 976 Τεκμήριον
365 941 419 977 γὰρ
441 942 490 976 τῆς
512 941 672 976 ἐκχυθείσης
690 941 745 977 (88)
770 942 881 976 χάριτος

86 989 118 1013 ὲν
141 986 259 1022 χείλεσιν
285 986 379 1018 αὑτοῦ,
400 987 442 1019 τὺ,
469 986 559 1020 ὀλίγου
582 986 808 1021 διαγεγενημένου
833 987 880 1013 τοῦ

86 1033 186 1068 χρόνου
201 1032 250 1066 τῆς
266 1031 439 1063 διδασκαλίας
455 1032 548 1063 αὐτοῦ,
565 1032 686 1059 ἐνιαυτὸν
700 1033 754 1068 γάρ
767 1041 816 1059 που
833 1033 880 1059 καὶ

87 1077 179 1112 μῆνας
191 1076 298 1110 ὀλίγους
309 1076 428 1109 ἐδίδαξεν
442 1076 509 1111 (89),
524 1077 718 1112 πεπληρῶσθαι
729 1078 778 1113 τὴν
792 1079 881 1104 οίκου-

87 1122 174 1157 μένην
186 1122 236 1156 τῆς
251 1120 425 1154 διδασκαλίας
436 1122 518 1149 αὑτοῦ
532 1123 579 1149 καὶ
591 1124 640 1158 τῆς
647 1123 679 1149 δι’
693 1123 774 1150 αὐτοῦ
790 1123 879 1150 θεοσε-

84 1166 177 1198 6είας·
187 1167 352 1194 άνατέταλκε
364 1167 418 1204 γὰρ
433 1177 442 1193 ι
455 1168 483 1194 ὲν
491 1169 551 1200 ταῖς
560 1169 678 1204 ἡμέραις
686 1169 768 1196 αὑτοῦ
779 1169 880 1196 δικαιο-

86 1212 154 1247 σύνη
162 1214 210 1239 καὶ
219 1213 320 1249 πλῆθος
333 1214 445 1249 είρήνης
465 1223 474 1239 ›
491 1214 645 1250 παραμένον
655 1214 707 1246 ἕως
716 1214 877 1246 συντελείας,

83 1258 98 1284 ὃ
111 1259 303 1294 ἁνταναίρεσις
317 1259 471 1294 ὠνόμασται
479 1260 603 1296 σελήνης,
619 1269 628 1285 t
643 1261 688 1287 καὶ
700 1261 775 1296 μένει
793 1269 878 1287 κατα-

83 1303 215 1339 κυριεῦον
230 1304 286 1330 ἀπὸ
299 1304 437 1339 θαλάσσης
461 1304 513 1337 ἓως
533 1305 680 1340 θαλάσσης,
699 1306 746 1332 καὶ
761 1306 815 1332 ἀπὸ
831 1315 878 1332 πο-

83 1349 180 1385 ταμῶν
201 1349 255 1382 ἓως
276 1350 401 1385 περάτων
417 1350 466 1385 τῆς
483 1350 658 1385 οἰκουμένης.
679 1360 688 1376 i
706 1351 760 1377 Καὶ
776 1350 878 1377 δέδοται

84 1395 202 1430 σημεῖον
216 1393 256 1429 τῷ
271 1394 339 1429 οἴκῳ
354 1395 445 1421 Δαυίδσ
461 1396 478 1430 ή
496 1394 630 1430 παρθένος
653 1394 707 1429 γὰρ
729 1394 815 1427 ἔτεκε,
831 1396 878 1421 καὶ

83 1440 114 1466 ἐν
130 1440 232 1475 γαστρὶ
245 1440 321 1474 ἔσχε,
338 1441 384 1467 καὶ
401 1440 493 1467 ἔτεκεν
506 1441 572 1471 υῑὺν,
587 1440 634 1467 καὶ
649 1439 678 1466 τὸ
695 1440 780 1476 ὄνομα
795 1441 876 1468 αὑτοῦ

88 1485 276 1520 Ἐμμανουὴλ,
290 1485 358 1521 ὅπερ
370 1486 427 1512 ἐστὶ
439 1486 506 1512 Μεθ’
520 1486 598 1521 ἡμῶν
611 1486 625 1511 ὁ
640 1485 714 1517 Θεός.
727 1485 818 1521 Πεπλή
824 1494 876 1521 ρω-

81 1541 140 1564 ται,
149 1532 189 1563 ὡς
198 1533 213 1557 ὁ
227 1531 307 1563 αὐτὸς
323 1532 465 1567 προφήτης
482 1531 558 1567 φησί’
571 1541 580 1555 ε
591 1531 660 1558 Μεθ’
669 1530 752 1564 ἡμῶν·
765 1533 780 1558 o'
790 1531 873 1564 Θεός·
889 1550 909 1579 C

81 1577 184 1610 γνῶτε,
196 1577 270 1612 ἔθνη,
289 1576 470 1612 καὶήττᾶσθε,
491 1576 629 1611 ἱσχυκότες
644 1576 772 1611 ἡττᾶσθε.
789 1585 798 1601 t
816 1576 875 1602 Ἤτ-

80 1621 194 1658 τήμεθα
210 1622 264 1657 γὰρ
280 1623 327 1648 καὶ
343 1621 508 1657 νενικήμεθα
519 1621 543 1647 οἱ
562 1621 616 1648 ἀπὸ
629 1620 682 1647 τῶν
693 1621 777 1647 ἐθνῶν
790 1621 874 1648 ἑαλω-

81 1668 165 1699 κότες
181 1667 233 1694 ὑπὸ
248 1667 298 1701 τῆς
318 1667 427 1702 χάριτος
445 1666 490 1693 τοῦ
511 1667 590 1700 λόγου
610 1666 702 1693 αὑτοῦ.
727 1666 807 1693 Ἀλλὰ
826 1667 873 1693 καὶ

81 1711 247 1747 προείρηται
259 1711 339 1742 τύπος
349 1711 480 1745 γενέσεως
490 1710 570 1736 αὐτοῦ
580 1711 609 1736 ὲν
620 1711 657 1744 τῷ
665 1710 780 1746 Μιχαίᾳ.
793 1720 801 1736 ι
818 1711 872 1738 Καὶ

81 1758 118 1784 σὺ
134 1757 200 1792 γὰρ,
218 1757 296 1792 φησι,
308 1756 432 1791 Βηθλεὲμ
444 1756 481 1791 γῆ
498 1755 593 1787 Ἰούδα,
606 1755 732 1791 οὐδαμῶς
745 1756 873 1792 ἐλαχίστη

79 1800 111 1830 σῖ
126 1804 157 1829 ὲν
176 1804 232 1833 τοῖς
248 1801 379 1837 ἡγεμόσιν
402 1801 495 1827 Ἰούδα·
515 1802 547 1827 ὲκ
564 1801 611 1827 σοῦ
627 1801 682 1835 γὰρ
704 1802 872 1834 ἐξελεύσεται

79 1848 237 1884 ἡγούμενος
252 1848 326 1878 ὅστις
340 1848 467 1881 ποιμανεῖ
477 1845 522 1872 τὸν
536 1846 598 1872 λαόν
609 1854 657 1880 μου
665 1846 711 1872 τὸν
727 1847 842 1882 Ἰσραήλ.
861 1856 870 1872 ι

80 1894 142 1922 Καὶ
161 1893 344 1928 ἑϐδομήκοντα
366 1891 511 1927 ἑϐδομάδες
530 1890 727 1926 ἐπληρώθησαν
742 1891 793 1922 ἕως
807 1892 873 1928 Χρι-

939 261 1049 284 ventum
1064 257 1127 285 Jesu
1142 257 1256 291 Christi,
1273 263 1301 286 et
1326 259 1473 294 discipulos
1490 260 1557 296 ejus.
1592 260 1638 288 Sic
1653 261 1727 289 enim

939 301 1174 337 dicitApostolus:
1195 301 1312 330 tVidete
1321 303 1394 330 enim
1412 305 1581 332 vocationem
1596 309 1726 338 vestram,

938 348 1060 381 fratres,
1094 348 1222 383 quoniam
1247 356 1299 376 non
1324 349 1402 376 multi
1427 350 1563 385 sapientes
1580 350 1651 378 inter
1677 358 1727 378 vos

937 394 1087 420 secundum
1105 401 1216 421 carnem
1233 393 1330 429 ιω,
1345 402 1399 421 non
1417 395 1493 423 multi
1510 401 1651 431 potentes,
1671 404 1725 424 non

937 438 1012 464 multi
1033 437 1158 470 nobiles,
1187 438 1234 464 sed
1250 445 1311 472 quae
1333 438 1416 466 stulta
1442 440 1536 467 mundi
1560 445 1623 468 sunt
1643 440 1725 476 elegit

937 483 1016 516 Deus,
1037 488 1064 511 et
1078 491 1110 511 ea
1127 491 1188 518 quae
1205 491 1258 510 non
1273 488 1338 511 sunt
1352 504 1360 518 ,
1378 490 1408 511 ut
1429 492 1460 512 ea
1473 492 1533 519 qua
1547 490 1625 513 erant
1638 487 1723 521 prius,

935 529 1130 557 destrueret".
1144 538 1153 554 ι
1175 528 1234 556 Νοη
1250 536 1315 563 ergo
1339 529 1471 564 glorietur
1489 530 1608 558 carnalis
1621 531 1722 558 Israel:

936 576 972 603 ita
992 583 1108 611 namque
1127 577 1161 604 ab
1176 574 1306 611 Apostolo
1323 580 1437 602 vocatur
1451 584 1458 608 ;
1478 583 1488 601 ι
1501 582 1555 603 non
1566 594 1574 608 .
1602 576 1722 611 inquam.

934 622 1065 657 glorietur
1084 629 1150 650 caro
1168 622 1195 650 in
1210 627 1356 657 conspectu
1373 621 1419 650 Dei
1430 621 1465 649 ⁷⁸.
1481 631 1491 647 ι

969 710 996 738 5.
1012 710 1064 738 Sed
1076 715 1104 738 et
1117 711 1151 739 de
1165 711 1209 739 his
1223 719 1284 746 quae
1297 711 1323 738 in
1346 711 1462 739 Psalmis
1478 711 1678 747 prophetantur
1690 713 1724 740 de

933 755 1042 784 Christo
1053 755 1121 791 (90),
1139 757 1203 792 quid
1217 757 1361 784 dicendum
1376 761 1427 789 est,
1447 758 1472 784 in
1486 765 1519 785 eo
1535 757 1653 784 maxime
1676 757 1722 792 qui

933 802 1147 836 superscribitur
1166 802 1305 829 Canticum
1335 811 1383 837 pro
1402 803 1516 836 dilecto,
1541 803 1587 831 ubi
1605 803 1723 831 refertur

931 847 993 880 quia
1013 855 1024 871 I
1038 846 1128 881 lingua
1145 847 1204 882 ejus
1229 846 1351 874 calamus
1379 847 1475 874 scriba:
1495 847 1626 875 velociter
1649 848 1722 875 scri-

898 881 917 908 Β
932 891 1041 924 beatis;
1063 892 1178 919 decorus
1191 892 1280 926 specie
1297 899 1380 926 super
1404 892 1473 919 ﬁlios
1488 893 1635 924 hominum.
1653 901 1723 927 quo-

932 936 1003 964 niam
1023 937 1108 964 eﬂ’usa
1120 941 1161 965 est
1178 937 1265 972 gratia
1287 938 1313 964 in
1328 938 1407 965 labiis
1422 939 1482 971 ejus
1495 939 1542 966 7'?
1557 948 1566 965 ι
1589 939 1720 966 Indicium

931 987 1021 1010 autem
1036 983 1130 1011 eﬂ'usa:
1152 984 1247 1018 gratiae
1270 983 1297 1010 in
1320 983 1397 1011 labiis
1420 984 1479 1018 ejus
1499 985 1550 1012 hoc
1566 989 1608 1011 est
1621 1004 1628 1017 ,
1648 985 1720 1019 quod

930 1031 1006 1058 brevi
1036 1036 1158 1066 tempore
1187 1035 1324 1058 transacto
1353 1031 1436 1066 (anno
1461 1031 1533 1059 enim
1561 1037 1589 1059 et
1617 1031 1721 1066 aliquot

931 1079 1069 1105 mensibus
1087 1077 1208 1112 docuit),
1231 1077 1374 1105 universus
1397 1081 1485 1104 tamen
1505 1076 1580 1104 orbis
1596 1077 1718 1104 doctrina

930 1127 957 1149 et
970 1121 1021 1149 title
1036 1122 1147 1156 pietatis
1163 1122 1222 1156 ejus
1236 1122 1363 1156 impletus
1380 1125 1432 1148 est.
1453 1121 1517 1149 Orta
1527 1125 1569 1148 est
1584 1128 1651 1156 ergo
1669 1130 1679 1147 ι
1692 1122 1718 1148 in

930 1167 1024 1196 diebus
1041 1168 1098 1200 ejus
1114 1168 1237 1202 justitia,
1258 1172 1286 1195 ct
1313 1167 1458 1194 multitudo
1483 1167 1583 1201 pacis»
1610 1175 1718 1202 perma-

930 1221 997 1240 nens
1013 1221 1096 1248 usque
1110 1213 1144 1240 ad
1164 1214 1244 1241 linem
1256 1234 1264 1246 ,
1281 1213 1327 1248 qui
1343 1213 1406 1241 linis
1425 1213 1526 1241 ablatio
1543 1214 1613 1241 lunae
1627 1213 1719 1248 appel-

930 1258 1000 1286 latus
1016 1264 1077 1292 est;
1096 1268 1106 1284 ι
1122 1263 1149 1286 et
1166 1259 1352 1286 dominabitur
1366 1266 1380 1285 a
1395 1259 1462 1286 mari
1478 1266 1563 1293 usque
1578 1258 1611 1285 ad
1631 1266 1718 1291 mare,

929 1308 956 1330 et
970 1311 984 1330 a
998 1303 1109 1330 ﬂumine
1122 1310 1209 1338 usque
1226 1303 1259 1330 ad
1277 1303 1344 1330 lines
1367 1306 1447 1330 terra:
1476 1302 1509 1330 '°.
1527 1312 1536 1328 ι
1559 1303 1656 1330 Datum
1676 1308 1718 1330 est

928 1354 1017 1375 autem
1032 1353 1059 1375 et
1074 1349 1181 1382 signum
1208 1348 1300 1375 domui
1324 1348 1409 1375 David
1421 1348 1454 1376 Μ.
1492 1348 1573 1383 νίς-εο
1591 1349 1662 1375 enim
1691 1349 1717 1375 in

928 1397 1004 1419 utero
1020 1392 1154 1426 concepit,
1164 1396 1190 1418 et
1201 1392 1304 1426 peperit
1313 1391 1481 1424 Emmanuel,
1493 1392 1564 1426 quod
1579 1397 1621 1419 est
1633 1392 1717 1418 inter-

927 1440 1063 1470 pretatum
1077 1435 1222 1463 Nobiscum
1234 1436 1313 1464 Deus.
1333 1446 1342 1462 ι
1363 1436 1478 1469 Scitote,
1495 1442 1599 1472 gentes,
1613 1441 1641 1465 et
1655 1438 1715 1464 vin-

927 1482 1062 1509 cimini".
1078 1491 1087 1508 ι
1120 1481 1190 1509 Victi
1206 1482 1277 1510 enim
1292 1490 1387 1510 sumus
1403 1503 1411 1515 ,
1433 1487 1460 1510 et
1471 1483 1591 1518 superati
1608 1484 1655 1518 qui
1682 1491 1716 1510 ex

927 1527 1052 1561 gentibus
1072 1534 1183 1559 sumus,
1194 1531 1222 1553 et
1240 1527 1315 1555 velut
1326 1527 1430 1555 exuviae
1456 1528 1578 1562 quaedam
1593 1528 1716 1555 victoria!

927 1574 986 1606 ejus
999 1573 1156 1600 exsistimus
1172 1593 1180 1606 ,
1196 1573 1242 1608 qui
1262 1573 1320 1607 ejus
1335 1574 1432 1607 gratim
1455 1574 1522 1600 colla
1541 1578 1633 1600 nostra
1649 1575 1716 1601 sub-

923 1618 1050 1652 iecimus.
1087 1618 1140 1646 Sed
1169 1623 1197 1646 et
1214 1618 1290 1646 locus
1319 1619 1470 1646 nativitatis
1498 1619 1557 1654 ejus
1572 1618 1716 1654 praedictus

926 1667 967 1691 est
983 1663 1010 1690 in
1028 1663 1139 1691 Michaza
1156 1665 1287 1699 propheta
1301 1664 1408 1692 dicente
1422 1674 1428 1691 :
1445 1674 1454 1690 ι
1466 1665 1500 1692 Et
1511 1669 1549 1697 tu,
1564 1664 1714 1697 Bethleem,

927 1713 998 1736 terra
1012 1708 1149 1745 (9i)'Juda
1165 1729 1173 1742 ,
1193 1716 1364 1744 nequaquam
1384 1709 1481 1744 exigua
1499 1717 1529 1736 es
1556 1710 1582 1736 in
1600 1709 1715 1737 ducibus

921 1753 1011 1788 «Iuda;
1045 1762 1077 1782 ex
1101 1759 1128 1781 te
1149 1756 1221 1781 enim
1243 1754 1318 1782 exiet
1341 1754 1394 1781 dux
1419 1755 1464 1788 qui
1488 1759 1564 1789 regat
1585 1755 1714 1789 populum

922 1807 1011 1826 meum
1027 1799 1148 1827 lsrael“.
1161 1809 1171 1826 ι
1184 1799 1237 1827 Sed
1251 1804 1277 1826 et
1293 1799 1452 1832 septimanae
1473 1807 1607 1826 annorum
1616 1799 1643 1815 ⁸⁵
1662 1799 1714 1826 im-

923 1846 999 1880 pletm
1014 1849 1076 1872 sunt
1100 1852 1187 1880 usque
1212 1845 1244 1871 ad
1271 1845 1367 1872 ducem
1382 1845 1522 1873 Christum
1549 1852 1617 1878 quas
1640 1853 1711 1880 prte-

923 1891 1128 1919 dixeratDaniel
1143 1892 1284 1926 propheta.
1304 1891 1381 1926 161
1397 1891 1481 1918 Adest
1492 1890 1670 1918 nihilominus
1684 1892 1712 1918 et

703 1949 986 1977 INTERPRETATIO
1005 1950 1109 1979 NOVA.

102 1999 215 2033 opulus.
229 2003 256 2025 et
269 1997 296 2024 in
317 2000 396 2033 gente
408 1997 491 2033 stulta
505 1996 710 2033 irritabo_illos.
728 2006 737 2023 ι
757 1998 847 2032 Atque
875 2003 968 2032 aperte
984 1998 1095 2025 omnino
1109 1998 1261 2033 perspicere
1288 1998 1352 2026 licet
1367 2005 1422 2032 quo
1437 2001 1516 2030 pacto
1534 1997 1638 2033 Hebraei
1665 1999 1711 2032 qui

102 2006 215 2033 opulus,
229 2006 256 2025 et
269 2006 296 2024 in
317 2006 396 2031 gente
408 2006 491 2024 Stulta
506 2006 622 2024 ll'l‘llaDO
639 2006 710 2025 unos.
728 2006 737 2023 ι
757 2006 847 2032 mque
875 2006 968 2032 aperte
984 2006 1095 2025 omnino
1109 2006 1261 2033 perspicere
1288 2006 1352 2026 ncet
1367 2006 1422 2032 quo
1437 2006 1516 2030 pacto
1534 2006 1638 2024 nenrait
1665 2006 1711 2032 qlll

81 2006 172 2059 ﬁcum
193 2033 321 2068 dicuntur
338 2032 364 2058 in
377 2039 409 2068 eo
424 2032 468 2066 qui
485 2039 537 2058 non
548 2037 611 2068 erat
624 2031 694 2059 Deus
708 2052 715 2063 ,
734 2033 767 2059 ad
791 2033 992 2068 aemulationem
1011 2040 1173 2067 provocasse
1190 2053 1197 2063 .
1214 2039 1242 2060 et
1253 2034 1340 2068 ipsum
1354 2033 1479 2060 irritasse
1495 2033 1534 2068 in,
1547 2032 1628 2059 idolis
1643 2034 1711 2065 suis,

82 2067 195 2094 incitati
211 2068 266 2103 sint
279 2067 312 2103 ad
327 2067 530 2103 aemulationem
543 2067 576 2103 in
590 2074 642 2093 non
659 2071 740 2101 gente
755 2072 781 2103 et
797 2067 823 2093 iu
840 2073 920 2102 gente
932 2067 1013 2094 stulta
1029 2075 1109 2102 quam
1123 2068 1286 2103 elegitDeus
1299 2075 1347 2102 per
1362 2069 1508 2094 adventum
1516 2067 1583 2103 Jesu
1599 2067 1711 2098 Christi,

81 2107 111 2129 et
125 2101 274 2135 discipulos
286 2100 353 2134 ejus.
383 2101 524 2137 Videmus
542 2100 851 2137 igitursvoeatiouem'
870 2107 989 2129 nostram
1015 2100 1076 2136 quia
1095 2110 1147 2129 non
1164 2100 1241 2129 inulti
1259 2100 1397 2137 sapientes
1420 2102 1568 2128 secundum
1588 2109 1711 2133 carnem,

83 2144 139 2163 non
157 2137 234 2163 multi
249 2141 384 2171 potentes,
399 2143 452 2162 non
472 2136 548 2162 inulti
566 2135 681 2168 nobiles,
699 2138 745 2163 sed
760 2136 842 2163 stulta
856 2137 948 2163 mundi
980 2135 1062 2170 elcjgit
1077 2137 1148 2164 Deus
1161 2142 1190 2164 ut
1205 2135 1354 2163 confundat
1368 2137 1521 2171 sapientes;
1538 2141 1565 2163 et
1584 2136 1711 2171 ignobilia

82 2176 112 2198 et
125 2170 340 2206 contemptibiiia
357 2170 438 2206 elegit
451 2170 522 2197 Deus
539 2174 567 2197 et
580 2178 610 2197 ca
625 2178 684 2206 qua:
699 2179 750 2197 non
763 2176 837 2204 sunt,
864 2176 893 2197 ut
917 2179 948 2197 ea
965 2179 1025 2206 qua:
1048 2176 1128 2199 erant
1145 2171 1219 2205 prius
1235 2191 1243 2204 ,
1264 2170 1434 2204 destrueret;
1450 2179 1460 2196 ι
1486 2175 1513 2197 et
1531 2179 1564 2198 ne
1581 2172 1712 2206 glorietur

82 2213 180 2233 coram
197 2206 252 2241 Deo
267 2205 315 2239 qui
326 2205 474 2232 secundum
489 2212 599 2241 carnem
613 2210 652 2232 est
667 2205 761 2238 Israel,
779 2206 812 2232 ab
823 2205 954 2240 Apostolo
975 2205 1044 2233 caro
1059 2206 1218 2241 appellatus.

120 2241 149 2267 5.
171 2239 241 2272 Quid
260 2244 348 2267 autem
365 2247 433 2275 opus
446 2244 489 2267 est
516 2241 549 2267 de
566 2240 599 2266 iis
613 2240 703 2267 dicere
720 2247 780 2274 qua:
796 2241 828 2266 de
845 2240 953 2267 Christo
972 2239 1158 2275 prmeiniiiitur
1172 2241 1199 2268 iu
1213 2241 1328 2268 Psalmis
1344 2240 1389 2268 ubi
1405 2240 1542 2267 canticum
1555 2239 1713 2267 inscribitur

87 2285 96 2300 ι
111 2283 163 2309 pro
176 2275 290 2310 dilecto,
312 2284 321 2300 ι
336 2274 414 2306 cujus
429 2274 597 2310 linguaﬁesse
612 2275 731 2301 dicitur:
747 2274 866 2310 calamus
883 2274 980 2302 sci-ila:
999 2276 1128 2302 veloriler
1154 2275 1316 2307 scribentis;
1335 2276 1391 2310 ipse
1406 2276 1544 2309 speciosus
1560 2275 1644 2301 forma
1657 2282 1712 2310 pne

85 2311 151 2337 filiis
174 2309 325 2340 hominum,
339 2310 468 2343 quoniam
485 2309 582 2336 tlillusa
602 2315 645 2336 est
660 2309 748 2343 gratia
767 2309 793 2335 in
816 2309 894 2336 labiis
909 2319 918 2335 i
938 2311 1006 2343 ejus.
1044 2310 1174 2337 Indicium
1188 2311 1259 2337 cnim
1277 2309 1380 2337 nurum
1393 2310 1486 2344 gratia:
1502 2311 1528 2336 in
1546 2310 1624 2336 labiis
1640 2309 1710 2342 ejus,

85 2345 140 2373 hoc
153 2348 194 2372 est
207 2345 291 2378 quod,
305 2344 368 2371 licet
389 2351 475 2378 pauco
491 2348 612 2377 tempore
626 2344 750 2371 docuerit
768 2343 878 2378 (annum
902 2345 974 2371 enim
1001 2348 1028 2372 et
1046 2353 1153 2372 menses
1176 2345 1278 2379 aliquot
1296 2343 1420 2380 doeuit)’,
1452 2346 1595 2372 universus
1620 2349 1710 2370 tamen

119 2404 145 2440 Ἰ
163 2404 173 2431 l
188 2404 252 2432 Cor.
267 2412 286 2440 i,
300 2403 346 2440 26.
366 2437 380 2440 _
394 2404 415 2419 ⁷⁸
428 2403 493 2430 Ibid.
505 2403 551 2431 29.
604 2404 626 2420 ⁷⁹
638 2403 736 2432 Psalm.
749 2411 820 2436 xuv,
834 2404 861 2431 5.
899 2405 921 2420 ⁸⁸
943 2405 1014 2433 Psal.
1033 2413 1106 2440 tam,
1125 2406 1152 2438 7,
1170 2407 1196 2433 8.
1234 2406 1255 2421 ⁸¹
1274 2405 1336 2433 lsai.
1355 2413 1400 2438 vn,
1414 2405 1456 2432 Μ.
1495 2405 1518 2420 λ’
1533 2404 1593 2432 lsai.
1609 2411 1667 2436 vni,
1683 2403 1709 2430 9.

82 2439 109 2457 υ
120 2439 204 2467 Mich.
222 2447 252 2471 ν,
263 2439 290 2465 2.
328 2439 352 2454 "
365 2437 432 2466 Dan.
447 2447 484 2465 Ix.

114 2497 179 2533 (εἴ)
196 2496 279 2533 Idem,
301 2496 394 2523 καὶτὰ
405 2496 506 2531 ἀσθενῆ
525 2497 570 2523 καὶ
586 2497 790 2533 ὲξουδενημένα.

119 2532 180 2586 [(88)
211 2531 249 2558 Ita
282 2537 398 2566 quatuor
427 2539 492 2558 mss.
534 2533 623 2559 Editiu
649 2531 767 2565 Turini,
793 2534 876 2570 ὲργυ-

84 2568 190 2669 ea???
202 2599 357 2640 Ἕνιαυτὸγ
369 2600 425 2634 γάρ
440 2608 497 2628 που
514 2601 562 2627 καί
570 2601 668 2636 μῆνας
683 2603 804 2637 ὀλίγους
817 2604 873 2630 €61-

84 2637 122 2663 δα
143 2635 316 2664 erJrenaeus
330 2635 376 2661 ltb.
394 2643 413 2666 ι,
429 2643 488 2669 cap.
500 2636 529 2667 5,
544 2645 618 2663 num.
635 2637 662 2669 5,
684 2639 766 2665 tradit
781 2639 873 2666 Valeti-

83 2635 316 2669 BaEerJrenaeus
330 2635 376 2661 lib.
394 2643 413 2666 ι,
429 2643 488 2670 cap.
500 2636 529 2667 5,
544 2635 618 2663 num.
635 2637 662 2669 5,
684 2635 766 2665 tradit
781 2635 876 2666 Valeti-

85 2672 207 2699 tinianos
225 2670 252 2697 in
271 2670 323 2697 hoc
344 2677 436 2697 errore
462 2675 581 2697 versatos
599 2671 682 2699 fuisse
701 2692 709 2702 .
741 2678 769 2700 ut
783 2673 874 2700 .lesum

85 2714 140 2733 uno
156 2709 262 2732 tantum
277 2712 349 2731 anno
369 2710 430 2739 post
446 2705 576 2738 baptisma
595 2708 759 2739 prmdicase
781 2709 876 2735 eretlc-

85 2746 156 2768 rent.
176 2740 204 2767 in
223 2740 360 2772 eumdem,
375 2740 646 2775 prieterVOrigenem,
662 2742 798 2775 impegere
813 2743 874 2769 (lle-

84 2783 162 2802 tnens
176 2774 380 2810 Alexandrinus
397 2774 461 2810 lil)._l
476 2774 616 2809 Sirenum,
633 2774 704 2810 pag.
715 2774 784 2810 5:50;
808 2778 872 2804 Ter—

84 2810 215 2845 tullianus
228 2809 273 2835 lib.
291 2812 429 2845 adversus
441 2808 549 2845 Iudicas
563 2829 571 2841 ,
588 2808 660 2845 cap.
671 2808 720 2838 "18.
753 2808 810 2839 Uiia
832 2816 873 2839 est

83 2843 200 2872 istorum
223 2844 345 2870 omnium
365 2844 510 2875 sententia,
527 2843 666 2872 Christum
681 2854 751 2874 anno
767 2847 801 2874 15
822 2848 873 2874 ἰηι-

82 2880 152 2915 perii
165 2879 279 2913 Tiberii,
293 2886 348 2914 quo
367 2879 534 2914 baptizatum
553 2878 636 2908 fuisse
655 2882 750 2910 scribit
771 2882 871 2915 Lucas,

929 2506 1036 2532 passum
1051 2507 1112 2527 esse
1126 2521 1134 2533 ,
1162 2507 1233 2527 anno
1253 2500 1355 2527 scilicet
1372 2498 1461 2526 aetatis
1472 2498 1506 2524 50
1523 2519 1530 2531 ,
1551 2504 1582 2524 ac
1598 2497 1712 2531 proinde

930 2542 1000 2560 anno
1019 2543 1071 2561 uno
1087 2535 1216 2562 duntaxat
1230 2539 1290 2568 post
1309 2534 1472 2568 baptismum
1483 2540 1510 2559 et
1523 2537 1585 2568 ante
1598 2536 1711 2559 morletn

929 2576 1005 2595 suam
1023 2569 1144 2604 publicas
1156 2567 1344 2604 apndriudaeos
1356 2568 1483 2604 habuisse
1493 2567 1648 2604 conciones.

964 2601 1030 2640 (90)
1042 2604 1079 2630 De
1099 2601 1212 2640 Christo.
1225 2604 1297 2640 llaec
1318 2603 1415 2630 desunt
1441 2603 1472 2640 in
1483 2602 1562 2629 editis
1575 2621 1582 2633 ,
1601 2601 1712 2640 scd_ha-

930 2636 1027 2665 bentur
1040 2640 1066 2666 in
1088 2647 1153 2666 mss.
1168 2638 1251 2665 Paulo
1262 2641 1322 2672 post
1337 2645 1415 2672 mss.,
1436 2645 1446 2662 ι
1457 2636 1572 2663 decorus
1584 2636 1681 2670 specie.
1691 2645 1708 2672 νο

929 2673 956 2699 In
970 2674 1050 2700 editis
1078 2675 1152 2700 deest
1165 2695 1172 2705 ,
1201 2682 1210 2698 ι
1224 2671 1323 2708 specie.
1338 2681 1348 2708 i
1375 2671 1445 2698 Infra
1465 2678 1583 2708 _mss.._t
1600 2675 1628 2697 et
1641 2671 1711 2697 mul—

930 2709 1015 2734 titudo
1027 2709 1111 2743 pacis.
1130 2717 1139 2733 ι
1162 2705 1244 2740 Editi,
1259 2717 1268 2733 ι
1282 2712 1310 2734 et
1324 2706 1490 2734 abundantia
1506 2705 1590 2739 pacis.
1605 2714 1615 2730 ι

962 2742 1084 2777 (θιγδίο
1107 2750 1174 2770 mss.
1189 2743 1216 2769 lu
1233 2742 1314 2769 editis
1339 2743 1436 2777 deestt
1458 2749 1467 2766 ι
1479 2746 1561 2772 terra,
1578 2749 1599 2777 ιΔ
1617 2744 1645 2766 et
1658 2747 1710 2777 pro

928 2787 936 2803 I
954 2775 1048 2812 exigua
1061 2788 1069 2803 ι
1087 2777 1194 2811 lcgitur.
1212 2786 1221 2801 ι
1236 2777 1358 2803 minima.
1373 2785 1382 2802 ι
1396 2776 1466 2803 Infra
1481 2783 1557 2807 ωδε..
1574 2775 1710 2812 iinveuiet

925 2810 1123 2846 quod’etquaei
1139 2812 1197 2838 aUsi
1221 2816 1284 2838 sunt
1311 2812 1420 2845 aggredi
1437 2831 1443 2840 .
1471 2818 1550 2844 supra
1574 2810 1708 2846 hominem

925 2845 996 2873 sunt.
1011 2855 1020 2872 ι
1042 2845 1126 2873 Paulo
1141 2850 1202 2880 post
1215 2853 1291 2877 tuss.,
1311 2855 1320 2871 ι
1338 2847 1427 2872 divina
1443 2848 1558 2880 quadam
1585 2853 1644 2879 qua:
1667 2845 1708 2871 eis

923 2883 1026 2910 aderat.
1045 2890 1056 2908 ι
1076 2881 1158 2915 Editi,
1175 2890 1184 2907 ι
1202 2880 1292 2909 divina
1307 2880 1413 2915 quidem
1428 2887 1488 2915 qua:
1511 2880 1550 2907 eis
1572 2882 1676 2908 aderat.
1695 2887 1706 2905 ι
