1860 3073
135 142 185 171 551

137 255 196 282 rus,
212 249 256 283 qui
272 254 299 276 et
313 248 386 276 dedit
410 252 572 284 potestatem
597 249 775 276 familiaribus
788 248 925 282 discipulis

138 295 196 323 suis
204 295 312 322 calcare
321 302 404 330 super
418 300 558 330 serpentes
582 301 608 323 et
625 295 792 330 scorpiones,
807 299 832 322 et
844 303 924 328 supra

138 348 245 368 omnem
258 341 586 375 virtutem‘inimici,nihil
595 342 628 369 ab
638 349 669 369 eo
683 341 811 368 nocendis
821 341 854 367 ³⁵.
872 339 925 367 Sed

138 387 200 414 etsi
225 386 287 421 quis
301 386 458 414 consideret
471 387 655 421 apostolorum
675 387 776 415 Christi
797 394 846 422 per
871 386 925 413 sin-

138 432 197 467 gula
215 432 274 459 loca
291 431 431 459 discursus
444 452 452 464 ,
476 433 502 459 in
523 433 622 467 quibus
638 434 672 460 ab
699 441 730 460 eo
746 433 822 460 missi
841 432 927 458 Evan-

137 477 237 511 gelimn
261 477 446 512 przcdicarunt
461 497 468 510 ,
500 477 620 504 inveniet
645 477 717 512 quod
743 483 772 504 et
785 485 844 511 qua:
868 477 926 503 ausi

138 527 201 550 sunt
214 523 337 557 aggredi,
353 530 434 558 supra
453 523 590 550 hominem
606 529 680 554 sunt,
696 527 723 550 et
734 524 805 557 quod
818 522 928 557 explere

139 572 285 602 potuerunt
299 589 308 601 ,
325 575 357 595 ex
375 569 428 595 Deo
443 573 495 595 est.
521 569 552 596 Si
571 569 776 596 considerenms
792 569 928 603 Quomodo

138 614 263 640 homines
281 621 376 640 novant
394 613 545 640 doctrinam
563 614 596 641 ab
609 613 649 641 eis
663 614 805 641 audientes
822 613 926 645 inferri,

140 660 278 694 suscipere
293 667 339 688 eos
356 663 520 693 potuerunt,
538 659 578 686 vel
604 660 692 694 potius
715 660 786 694 quod
805 666 875 693 Stcpe
888 660 928 687 eis

140 705 262 732 volentes
276 704 376 732 inferre
400 705 545 739 perniciem
563 705 653 731 divina
667 705 786 739 quadam
815 712 875 738 qme
889 704 928 731 eis

140 751 234 777 aderat
253 750 352 777 virtute
370 751 487 784 repressi
503 754 577 781 sunt,
610 750 782 778 inveniemus
810 750 878 776 nihil
901 750 929 776 in

140 796 191 822 liae
203 803 284 823 causa
301 796 427 823 humanis
440 796 553 828 viribus,
568 797 615 823 sed
627 801 711 823 totum
724 795 814 822 divina
828 795 929 822 virtute

140 849 172 868 ac
202 841 372 875 providentia
406 846 604 875 procuratum,
633 840 806 867 evidentibus
834 839 928 875 procul

753 141 915 169 ORIGENIS
933 142 1012 169 ΠΕΡΙ
1033 141 1149 168 ΑΡΧΩΝ

137 203 162 230 is
172 203 218 238 qui
228 203 254 230 in
264 202 314 230 Job
322 202 409 230 dictus
420 206 461 230 est
470 202 587 231 belluam
601 203 736 238 ingentem
747 207 924 237 consumptu-
938 205 960 232 Α

1711 137 1762 166 552

977 201 1037 228 στοῦ
1056 200 1205 237 ἡγουμένου
1221 199 1291 226 κατὰ
1306 199 1350 226 τὸν
1367 199 1465 235 Δανιήλ
1481 197 1547 235 (95).
1565 197 1633 234 ἦλθέ
1650 206 1677 224 τε
1693 196 1764 224 κατὰ

975 247 1020 273 τὸν
1041 246 1100 273 Ἰὼῆ
1111 247 1125 272 ὁ
1136 247 1165 272 τὸ
1181 246 1251 281 μέγα
1263 247 1346 281 κῆτος
1357 246 1560 280 χειρωσάμενος
1574 245 1623 270 καὶ
1640 242 1765 275 δεδωκὼς

976 293 1098 324 ἐξουσίαν
1111 293 1166 322 τοῖς
1181 292 1302 326 γνησίοις
1314 291 1396 318 αὑτοῦ
1416 290 1547 326 μαθηταῖς
1563 291 1657 316 πατεῖν
1673 289 1766 315 ὲπὰνω

975 339 1062 373 ὄφεων
1076 339 1122 364 καὶ
1135 337 1283 372 σκορπίων,
1297 337 1344 363 καὶ
1358 337 1404 363 ἐπὶ
1418 337 1506 362 πᾶσαν
1523 335 1572 371 τὴν
1589 335 1705 369 δύναμιν
1721 332 1767 359 τοῦ

977 383 1084 419 ἐχθροῦ,
1100 383 1177 409 οὐδὲν
1191 384 1235 409 ὑπ’
1251 382 1339 410 αὐτῶν
1353 381 1550 416 ἀδικουμένοις.
1575 379 1769 414 Ἐπιστησὰτω

976 430 1005 456 δέ
1016 438 1057 460 τις
1070 429 1115 455 καὶ
1127 430 1159 464 τῇ
1171 429 1225 455 τῶν
1238 428 1394 455 ἀποστόλων
1406 427 1556 461 πανταχόσε
1571 422 1706 460 ἐπιδημίᾳ
1715 424 1771 450 τῶν

978 475 1030 501 ὑπὸ
1048 475 1094 501 τοῦ
1130 473 1217 510 Ἰησοῦ
1234 474 1279 499 ἐπὶ
1300 473 1331 500 τὸ
1352 473 1530 506 καταγγεῖλαι
1548 472 1577 498 το
1602 469 1771 504 Εὑαγγέλιον

978 519 1166 554 πεμφθέντων,
1185 519 1230 545 καὶ
1247 519 1340 553 ἅψεται
1353 517 1399 544 καὶ
1411 518 1440 544 τὺ
1452 517 1578 552 τόλμημα
1595 516 1625 541 οὺ
1649 516 1711 541 κατ’
1726 514 1773 541 ἄν-

978 565 1086 600 θρωπον
1107 565 1153 591 καὶ
1166 565 1195 590 τὺ
1210 565 1350 599 ἐπίταγμα
1367 563 1437 590 Θεῖον
1455 563 1481 598 (‘J
1488 563 1523 599 4).
1544 563 1598 588 Καὶ
1613 561 1662 588 ἐὰν
1676 561 1774 594 ἐξετά-

980 619 1069 645 σωμεν
1087 610 1142 641 πῶς
1161 609 1297 644 ἂνθρωποι
1315 608 1416 635 καινῶν
1436 608 1606 643 μαθημάτων
1624 606 1775 638 ἀκούοντες

979 657 1025 682 καὶ
1042 655 1124 688 ξένων
1142 655 1228 689 λόγων
1248 655 1420 690 προσήκαντο
1437 655 1499 685 τοὺς
1513 653 1628 688 ἄνδραςι
1647 652 1776 687 νικηθέν-

979 711 1022 734 τες
1035 703 1087 738 (95)
1112 702 1140 728 ὲν
1158 701 1195 736 τῷ
1216 701 1301 727 θέλειν
1319 701 1409 732 αὐτοῖς
1426 700 1611 726 ἐπιϐουλεύειν
1629 700 1683 726 ὑπό
1702 707 1776 730 τινος

979 748 1053 780 θείας
1068 747 1208 782 δυνάμεως
1222 747 1424 782 ἐπισκοπούσης
1438 747 1545 778 αὐτοὺς,
1558 747 1607 772 οὐκ
1620 747 1777 781 ἀπιστήσο-

981 803 1030 829 μεν
1044 795 1067 820 εἰ
1079 794 1124 820 καὶ
1138 794 1268 828 τεράστια
1282 794 1337 828 (96)
1351 794 1543 828 πεποιήκασιν,
1557 791 1779 828 ὲπιμαρτυροῦνο

979 849 1024 872 τος
1047 840 1093 866 τοῦ
1111 840 1178 866 Θεοῦ
1196 841 1250 871 τοῖς
1273 840 1362 873 λόγοις
1384 839 1484 870 αὐτῶν,
1505 839 1551 866 καὶ
1576 839 1620 866 διὰ
1639 839 1777 874 σημείων,

140 886 222 913 dubio
241 886 324 919 signis
339 890 366 913 et
381 887 525 913 virtutibus
545 886 734 913 testimonium
750 886 928 914 reddentibus

1024 905 1026 911 .
1044 886 1176 922 τεράτων,
1198 886 1244 912 καὶ
1262 885 1391 912 ποικίλων
1409 885 1560 920 δυνάμεων.

141 933 222 959 verbo
233 937 260 960 ct
273 933 401 959 doctrina:
414 939 519 959 eorum.

174 978 200 1005 6.
217 977 264 1005 llis
276 982 364 1005 autem
377 978 495 1005 breviter
508 977 711 1010 demonstratis,
727 978 753 1005 id
767 979 851 1005 estde
869 978 926 1006 dci-

140 1027 194 1051 tate
210 1023 273 1051 Jesu
295 1023 396 1051 Christi
419 1028 446 1050 et
469 1024 502 1051 de
532 1024 657 1051 omnibtts
679 1024 722 1051 his
740 1032 799 1058 quae
813 1025 846 1052 de
863 1024 921 1059 ipso

139 1069 295 1104 prophetata
312 1069 430 1102 fuerant,
451 1070 575 1103 expletis,
590 1069 671 1097 simul
693 1070 757 1097 illud
782 1070 864 1096 etiam
881 1078 926 1097 ar-

140 1116 223 1143 bitror
238 1116 428 1150 approbatum,
448 1117 518 1147 quod
535 1121 561 1141 ct
577 1115 727 1150 Scripturac
744 1116 808 1150 ipsze
821 1123 881 1150 qua-
896 1117 928 1143 de

138 1169 171 1189 eo
195 1163 435 1196 prephetaverant,
462 1161 593 1189 divinitus
617 1161 756 1195 inspirata:
781 1163 852 1194 sinl,.
869 1170 929 1197 qua:

139 1207 181 1234 vel
200 1207 233 1234 de
246 1207 364 1233 adventu
387 1206 457 1240 ejus,
474 1207 514 1233 vel
529 1207 563 1234 de
579 1211 714 1242 potestate
728 1208 868 1240 doctrime,
888 1209 929 1235 vel

140 1253 175 1279 de
190 1252 309 1279 omnium
328 1253 384 1287 (Μ)
399 1252 519 1286 gentium
536 1254 721 1287 assumptione
735 1253 927 1287 prmdixerant.

140 1300 243 1333 Quibus
254 1300 336 1326 etiam
351 1299 416 1326 illud
437 1300 602 1331 addendum,
622 1299 693 1334 quod
709 1301 766 1328 sive
785 1301 931 1335 propheta-

141 1352 200 1371 rum
216 1344 384 1376 vaticinatio,
400 1345 458 1372 sive
476 1343 575 1380 Moysis
592 1345 647 1378 lex,
664 1345 754 1372 divina
769 1352 830 1372 esse
850 1349 877 1372 et
888 1345 930 1372 di«

140 1390 240 1417 vinitus
259 1390 389 1424 inspirata
404 1397 438 1417 ex
461 1398 494 1418 eo
520 1391 638 1418 maxime
664 1391 814 1418 illmuinata
837 1396 880 1418 est
904 1395 931 1418 et

139 1437 308 1472 probata,ex
323 1445 378 1472 quo
394 1438 419 1464 in
437 1438 508 1465 hunc
520 1439 651 1464 mundum
667 1437 792 1465 Christus
809 1438 930 1464 advenit.

140 1483 211 1510 Ante
225 1484 296 1510 enim
315 1491 396 1518 quant
413 1483 618 1518 complerentttr
630 1491 660 1510 ea
677 1491 737 1518 qua:
753 1483 786 1510 ab
805 1483 856 1510 illis
873 1483 930 1510 fue-

141 1533 204 1555 rant
218 1529 358 1563 praedicta,
373 1528 499 1562 quamvis
512 1537 575 1556 vera
601 1534 703 1562 essent,
726 1534 753 1556 et
776 1537 789 1555 a
817 1529 869 1555 Deo
887 1529 931 1555 in-

1023 975 1238 1007 ¹Αποδεικνύντες
1253 975 1279 1001 δέ
1296 975 1333 1007 ὡς
1350 976 1378 1001 ὲν
1394 976 1510 1010 ἐπιτομῇ
1528 974 1590 1010 περὶ
1607 974 1656 1008 τῆς
1670 973 1780 1009 Θειότη-

980 1030 1024 1053 τος
1043 1021 1140 1057 Ἰησοῦ,
1159 1021 1204 1048 καὶ
1218 1020 1352 1056 χρώμενοι
1366 1022 1421 1052 τοῖς
1437 1021 1499 1055 περὶ
1510 1019 1592 1046 αὑτοῦ
1606 1019 1698 1053 λόγοις
1713 1028 1781 1055 προ-

982 1070 1114 1104 φητικηιῐς,
1143 1067 1388 1102 συναποδείκνυμεν
1415 1065 1608 1097 Θεοπίεύστους
1634 1063 1706 1091 εἶναι
1732 1065 1782 1095 τὰς

982 1114 1204 1151 προφητευούσας
1218 1114 1281 1149 περὶ
1292 1112 1374 1140 αὐτοῦ
1388 1112 1508 1148 Γραῳὰς,
1523 1112 1569 1138 καὶ
1581 1111 1615 1138 τὰ
1627 1110 1783 1144 καταγγέλο

983 1161 1062 1187 λοντα
1079 1160 1126 1195 τὴν
1143 1159 1292 1194 ἐπιδημίαν
1310 1158 1392 1184 αὑτοῦ
1414 1159 1565 1193 γράμματα
1583 1158 1630 1184 καὶ
1650 1157 1783 1184 διδασκα-

983 1207 1052 1238 λίαν,
1073 1206 1141 1241 μετὰ
1158 1206 1247 1240 πάσης
1263 1205 1403 1240 δυνάμεως
1423 1204 1469 1230 καὶ
1489 1203 1612 1236 ἐξουσίας
1632 1203 1780 1239 εἰρημένα,

984 1253 1030 1279 καὶ
1049 1252 1092 1279 διὰ
1108 1252 1185 1278 τοῦτο
1201 1252 1249 1286 τῆς
1266 1251 1319 1277 ἀπο
1336 1250 1389 1276 τῶν
1405 1250 1488 1276 ὲονῶν
1504 1249 1621 1284 ἐκλογῆς
1638 1258 1782 1285 κεκρατη-

984 1298 1059 1325 κότα.
1069 1298 1184 1324 Λεκτέον
1193 1297 1220 1324 δὲ
1232 1297 1272 1323 ὅτι
1285 1297 1315 1322 τὸ
1325 1296 1378 1322 τῶν
1389 1296 1564 1331 προφητικῶν
1576 1297 1664 1330 λόγων
1675 1296 1781 1329 ἔνθεον,

985 1346 1031 1371 καὶ
1047 1345 1078 1370 τὸ
1093 1343 1276 1379 πνευματικὸν
1290 1342 1337 1381 τοῖς
1351 1343 1472 1374 Μωσέως
1486 1343 1567 1377 νόμου
1582 1342 1705 1377 ἔλαμψεν
1719 1343 1782 1369 ἐπι-

985 1391 1154 1426 δημήσαντος
1173 1389 1269 1424 Ἰησοῦ.
1291 1389 1408 1424 Ἐναργῆ
1426 1388 1479 1423 γὰρ
1492 1388 1704 1424 παραδείγματα
1717 1390 1782 1426 περὶ

986 1437 1031 1463 τοῦ
1046 1435 1241 1466 θεοπνεύστους
1257 1433 1325 1461 εἶναι
1338 1435 1387 1466 τὰς
1405 1434 1521 1465 παλαιὰς
1536 1435 1650 1470 Γραφὰς
1664 1435 1719 1470 πρὸ
1732 1436 1782 1470 τῆς

986 1482 1131 1517 ἐπιδημίας
1147 1481 1193 1507 τοῦ
1209 1480 1326 1516 Χριστοῦ
1342 1481 1513 1515 παραστῆσαι
1530 1481 1560 1506 οὑ
1579 1481 1651 1507 πάνυ
1667 1481 1782 1508 δυνατὸν

986 1527 1028 1564 ἦν·
1042 1529 1098 1555 ἀλλ’
1110 1529 1125 1563 ἡ
1143 1528 1228 1563 Ἰησοῦ
1240 1527 1369 1562 ἐπιδημία
1381 1526 1435 1562 (97)
1447 1526 1610 1562 δυναμένους
1625 1528 1781 1554 ὑποπτεύε-

758 1576 1039 1604 lNTERI’RETATIO
1059 1575 1162 1604 NOVA.

141 1623 216 1651 orbis
232 1621 353 1650 doctrina
367 1621 425 1655 ejus
440 1627 468 1649 et
481 1630 546 1649 vero
562 1630 609 1657 per
637 1623 722 1656 ipsum
749 1624 794 1650 Dei
818 1624 890 1650 cultu
907 1624 1034 1658 impletus
1047 1628 1097 1650 est.
1114 1625 1179 1650 Orta
1193 1627 1234 1650 est
1251 1621 1335 1649 enim
1370 1631 1379 1648 ί
1399 1622 1425 1649 in
1439 1621 1534 1649 dielms
1547 1621 1607 1655 ejus
1629 1622 1737 1655 Iustitia
1755 1627 1782 1651 et

142 1658 310 1686 abundantia
324 1658 398 1692 pacis
411 1664 574 1691 permanens
587 1665 670 1692 usque
693 1659 725 1685 ad
739 1657 1013 1690 consummationem,
1033 1668 1042 1684 ι
1061 1666 1121 1693 quae
1133 1657 1233 1684 ablatio
1248 1658 1318 1684 luna:
1332 1662 1430 1693 rvocata
1447 1661 1497 1688 est.
1523 1666 1531 1682 ι
1550 1662 1577 1684 et
1592 1658 1753 1684 dominatur
1765 1667 1779 1686 a

142 1693 212 1721 mari
239 1692 370 1728 usquead
385 1701 462 1728 mare
487 1698 513 1720 et
541 1700 556 1719 :1
575 1693 730 1720 flinninihus
746 1702 833 1728 usque
849 1694 882 1719 ad
908 1694 1041 1721 terminos
1055 1692 1128 1720 orbis
1154 1698 1300 1720 terrarmn.
1329 1692 1426 1728 Datmn
1453 1697 1495 1718 cst
1522 1697 1654 1728 praeterea
1669 1693 1780 1727 signum

142 1728 235 1755 dmnui
254 1727 346 1762 David.
360 1727 451 1762 iVirgo
467 1729 539 1754 enim
556 1728 660 1762 peperit
677 1734 701 1754 et
719 1727 861 1761 concepit,
878 1733 905 1755 et
919 1729 1022 1762 peperit
1038 1728 1122 1754 filium
1135 1748 1141 1756 .
1160 1733 1186 1754 et
1200 1735 1295 1754 nomen
1312 1727 1370 1760 ejus
1387 1727 1554 1759 Emmanuel,
1573 1728 1644 1760 quod
1661 1733 1704 1754 est
1720 1728 1778 1755 Νο-

143 1763 244 1789 biscum
262 1761 341 1789 Deus.
359 1761 387 1789 Id
401 1763 544 1797 impletum
558 1761 608 1790 Vest
626 1763 696 1797 quod
715 1763 753 1789 ait
769 1764 839 1790 idem
867 1761 997 1797 propheta
1013 1771 1020 1789 :
1053 1772 1062 1788 ε
1080 1762 1222 1789 Nobiscum
1243 1763 1331 1793 Deus;
1350 1762 1506 1795 cognoscite
1519 1782 1526 1793 ,
1541 1766 1634 1796 gentes
1651 1782 1658 1793 ,
1673 1767 1703 1789 ct
1719 1764 1780 1790 vin-

143 1797 236 1824 cimini
253 1805 261 1829 ;
277 1801 424 1832 potentes.
441 1798 538 1826 cedite.
560 1807 568 1823 ι
602 1799 729 1832 Snperali
746 1798 818 1825 enim
839 1803 866 1824 et
883 1799 946 1824 victi
974 1806 1066 1825 smnus
1078 1806 1146 1832 quos
1161 1806 1194 1824 ex
1216 1797 1343 1832 gentibus
1369 1797 1455 1832 gratia
1473 1798 1605 1824 doctrime
1621 1797 1681 1829 ejus
1695 1799 1780 1832 cepit.

143 1832 197 1860 Sed
207 1836 234 1859 et
250 1832 325 1859 locus
339 1831 468 1859 natalium
483 1833 542 1866 ejus
566 1831 713 1867 prmdictus
740 1838 781 1860 est
798 1834 868 1867 apud
884 1833 1040 1860 llliclnram:
1069 1831 1135 1858 r"l'u
1154 1831 1238 1864 enini,
1258 1832 1355 1865 inquit,
1378 1831 1526 1864 Bethleem,
1545 1837 1618 1858 terra
1629 1832 1711 1865 Juda,
1732 1831 1782 1860 ne—

143 1874 280 1902 quaquam
300 1867 413 1894 minima
427 1875 456 1894 es
473 1868 498 1894 in
523 1867 692 1902 principihus
719 1867 798 1895 Juda.
835 1868 873 1894 Ex
897 1875 921 1894 te
936 1868 1007 1894 enim
1024 1867 1107 1894 exibit
1122 1867 1175 1894 dux
1192 1869 1238 1900 qui
1257 1871 1332 1900 regat
1351 1867 1585 1902 populmnmemu
1602 1867 1696 1894 Israel.
1715 1877 1724 1893 I
1748 1868 1780 1896 Et

143 1900 314 1937 septuaginta
343 1900 529 1929 hebdomades
549 1900 664 1937 impleta:
686 1908 748 1929 sunt
775 1910 860 1937 usque
876 1904 908 1929 ad
927 1902 1064 1929 Christum
1086 1902 1182 1929 ducent
1194 1904 1271 1933 juxta
1291 1901 1426 1928 Danielum
1445 1909 1466 1937 ςν
1484 1900 1615 1936 νειιίιῳιε
1633 1903 1655 1929 is
1685 1903 1732 1937 qui
1752 1904 1778 1930 in

143 1937 213 1965 libro
227 1936 278 1964 Job
296 1937 396 1963 dicitur
409 1937 547 1971 ingentem
564 1936 655 1964 cetum
679 1936 823 1972 subegisse
843 1943 871 1964 et
901 1939 946 1972 qui
972 1937 1043 1964 veris
1062 1938 1120 1964 suis
1137 1936 1277 1972 discipulis
1293 1936 1468 1969 proculcandi
1488 1942 1629 1972 serpentes
1655 1942 1684 1964 et
1697 1936 1778 1965 scur-

144 1972 202 2006 pios
218 1976 377 2007 potestatem
392 1972 477 2004 dedit,
490 1978 516 1999 et
528 1980 638 1999 omnem
664 1971 765 2000 inimici
782 1974 835 1999 vim
853 1973 888 1999 ita
910 1971 1071 2007 proterendi
1087 1976 1116 1998 ut
1132 1972 1198 1998 nihil
1211 1971 1246 1998 ab
1263 1971 1315 2007 illis
1330 1971 1471 2007 lanlanlttr.
1484 1971 1677 2005 Apostolorum
1696 1973 1779 2000 etiam

144 2014 214 2041 quos
226 2007 258 2033 ad
274 2006 499 2042 promulgandum
513 2007 691 2042 Evangelium
707 2008 779 2034 misit
794 2007 885 2040 Jesus,
908 2007 1156 2042 peregrinationem
1173 2014 1220 2040 per
1236 2006 1392 2042 universum
1410 2006 1504 2032 orbem
1520 2007 1718 2040 consideranti,
1736 2015 1781 2035 res

144 2042 270 2077 humanis
283 2041 387 2068 viribus
409 2043 504 2075 major,
521 2041 648 2077 suscepta
665 2042 712 2069 Dei
727 2043 816 2076 jussu,
835 2041 984 2069 videbitur.
1016 2042 1048 2068 Et
1075 2042 1097 2068 si
1123 2041 1322 2076 perpendamus
1341 2049 1394 2076 quo
1418 2045 1499 2075 pacto
1528 2042 1652 2068 homines
1680 2050 1779 2069 novam

144 2076 296 2103 doctrinam
312 2077 526 2110 peregrinosque
538 2076 679 2104 sermones
695 2078 837 2104 audientes
853 2078 885 2104 ad
901 2077 1037 2111 apostolos
1052 2084 1112 2104 sese
1126 2077 1307 2111 applicuerint
1324 2096 1330 2108 ,
1352 2081 1377 2102 cl
1392 2076 1528 2110 quomodo
1544 2077 1712 2104 voluntatem
1726 2078 1780 2105 illis

144 2111 289 2146 insidiandi
307 2111 456 2144 posuerim,
471 2113 561 2138 divina
578 2113 693 2146 quadam
711 2113 775 2139 victi
789 2110 924 2146 potestate
940 2119 999 2145 qua:
1013 2113 1127 2139 istorum
1143 2110 1223 2137 Saluti
1241 2110 1401 2138 consulebat
1418 2131 1425 2142 ,
1450 2111 1514 2137 nulli
1531 2111 1719 2139 dubitabimus
1731 2120 1780 2140 eos

145 2145 277 2185 miracula
293 2153 399 2180 quoque
414 2147 544 2180 edidisse,
559 2147 733 2174 sermonibus
752 2145 872 2182 ipsorum
889 2148 1073 2174 testimonium
1091 2147 1221 2174 reddente
1233 2146 1286 2173 Deo
1310 2154 1357 2181 per
1370 2147 1446 2181 signa
1465 2150 1492 2173 ct
1508 2147 1631 2182 prodigia
1647 2151 1674 2174 et
1687 2148 1780 2175 varias

144 2184 180 2206 ΥΠ
188 2184 268 2206 tutes.
1232 2196 1234 2198 .

181 2216 208 2241 6.
227 2213 380 2253 llis‘autem
396 2215 515 2253 breviter
532 2215 565 2243 de
579 2215 641 2243 Jesn
665 2216 806 2244 divinitate
821 2216 1024 2248 demonstratis,
1041 2220 1067 2243 et
1089 2215 1281 2253 prophetarum
1303 2216 1336 2243 de
1355 2225 1388 2244 eo
1410 2216 1521 2251 prolatis
1544 2217 1694 2253 vaticiniis,
1723 2225 1776 2244 uua

145 2256 253 2289 quoque
269 2250 398 2276 divinitus
412 2250 558 2289 inspiratus
573 2258 633 2289 esse
649 2258 708 2285 quae
724 2253 758 2278 de
773 2259 806 2289 eo
821 2252 1003 2285 praenuntiant
1021 2252 1178 2289 Scripturas
1196 2250 1432 2289 demonstremus,
1449 2256 1476 2278 ct
1489 2259 1548 2286 quae
1563 2252 1778 2286 cjusadvcntum

145 2285 352 2321 doctrinamque
377 2285 552 2321 annuntiant,
579 2286 683 2312 litteras
706 2286 779 2313 omni
802 2291 829 2313 et
847 2291 979 2321 potestate
998 2292 1025 2313 et
1044 2287 1204 2313 auctoritate
1223 2286 1259 2312 ita
1286 2292 1422 2318 constare,
1441 2292 1469 2313 ttt
1491 2285 1633 2321 propterea
1655 2289 1779 2320 gentiqu

146 2318 244 2355 electio
258 2319 401 2355 subsecuta
422 2320 467 2346 sit.
485 2319 541 2346 Huc
556 2320 624 2347 adde
645 2318 865 2354 prophetieoruni
881 2329 1037 2349 sermonum
1055 2321 1225 2347 divinitatem
1251 2327 1275 2348 ct
1293 2321 1358 2355 legis
1378 2318 1501 2348 Mosaici‘
1519 2318 1642 2355 spiritum
1657 2318 1779 2349 adVentu

147 2353 210 2381 Jesu
227 2353 445 2390 resplenduisse:
463 2362 511 2381 nec
526 2357 597 2381 enim
614 2353 677 2382 ante
690 2353 789 2382 Christi
803 2357 947 2383 adventum
967 2357 1120 2383 manifestis
1140 2357 1310 2389 argumentis
1319 2353 1436 2383 _osleudi
1459 2353 1565 2390 poterat
1579 2361 1687 2382 veteres
1705 2357 1779 2383 Scri-

147 2393 241 2422 pturas
252 2387 381 2426 divinitus
397 2388 480 2416 fuisse
500 2390 659 2426 inspiratus;
682 2390 782 2417 Christi
805 2397 894 2418 autern
909 2393 1042 2418 adventus
1065 2391 1096 2418 iis
1116 2391 1159 2424 qui
1175 2387 1315 2425 _suspicari
1339 2387 1467 2426 poterant
1485 2391 1570 2424 legem
1589 2396 1616 2418 et
1631 2392 1780 2425 prophetas

147 2430 272 2461 nonresse
284 2423 400 2461 divinos,
421 2424 562 2459 perspicue
581 2425 729 2461 declaravit
743 2426 844 2461 etelesti
859 2427 946 2461 gratia
968 2434 1028 2453 esse
1046 2423 1299 2458 conscriptosfb'ed
1315 2423 1344 2452 et
1363 2426 1408 2460 qui
1425 2423 1567 2460 diligenter
1583 2423 1742 2460 atténtéqne
1753 2427 1779 2453 in

149 2458 263 2496 lectione
277 2458 470 2492 prophetarum
487 2463 611 2486 versatus
621 2459 682 2491 erit,
694 2461 780 2496 divini
805 2458 910 2487 amatus
930 2462 1071 2495 vestigium
1095 2462 1203 2492 sentiet,
1216 2465 1253 2496 ret
1269 2461 1330 2488 inde
1349 2458 1583 2496 persuasissimum
1599 2458 1711 2487 habebit
1727 2469 1778 2488 non

149 2493 286 2530 hominum
301 2500 361 2520 eSse
376 2500 516 2530 sermones
534 2501 604 2530 quos
621 2501 668 2527 pro
684 2495 781 2521 divinis
802 2496 943 2522 habemus.
968 2493 1070 2523 Ltnnen
1095 2495 1188 2530 igitur
1201 2495 1299 2530 Moysis
1325 2493 1375 2529 legi
1399 2495 1534 2522 inltatrens
1551 2496 1622 2530 quod
1643 2495 1779 2523 velamine

148 2527 336 2568 obtegebatur,
352 2529 517 2568 adveniente
529 2527 604 2568 διιειι¹
616 2530 725 2557 Christo
747 2530 860 2564 refulsit,
876 2531 965 2558 ablato
980 2527 1123 2564 velamine,
1139 2535 1165 2557 et
1183 2527 1262 2558 bonis
1277 2527 1393 2566 quorum
1421 2531 1545 2557 umbram
1560 2527 1661 2558 habuit
1675 2530 1779 2565 littera,

149 2564 176 2588 in
192 2564 316 2590 notitiatn
333 2564 434 2590 sensim
451 2564 661 2596 prodeuntibus.

185 2609 207 2625 ⁸⁸
223 2608 290 2636 Luc.
307 2616 333 2636 ι.

186 2657 240 2692 (9Ξ)
257 2658 293 2684 Ita
310 2657 474 2694 mss.gEditi,
493 2666 502 2682 ι
514 2657 599 2685 omni.
618 2667 627 2684 ›
641 2657 740 2694 ibidem
759 2666 835 2692 tnss.,
852 2668 861 2684 ι
877 2667 938 2693 pro—
952 2665 972 2694 c

151 2692 293 2725 phetarum
310 2692 476 2722 vaticinatio.
494 2694 550 2720 sive
565 2693 665 2727 Moysis
677 2693 729 2725 lex,
742 2694 831 2720 divina
841 2692 912 2723 esse.
925 2704 934 2720 ι

151 2727 236 2767 Ειηιὶι
251 2737 260 2752 ‹
279 2728 471 2761 prophetarum
488 2728 622 2762 vaticinia,
640 2729 696 2755 sive
713 2728 796 2764 Moysi
813 2729 853 2756 lex
870 2730 938 2756 divis

151 2770 184 2787 l|:|
201 2767 293 2788 etiam.
313 2772 322 2788 D

190 2796 251 2857 (95;
261 2795 366 2823 Primus
378 2796 488 2830 Regius,
509 2797 560 2830 ἕως
577 2799 623 2825 τοῦ
642 2798 791 2833 ἡγουμένου
807 2798 876 2825 κατὰ
892 2799 936 2825 τὸν

192 2831 233 2857 νιή
254 2851 259 2856 .
279 2831 350 2857 ΙΙιΙῖἙ
367 2832 436 2857 idem
455 2833 549 2857 codex.
567 2835 612 2857 ἐπὶ
631 2833 660 2857 τὸ
681 2834 866 2857 καταν-κεῐλαι,
885 2836 935 2857 Alii

153 2831 259 2867 Δανιὴλ.
279 2831 436 2867 ξιιΙῙἙᾞΙΟΙΙΙ
455 2833 550 2864 codex,
567 2835 612 2860 ἐπὶ
631 2831 660 2859 τὸ
681 2831 866 2867 vtetur-(aibat.
884 2836 935 2861 Alii

153 2874 214 2893 cum
227 2865 337 2900 Tarino,
354 2866 399 2892 ἐπὶ
416 2866 453 2902 τῷ
470 2869 655 2905 καταγγεῖλαι.

1026 2660 1081 2701 (ἔξει)
1101 2661 1194 2688 Θεῑον.
1222 2661 1259 2689 Ita
1278 2665 1333 2688 tres
1353 2667 1418 2688 mss.
1443 2659 1530 2694 ltegii.
1552 2658 1640 2686 Etlilit)
1672 2657 1777 2691 Tarini.

991 2695 1083 2765 Θῦῗθθέξ)
1097 2731 1202 2758 Primus
1212 2731 1295 2758 codex
1313 2730 1423 2764 Regius,
1435 2729 1598 2765 κινηθέντες.

1026 2769 1082 2800 \ttti)
1097 2766 1179 2798 Idem,
1196 2767 1242 2792 καὶ
1254 2767 1277 2792 ει
1291 2766 1430 2801 τεράστια,

993 2798 1080 2871 μῖἕδῖ)
1108 2801 1212 2829 Primus
1245 2801 1305 2828 eod.
1323 2798 1457 2835 Vltegius,
1486 2802 1502 2835 ἡ
1538 2798 1656 2835 Χριστυῦ
1687 2799 1776 2834 {morr
