1860 3073
61 108 108 135 55⁵1

713 108 812 136 LIBER
833 107 999 141 QUARTUS

1633 111 1685 139 358

60 168 105 203 τὴν
115 166 172 194 ὁδὸν
185 166 233 194 τοῦ
251 168 308 199 πῶς
320 167 360 193 δεῖ
370 167 506 202 ὲφοδεύειν
520 167 553 194 τὰ.
567 166 631 201 ἅγια
644 167 792 202 ἁναγνώσμ

951 165 1082 193 essarium
1113 165 1218 193 vldetnr
1245 165 1328 192 etiam
1359 165 1423 193 illud
1453 166 1601 201 explicare,
1630 176 1685 203 quo

60 213 110 242 τοῖς
125 211 233 243 πολλοῖς
257 212 293 247 μὴ
316 212 461 248 εὑρῆσθαι·
480 212 509 238 οἴ
523 220 552 238 τε
568 212 621 247 γὰρ
639 212 843 248 σκληροκαρδιοι

61 256 102 282 καὶ
112 256 136 282 οἱ
150 255 255 282 ίδιῶται
267 256 318 282 τῶν
332 257 364 283 ὲκ
377 257 425 291 τῆς
441 258 600 292 περιτομῆς,
616 257 656 288 είς
672 257 717 284 τὸν
732 257 844 292 Σωτῆρα

61 300 132 334 ἡμῶν
154 300 184 326 οὒ
210 300 419 333 πεπιστεύκασι,
446 303 479 337 τῇ
501 301 572 334 λέξει
595 301 648 328 τῶν
674 302 738 337 περ)⁸
761 301 843 328 αὑτοῦ

61 346 225 381 πῳφητειῶν
243 347 451 374 κατακολουθεῖν
467 348 631 383 νομίζοντες,
647 348 694 374 καὶ
710 347 844 383 αἰσθητῶς

63 391 94 426 μὴ
103 391 220 426 ὁρῶντες
234 392 314 418 αὐτὸν
326 392 481 428 κηρύξαντα
493 392 675 428 αἰχμαλώτοις
688 393 784 428 ἄφεσιν
794 393 843 428 (9),

63 436 122 471 μηδὲ
133 437 351 472 οἰκοδομήσαντα
359 438 392 473 ἢν
404 438 558 473 νομίζουσιν
570 438 676 473 ἀληθῶς
689 438 764 465 πόλιν
775 436 843 465 εἶναι

60 481 100 507 τοῦ
115 481 192 513 Θεοῦ,
212 482 282 517 μηδὲ
298 482 523 518 ἐξολοορεύσαντα
540 484 651 519 ἅρματα
674 484 702 517 ἐξ
725 483 844 519 Ἑφραῒμ

59 527 100 553 κει)¹
115 527 196 554 ἵππον
213 527 244 559 ἐξ
267 528 453 563 Ἰερουσαλὴμ,
472 529 538 564 μηδὲ
556 529 683 564 βούτυρον
704 530 750 555 καὶ
781 529 842 564 μέλι

60 572 184 606 φαγόντα,
201 574 249 599 καὶ
271 574 336 608 πρὶν
356 573 456 607 γνῶναι
473 575 553 601 αὐτὸν
576 575 592 609 ἢ
612 574 772 610 προελέσθαι
794 583 842 601 πο-

58 618 130 652 νηρὰ,
150 618 330 654 ἐκλεξάμενον
348 619 402 655 (10)
425 620 455 646 τὸ
476 620 592 654 ἀγαθόν·
609 621 649 647 ἔτι
670 621 697 647 δὲ
713 621 792 648 λύκον
813 621 844 647 τὸ

59 663 119 694 ζῶον
135 663 164 689 τὸ
187 664 350 699 τετράποδον
363 665 480 700 οἰόμενοι
499 666 716 701 προφητεύεσθαι
735 667 842 701 μέλλειν

59 708 194 741 βόσκεσθαι
219 710 279 744 μετ’
297 710 387 745 ἀρνὸς,
405 711 451 737 καὶ
475 711 607 747 πάρδαλιν
624 712 709 748 ἐρίφῳ
726 721 841 740 συνανα-

59 754 193 787 παύεσθαι,
211 755 360 792 μοσχάριόν
380 764 410 782 τε
433 757 478 783 καὶ
494 757 593 792 ταῦρον
612 758 658 785 καὶ
670 758 762 786 λέοντα
784 759 842 794 ἃμα

59 800 268 836 βοτκηθήσεσθαι
281 802 332 828 ὑπὸ
345 802 443 839 μικροῦ
458 804 562 830 παιδίου
575 805 706 840 ἀγόμενα,
720 806 765 832 καὶ
778 806 840 841 βοῦν

895 216 974 247 pacto
988 219 1041 238 non
1059 215 1130 238 recte
1144 211 1254 245 quidam
1269 211 1389 246 legentes
1399 212 1541 239 err0ribus
1550 219 1578 240 se
1588 220 1685 247 quam~

904 258 1028 293 plurimis
1055 258 1234 290 tradiderunt,
1251 265 1298 292 pro
1322 266 1354 284 eo
1373 258 1444 293 quod
1460 266 1512 292 qua
1528 259 1570 286 via
1588 259 1622 286 ad
1645 259 1686 285 in-

900 303 1073 337 telligentiam
1098 302 1250 328 divinarum
1267 302 1420 330 litterarum
1437 303 1519 331 debet
1553 304 1652 336 incedi,
1669 312 1684 331 a

894 347 1101 382 quan-plurimis
1128 348 1278 382 ignoretur.
1296 348 1414 383 Denique
1441 349 1525 376 Judzei
1542 357 1589 384 per
1607 350 1683 377 duri-

895 395 958 420 tiam
977 393 1068 420 cordis
1094 393 1147 424 sui,
1165 397 1192 420 et
1213 393 1276 418 dum
1300 393 1476 428 sibimetipsis
1490 395 1584 422 volunt
1595 395 1681 422 videri

895 439 1045 474 sapientes,
1058 438 1170 465 Domino
1187 443 1214 465 et
1231 438 1364 466 Salvatori
1384 444 1476 466 nostro
1492 447 1544 467 non
1559 441 1682 468 credide-

895 489 968 517 runt,
986 492 1017 511 ea
1042 492 1102 519 qua:
1126 484 1160 511 de
1177 485 1234 519 ipso
1251 485 1357 519 prolata
1369 489 1430 512 sunt
1443 486 1592 513 secundum
1609 487 1682 514 litte-

895 537 954 556 ram
973 529 1073 556 debere
1091 528 1204 563 intelligi
1222 529 1421 561 existimantes,
1437 529 1462 555 id
1480 535 1522 557 est
1536 531 1606 564 quod
1619 539 1679 559 sen-

894 573 1009 600 sibiliter
1029 580 1060 601 ac
1081 572 1224 599 visibiliter
1248 572 1374 599 debuerit
1400 572 1551 606 praedicare
1567 574 1683 608 captivis

895 618 1101 650 remissionem,
1131 622 1159 644 et
1187 616 1258 652 quod
1286 617 1414 644 debuerit
1442 617 1518 650 prius
1547 618 1681 645 :cditicare

894 663 1031 690 civitatem
1049 670 1131 697 quam
1145 670 1206 690 vere
1220 666 1315 697 putant
1325 670 1385 690 esse
1396 663 1532 690 civitatem
1547 662 1593 690 Dei
1606 663 1682 698 (l3);

892 709 973 736 simul
994 714 1020 735 et
1035 709 1219 736 exterminare
1239 715 1338 736 currus
1352 709 1467 743 Ephrem
1489 714 1515 736 et
1536 715 1633 744 equum
1649 711 1683 737 de

892 753 1042 782 JeruSalem
1050 754 1090 787 9";
1105 754 1152 781 sed
1165 758 1192 781 et
1202 755 1328 789 butyrum
1344 754 1372 781 ét
1385 755 1437 782 mel
1451 757 1628 787 manducare.
1640 761 1680 790 ut,

894 800 1051 834 priusquam
1079 805 1256 836 cognosceret
1281 800 1406 834 proferre
1435 801 1544 835 malum,
1568 803 1682 837 eligeret

59 847 100 873 καὶ
111 847 206 882 ἄρκτον
223 847 284 882 ἅμα
298 848 508 884 νεμηθήσεσθαι,
524 851 780 885 συνεκτρεφομένων

948 847 1035 872 uin”.
1059 845 1111 874 Sed
1141 851 1169 874 et
1194 846 1285 878 lupum
1308 846 1408 874 animal
1431 847 1502 874 istud
1524 849 1680 883 quadrupes

59 890 106 917 τῶν
121 891 244 927 ἀλλήλοις
261 892 316 918 τῶν
332 892 445 919 παιδίων
458 901 465 908 ·
482 894 527 920 καὶ
544 893 639 921 λέοντα
655 895 692 926 ὡς
710 895 772 930 βοῦν
790 896 840 930 φά-

60 935 145 969 γεσθαι
153 937 256 972 ἄχυρα·
272 937 355 972 μηδὲν
367 937 470 964 τούτων
481 938 617 974 αἰσθητῶς
631 940 783 974 ἑωρακότες
794 949 842 975 γε-

60 981 195 1016 γενημένον
215 983 245 1008 ὲν
271 984 305 1018 τῇ
329 983 374 1009 τοῦ
399 984 613 1019 πεπιστευμένου
635 987 702 1021 ἡμῖν
722 987 839 1022 Χριστοῦ

61 1026 188 1062 ἐπιδημίᾳ,
216 1028 246 1053 οὗ
274 1028 448 1063 προσήκαντο
474 1029 518 1056 τὸν
546 1030 648 1065 Κύριον
678 1031 756 1065 ἡμῶν
791 1031 841 1067 Ἰη-

61 1072 116 1099 σοῦν
127 1073 180 1107 (Η)
191 1081 197 1087 ”
212 1073 271 1099 ἀλλ’
285 1074 324 1105 ὡς
336 1074 410 1109 παρὰ
422 1074 452 1100 τὸ
463 1074 521 1102 δέον
536 1076 652 1110 Χριστὸν
667 1076 760 1103 ἑαυτὸν
776 1077 841 1103 ἁνα-

61 1117 216 1152 γορεύσαντα
239 1118 427 1154 ἐσταύρωσαν.
453 1120 487 1146 Οἵ
507 1128 536 1146 τε
559 1120 612 1146 ἀπὸ
634 1120 688 1146 τῶν
708 1120 840 1156 αἱρέσεων

61 1162 278 1196 ἀναγινώσκοντες
292 1163 338 1190 τό·
360 1172 370 1189 ι
387 1164 446 1199 Πῦρ
463 1164 625 1191 ἐκκέκαυται
642 1166 674 1191 ὲκ
690 1165 736 1192 τοῦ
753 1165 839 1200 θυμοῦ

63 1217 116 1243 μου,
135 1218 143 1235 ι
161 1210 220 1236 καί·
239 1219 248 1235 ι
276 1209 347 1243 Ἐγὼ
361 1210 426 1242 Θεὸς
443 1210 575 1246 ζηλωτὴς,
595 1211 735 1243 ἀποδιδοὺς
751 1212 840 1247 ἁμαρ-

61 1253 114 1286 τίας
128 1254 250 1290 πατέρων
264 1255 312 1281 ἐπὶ
324 1255 405 1282 τέκνα
419 1256 465 1281 ἐπὶ
482 1255 577 1291 τρίτην
589 1256 636 1281 καὶ
648 1256 780 1291 τετάρτην
794 1264 840 1290 γε-

61 1298 125 1332 νεάν,
145 1309 153 1325 ι
168 1301 229 1327 καί·
247 1309 257 1325 ι
278 1300 513 1335 Μεταμεμέλημαι
533 1300 629 1335 χρίσας
640 1299 685 1327 τὸν
702 1300 787 1327 Σαοὺλ
800 1301 840 1332 είς

62 1343 100 1370 τὸν
119 1344 235 1378 βασιλέα,
256 1354 266 1370 ι
283 1347 345 1371 καί·
363 1355 372 1370 ι
400 1344 469 1378 Ἐγὼ
483 1345 549 1377 Θεὺς
566 1345 648 1371 ποιῶν
665 1345 774 1380 εἰρήνην
793 1345 840 1371 καὶ

62 1389 148 1421 κτίζων
159 1389 239 1422 κακὰ,
257 1399 266 1415 ι
284 1389 332 1415 καὶ
341 1390 369 1416 ὲν
380 1389 469 1421 ἄλλοις
480 1389 526 1416 τό⁹
546 1398 554 1414 ι
570 1389 626 1416 Οὐκ
640 1389 696 1416 ἔστι
712 1389 795 1416 κακία
810 1390 839 1417 ὲν

63 1434 128 1461 πόλει
139 1435 170 1470 ῆν
186 1436 288 1472 Κύριος
302 1436 351 1463 οὐκ
362 1437 500 1472 ἐποίησεν,
518 1446 527 1463 ι
541 1437 580 1463 ἔτι
592 1437 620 1463 δὲ
629 1437 676 1464 καὶ
688 1439 732 1466 τό·
745 1446 754 1462 ι
767 1438 840 1464 Κατ-

62 1480 104 1516 έὸη
119 1482 186 1508 κακὰ
197 1482 273 1517 παρὰ
285 1483 389 1518 Κυρίου
405 1483 451 1509 ἐπὶ
466 1482 552 1514 πύλας
571 1482 760 1518 Ἰερουσαλὴμ,
773 1482 821 1509 καί
831 1490 837 1497 ’

893 891 1088 918 existimarunt
1103 899 1163 919 esse
1181 891 1382 926 prophetatum,
1393 893 1456 928 quia
1473 894 1583 921 deberet
1596 893 1622 921 in
1633 895 1682 922 ad-

891 940 973 963 ventu
1001 936 1103 964 Christi
1122 937 1194 972 pasci
1213 946 1273 966 cum
1291 939 1382 974 agnis,
1397 943 1424 965 et
1445 938 1544 973 pardus
1560 940 1681 974 requies-

893 989 960 1010 cere
977 989 1039 1010 cum
1055 983 1155 1015 hmdis,
1170 984 1269 1012 vitulus
1286 990 1375 1012 autent
1387 990 1413 1012 et
1425 990 1516 1012 taurus
1531 986 1679 1014 simulcum

889 1027 1012 1055 leonibus
1023 1029 1144 1062 pasci,et
1160 1037 1174 1055 a
1191 1029 1307 1063 parvulo
1334 1038 1417 1065 puero
1433 1031 1494 1058 duci
1512 1032 1545 1058 ad
1560 1039 1677 1066 pascua;

893 1072 990 1100 bovem
1017 1080 1079 1100 vero
1103 1078 1129 1100 et
1150 1082 1242 1102 ursum
1257 1075 1336 1102 simul
1354 1076 1379 1103 in
1398 1076 1519 1110 pastibus
1537 1077 1678 1108 recubare,

890 1125 1040 1152 eorumque
1065 1118 1136 1146 fetus
1166 1120 1271 1154 pariter
1298 1121 1429 1154 euutriri;
1458 1121 1550 1149 leones
1571 1129 1680 1156 quoque

891 1171 944 1191 una
962 1171 1024 1191 cum
1041 1164 1129 1192 bobus
1144 1170 1235 1193 astare
1250 1167 1417 1201 praesepibus
1429 1171 1456 1193 et
1466 1167 1538 1194 vesci
1551 1167 1636 1201 paleis
1644 1167 1677 1194 ’°.

890 1207 991 1235 Horum
1019 1208 1105 1244 igitur
1129 1210 1250 1237 omnium
1265 1218 1325 1245 quae
1349 1211 1381 1238 de
1396 1218 1428 1238 eo
1443 1211 1602 1246 prophetata
1616 1210 1685 1239 sunt'

892 1253 963 1280 nihil
976 1258 1081 1288 gestum
1097 1262 1157 1282 esse
1174 1256 1322 1283 secundum
1336 1255 1478 1283 historiam
1494 1256 1677 1291 pervidentes.

889 1299 917 1326 in
943 1299 1041 1333 quibus
1064 1300 1142 1335 165
1164 1301 1301 1336 prazcipue
1331 1301 1410 1337 signa
1432 1302 1564 1330 adventus
1577 1302 1678 1330 Christi

889 1345 1056 1372 observanda
1081 1354 1142 1373 esse
1169 1347 1327 1380 credebant,
1351 1348 1490 1382 suscipere
1507 1349 1678 1382 praesentiam

890 1390 996 1418 Domini
1027 1392 1112 1420 nostri
1138 1391 1202 1420 Jesu
1226 1392 1326 1420 Christi
1349 1393 1498 1427 nolebant;
1513 1393 1636 1428 qninimo
1650 1398 1679 1422 et

889 1436 963 1463 velut
985 1442 1080 1464 contra
1101 1437 1146 1472 jus
1170 1437 1265 1473 fasque
1279 1438 1349 1474 (14),
1371 1438 1397 1465 id
1420 1443 1463 1466 est
1488 1443 1581 1466 contra
1613 1447 1677 1474 pro-

890 1482 989 1516 phetiae
1003 1483 1083 1511 ﬁdem
1102 1488 1285 1511 assumentem
1300 1491 1361 1510 eum
1376 1483 1428 1511 sibi
1451 1483 1549 1511 Christi
1568 1491 1677 1517 nomen,

66 1534 74 1550 t
87 1526 189 1562 Πνεῦμα
196 1528 313 1564 πονηρὸν
322 1517 396 1564 rupti
408 1527 474 1554 Θεοῦ
490 1522 583 1562 ἔπνιγε
596 1517 641 1555 τὸν
654 1527 753 1554 Σαούλ·
769 1538 779 1553 ι
796 1536 800 1552 -.

944 1527 967 1554 ci
995 1526 1070 1554 illum
1093 1527 1245 1555 aﬂixerunt.
1263 1528 1332 1556 Tum
1347 1536 1412 1556 vero
1426 1528 1545 1556 haeretici
1557 1528 1677 1564 legentes

65 1571 138 1607 μυρία
156 1573 204 1599 ὅσα
225 1573 333 1604 τούτοις
355 1573 541 1609 παραπλήσια,
559 1573 707 1609 ἀπιστῆσαι
731 1574 780 1609 μὲν
803 1574 841 1606 ὡς

64 1616 121 1643 Θεοῦ
140 1619 196 1650 ταῖς
214 1619 336 1654 Γραφαῖς
358 1619 388 1645 οὐ
409 1619 600 1655 τετολμήκασι,
623 1619 794 1652 πιστεύοντες
811 1619 840 1647 δὲ

63 1662 136 1694 αὑτὰς
149 1661 216 1690 εἶναι
232 1663 279 1690 τοῦ
296 1663 461 1700 δημιουργοῦ
475 1664 498 1696 ᾧ
517 1664 636 1691 Ἰουδαῖοι
651 1664 836 1700 λατρεύουσιν,

64 1706 187 1742 ᾠήθησαν,
207 1708 244 1740 ὡς
260 1708 373 1741 ἀτελοῦς
395 1710 442 1736 καὶ
464 1710 513 1736 οὐκ
536 1709 639 1743 ὰγαοοῦ
659 1709 836 1744 τυγχάνοντος

64 1751 103 1778 τοῦ
116 1753 289 1790 δημιουργοῦ,
306 1754 352 1781 τὸν
368 1754 482 1790 Σωτῆρα
498 1753 725 1789 ἐπιδεδημηκέναι
740 1754 840 1781 τελειό-

64 1805 132 1832 τερον
145 1800 359 1833 καταγγέλλοντα
371 1799 446 1826 Θεόψ
465 1800 494 1827 ὃν
510 1807 575 1834 φασι
596 1799 633 1835 μὴ
650 1799 695 1826 τὸν
713 1799 839 1836 δημιουρ-

64 1842 105 1875 γὸν
117 1843 263 1878 τυγχάνειν,
277 1844 413 1879 διαφόρως
426 1844 489 1879 περὶ
502 1844 596 1870 τούτου
610 1843 773 1879 κινούμενοι,
791 1845 838 1870 καὶ

65 1887 129 1920 ἅπαξ
142 1888 307 1920 ἀποστάντες
323 1888 369 1914 τοῦ
386 1888 563 1924 δημιουργοῦ,
581 1889 611 1920 ὃς
628 1889 702 1915 ἐστιν
724 1888 838 1923 ἀγέννη-

65 1940 102 1964 to;
119 1933 170 1969 (12)
185 1934 262 1969 μόνος
286 1933 361 1966 Θεὸς,
379 1933 565 1969 ὰναπλασμοῖς
581 1934 693 1966 ἑαυτοὺς
710 1933 836 1960 ἐπιδεδώ-

889 1572 963 1607 quod
977 1572 1004 1600 in
1018 1573 1076 1608 lege
1098 1573 1230 1608 scriptum
1247 1578 1288 1601 est
1303 1582 1310 1601 :
1330 1583 1340 1599 ι
1364 1573 1434 1608 Ignis
1448 1580 1577 1601 accensus
1591 1579 1677 1602 estex

887 1618 979 1646 furore
995 1619 1103 1652 meo";
1125 1628 1136 1645 ι
1153 1623 1202 1647 et:
1226 1627 1236 1644 ι
1255 1618 1310 1653 Ego
1325 1619 1455 1647 Dominus
1472 1619 1563 1647 zelans
1575 1620 1677 1647 etred--

886 1664 952 1691 dens
966 1669 1076 1699 peccata
1106 1669 1214 1700 patrum
1229 1664 1256 1692 in
1274 1665 1344 1692 ﬁlios
1357 1665 1382 1691 in
1395 1664 1501 1692 tertiam
1513 1669 1541 1692 et
1553 1669 1676 1699 quartam

884 1710 1039 1745 progeniem
1048 1710 1090 1743 9’;
1110 1720 1120 1736 ι
1148 1715 1197 1737 et:
1216 1719 1226 1735 ι
1250 1709 1365 1737 Ρωιιίιοι
1378 1709 1449 1744 quod
1477 1710 1544 1737 unxi
1564 1709 1630 1737 Saul
1649 1710 1677 1737 in

891 1763 979 1789 regem
988 1756 1027 1787 ⁹³;
1048 1764 1058 1781 ι
1072 1760 1099 1782 et
1113 1764 1120 1782 :
1139 1764 1148 1781 ι
1167 1755 1224 1790 Ego
1241 1755 1371 1782 Dominus
1384 1755 1429 1789 qui
1447 1754 1518 1782 facio
1529 1762 1634 1789 pacem,
1646 1760 1675 1782 et

888 1807 951 1828 creo
978 1800 1048 1827 mala
1059 1800 1101 1834 9‘;
1136 1809 1146 1826 ι
1170 1805 1197 1827 et
1222 1801 1319 1827 iterum
1343 1809 1349 1826 :
1373 1799 1453 1826 «Non
1470 1805 1511 1827 est
1522 1800 1624 1827 malitia
1646 1800 1675 1827 in

888 1845 999 1873 civitate
1015 1852 1096 1880 quam
1113 1845 1243 1872 Dominus
1268 1852 1320 1871 non
1347 1844 1441 1871 fecerit
1450 1845 1490 1877 9';
1505 1849 1554 1872 et:
1574 1854 1583 1870 ι
1609 1845 1675 1872 Des-

887 1889 1034 1916 cendernnt
1041 1889 1108 1916 mala
1115 1897 1129 1915 a
1138 1889 1249 1916 Domino
1257 1896 1336 1922 super
1345 1894 1436 1923 portas
1446 1889 1598 1916 Jerusalem
1607 1890 1646 1922 ";
1661 1897 1673 1917 ι

890 1939 918 1962 et
955 1935 1027 1970 quod
1056 1944 1066 1960 ι
1095 1934 1210 1970 spiritus
1243 1933 1376 1969 malignus
1400 1942 1415 1961 a
1439 1935 1492 1962 Deo
1524 1934 1674 1963 suﬂ‘ocabat

649 1991 932 2019 INTERPRETATIO
952 1991 1058 2019 NOVA.

64 2052 127 2088 quod
140 2053 208 2080 viam
226 2053 305 2081 multi
326 2061 379 2082 non
396 2053 551 2081 invenerint
565 2060 617 2087 qua
632 2058 704 2081 esset
720 2053 747 2080 in
764 2058 856 2081 sancta
871 2053 987 2081 lectione
1003 2053 1192 2081 insistendum.
1207 2053 1272 2081 Duri
1288 2053 1360 2080 enim
1374 2052 1456 2081 corde
1468 2057 1495 2080 et
1509 2052 1600 2080 idiota
1616 2053 1671 2088 qui

65 2092 78 2112 ε
91 2086 290 2116 circumcisione
307 2093 380 2122 sunt,
396 2086 674 2128 prophetiarumqute
688 2089 722 2116 de
737 2089 848 2128 Christo
860 2088 1011 2122 loquuntur
1023 2088 1168 2128 dictionem
1183 2089 1258 2122 sequi
1276 2095 1305 2128 se
1316 2089 1516 2128 existimantes,
1533 2088 1560 2115 in
1575 2086 1671 2128 salva-

68 2126 142 2148 torem
157 2129 277 2150 nostrum
302 2131 354 2151 non
374 2122 550 2151 crediderunt
562 2132 569 2155 ;
583 2126 610 2150 et
629 2130 688 2153 cum
705 2124 871 2151 sensibiliter
887 2130 940 2149 non
957 2127 1101 2150 cernerent
1115 2122 1201 2157 ipsum
1221 2122 1382 2157 praedicasse
1394 2123 1510 2156 captivis
1532 2123 1671 2150 remissio-

66 2161 127 2186 nem,
151 2164 234 2192 neque
256 2157 407 2185 aadilicasse
431 2165 513 2192 quam
528 2165 592 2184 vere
614 2158 728 2185 credunt
743 2165 803 2186 esse
818 2158 954 2185 civitatem
973 2157 1032 2189 Dei,
1049 2164 1137 2191 neque
1163 2159 1359 2185 exterminasse
1379 2165 1477 2185 currus
1501 2157 1628 2191 Ephraim
1644 2161 1672 2184 et

65 2196 151 2227 equum
164 2193 195 2219 de
208 2192 372 2225 Jerusalem,
388 2200 476 2227 neque
495 2192 621 2227 butyrum
639 2197 667 2219 et
683 2192 735 2220 mel
746 2193 918 2227 comedisse,
936 2199 1023 2226 neque
1039 2192 1198 2226 priusquam
1218 2196 1310 2220 nosset
1324 2196 1370 2219 aut
1390 2192 1506 2227 eligeret
1518 2192 1598 2223 mala,
1616 2193 1673 2219 elc-

66 2224 232 2262 gisserbonum
243 2236 251 2260 ;
264 2228 315 2254 rati
332 2224 441 2262 insuper
456 2235 516 2254 esse
533 2224 723 2262 prophetatum
740 2226 799 2254 fore
818 2231 847 2253 ut
861 2227 942 2260 lupus
954 2224 1055 2253 animal
1070 2224 1225 2261 quadrupes
1237 2235 1298 2254 cum
1313 2234 1381 2262 agno
1394 2224 1560 2261 pasceretur,
1573 2229 1675 2261 pardus

67 2266 118 2286 cum
132 2261 207 2288 haedo
217 2261 419 2294 stabularetur;
438 2262 548 2292 vitulus,
565 2267 660 2289 taurus
672 2266 700 2288 et
711 2262 752 2288 leo
765 2261 843 2290 simul
859 2266 1046 2295 pascerentur,
1074 2266 1102 2288 et
1119 2269 1135 2288 ιι
1157 2262 1268 2296 puerulo
1285 2262 1464 2294 ducerentur;
1481 2262 1530 2289 bos
1544 2266 1571 2289 et
1593 2269 1674 2289 ursus

68 2296 240 2332 {mapabulum
256 2302 410 2329 sumerent,
425 2304 518 2324 eorum
534 2297 652 2332 parvulis
664 2297 745 2323 simul
761 2297 882 2332 educatis
897 2304 904 2329 ;
921 2296 964 2322 leo
978 2303 1084 2329 quoque
1099 2301 1127 2322 ut
1141 2296 1188 2323 bos
1208 2297 1284 2332 palea
1301 2301 1480 2332 vesceretur;_
1487 2296 1553 2323 nihil
1573 2296 1671 2322 horum

68 2326 89 2354 in
99 2326 150 2363 eius
161 2338 236 2365 quem
246 2332 385 2359 Christum
400 2326 549 2363 credimus,
563 2333 680 2358 adventu
699 2330 863 2358 seusibiliter
879 2326 1023 2357 cernentes
1039 2326 1150 2364 factum,
1172 2326 1314 2358 Dominum
1329 2335 1451 2357 nostrum
1465 2326 1556 2357 Iesum
1570 2331 1670 2357 nedum

67 2367 228 2400 §useeperint,
254 2374 317 2394 eum
354 2371 483 2400 tanquam
507 2373 568 2393 sese
590 2371 684 2393 contra
711 2366 755 2400 jus
783 2365 924 2393 Christum
955 2365 1124 2400 praedicaret.
1142 2366 1215 2392 cruci
1240 2365 1391 2392 aﬂixerunt.
1427 2365 1550 2400 llaeretiei
1567 2369 1669 2400 autem

69 2395 172 2439 iegenies
187 2408 194 2427 :
214 2395 227 2426 ι’
242 2401 315 2437 Ignis
329 2395 434 2439 exarsit
453 2408 488 2428 ex
502 2400 543 2428 ira
561 2408 635 2433 mea;
649 2405 696 2439 [et
710 2395 726 2439 Ξ.
738 2410 746 2426 ι
763 2400 818 2434 Ego
832 2400 907 2439 Deus
918 2395 1187 2439 aetitttnlatorreddens
1202 2405 1310 2434 peccata
1320 2404 1434 2439 patrum
1444 2400 1471 2426 in
1485 2399 1554 2439 filios
1566 2399 1593 2439 in
1608 2403 1666 2439 ter-

69 2431 122 2459 tiam
133 2438 159 2461 et
171 2431 291 2470 quartam
300 2437 517 2470 generationem;
535 2444 544 2461 ι
562 2439 609 2463 et:
627 2431 636 2461 ι
653 2435 768 2462 Paenitet
786 2431 832 2462 ἶιιο
845 2435 954 2462 unxisse
979 2433 1043 2461 Saul
1064 2434 1090 2460 in
1105 2431 1211 2469 regem}
1231 2444 1241 2462 ι
1255 2439 1282 2462 et
1296 2443 1303 2462 :
1320 2431 1331 2460 ἱ
1346 2434 1402 2468 Ego
1416 2434 1546 2461 Dominus
1565 2433 1671 2460 faciens

99 2490 209 2527 “Zach.
225 2501 263 2527 Ix,
280 2494 323 2521 10.
374 2494 396 2510 ⁸³
411 2496 463 2522 lsa.
480 2502 528 2526 vn,
548 2493 592 2520 15.
631 2493 654 2509 ’°
672 2493 724 2520 lsa.
741 2500 780 2524 tu,
798 2491 813 2518 6
830 2502 833 2519 ε

959 2490 982 2506 “
997 2489 1098 2520 Jerem.
1115 2499 1160 2524 xv,
1177 2491 1222 2519 14.
1274 2491 1297 2507 ⁹¹
1311 2490 1397 2518 Exod.
1414 2498 1462 2524 xx,
1480 2490 1508 2518 5.
1545 2488 1667 2524 "Illeg.

71 2526 157 2557 "tu.
191 2527 213 2543 ”
227 2526 289 2557 Isai.
306 2536 368 2562 XLV,
384 2528 411 2555 ’1.
448 2529 471 2545 ⁸⁵
487 2530 580 2556 Amos.
598 2536 640 2559 ιιι,
657 2527 684 2554 6.
722 2528 745 2543 "
765 2527 805 2554 Μία

203 2528 213 2543 ⁸
227 2526 289 2557 Isai.
306 2536 368 2562 λιν,
384 2528 411 2555 ’1.
448 2529 471 2545 ⁸⁵
487 2530 580 2556 Amos.
598 2536 640 2559 ιιι,
657 2527 684 2554 6.
722 2528 745 2543 "
765 2527 846 2554 Mich.
859 2535 878 2559 ι,
894 2527 937 2554 12.

99 2583 338 2629 gLPttstuqrpsatv,
363 2588 434 2616 idem
455 2588 540 2616 codex
565 2587 666 2622 Regius
686 2587 770 2619 addit,
784 2587 832 2613 καὶ

936 2595 949 2614 e
965 2585 1172 2629 eivitatemIDei.
1189 2595 1198 2611 ι
1214 2585 1297 2626 Paulo
1315 2588 1375 2629 post
1396 2591 1473 2629 mss,
1488 2593 1506 2629 ,ε
1519 2583 1670 2629 Ιεξίειὶιηίι-

70 2618 161 2653 τυφλοῖς
171 2618 336 2659 ἀνάϐλεψιν.’
607 2618 621 2622 “
762 2618 766 2619 7

103 2654 151 2684 (1οὶ
162 2655 263 2684 Primus
276 2659 362 2684 codex
382 2658 493 2684 Regius.
511 2657 683 2684 ἐκλέξασθαι.
697 2656 778 2683 male.

934 2627 950 2649 it
965 2629 1025 2649 esse
1037 2622 1226 2656 prophetatum
1245 2618 1441 2654 quia’deberet.
1458 2629 1468 2645 ι
1487 2619 1569 2652 Editi,
1584 2628 1594 2644 ι
1609 2619 1668 2646 exi-

934 2661 996 2683 nant
1010 2657 1200 2684 nroohetatum
1214 2655 1277 2684 quia
1292 2655 1382 2681 debet.
1401 2662 1411 2679 ι
1575 2659 1582 2666 ·

103 2655 151 2690 (10)
162 2655 263 2685 Primus
273 2655 362 2686 'codex
382 2658 493 2691 Regius,
511 2657 683 2691 ἐκλέξασθαι,
697 2656 778 2683 male.

97 2687 364 2731 “Ui‘lyemu’lnsoﬁv
374 2693 500 2728 Χριστόν.
515 2692 585 2720 Infra
601 2694 683 2726 idem,
698 2691 831 2718 ἐκκέκαυ-

933 2661 996 2683 nant
1010 2655 1200 2690 prophetatum
1214 2655 1277 2716 qpia
1292 2655 1382 2693 debet.
1401 2662 1411 2679 ι
1546 2687 1552 2693 _
1575 2659 1582 2666 ·

933 2691 976 2722 id)
996 2690 1126 2731 l_t_a'recte
1140 2698 1206 2717 mss.
1248 2689 1289 2715 ale
1309 2689 1385 2731 editi,
1402 2696 1413 2731 ι
1434 2687 1667 2731 renittralrigqrnfat:

70 2722 351 2763 ταεεῖεδρυμοδμδυρ
400 2722 416 2763 1
623 2722 684 2763 _'_
773 2761 779 2763 _

933 2734 993 2753 ne.)
1006 2725 1106 2763 ibidem
1119 2731 1197 2763 _mss_.,
1210 2733 1218 2748 ι
1233 2726 1490 2763 assunienterneum
1503 2722 1555 2763 sibi
1565 2722 1666 2750 Christi

44 2752 49 2765 ’
102 2756 150 2794 (l2)
169 2752 221 2789 Duo
233 2752 331 2790 codd:
344 2762 430 2798 Regii,
448 2762 606 2798 ἀγέννητος.
622 2761 750 2793 Tarinus,
768 2761 778 2787 ὀ

931 2752 1141 2799 ιιοιι-ηιιι-ειιὶιίε
1163 2752 1240 2799 deest
1269 2767 1279 2783 ι
1302 2764 1373 2799 eum_
1389 2757 1482 2799 sibi...)
1503 2756 1665 2799 Mox‘mss“

72 2791 147 2830 νητειεέ
384 2791 593 2798 ”’””’
744 2791 798 2794 ’⁷

933 2796 984 2822 uod
1003 2795 1029 2822 in
1047 2795 1104 2830 lege
1119 2794 1249 2829 scriptum
1262 2796 1321 2829 est.
1338 2800 1347 2818 ι
1364 2791 1392 2820 In
1414 2791 1494 2820 editis
1507 2792 1582 2819 deest
1611 2799 1622 2818 ι
1639 2792 1664 2818 iu

103 2826 152 2864 (15)
163 2829 198 2857 lla
214 2838 276 2860 mss.
299 2831 369 2860 Editi
383 2837 483 2867 autem,
500 2841 510 2858 ι
526 2831 628 2867 debuit
644 2831 719 2867 prius
744 2830 827 2859 aedili-
881 2826 950 2864 lege.
967 2839 976 2856 ι

959 2490 982 2506 ⁰¹
997 2489 1098 2520 Jerem.
1115 2499 1160 2524 xv,
1177 2491 1222 2519 14.
