1860 3073
212 92 262 120 559

824 90 978 120 ORIGENI:

1029 93 1082 119 EPI
1100 92 1214 119 AI’XQN
1781 95 1822 123 350

209 151 322 185 Saul";
338 162 347 178 ι
366 155 393 180 et
410 151 493 179 multa
507 151 559 179 alia
571 151 614 179 his
628 151 727 179 similia
742 159 802 186 qua:
816 153 916 188 scripta
938 160 978 180 Slll

1029 162 1036 183 λ
1053 161 1126 184 xeat,
1146 151 1354 187 μυθοποιοῦντες
1370 151 1476 183 ἑαυτοῖς
1490 150 1642 182 ὑποθέσεις,
1656 150 1715 176 καθ’
1728 149 1757 182 9.;
1768 152 1824 178 οἷον-

212 198 342 233 Iegentes,
352 198 441 225 dicere
453 197 561 232 quidem
578 205 625 226 eas
639 206 691 226 non
705 206 765 226 esse
779 197 824 225 Dei
843 198 997 232 Scripturas

212 251 266 270 non
293 243 351 270 ausi
376 248 451 275 sunt,
476 244 521 271 sed
539 251 585 271 eas
597 244 747 271 conditoris
770 243 817 270 Dei
836 243 906 271 illius
917 251 996 277 quem

209 289 294 317 Judaei
317 290 452 323 colebant,
483 295 630 324 putarunt;
650 298 730 325 quem
752 291 855 325 justum
878 294 997 316 tantum—

209 335 302 366 modo,
326 342 378 362 non
392 335 475 362 etiam
492 336 592 362 bonum
607 336 682 368 credi
698 335 798 363 debere
820 335 997 362 existimave-

209 385 288 414 runt;
307 380 476 408 Salvatorem
502 388 566 408 vero
588 373 741 417 advenisse,
759 386 787 408 ut
807 381 996 416 perfectioretn

209 427 288 455 nobis
305 427 479 454 annuntiaret
501 427 595 460 Deum,
610 435 689 463 quem
716 432 815 463 negant
831 434 892 454 esse
904 427 998 454 condi-

209 477 296 499 torem
325 472 429 504 mundi,
447 472 564 500 diversis
593 464 682 499 etiam
697 474 730 500 de
754 473 806 500 hoc
823 473 881 506 ipso
893 473 998 506 Opinio-

1051 205 1094 224 ται
1113 196 1253 230 γεγονέναι
1268 196 1301 221 τὰ
1319 195 1482 230 βλεπόμενα,
1497 196 1543 222 καὶ
1560 195 1641 230 ἕτερά
1654 203 1714 221 τινα
1731 195 1764 230 μὴ
1778 195 1825 229 βλε-

1053 243 1085 269 πί
1091 250 1157 277 μενα
1168 262 1174 274 ,
1194 241 1265 277 ἅπερ
1276 243 1292 276 ὴ
1304 241 1375 275 ψυχὴ
1390 241 1478 268 αὐτῶν
1493 240 1742 276 ἀνειδωλοποίησεν.
1761 241 1826 266 ’Δὶᾷἰι

1054 287 1106 322 μὴν
1129 287 1175 313 καὶ
1198 287 1222 312 οἱ
1242 287 1428 321 ἀκεραιότεροι
1451 286 1505 313 τῶν
1528 286 1581 312 ἀπὸ
1603 286 1653 321 τῆς
1683 286 1826 319 Ἐκκλησίας

1052 333 1205 367 αὐχούντων
1226 333 1378 367 τυγχάνειν,
1402 332 1448 359 τοῦ
1472 333 1521 368 μὲν
1541 331 1710 368 δημιουργοῦ
1733 332 1827 366 pegma

1050 376 1146 402 οὐδένα
1160 376 1350 411 ὑπειλήφασιν,
1369 376 1453 409 ὑγιῶς
1467 376 1546 402 τοῦτο
1562 377 1702 408 ποιοῦντες
1712 385 1718 391 ⁸
1732 376 1827 403 sou-3:1

1050 426 1078 452 δὲ
1098 425 1318 461 ὑπολαμϐάνουσι
1341 426 1406 462 περὶ
1429 426 1512 453 αὑτοῦ
1533 427 1613 454 ὁποῖα
1629 426 1691 453 οὐδὲ
1712 427 1771 463 περτ¹
1790 427 1826 453 τοῦ

1051 472 1192 507 ὠμοτάτου
1209 472 1256 499 καὶ
1271 472 1438 499 ἀδικωτάτου
1457 471 1612 508 ἀνθρώπου.

209 519 292 546 nibus
316 519 499 551 dissidentes;
527 520 653 554 quoniam
674 520 783 554 quidem
811 520 894 548 semel
920 520 1078 547 recedentes
1108 528 1123 546 ιι
1153 520 1204 548 ﬁde
1234 520 1365 547 creatoris
1395 520 1440 547 Dei
1472 520 1517 554 qui
1541 525 1580 547 est
1602 520 1724 548 omnium
1751 519 1825 553 Deus,

208 564 346 598 ﬁgmentis
368 573 398 592 se
419 566 503 593 variis
523 566 579 600 (15)
601 574 633 593 ac
648 566 747 594 fabulis
769 567 935 594 tradiderunt
964 570 1179 594 commentantes
1206 567 1339 601 qutedam,
1361 570 1389 594 ct
1411 566 1533 594 dicentes
1557 566 1611 593 alia
1636 574 1698 594 esse
1729 567 1826 594 visibilia

207 613 236 637 et
251 610 285 636 ab
299 611 352 638 alio
367 611 448 644 facta,
467 612 520 638 alia
539 619 602 638 vero
617 613 741 646 quaedam
760 613 902 640 invisibilia
916 617 944 640 et
960 614 994 640 ab
1011 613 1064 639 alio
1079 612 1198 644 condita,
1222 616 1304 646 prout
1329 612 1370 639 eis
1403 613 1500 639 anima:
1521 620 1576 639 suae
1599 613 1744 646 phantasia
1766 614 1827 639 vani-

209 661 306 692 tasque
326 659 502 693 suggesserit.
520 658 573 686 Sed
586 663 612 685 et
629 659 750 686 nonnulli
772 667 805 686 ex
833 659 1043 694 simplicioribus
1057 659 1160 686 scilicet
1188 666 1283 685 eorum
1313 658 1360 693 qui
1393 658 1463 685 intra
1495 659 1623 686 Ecclesia:
1654 658 1735 685 ﬁdem
1756 659 1826 685 conti-

211 703 270 731 neri
292 703 428 736 videntur,
446 705 574 738 maiorem
592 705 700 739 quidem
718 710 842 733 creatore
876 706 930 733 Deo
958 706 1059 733 nullum
1083 713 1143 732 esse
1158 705 1314 738 opinantur,
1341 709 1443 731 rectam
1463 704 1490 731 in
1506 705 1557 731 hoc
1586 708 1712 731 tenentes
1737 712 1825 731 sanam-

209 758 262 786 que
285 751 460 781 sententiam,
477 758 571 777 verum
595 751 658 778 talia
679 751 712 779 de
733 759 766 778 eo
792 751 924 785 sentiunt,
938 759 998 786 qua:
1026 759 1075 778 nec
1102 751 1134 778 de
1158 750 1249 784 aliquo
1274 749 1452 783 iujustissimo
1478 755 1506 776 et
1526 749 1712 777 immitissimo
1735 749 1825 776 homine

210 797 349 826 sentienda
365 802 439 824 sunt.

249 846 275 873 9.
290 844 392 872 [lorum
403 849 492 871 autem
504 844 624 871 omnium
636 844 709 872 falsze
721 845 904 880 intelligentia».
918 853 978 873 caus

1029 851 1037 876 ι
1085 844 1164 871 Aleia
1176 844 1208 870 δὲ
1225 845 1295 883 πᾶσι¹
1307 844 1363 875 τοῖς
1382 842 1589 879 προειρημένοις
1601 841 1777 877 ψευδοδοξιῶν
1792 843 1825 868 καὶ

214 890 257 917 his
274 890 307 917 de
321 889 419 924 quibus
431 897 512 924 supra
532 889 659 922 diximus,
675 898 726 917 non
742 891 795 917 alia
812 892 927 923 exstitit,
944 892 996 919 nisi

209 935 282 970 quod
298 940 391 962 sancta
413 936 552 969 Scriptura
571 936 605 962 ab
619 935 664 963 his
679 943 732 963 non
750 937 900 964 secundtnn
913 937 994 972 spiri-

208 981 289 1008 talem
312 988 436 1012 sensutn,
457 981 504 1007 sed
520 981 670 1008 secundum
694 981 795 1008 littera:
809 989 904 1009 souqu
917 982 996 1009 intel-

207 1025 314 1060 ligitur.
330 1025 443 1060 Propter
457 1026 530 1060 quod
546 1026 716 1059 conabimttr,
735 1027 816 1062 166
830 1035 878 1062 pro
893 1027 995 1055 medio—

207 1072 306 1098 critate
330 1079 428 1098 sensus
454 1073 608 1104 nostri,his
630 1073 675 1107 qui
704 1074 815 1099 credunt
841 1074 996 1108 Scripturas

206 1123 313 1144 sanctas
337 1117 393 1152 (16)
411 1126 463 1144 non
481 1119 597 1145 humana
614 1119 694 1145 verba
711 1119 798 1153 aliqua
813 1127 872 1146 esse
887 1127 997 1155 compo-

206 1162 270 1194 sita,
289 1163 334 1189 sed
352 1163 439 1189 sancti
456 1162 574 1197 Spit-itus
596 1163 772 1198 inspiratione
785 1165 950 1200 conscripta,
966 1169 995 1192 et

206 1207 347 1235 voluntate
364 1208 411 1234 Dei
432 1208 520 1236 Patris
539 1217 585 1243 per
607 1210 776 1244 unigenitum
795 1210 892 1237 Filium
912 1218 991 1238 suunt

206 1252 299 1280 Jesum
315 1254 450 1281 Christum
469 1255 546 1282 nobis
559 1263 668 1290 quoque
688 1263 747 1283 esse
762 1257 860 1283 tradita
872 1261 898 1283 et
915 1264 991 1284 com-

208 1299 302 1332 missa,
320 1307 379 1334 qua:
401 1300 479 1327 nobis
504 1301 629 1327 videntur
653 1306 725 1328 recta
742 1302 784 1327 via
808 1302 993 1336 intelligentia:

205 1345 425 1379 observantibus,
439 1345 631 1373 detnonstrare
647 1346 720 1372 illam
741 1346 860 1380 regulam
874 1351 899 1373 et
911 1347 994 1374 disci-

205 1392 306 1426 plinatn
326 1399 408 1426 quam
433 1391 468 1418 ab
491 1391 555 1419 Jesu
573 1392 681 1418 Christo
701 1392 827 1418 traditam
846 1392 897 1418 sibi
923 1399 992 1426 apo-

204 1437 278 1470 stoli,
293 1444 341 1471 per
360 1438 563 1465 successionem
580 1438 698 1472 posteris
717 1445 826 1472 quoque
853 1438 908 1464 suis
930 1445 992 1464 san-

204 1489 276 1511 ctam
288 1484 436 1512 Ecclesium
451 1484 623 1515 docentibus,
645 1484 823 1511 tradiderunt.
836 1483 868 1510 Et
882 1484 990 1519 quidem

205 1530 277 1564 quod
295 1530 512 1564 dispensationes
538 1530 663 1564 qumdatn
692 1530 812 1564 mysticae
837 1530 990 1558 iudicentur

205 1583 254 1610 per
268 1576 424 1609 Scripturas
445 1579 555 1602 sanctas
565 1596 571 1608 ,
588 1583 682 1603 onmes
692 1596 699 1608 ,
714 1580 742 1602 ut
756 1576 885 1608 arbitror,
905 1576 988 1603 etiam

205 1621 386 1656 simpliciores
412 1621 512 1655 quique
536 1620 704 1648 credentium
722 1622 896 1648 conlitcutur.
924 1621 990 1654 Qua:

205 1673 295 1695 tanten
308 1667 377 1698 istic,
392 1667 432 1693 vel
445 1667 593 1700 cuiusmodi
609 1667 674 1698 sint,
689 1667 711 1694 si
726 1667 786 1701 quis
798 1673 878 1694 recta:
890 1668 989 1694 mentis

1048 890 1179 917 ἀσεϐειῶν
1199 891 1255 925 (l'l)
1278 890 1294 925 ἢ
1316 888 1458 916 ἰδιωτικῶν
1477 889 1542 923 περὶ
1563 887 1632 914 Θεοῦ
1656 888 1761 922 λόγων,
1788 887 1824 913 οὐκ

1046 937 1113 972 ἄλλη
1136 945 1177 968 τις
1195 934 1264 962 εἶναι
1285 935 1359 962 δοκεῖ
1417 934 1512 970 Γραφὴ
1528 934 1598 960 κατὰ
1614 933 1650 960 τὰ
1672 933 1825 968 πνευματικὰ

1049 982 1085 1018 μὴ
1101 982 1250 1017 νενοημένη
1261 1002 1268 1013 ,
1289 981 1346 1008 ἀλλ’
1363 980 1401 1011 ὡς
1417 980 1486 1016 πρὸς
1501 979 1532 1006 τὸ
1548 979 1624 1014 ψιλὸν
1639 979 1758 1014 γράμμα
1773 978 1824 1011 ἐξει-

1046 1027 1183 1062 λημμὲνη.
1196 1026 1297 1061 Διόπερ
1311 1027 1367 1057 τοῖς
1377 1024 1548 1060 πειθομένοις
1561 1024 1598 1060 μὴ
1609 1025 1660 1051 ἀνθ
1666 1024 1763 1060 ρώπων
1771 1022 1824 1050 εἶναι

1048 1073 1251 1107 συγγράμματα
1267 1072 1316 1103 τὰς
1337 1071 1412 1106 ἱερὰς
1430 1071 1552 1106 βίϐλους,
1575 1071 1631 1097 ἀλλ’
1657 1071 1687 1104 ἐξ
1704 1070 1824 1100 ἐπιπνοίας

1046 1117 1092 1144 τοῦ
1106 1118 1182 1151 ἁγίου
1199 1117 1354 1152 Πνεῦματος
1364 1117 1514 1152 βουλήματι
1529 1117 1575 1142 τοῦ
1590 1117 1700 1152 Πατρὸς
1712 1116 1763 1143 τῶν
1771 1116 1822 1142 ὅλων

1046 1163 1089 1190 διὰ
1119 1163 1206 1198 Ἰησοῦ
1230 1162 1347 1198 Χριστοῦ
1369 1163 1471 1194 ταύτας
1495 1162 1706 1198 ἀναγεγράφθαι
1735 1163 1777 1188 καὶ
1795 1163 1822 1192 εἰς

1046 1209 1120 1244 ἡμᾶς
1134 1208 1302 1243 ἐληλυθέναι,
1319 1208 1368 1239 τὰς
1386 1207 1550 1242 φαινομένας
1562 1208 1641 1239 ὁδοὺς
1658 1207 1820 1234 ὑποδεικτέον

1046 1253 1186 1288 ἐχομένοις
1202 1253 1248 1279 τοῦ
1266 1253 1375 1285 κανόνος
1391 1253 1441 1287 τῆς
1462 1253 1549 1288 Ἰησοῦ
1566 1253 1688 1288 Χριστοῦ
1701 1253 1769 1279 κατὰ
1779 1253 1822 1278 δια-

1045 1299 1126 1334 δοχὴν
1143 1298 1197 1325 τῶν
1214 1299 1371 1325 ἀποστόλων
1389 1299 1515 1334 οὐρανίου
1537 1299 1714 1334 Ἐκκλησίας.
1729 1299 1777 1325 Καὶ
1792 1299 1821 1324 5::

1046 1347 1095 1382 μὲν
1116 1348 1269 1382 οἰκονομίαι
1289 1347 1342 1373 εἰσί
1358 1356 1431 1379 τινες
1453 1347 1584 1383 μυστικαὶ
1604 1347 1767 1382 δηλούμεναι
1789 1346 1821 1371 διὰ

1043 1393 1097 1419 τῶν
1113 1393 1193 1419 Θείων
1210 1393 1229 1418 Γ
1233 1393 1336 1428 ραφῶν,
1357 1393 1458 1425 πάντες
1474 1393 1520 1420 καὶ¹
1534 1394 1558 1419 οι
1575 1393 1767 1428 ἀκεραιότατοι
1781 1392 1820 1417 τῶν

1042 1437 1082 1474 τῷ
1096 1438 1168 1473 λόγῳ
1188 1439 1356 1474 προσιόντων
1378 1438 1576 1465 πεπιστεύκασι
1588 1447 1595 1452 ·
1614 1438 1689 1469 τίνες
1704 1437 1732 1464 δὲ
1748 1435 1819 1465 αὗται.

1043 1483 1067 1510 οἱ
1092 1483 1264 1518 εὐγνώμονες
1288 1483 1337 1510 καὶ
1357 1484 1454 1518 ἄτυφος.
1477 1482 1638 1518 ὁμολογοῦσι
1667 1482 1705 1517 μὴ
1731 1481 1818 1508 εἰδέναι.

1042 1529 1073 1555 Εἰ
1088 1529 1152 1563 γοῦν
1169 1530 1342 1565 ἐπαπορήσαι
1356 1529 1412 1564 (l8)
1426 1538 1469 1560 τις
1484 1528 1610 1564 περὶτῆς
1621 1527 1672 1554 τοῦ
1685 1527 1745 1554 Λὼτ
1755 1527 1818 1560 Θυγα-

1042 1575 1193 1610 τρομιξὶας,
1210 1575 1318 1602 καὶτῶν
1330 1576 1376 1602 δύο
1390 1575 1526 1610 γυναικῶν
1539 1575 1585 1601 τοῦ
1604 1574 1740 1610 Ἀϐραὰμ,
1752 1573 1790 1600 δύο
1798 1579 1817 1598 τε

1042 1618 1164 1653 ἀδελφῶν
1178 1628 1285 1655 γεγαμη
1291 1621 1378 1655 μένων
1389 1620 1428 1655 τῷ
1450 1620 1556 1651 Ἰακὼϐ,
1568 1621 1616 1646 καὶ
1629 1620 1680 1646 δύο
1690 1617 1817 1645 παιδισκῶν

1042 1664 1246 1690 τετεκνωκυιῶν
1256 1664 1284 1697 ἐξ
1292 1664 1384 1695 αὑτοῦ,
1397 1665 1473 1690 οὐδὲν
1481 1664 1544 1691 ἄλλο
1556 1664 1692 1699 φήσουσιν
1703 1664 1719 1699 ἦ
1736 1663 1818 1698 μυστή-

203 1718 256 1744 esl,
283 1719 333 1739 nec
341 1712 480 1747 jactantia:
496 1713 561 1739 vitio
576 1712 713 1747 fatigatur,
731 1713 881 1747 religiosius
897 1721 926 1740 se
947 1714 978 1740 fa.

1042 1717 1086 1744 ρια
1095 1710 1181 1736 ταῦτα
1189 1711 1343 1745 τυγχάνειν,
1352 1711 1397 1744 ὑφ’
1405 1710 1483 1745 ἡμῶν
1495 1711 1531 1745 μὴ
1541 1711 1685 1745 νοούμενα.
1696 1710 1769 1736 Ἀλλὰ
1783 1709 1816 1734 καὶ

205 1759 306 1786 tebitur
318 1759 453 1794 ignorare.
463 1758 530 1785 Nam
543 1759 564 1786 si
578 1759 648 1793 quis,
658 1759 732 1786 verbi
743 1760 843 1793 gratia,
853 1764 987 1794 proponat

203 1806 284 1833 nobis
299 1805 333 1833 de
343 1805 451 1832 ﬁliabus
469 1805 528 1836 Lot,
543 1805 614 1839 quod
632 1805 700 1840 patri
718 1811 813 1832 contra
832 1805 871 1833 fas
889 1806 983 1832 viden-

1039 1757 1108 1784 ἐπὰν
1115 1758 1131 1790 ἡ
1141 1756 1296 1792 κατασκευὴ
1305 1756 1353 1791 τῆς
1362 1757 1465 1791 σκηνῆς
1472 1756 1706 1792 ἀναγινώσκηται,
1714 1755 1815 1789 πειθόμε-

1039 1813 1078 1831 νοι
1086 1804 1186 1833 τύπους
1193 1801 1303 1829 εἶναιτὰ
1311 1803 1501 1838 γεγραμμένα,
1512 1802 1637 1838 ζητοῦσιν
1647 1803 1665 1829 ἃ
1678 1803 1813 1838 δυνήσονται

797 1864 996 1892 INTERPRET
1002 1864 1084 1892 ATIO
1105 1863 1151 1891 ΝΟ
1157 1863 1209 1890 VA.

198 1921 293 1949 pacem
309 1917 336 1940 et
350 1920 447 1949 creans
463 1912 550 1949 mala;
577 1922 586 1938 ι
601 1916 631 1949 et
643 1912 700 1949 alio»
712 1912 771 1939 loco
790 1922 797 1939 :
816 1922 824 1949 ι
840 1913 897 1939 Non
916 1913 1068 1949 cstinalum
1084 1913 1109 1939 in
1123 1912 1235 1939 civitate
1249 1911 1322 1949 quod
1339 1918 1392 1937 non
1408 1911 1681 1949 [ίςερνίι-ῡοῐιιῐειιιιςςΔ
1694 1922 1704 1938 ι
1721 1915 1747 1949 e_t
1764 1910 1812 1949 illud

200 1945 327 1983 insuper:
341 1957 350 1973 ι
367 1947 649 1983 Deseenderuntmala
667 1956 680 1973 ει
693 1947 805 1974 Domino
818 1948 843 1974 in
859 1953 950 1982 portas
958 1947 1126 1977 Jerusalem;
1141 1957 1149 1972 ι
1164 1951 1191 1973 et
1205 1957 1211 1973 :
1225 1955 1234 1971 ι
1248 1945 1369 1983 Spiritus
1382 1947 1490 1973 malusa
1503 1947 1557 1973 Deo
1568 1945 1720 1983 sull‘ocabat
1731 1946 1809 1983 $.1an

199 1989 227 2011 et
245 1981 349 2009 ititinila
366 1983 559 2017 propemodum
577 1982 619 2008 his
634 1983 798 2014 consimilia,
815 1981 914 2017 negare
928 1984 1035 2017 quidem
1057 1990 1104 2008 eas
1122 1990 1190 2008 csse-
1208 1982 1253 2007 llci
1281 1981 1438 2017 Scripturas
1454 1989 1506 2007 non
1522 1982 1580 2017 ausi
1596 1987 1672 2013 sunt,
1694 1984 1738 2008 sed
1757 1981 1811 2007 illitis

199 2026 279 2052 quem
291 2016 376 2044 Judaei
391 2017 484 2043 coluttt
498 2017 640 2043 Creatoris
653 2025 702 2052 eas
721 2024 782 2044 esse
799 2016 861 2048 rati;
878 2016 954 2051 quas]
973 2017 1150 2051 imperfectus
1165 2024 1214 2043 nec
1227 2017 1314 2042 bonus
1329 2021 1401 2042 esset
1414 2016 1457 2042 ille
1469 2016 1604 2046 conditur,
1619 2017 1744 2043 arbitrati
1760 2021 1810 2041 sunt

199 2051 342 2079 advenisse
355 2052 523 2079 Salvmorem
538 2052 582 2085 qui
600 2051 791 2085 perfectioretu
807 2054 980 2079 annuutiaret
995 2053 1076 2079 Deum
1094 2059 1174 2085 quem
1187 2052 1344 2078 dicuntnon
1362 2058 1422 2076 esse
1440 2051 1531 2077 mundi
1544 2052 1684 2084 opilicent,
1695 2052 1720 2077 in
1737 2051 1811 2077 varias

197 2095 230 2114 ea
246 2088 278 2114 de
294 2095 322 2113 re
337 2087 439 2120 abrepti
467 2086 627 2117 sententias,
641 2092 668 2114 et
692 2091 833 2121 postquam
849 2096 863 2113 a
886 2088 1016 2114 Creatore
1028 2088 1072 2120 qui
1091 2091 1132 2113 est
1157 2086 1290 2120 ingenitus
1310 2085 1384 2112 solus
1402 2085 1484 2117 Deus,
1499 2085 1668 2117 defecerunt,
1688 2085 1808 2120 ﬁgmentis

199 2122 555 2154 adlmserunt,excogitatis
572 2121 673 2147 lictitiis
687 2122 880 2156 hypothesibus
902 2123 1050 2149 secundum
1067 2130 1133 2155 quas
1150 2122 1218 2147 facta
1235 2128 1295 2147 esse
1322 2125 1418 2154 putant
1434 2121 1561 2156 visibilia,
1576 2125 1603 2146 et
1625 2121 1678 2148 alia
1702 2121 1810 2155 qll'rEdtllll

199 2156 347 2183 invisibilia
361 2163 421 2189 qnze
431 2157 521 2181 animo
543 2156 595 2182 sibi
614 2156 760 2182 ﬂuxerunt.
775 2156 928 2188 Quinetiam
955 2157 1135 2190 simpliciores
1147 2156 1268 2183 nonnulli
1285 2156 1330 2188 qui
1348 2162 1377 2180 se
1390 2156 1423 2181 de
1440 2155 1559 2181 Ecclesia
1577 2162 1638 2182 esse
1663 2156 1808 2190 gloriantur,

199 2191 332 2217 Creatore
352 2190 460 2224 quidem
491 2190 591 2216 nullum
631 2190 758 2223 majorem
791 2191 958 2223 existimant,
975 2189 1067 2218 sanam
1092 2192 1142 2218 hac
1165 2193 1191 2217 in
1219 2198 1246 2217 re
1265 2190 1381 2223 amplexi
1417 2191 1593 2222 sententiam,
1610 2189 1706 2218 verum
1729 2198 1758 2217 ea
1782 2189 1808 2215 de

200 2225 260 2260 ipso
277 2225 450 2259 suspicantur
471 2232 530 2258 qum
546 2232 579 2251 ne
594 2225 627 2251 de
639 2225 697 2258 ipso
718 2225 824 2252 homine
840 2227 946 2259 quidem
965 2227 1152 2253 crudelissimo
1167 2231 1192 2252 et
1210 2225 1390 2259 injustissitno
1407 2225 1527 2260 cogitare
1543 2225 1582 2251 las
1599 2225 1646 2253 sit.

235 2260 263 2287 9.
281 2260 315 2287 lis
331 2265 420 2286 autem
435 2261 561 2286 omnibus
575 2260 647 2286 nulla
662 2260 792 2286 falsarum
800 2261 969 2294 opinionum,
986 2262 1056 2287 milia
1074 2261 1220 2294 impietatis
1235 2265 1262 2287 et
1278 2259 1438 2286 stolidorutn
1451 2260 1483 2286 de
1498 2259 1551 2286 Deo
1569 2267 1725 2287 sermonum
1738 2265 1805 2286 causa

199 2302 260 2322 esse
275 2296 327 2321 alia
343 2295 451 2330 videtur
463 2302 544 2327 quam
559 2294 700 2328 Scriptura
719 2302 770 2320 non
791 2296 941 2322 secundum
958 2296 1110 2330 spiritalem
1137 2303 1246 2322 sensum
1263 2295 1412 2326 intellecta,
1431 2295 1479 2320 sed
1495 2295 1646 2322 secundum
1671 2294 1803 2330 litteralent

199 2335 323 2363 accepta.
343 2328 512 2362 Quapropter
527 2329 559 2355 iis
573 2327 628 2362 qui’
639 2337 799 2363 persuasqu
816 2330 917 2357 habent
929 2327 1022 2357 suc-ros
1035 2331 1119 2358 libros
1135 2339 1186 2357 non
1201 2330 1340 2356 hominum
1356 2336 1417 2355 esse
1438 2329 1660 2361 conmentarios,
1675 2330 1720 2356 sed
1733 2327 1805 2356 sancti

199 2365 322 2399 Spiritus
337 2363 440 2395 atllatu,
461 2363 598 2399 voluntate
614 2364 660 2390 Dei
677 2365 795 2398 parentis
809 2366 999 2392 universorum
1021 2373 1069 2399 per
1087 2365 1178 2392 .lcsum
1195 2365 1333 2392 Christum
1349 2364 1468 2398 scriptos
1482 2371 1544 2390 esse
1559 2369 1588 2391 et
1606 2366 1639 2390 ad
1655 2373 1704 2391 nos
1722 2371 1803 2399 perve-

197 2398 283 2432 nisse,
304 2407 359 2433 qua
375 2406 416 2424 vra
428 2399 454 2425 in
467 2405 559 2425 eorutn
574 2398 716 2425 lectionem
729 2399 908 2426 insistendum
928 2408 987 2426 esse
1000 2398 1078 2427 nubis
1093 2401 1231 2432 videatur,
1245 2399 1367 2426 indicare
1381 2399 1552 2430 conabimur,
1573 2406 1682 2426 servata
1699 2398 1804 2426 cmlestis

198 2435 346 2462 secundum
363 2434 563 2469 successionem
587 2434 769 2466 apostoloruut
795 2435 920 2462 Ecclesire
941 2435 1004 2462 Jesu
1028 2435 1127 2462 Christi
1146 2435 1249 2469 regula.
1275 2435 1307 2460 Et
1329 2441 1390 2461 esse
1415 2433 1526 2468 quidem
1542 2435 1674 2469 tnysticas
1688 2433 1802 2469 quasdam

195 2469 412 2504 dispensationes
423 2476 492 2503 quas
509 2467 608 2504 divina:
623 2468 769 2503 Scriptura-
785 2470 913 2502 indicant,
937 2471 1018 2497 etiam
1045 2467 1228 2504 simpliciores
1254 2469 1373 2496 ﬁdelium
1397 2467 1528 2504 credunt;
1551 2467 1678 2504 quamam
1696 2467 1801 2504 verolne

195 2501 262 2538 sini,
283 2505 386 2532 cordati
401 2501 560 2531 et’modcsti
572 2501 718 2530 uescirebe
737 2503 866 2532 fatentur.
881 2506 973 2548 Qpare
989 2506 1010 2532 si
1031 2506 1091 2539 quis
1102 2501 1258 2532 sciscitetur
1274 2505 1306 2531 de
1328 2510 1478 2539 congressu
1498 2503 1548 2530 Lot
1560 2501 1634 2531 'cum
1650 2504 1760 2535 ﬁliabus,
1775 2501 1802 2528 de

230 2575 253 2590 ⁸⁷
275 2573 282 2600 I
298 2573 363 2608 Reg.
381 2580 458 2606 mn,
474 2571 517 2599 l0.

1032 2640 1131 2663 centnr
1156 2642 1205 2670 per
1227 2635 1384 2670 Scripturas
1406 2641 1527 2664 sanctas.
1549 2646 1557 2663 ι
1584 2637 1612 2664 1η
1634 2637 1712 2664 editis
1736 2635 1797 2662 deeSt
1836 2631 1837 2635 ‘

1032 2680 1041 2696 ι
1060 2676 1178 2697 sanctas.
1207 2680 1216 2696 ι
1246 2671 1347 2706 Ibidem
1374 2679 1451 2702 mss.,
1474 2680 1483 2696 ι
1503 2671 1685 2705 simpliciores
1711 2670 1796 2706 quique

1027 2706 1205 2732 credentium.
1225 2715 1234 2730 ι
1250 2705 1276 2732 ln
1292 2707 1370 2733 editis
1387 2707 1470 2738 deest,
1486 2715 1496 2731 ι
1515 2707 1693 2734 credentium
1710 2715 1718 2731 ι

1026 2740 1118 2800 6_(l'l)
1137 2740 1244 2767 Primus
1260 2742 1345 2768 codex
1365 2740 1475 2776 llegius,
1493 2741 1662 2775 ψευδολόγων
1676 2741 1720 2768 καὶ
1739 2740 1792 2766 ἀσε-

1042 2784 1079 2800 ων

1042 2784 1116 2846 ωδε)
1136 2809 1244 2839 Primus
1257 2811 1322 2846 Reg.
1340 2811 1436 2844 codex,
1449 2811 1629 2846 ἐπαπορήσει.

229 2641 287 2678 (l5)
307 2640 353 2668 Sic
368 2648 434 2678 mss.
446 2639 672 2678 __E_dit‘i_autem.,_‘t
689 2639 774 2664 vanis.
789 2646 799 2662 ι
820 2636 909 2678 Paulo‘
917 2642 978 2678 post

196 2672 301 2710 ms‘s.,'t
319 2684 352 2703 ex
374 2674 585 2708 simplicioribus
609 2673 724 2710 scilicet_
737 2680 841 2699 eorum.
860 2681 869 2697 ι
890 2672 975 2703 Editi,

199 2722 207 2737 ι
222 2720 254 2739 ex
267 2706 481 2745 'simplicioribus
503 2709 662 2745 quibusque.
673 2717 688 2745 Δι
701 2706 760 2745 Mox
781 2715 857 2745 mss,
874 2715 884 2732 ι
899 2714 976 2733 crea-

195 2751 253 2773 tore
269 2743 441 2773 Deo‘nullum
463 2751 532 2772 esse.
545 2754 554 2769 ι
568 2743 595 2771 lu
615 2743 693 2771 editis
708 2744 800 2774 deest,
820 2750 828 2766 ε
850 2743 904 2768 Deo
917 2750 926 2766 ι
947 2746 973 2768 et

193 2790 207 2852 Δ.
222 2789 291 2850 Tt?)-
307 2790 430 2843 ἐαηειαι.
443 2814 521 2843 Deest
542 2814 569 2842 in
585 2814 674 2842 editis.
689 2813 759 2840 Infra
781 2818 859 2844 mss.,
875 2820 883 2836 ε
902 2810 970 2837 indi-
