1853 3073
64 145 109 171 593

633 139 731 166 LIBER
749 138 923 171 QUARTUS.

64 201 154 236 χωρίου
177 199 253 235 ᾇδου,
269 199 355 225 τόπων
373 198 508 234 διαφόρων
530 198 672 233 τυγχάνειν
696 199 767 224 κατὰ
789 198 837 232 τὴν

923 197 947 231 2)
968 203 1016 231 pro
1040 197 1146 224 actibus
1163 196 1219 224 suis
1236 200 1263 223 et

64 245 195 280 ἀναλογίαν
219 244 272 271 τῶν
293 244 514 279 ἁμαρτημάτων,
533 243 618 274 οὕτως
638 245 662 270 οἱ
678 243 781 270 ὲκεῖοεν
802 244 835 270 ἵν’

64 293 138 323 οὕτως
155 292 232 322 εἴπω,
251 290 465 325 ἀποθνήσκοντες
480 290 520 320 εις
536 290 580 315 τὸν
597 289 661 324 ᾅδην
676 289 768 315 τοῦτον
787 298 836 315 κα-

64 338 206 365 ταϐαίνουσι
217 336 369 372 κρινόμενοι
383 335 451 368 ἄξιοι
462 335 514 360 τῶν
526 335 570 361 τοῦ
582 335 680 366 παντὸς
697 335 835 370 περιγεὶου

64 383 134 409 τόπου
154 382 289 417 διαφόρων
314 381 476 416 οἰκητηρίων
495 380 665 415 βελτιόνωνῆ
687 381 814 416 χειρόνων
828 390 834 395 ο

64 429 102 455 καὶ
113 427 183 463 παρὰ
203 427 288 453 τοῖσδε
304 426 319 462 ἣ
344 426 428 453 τοῖσδε
441 428 496 457 τοῖς
506 426 649 461 ’πατράσιν-
663 426 700 458 ὡς
710 426 837 453 δύνασθαί

64 484 117 501 ποτε
136 474 304 509 Ίσραηλίτηυ
321 475 412 500 πεσεῖν
429 475 458 505 ἐς
472 473 578 505 Σκύθας
589 493 595 504 ,
621 473 668 499 καὶ
691 473 837 507 Αἰγύπτιον

63 522 95 551 εἰς
104 520 148 555 τὴν
166 519 293 546 Ἰουδαίαν
305 519 450 546 κατελθεῖν.
466 518 537 554 Πλὴν
549 519 562 545 ὁ
574 519 666 554 Σωτὴρ
677 520 837 552 συναγαγεῖν

62 565 117 601 ἦλθε
129 566 161 592 τὰ
175 566 298 601 πρόϐατα
320 566 353 592 τὰ
372 565 529 592 ἀπολωλότα
551 565 624 591 οἴκου
648 565 764 601 Ἰσραήλ.
783 566 837 592 Καὶ

64 611 155 637 πολλῶν
169 611 221 637 ἀπὸ
236 611 282 637 τοῦ
307 609 415 646 Ἰσραὴλ
433 609 469 645 μὴ
486 609 612 641 εἰξάντων
636 609 668 643 τῇ
684 608 842 643 διδασκαλῖᾳ

891 243 993 270 meritis
1003 243 1264 277 dispensantnrpro-

891 294 919 316 ιιι
931 289 1003 323 digni
1023 289 1122 315 fuerim
1137 289 1262 324 judicati,

891 335 934 361 alii
950 336 1057 369 quidem
1072 335 1098 361 in
1116 335 1203 362 locum
1218 335 1264 370 qui

890 382 987 408 dicitur
1010 380 1149 413 infernus,
1171 380 1217 407 alii
1237 380 1263 406 in

891 427 977 453 sinuat
1000 426 1132 458 Abrahm,
1163 431 1192 453 et
1216 433 1264 460 per

891 474 995 500 diversa
1009 481 1123 508 qumque
1137 474 1176 501 vel
1193 473 1262 508 loca,

892 519 932 545 vel
952 519 1114 551 mansiones;
1133 521 1167 546 ita
1180 520 1262 546 etiam

891 575 922 592 ex
941 567 993 594 illis
1011 567 1078 594 locis
1101 567 1173 593 velut
1196 567 1262 599 illic,

892 614 912 638 si
932 613 984 639 dici
997 617 1094 647 potest,
1107 613 1262 644 morientes,

1621 141 1672 167 594

1298 201 1322 224 et
1342 197 1449 229 animm,
1469 197 1549 231 juxta
1566 205 1672 231 operum

1299 243 1473 277 di/fereniinm
1489 245 1590 271 diversa
1603 245 1672 278 apud

1300 288 1397 323 inferos
1409 289 1524 316 obtinent
1541 291 1598 316 loca
1613 299 1622 316 :
1637 291 1674 316 sie

1300 335 1344 367 qui
1354 334 1385 360 de
1392 335 1500 362 caelestis
1514 335 1672 367 Jerusalem.

1302 385 1329 407 ut
1347 381 1383 407 ita
1397 381 1495 413 dicunt,
1503 381 1675 408 administra-

1301 427 1370 454 tione
1380 428 1539 460 moriuntur,
1547 429 1581 454 ad
1594 430 1674 454 nostri

1301 473 1392 500 mutuli
1427 473 1530 507 inferna
1566 474 1674 501 descen-

1301 520 1364 546 dunt
1380 540 1388 552 ,
1417 527 1443 546 ut
1475 529 1522 554 pro
1548 521 1675 555 qualitate

1301 567 1474 598 meritorum,
1507 568 1610 594 diuersa
1649 569 1675 593 in

1303 613 1380 639 terris
1399 614 1547 647 possideant
1562 617 1630 640 Iaca.

63 657 144 689 αὑτοῦ,
162 657 185 683 οἱ
199 657 252 683 ἀπὸ
268 656 320 683 τῶν
332 655 415 682 ἐθνῶν
429 655 584 682 καλοῦνται.

924 658 1028 691 superis
1040 657 1065 685 in
1080 657 1152 684 hunc
1167 657 1284 684 inferum
1297 657 1473 685 descendunt.
1491 657 1557 684 Nam
1572 657 1616 685 ille
1633 657 1674 683 iu-

64 706 128 730 turus
152 704 181 729 ad
203 711 283 736 quem
309 702 372 730 hinc
395 701 568 729 morientium
587 700 684 728 animo:
705 701 849 733 ducuntur,
866 704 949 730 credo
967 702 1033 737 ('25),
1053 703 1088 729 ob
1106 704 1174 730 hanc
1203 704 1404 731 distinctionem
1423 704 1543 730 infernus
1560 703 1674 730 inferior

65 762 75 776 a
95 751 227 784 Scriptura
249 749 414 781 nominatur,
430 749 500 776 sicut
516 748 615 775 dicitur
627 748 653 774 in
668 748 782 775 Psalmis
797 759 803 776 :
818 759 826 774 ι
846 750 912 782 Quia
927 750 1048 777 liberasti
1060 751 1177 777 animant
1194 758 1281 777 meam
1297 758 1331 777 ex
1347 751 1452 777 inferno
1469 751 1588 777 inferiori
1604 751 1648 779 ³⁷⁸.
1665 761 1673 775 ι

66 797 244 830 Unusquisque
255 803 320 830 ergo
333 795 554 822 descendentium
571 795 713 827 in_terram
731 803 780 829 pro
795 797 909 828 meritis,
927 797 967 824 vel
986 797 1044 824 loco
1068 805 1117 825 suo
1134 805 1213 832 quem
1233 798 1270 824 ibi
1293 797 1425 825 habuerat
1445 797 1512 832 (Ἡ),
1532 797 1675 831 dispensa-

66 849 101 869 tur
116 843 140 869 in
156 843 207 870 hoc
222 843 325 868 mundo
341 842 366 868 in
382 841 498 868 diversis
513 841 554 868 vel
570 841 647 874 locis,
661 842 703 869 vel
714 842 847 876 gentibus,
866 843 906 868 vel
921 844 1185 875 conversationibus,
1205 844 1286 878 186
1314 843 1354 870 vel
1372 842 1577 870 intirmitatibus
1589 840 1676 875 nasci.

65 888 98 915 vel
114 897 126 915 a
141 889 286 923 religiosis,
304 893 349 914 aut
363 892 437 914 certe
453 888 542 914 minus
558 889 611 921 piis
622 889 776 923 parentibus
789 890 923 923 generari,
939 891 974 916 ita
992 895 1021 917 ut
1040 891 1186 925 aliquando
1198 891 1335 925 contingat
1356 890 1504 916 lsraelitam
1518 889 1544 916 in
1558 888 1676 924 Scythas

65 936 229 969 descendere,
256 941 284 962 ct
308 935 460 972 Egyptium
482 942 626 968 pauperem
642 935 738 961 deduci
759 935 791 961 ad
809 935 939 962 Iuda-nm.
960 937 1151 964 Verumtamen
1171 937 1294 964 Salvator
1307 942 1400 963 uOSIer
1418 943 1584 970 congregare
1600 935 1676 962 venit

64 993 120 1012 0-:es
131 992 185 1018 qua:
198 984 337 1019 perierant
351 985 445 1008 domus
459 981 559 1014 Israel;
574 986 601 1008 et
615 988 675 1008 cum
696 981 803 1016 plurimi
818 990 849 1007 ex
869 982 998 1009 lsraelitis
1025 990 1075 1009 non
1094 983 1292 1017 acquievissent
1304 982 1433 1010 doctrinae
1452 981 1521 1016 ejus,
1538 981 1564 1007 hi
1579 981 1624 1015 qui
1640 988 1673 1007 ex

64 1031 176 1066 gentibus
191 1034 280 1060 erant,
295 1028 381 1054 vocati
396 1027 478 1055 sunt:

94 1076 162 1104 Unde
176 1082 345 1109 consequens
360 1074 493 1101 videbitur
508 1072 564 1108 (9'5)
581 1073 662 1100 etiam
679 1071 835 1106 prophetias
853 1076 871 1102 Β

65 1131 117 1157 qua:
132 1123 242 1157 singulis
257 1121 386 1156 gentibus
407 1121 592 1154 proferuntur,
609 1119 730 1146 revocari
752 1118 838 1152 magis

66 1170 93 1195 act
109 1169 209 1195 animas
224 1168 325 1194 debere
339 1187 347 1198 ,
371 1170 398 1193 et.
422 1166 546 1193 diversas
564 1165 717 1191 mansiones
743 1171 837 1190 earnm

65 1214 185 1242 ctelestcs.
207 1214 259 1241 Sed
275 1218 303 1240 et
318 1213 445 1239 historias
460 1219 549 1238 rerum
567 1215 714 1246 gestarum.
729 1218 788 1244 qua:
800 1209 834 1236 di-

66 1263 152 1285 cuntur
176 1258 218 1285 vel
243 1258 315 1293 genti
337 1257 434 1290 lsrael,
450 1257 492 1284 vel
508 1256 668 1287 Jerusalem,
686 1256 728 1282 vel
741 1254 839 1282 Judcetc

66 1304 201 1336 accidisse,
226 1304 282 1331 illis
305 1303 346 1330 vel
368 1303 422 1330 illis
451 1302 576 1338 gentibus
599 1301 837 1337 impugnantibus,

66 1351 279 1384 perscrutandnm
303 1354 384 1377 estet
404 1349 633 1384 perquirendum,
658 1348 785 1383 quoniam
812 1348 838 1374 in

66 1395 258 1430 quamplurimis
273 1394 449 1430 corporaliter
460 1399 535 1430 gesta
550 1402 602 1420 non
619 1397 756 1425 constant,
771 1401 837 1426 quo-

67 1443 136 1470 modo
158 1442 240 1477 magis
262 1442 315 1468 ista
337 1441 533 1468 conveniebant
556 1439 608 1466 illis
622 1439 747 1474 gentibus
768 1439 837 1475 (25‘)

67 1487 215 1521 animarum,
232 1494 294 1521 qum
308 1487 332 1513 in
346 1486 416 1513 coelo
431 1487 491 1518 isto,
505 1485 576 1520 quod
592 1485 707 1512 transire
729 1485 835 1516 dicitur,

67 1533 194 1565 habitant,
217 1532 258 1559 vel
276 1532 359 1559 etiam
384 1539 455 1558 nttnc
472 1531 595 1558 habitare
613 1530 739 1564 putandae
764 1536 836 1557 sunt.

67 1577 91 1604 Si
107 1579 162 1612 quis
177 1586 239 1605 vero
255 1578 397 1605 evidentes
408 1582 435 1603 et
451 1576 517 1603 satis
533 1576 693 1603 manifestas
712 1576 841 1602 assertio-

67 1631 109 1651 nes
123 1625 213 1651 horum
228 1624 262 1651 de
278 1623 428 1656 Scripturis
442 1622 543 1649 sanctis
560 1623 691 1655 exposcat
712 1630 725 1648 a
750 1622 838 1653 nobis,

66 1669 268 1703 respondendum
282 1673 325 1696 est
340 1668 402 1703 quia
416 1668 553 1695 occultare
569 1667 655 1702 magis
670 1667 726 1694 haec
751 1667 840 1701 Spiri-

68 1714 99 1740 tui
111 1719 198 1741 sancto
209 1714 234 1741 in
255 1714 298 1740 his
315 1721 374 1748 quae
391 1714 515 1740 videntur
528 1721 588 1740 esse
604 1712 724 1740 historia:
743 1720 834 1739 rerum

1123 1081 1216 1102 VERSIO
1235 1082 1258 1102 S-
1278 1081 1433 1102 HIERONHII.

928 1119 962 1146 Et
978 1120 1039 1154 quia
1058 1120 1265 1153 contpararimus
1281 1121 1312 1146 de
1329 1121 1378 1146 ista
1394 1120 1490 1147 mundo
1515 1121 1548 1146 ad
1572 1120 1676 1155 inferna

892 1172 1023 1201 pergentes
1034 1167 1136 1192 animas
1146 1165 1213 1201 (27),
1232 1166 1265 1192 iis
1280 1166 1417 1192 animabus
1429 1173 1487 1200 quae
1501 1171 1533 1192 tte
1548 1167 1677 1200 superiori

892 1211 954 1238 caelo
967 1211 1001 1237 ad
1019 1216 1110 1238 nostra
1126 1211 1278 1237 habitacula
1294 1211 1470 1244 pervenientes
1482 1212 1677 1246 quodammodo

893 1262 1003 1284 morluw
1018 1263 1089 1290 sunt,
1103 1258 1226 1290 prudenti
1242 1258 1441 1291 investigatione
1458 1259 1610 1284 rimandum
1627 1263 1677 1290 est,

892 1311 926 1328 an
936 1302 984 1328 Itoc
1001 1303 1084 1336 ipsunt
1100 1303 1230 1337 possimus
1244 1303 1323 1329 etiam
1339 1303 1365 1329 in
1380 1303 1515 1330 nativitate
1527 1304 1614 1330 dicere
1625 1304 1679 1330 sin-

892 1348 1023 1383 gularum;
1037 1354 1063 1375 ut
1078 1349 1205 1383 quomodo
1225 1357 1282 1383 qua!
1296 1349 1324 1376 in
1349 1351 1400 1376 ista
1425 1354 1495 1376 terra
1514 1355 1604 1376 nostra
1627 1358 1677 1375 nu-

892 1400 1000 1422 scuntur
1010 1395 1115 1427 animm,
1130 1396 1166 1422 uel
1179 1396 1210 1422 de
1225 1396 1326 1429 inferno
1338 1404 1445 1423 rursum
1457 1395 1566 1422 meliora
1578 1396 1679 1429 capien-

893 1447 929 1468 tes
944 1441 978 1468 acl
991 1442 1128 1474 superiora
1141 1442 1262 1475 veniunt,
1280 1448 1302 1468 et
1322 1442 1465 1468 humanum
1489 1449 1582 1475 corpus
1601 1449 1678 1468 assu-

893 1492 977 1517 munt,
990 1487 1027 1513 vel
1039 1487 1070 1514 de
1080 1486 1230 1513 melioribus
1240 1486 1304 1513 locis
1315 1487 1349 1513 ad
1360 1495 1405 1513 nos
1418 1495 1498 1520 usque
1508 1486 1678 1514 descendam:

893 1533 930 1557 sic
946 1537 969 1558 el
985 1540 1014 1558 ea
1033 1532 1089 1557 loca
1105 1539 1163 1566 qua:
1183 1540 1262 1565 supra
1281 1537 1341 1558 sunt
1357 1532 1384 1557 in
1407 1531 1572 1566 ﬁrmamento
1585 1551 1592 1561 ,
1617 1532 1678 1557 alite

894 1580 990 1604 nnintw
1005 1578 1165 1612 possideant,
1181 1586 1240 1612 qua:
1254 1578 1286 1604 de
1296 1578 1392 1604 nostris
1405 1579 1510 1604 sedibus
1522 1577 1555 1603 ad
1570 1577 1680 1603 meliora

893 1624 1044 1657 proﬁciunt;
1064 1623 1123 1650 alia:
1139 1631 1197 1658 quae
1217 1624 1249 1650 de
1268 1623 1417 1650 ttelestibus
1431 1623 1465 1649 ad
1486 1623 1679 1656 [irritamentum

894 1676 974 1703 usque
988 1669 1102 1701 delapsw
1116 1673 1186 1701 sunt,
1200 1677 1245 1695 nec
1266 1673 1367 1694 tantum
1382 1668 1465 1702 fecere
1477 1673 1629 1702 peccatum,
1651 1673 1679 1694 ut

893 1718 926 1740 ad
942 1715 998 1741 loca
1014 1722 1071 1748 qua:
1086 1714 1225 1741 incolimus
1239 1715 1416 1742 truderentur.

66 1764 199 1793 gestarum,
214 1764 242 1787 et
256 1759 340 1786 altius
353 1763 443 1793 tegere
456 1758 598 1785 consilium
622 1757 683 1790 fuit,
700 1758 728 1784 in
745 1759 842 1792 quibus
866 1759 1031 1786 descendere
1053 1759 1179 1786 dicuntur
1200 1760 1227 1786 in
1248 1759 1406 1794 Egyptum,
1428 1759 1470 1786 vel
1493 1760 1626 1793 captivari
1653 1761 1678 1786 in

67 1805 238 1840 Babyloniam,
254 1805 299 1832 vel
312 1805 338 1832 in
353 1806 394 1832 his
414 1805 480 1839 ipsis
494 1805 648 1840 regionibus
664 1805 773 1839 quidam
789 1805 895 1836 quidem
918 1805 1055 1832 humiliari
1072 1806 1153 1832 nimis
1167 1811 1194 1833 et
1209 1806 1260 1833 sub
1275 1806 1386 1833 servitio
1404 1805 1472 1833 eilici
1494 1806 1679 1837 dominorum,

67 1850 106 1878 alii
120 1859 180 1878 vero
193 1853 218 1878 in
232 1852 299 1886 ipsis
312 1850 475 1884 captivitatis
487 1850 554 1877 locis
566 1850 633 1877 clari
647 1858 678 1877 ac
697 1851 831 1883 magniﬁci
844 1851 929 1878 habiti
946 1857 1018 1883 sunt,
1038 1852 1074 1878 ita
1090 1857 1118 1878 ut
1135 1856 1283 1887 potestates
1299 1857 1327 1879 et
1345 1852 1511 1886 principatus
1530 1852 1678 1884 tenuerint,

69 1898 232 1932 regendisque
248 1897 355 1931 populis
370 1898 526 1931 prscfucrint
540 1897 608 1931 (26).

98 1943 250 1978 Κέκρυπται
260 1943 299 1975 δὲ,
308 1943 345 1974 ὠς
353 1943 500 1978 ἡγούμεθα,
509 1944 536 1969 ὲν
545 1945 603 1974 ταῖς
612 1942 741 1978 ἱστορίαις
749 1942 839 1969 ταῦτα

934 1943 999 1976 Quae
1009 1945 1112 1976 omnia,
1126 1949 1156 1971 ut
1170 1944 1298 1975 diximus.
1315 1944 1475 1972 abscondita
1497 1948 1525 1970 et
1540 1945 1626 1971 celata
1654 1945 1681 1972 in

71 1997 78 2012 ι
96 1989 145 2014 Καὶ
155 1989 206 2025 γὰρ
225 1990 241 2025 ὴ
260 1989 384 2024 βασιλεία
403 1989 456 2015 τῶν
480 1988 602 2024 οὐρανῶν
618 1988 698 2023 ὁμοία
715 1988 772 2014 ἐστὶ
795 1988 844 2024 οη-

68 2035 150 2070 σαυρῷ
159 2036 342 2072 κεκρυμμένῳ
361 2036 389 2061 ὲν
405 2035 442 2070 τῷ
454 2035 541 2071 ἀγρῷ,
553 2035 582 2061 ὃν
599 2035 685 2071 εὑρὼν
704 2035 844 2071 ἄνθρωπος

68 2079 167 2115 ἔκρυψε,
179 2082 225 2108 καὶ
236 2081 292 2108 ἀπὸ
304 2082 354 2116 τῆς
368 2081 452 2116 χαρᾶς
464 2080 545 2107 αὐτοῦ
562 2081 671 2114 ὑπάγει,
686 2080 733 2107 καὶ
756 2081 844 2107 πάντα

67 2125 110 2152 ὃσα
117 2126 168 2161 ἔχει
176 2127 260 2153 πωλεῖ
269 2127 318 2154 καὶ
330 2127 457 2162 ἀγοράζει
470 2127 514 2153 τὸν
525 2127 608 2162 ἀγρὸν
619 2128 730 2154 ἐκεῖνον.
744 2137 752 2153 ι
771 2127 844 2154 Ἑπι-

69 2171 198 2208 στήσωμεν
208 2171 253 2200 οὖν
264 2173 289 2199 εἰ
306 2172 381 2208 μὴτὸ
393 2172 554 2214 βλεπόμενον
566 2172 616 2207 τῆς
626 2173 737 2208 Γραφῆς
752 2172 799 2199 καὶ
814 2172 845 2198 τὸ

898 1990 1045 2024 Scriptura:
1070 1995 1169 2017 sanctae
1193 1990 1313 2017 historiis
1336 1993 1540 2024 conteguntur,
1566 1990 1630 2024 quia
1655 1995 1682 2017 et

900 2045 910 2061 ι
930 2043 1044 2070 regnum
1060 2035 1189 2062 cmlorum
1207 2035 1294 2062 simile
1312 2040 1354 2062 est
1371 2035 1500 2062 thesauro
1521 2035 1681 2063 abscondito

897 2081 923 2107 in
940 2088 1017 2115 agro,
1034 2087 1112 2115 quem
1129 2087 1190 2107 cum
1210 2080 1347 2107 invenerit
1371 2082 1451 2107 homo
1473 2080 1633 2112 abscondit,
1654 2086 1682 2108 et

896 2134 953 2161 pra:
967 2126 1064 2160 gaudio
1082 2126 1154 2153 illius
1167 2126 1250 2158 vadit,
1263 2129 1290 2152 et
1302 2126 1392 2152 omnia
1407 2133 1467 2160 quas
1483 2126 1565 2153 habet
1577 2127 1679 2159 vendit,

897 2176 921 2198 cl
938 2171 1003 2198 emit
1020 2178 1114 2204 agrum
1130 2170 1204 2198 illum
1222 2170 1254 2197 ³⁸.
1274 2180 1283 2196 ι
1301 2170 1328 2197 In
1343 2177 1397 2204 quo
1412 2170 1571 2204 diligentius
1588 2170 1680 2198 consi-

662 2217 940 2246 INTERPRETATIO
957 2217 1061 2246 NOVA.

69 2263 248 2293 Verumtamen
265 2266 393 2293 Salvator
405 2271 597 2302 congregatum
615 2268 689 2294 venit
700 2275 764 2294 oves
778 2275 836 2300 quae
850 2267 987 2302 perierant
1001 2267 1096 2294 domus
1113 2265 1338 2301 lsrael.Cumque
1353 2265 1429 2293 multi
1444 2274 1476 2294 ex
1485 2266 1568 2295 lsrael
1582 2267 1681 2295 doctri-

69 2306 124 2336 nam
137 2301 190 2333 ejus
205 2309 256 2328 non
275 2303 435 2336 receperint,
452 2301 582 2328 vocantur
597 2303 642 2336 qui
658 2310 673 2329 e
687 2302 823 2336 gentibus.

102 2334 157 2362 Haec
170 2336 196 2363 in
214 2334 345 2363 historiis
354 2337 513 2364 delitescere
530 2334 614 2364 nobis
629 2334 771 2370 videntur;
788 2346 798 2362 ι
820 2335 911 2365 simile
923 2336 996 2364 enim
1013 2340 1054 2364 est
1067 2342 1180 2370 regnum
1193 2336 1326 2363 ccelorum
1342 2336 1471 2364 thesauro
1481 2336 1640 2365 abscondito
1654 2337 1682 2364 in

100 2396 130 2411 "'
145 2395 212 2423 Psal.
228 2404 329 2428 Lxxxv,
346 2396 388 2423 15.

102 2451 151 2488 (εἳ)

427 2397 449 2412 ³⁸
464 2396 561 2423 Matth.
579 2403 638 2428 xnt,
654 2395 699 2422 44.

170 2454 252 2480 Caute
268 2455 338 2487 lege.

102 2487 152 2522 (Ξῦ)
169 2488 242 2514 Hunc
265 2488 354 2515 locum
378 2487 403 2514 in
426 2488 505 2514 editis
521 2492 677 2521 eorruptum
703 2488 742 2514 sic
764 2488 845 2513 resti-

72 2527 141 2548 tuuttt
155 2530 217 2550 mss.
236 2522 451 2558 Inranterareditis
465 2522 572 2558 legitur,
592 2532 601 2548 ε
620 2523 646 2549 in
671 2523 741 2549 hunc
759 2523 845 2558 locum

72 2558 234 2585 descendunt.
250 2557 318 2584 Nam
331 2557 384 2583 illis
400 2557 512 2584 infernae
528 2558 572 2584 hic
587 2558 760 2584 morientium
780 2557 841 2583 ani-

73 2600 115 2617 mat
128 2592 263 2619 dicuntur.
287 2592 376 2619 Credo
389 2592 424 2618 ob
439 2592 507 2619 hanc
522 2593 734 2623 distinctionem,
753 2601 763 2617 ι
787 2596 840 2618 etc.

74 2624 165 2652 lbidetn
178 2635 254 2659 mss.,
270 2637 279 2652 ι
297 2628 368 2653 sicut
380 2627 491 2659 dicitur,
508 2637 517 2652 ι
532 2628 603 2661 quod
617 2627 692 2654 deest
707 2627 733 2653 in
749 2627 842 2653 editis.

102 2661 153 2695 (il)
166 2661 210 2688 Sic
226 2669 292 2688 mss.
309 2661 392 2693 Editi,
411 2670 421 2687 1
443 2661 651 2689 inbabitaverat.
673 2671 682 2687 ι

105 2696 155 2731 (25)
170 2695 242 2723 Unde
261 2704 420 2731 consulimus
433 2717 440 2728 ,
463 2702 515 2723 etc.
540 2698 580 2724 Ab
593 2697 635 2724 his
658 2696 746 2723 verbis
760 2703 844 2729 usque

76 2730 167 2762 adista,
180 2740 189 2757 ι
200 2739 261 2766 qum
271 2730 551 2764 omnia,utdiximus,
566 2741 575 2758 ι
592 2737 656 2762 etc.,
674 2732 844 2758 desideratur

78 2769 154 2792 textus
161 2765 269 2807 Graecus
277 2765 464 2807 cujusja‘c'tura
469 2775 493 2792 ιιι
509 2771 647 2806 utcunque
659 2773 720 2799 repa
726 2770 767 2792 rat
777 2766 843 2806 alte-

79 2806 129 2827 nun
141 2802 270 2829 versionis
276 2800 365 2828 sancti
377 2800 532 2836 Hieronymi
542 2800 690 2836 appositum
705 2808 720 2828 e
735 2802 845 2835 regione

242 2849 376 2878 ΡΑτιιοι..
399 2848 457 2878 Gn.
480 2848 535 2878 XI.

862 2451 883 2477 D
900 2453 1091 2486 fragmentum,
1104 2451 1180 2484 cujus
1198 2451 1290 2485 utique
1306 2456 1393 2478 textus
1411 2451 1521 2479 Graecus
1532 2451 1645 2478 interiit.

934 2486 1002 2521 (25')
1020 2486 1066 2513 Sic
1079 2494 1142 2513 mss.
1161 2485 1230 2512 Male
1244 2486 1320 2519 editi,
1348 2496 1357 2511 ι
1383 2486 1537 2520 generibus.
1561 2495 1570 2511 ι
1600 2485 1682 2512 Paulo

900 2527 960 2554 post
976 2528 1054 2552 mss.,
1072 2530 1080 2545 ι
1099 2521 1240 2548 evidentes
1257 2525 1283 2546 ct
1299 2521 1366 2547 satis
1382 2521 1538 2547 inanil'estas
1552 2521 1681 2547 assertio-

901 2563 949 2582 nes
965 2557 1071 2582 horum.
1086 2565 1095 2581 ι
1111 2555 1193 2587 Editi,
1206 2563 1215 2580 ι
1228 2555 1410 2582 evidentior-es
1425 2555 1544 2581 rationes
1558 2563 1679 2582 eorum.»

932 2590 989 2624 (26)
1005 2590 1182 2625 Regendisque
1206 2590 1309 2624 populis
1332 2589 1495 2625 prrefuerint.
1509 2589 1571 2616 Haec
1586 2590 1682 2625 desunt

897 2626 923 2653 in
937 2631 1015 2652 antea
1040 2625 1129 2655 editis.
1155 2625 1329 2658 reperiuntttr
1349 2630 1439 2650 autem
1457 2624 1482 2649 in
1506 2631 1570 2651 mss.
1597 2624 1682 2650 Paulo

897 2665 958 2692 post
976 2667 1053 2692 mss.,
1074 2669 1083 2684 ‹
1100 2660 1125 2685 in
1141 2667 1194 2694 quo
1211 2658 1367 2692 diligentius
1380 2658 1521 2685 considera
1536 2659 1557 2685 si
1574 2666 1627 2685 non
1642 2660 1682 2685 in-

899 2696 1012 2722 dicatur.
1032 2704 1041 2720 ›
1058 2695 1126 2721 Editi
1141 2693 1156 2725 ,ί
1175 2703 1183 2719 ι
1207 2693 1232 2720 id
1256 2701 1310 2727 quo
1327 2694 1470 2720 dilucidius
1491 2693 1634 2720 considera
1660 2694 1682 2719 si

900 2738 951 2756 non
966 2730 1081 2756 dicatur.
1098 2739 1107 2754 ι
1122 2729 1182 2756 Mox
1198 2736 1274 2759 niss.,
1296 2737 1305 2752 ‹
1327 2728 1371 2755 ille
1388 2736 1451 2755 vero
1475 2728 1554 2754 altior
1569 2734 1596 2754 et
1620 2736 1684 2762 prn—

900 2764 1018 2791 l'undior.
1037 2773 1045 2788 ι
1065 2764 1146 2794 Etliti,
1165 2773 1174 2788 ί
1193 2763 1237 2791 illc
1254 2770 1320 2791 vero
1334 2763 1415 2790 altior
1433 2768 1459 2790 et
1473 2763 1636 2797 profundus.
1656 2775 1664 2789 ιι

935 2799 990 2834 (27)
1004 2799 1089 2826 (laute
1104 2798 1171 2833 lege.

1527 2845 1564 2875 13
