1853 3073
179 152 240 181 395

182 259 267 291 ﬁcies,
284 263 313 285 ut
325 259 361 285 ita
377 258 502 291 dixerim,
514 258 675 293 Scripturae,
691 259 716 285 id
732 262 773 285 est
787 259 859 293 quod
872 266 970 286 secun-

184 306 246 332 dum
264 304 382 331 litteram
402 304 510 338 legitur,
527 309 642 338 agerest
658 304 798 338 repletus,
821 309 848 332 et
871 305 971 331 ﬂorens

182 351 303 378 omnium
321 358 448 386 generum
465 351 618 385 plantariis;
637 351 680 377 ille
692 358 758 378 vero
773 351 855 378 altior
870 356 897 378 ct
910 359 972 385 pro-

183 397 292 424 luudior
305 397 435 432 spiritalis
451 397 617 429 intellectus,
634 396 684 431 ipsi
701 401 765 424 sunt
781 398 901 424 thesauri
927 404 972 423 sa-

183 443 293 478 pientiae
304 448 330 470 et
342 443 462 470 scientia:
474 443 639 475 absconditi,
652 451 720 478 quos
730 443 848 479 Spirilus
861 448 972 470 sanctus

184 496 232 523 per
254 490 351 516 Isaiam
366 489 500 516 obscuros
524 493 551 515 et
574 489 724 516 invisibiles
749 493 778 516 et
800 489 974 516 absconditos

186 535 328 562 thesauros
347 539 428 562 vocat
445 534 521 567 "-W;
537 535 582 569 qui
602 539 631 561 ut
645 535 761 562 inveniri
778 535 895 569 possint,
927 533 972 562 Dei

185 581 322 615 adjutorio
337 589 404 615 opus
421 585 472 613 est,
498 581 544 616 qui
568 581 640 608 solus
662 585 751 616 potest
776 586 870 616 portas
887 589 973 609 :creas

187 627 289 660 quibus
301 626 384 654 clausi
402 631 465 653 sunt
479 632 505 653 et
519 627 672 654 absconditi
687 627 870 662 confringere,
890 632 917 654 et
931 635 972 655 se-

176 666 232 698 ‘ras
248 671 349 698 ferreas
361 676 505 706 vectesque
524 673 720 704 comminuere,
736 672 834 707 quibus
848 672 975 706 prohibe-

188 723 232 743 tur
248 718 386 752 iugrcssus
400 718 574 752 perveniendi
591 718 624 745 ad
640 726 672 745 ea
688 718 779 745 omnia
791 726 851 752 qua:
867 718 893 744 in
919 717 974 745 G;--

188 764 244 790 nesi
260 764 292 790 de
314 764 428 791 diversis
443 763 594 790 animarum
620 764 766 799 generibus
785 763 885 798 scripta
910 768 976 790 sunt

186 814 215 835 et
241 809 360 840 obtecta.
384 813 410 836 et
430 809 518 837 dehis
532 810 681 838 seminibus
695 818 728 837 ac
752 810 973 845 generationibus

186 863 247 889 qute
276 855 316 883 vel
345 855 378 882 ad
402 856 634 891 propinquitatem
663 857 800 892 pertinent
821 858 903 884 Israel
933 857 973 884 vel

190 902 270 937 187
284 910 343 936 quae
366 903 399 929 ab
410 902 468 937 ejus
487 903 615 937 progenie
635 903 741 938 longius
762 908 942 939 segregantur
965 911 972 930 :

188 948 235 975 sed
247 953 273 974 et
285 955 343 982 quae
357 949 391 975 sit
404 948 447 975 illa
462 949 601 976 descensio
611 949 636 976 iu
647 949 791 985 Egyptum
807 951 974 985 septuaginta

190 995 354 1027 animarum,
370 1002 431 1028 qure
443 995 612 1030 septuaginta
632 997 730 1023 anima:
741 996 807 1023 (iant
818 999 843 1023 in
859 996 976 1032 {Egypto

789 147 948 176 ORIGENIS
969 147 1047 173 ΠΕΡΙ
1067 146 1180 172 ΛΡΧΩΝ

184 215 260 246 dera,
288 213 309 241 si
335 219 386 240 non
403 212 536 240 indicatur
549 211 620 239 onod
636 211 721 238 solum
737 211 822 246 ipsum
843 217 869 239 et
884 215 976 244 super-

1756 145 1799 173 395

990 211 1012 238 Α
1028 216 1185 243 ἐπιπόλαιον
1194 216 1277 251 αὐτῆς
1287 215 1333 242 καὶ
1340 215 1492 251 πρόχειρον,
1500 215 1514 241 ὁ
1522 216 1574 247 πᾶς
1581 216 1654 241 ἐστιν
1662 214 1742 250 ἀγρὸς
1748 215 1805 250 πλή-

1025 271 1075 297 ρης
1085 261 1261 288 παντοδαπῶν
1274 261 1416 296 τυγχάνων
1425 260 1524 295 φυτῶν·
1538 260 1571 286 τὰ
1580 260 1608 286 δὲ
1616 259 1804 294 ὲναποχεῐμενι

1022 308 1070 335 καὶ
1081 308 1111 334 οὐ
1123 308 1205 334 πᾶσιν
1215 307 1352 342 ὁρώμενα,
1363 306 1419 334 ἀλλ’
1430 306 1607 342 ὼσπερεὶὺπὺ
1618 305 1654 331 τὰ
1665 305 1806 340 βλεπόμεκιι

1025 352 1096 387 φυτὰ
1107 353 1350 388 κατορωρυγμένα,
1362 353 1385 379 οἱ
1397 352 1527 387 θησαυροὶ
1538 351 1586 386 τῆς
1596 351 1697 386 sopiat;
1713 350 1757 376 καὶ
1767 351 1806 384 τῆς

1025 397 1151 432 γνώσεως
1174 399 1343 434 ἀπόκρυφοι·
1368 398 1414 430 οὖς
1436 406 1510 429 τινας
1527 397 1557 423 τὸ
1575 396 1689 431 Πνεῦμα
1713 396 1755 422 διὰ
1768 396 1807 421 τοῦ

1031 444 1140 470 Ἡσαΐου
1167 445 1321 475 σκοτεινοὺς
1348 444 1394 470 καὶ
1418 443 1548 479 ἁοράτους
1573 442 1621 469 καὶ
1644 441 1807 477 ἀποκρύφονς

1027 489 1115 515 καλεῖ·
1133 489 1200 515 Θεοῦ
1217 484 1262 515 τοῧ
1281 489 1362 524 μόνου
1375 489 1522 524 δυναμένου
1533 488 1581 519 τὰς
1589 487 1760 523 κρυπτούσας
1768 487 1808 512 αό-

1027 535 1091 566 τοὺς
1120 534 1204 566 πύλας
1226 535 1329 569 χαλκᾶς
1350 534 1492 570 συντρίψας
1505 555 1512 567 ,
1535 533 1583 560 καὶ
1605 533 1670 564 τοὺς
1697 532 1807 567 σιδηροῖ-ς

1025 581 1216 616 ἐπικειμένους
1231 581 1345 616 μοχλοὺς
1359 581 1417 611 ταῖς
1431 579 1527 615 θύραις
1547 578 1706 609 συνθλάσαι,
1727 577 1756 603 ἵν’
1772 578 1808 602 εὑ-

1026 627 1089 662 ρεθῇ
1105 627 1194 654 πάντα
1209 627 1241 663 τᾲ
1253 628 1282 653 ἐν
1294 628 1327 662 τῇ
1338 626 1443 661 γενέσει
1459 626 1522 661 περὶ
1535 624 1588 651 τῶν
1604 624 1742 660 διαφόρων
1755 623 1808 658 ἀλῃ-

1028 673 1110 700 θινῶν
1123 673 1213 708 ψυχῆς
1235 672 1322 707 γενῶν
1339 672 1384 699 καὶ
1400 672 1480 698 οἱονεὶ
1494 670 1661 706 σπερμάτων
1679 666 1757 703 ἐγγύς
1768 677 1809 694 πω

1028 719 1073 745 τοῦ
1086 711 1202 754 ’Ἰσραὴλ
1219 719 1235 754 ἢ
1254 718 1347 754 ττόρρω
1366 717 1563 752 τυγχανόντων·
1585 716 1632 742 καὶ
1654 716 1671 750 ἡ
1692 716 1720 746 ἐς
1742 715 1810 748 Myu-

1028 773 1093 790 πτον
1107 764 1218 796 κάθοδος
1232 763 1286 790 τῶν
1302 763 1485 798 ἐϐδομήκοντα
1497 762 1602 798 ψυχῶν,
1614 763 1692 793 ὅπως
1705 763 1759 788 ἐκεῖ
1773 761 1809 794 γέ‹

1028 818 1126 836 νωνται
1138 809 1203 835 ὡσεὶ
1217 809 1250 835 τὰ
1260 808 1348 844 ἄστρα
1363 807 1408 834 τοῦ
1428 808 1542 844 οὐρανοῦ
1559 808 1597 843 τῷ
1621 807 1730 842 πλήθει.
1753 806 1809 832 Ἀλλ’

1028 856 1089 882 ἐπεὶ
1100 855 1129 881 οὺ
1148 855 1246 886 πάντες
1262 855 1285 880 oi
1300 853 1329 885 ἐξ
1342 853 1431 880 αὐτῶν
1453 853 1509 888 φῶς
1523 855 1576 880 εἰσι
1591 853 1638 879 τοῦ
1656 851 1809 887 κόσμου,ιοὺ

1027 900 1082 938 γὰρ
1095 903 1194 931 πάντες
1205 900 1229 926 oi.
1244 899 1272 932 ἐξ
1294 899 1402 935 Ἰσραὴλ
1417 896 1489 925 οὗτοι
1518 898 1775 934 Ἱσραὴληγίνοντιι
1787 898 1810 922 ἐκ

1026 945 1080 972 τῶν
1095 944 1279 979 ἐϐδομήκοντα
1296 943 1343 970 καὶ
1365 944 1430 970 ὡσεὶ
1450 944 1540 978 ἅμμος
1557 944 1573 978 ἡ
1591 949 1671 979 παρα
1687 943 1716 969 τὸ
1738 942 1809 976 χεῖλος

1027 991 1077 1026 τῆς
1091 990 1228 1024 θαλάσσης
1244 990 1260 1024 ἡ
1274 989 1468 1024 ἀναρίθμητος.

189 1041 259 1068 sicut
275 1041 365 1068 sidera
376 1041 438 1069 coeli
456 1041 482 1068 iu
498 1042 681 1069 multitudine.
695 1042 746 1069 Sed
762 1043 826 1077 quia
840 1052 891 1070 non
909 1053 1004 1072 munies
1020 1045 1067 1080 qui
1089 1053 1122 1072 ex
1141 1045 1205 1080 ipsis
1218 1049 1309 1076 erant,
1327 1044 1416 1071 lttmeu
1432 1048 1495 1071 sunt
1508 1043 1586 1077 hujus
1599 1045 1697 1071 mundi
1715 1053 1721 1070 :
1740 1054 1748 1068 ι
1765 1044 1809 1069 Non

188 1087 260 1113 enim
274 1093 368 1113 omnes
382 1087 428 1121 qui
444 1094 478 1114 cx
494 1086 585 1119 Israel,
604 1089 630 1115 hi
645 1087 775 1116 Israelita:
791 1095 854 1116 sunt
872 1091 910 1122 “;
930 1100 938 1116 ι
955 1099 988 1118 ex
1005 1092 1071 1126 ip5ts
1088 1092 1259 1126 septuaginta
1275 1090 1418 1118 animabus
1434 1091 1502 1117 [Iunt
1517 1091 1598 1125 aliqui
1615 1096 1645 1117 et
1658 1091 1728 1117 sicut
1742 1099 1809 1116 arma

188 1140 249 1166 qua:
266 1137 307 1159 est
322 1133 355 1159 ad
367 1140 443 1159 oram
461 1133 544 1160 maris
557 1134 765 1162 innumerabilis
782 1134 852 1169 (28).

223 1179 269 1205 24.
292 1178 358 1211 Quae
373 1178 517 1206 descensio
540 1186 696 1208 sanctorum
720 1186 828 1216 patrum
846 1183 872 1210 in
891 1182 960 1217 Egy
972 1197 979 1202 -
997 1187 1017 1214 Β
1039 1183 1256 1210 institutionibus
1271 1183 1298 1210 iu
1314 1186 1385 1210 terra
1398 1186 1493 1209 sancta
1506 1182 1656 1209 vivendum
1673 1181 1718 1208 sit.
1735 1181 1810 1208 SCIII‘I

189 1223 319 1259 ptumrin
331 1224 403 1251 hunc
417 1227 547 1252 mundum
564 1226 650 1254 videri
667 1228 769 1261 poterit
785 1228 819 1255 ad
838 1227 972 1255 illumina-

190 1269 293 1297 tionem
317 1275 478 1298 cmterorum
505 1276 586 1306 atque
612 1273 722 1300 humani
750 1274 860 1308 generis
873 1274 977 1301 instru—

191 1316 312 1344 ctionem
336 1324 350 1344 a
375 1317 545 1351 providentia
570 1317 618 1346 Dei
643 1325 704 1346 esse
718 1326 849 1347 concessa
862 1340 869 1352 ,
886 1325 915 1347 ut
930 1328 978 1355 per

191 1368 240 1390 eos
265 1366 372 1390 (ποίει-αδ
395 1362 493 1390 anima:
529 1362 689 1390 illuminata:
712 1363 882 1399 iuvarentur.
911 1365 979 1400 Ipsis

191 1406 265 1433 enim
289 1407 386 1442 primis
410 1414 541 1435 concessa
564 1411 629 1435 sunt
645 1408 753 1442 eloquia
770 1409 816 1436 Dei
830 1430 836 1441 .
851 1410 978 1444 quoniam

191 1451 280 1478 solum
300 1451 372 1479 istud
395 1456 437 1479 est
450 1459 536 1486 genus
554 1453 626 1487 quod
649 1453 741 1481 videre
754 1454 855 1481 dicitur
873 1455 979 1487 Deum;

194 1496 248 1524 hoc
262 1497 334 1524 enim
360 1497 466 1524 Israelis
479 1505 578 1525 nomen
603 1498 738 1534 signiticat
760 1499 979 1535 interpretatum.

194 1543 254 1571 lam
269 1551 334 1571 vero
352 1551 523 1579 consequens
547 1550 590 1572 est
607 1549 636 1572 ut
654 1546 804 1574 secundum
823 1547 881 1574 haec
895 1547 981 1582 aptari

195 1591 295 1618 debeat
321 1595 347 1617 et
373 1590 549 1625 interpretari
581 1591 648 1618 illud
674 1592 746 1626 quod
780 1592 872 1620 decem
896 1593 982 1627 plagis

195 1635 331 1670 Egyptus
354 1636 516 1662 verberatur
545 1640 577 1664 ut
606 1636 653 1664 Dei
687 1637 813 1672 populum
843 1639 984 1672 permittat

195 1681 284 1712 exire,
300 1679 341 1706 vel
358 1687 390 1706 ea
406 1687 467 1714 quae.
481 1680 506 1707 in
524 1681 631 1709 deserto
643 1689 703 1709 cum
727 1682 826 1717 populo
840 1687 984 1717 geruntur,

197 1725 241 1752 vel
254 1725 326 1760 quod
342 1732 376 1753 ex
397 1725 542 1754 collatione
563 1728 652 1755 omnis
675 1729 766 1763 populi
781 1729 984 1756 tabernaculum

197 1771 384 1805 construitur,
402 1772 444 1800 vel
470 1773 659 1802 indumentum
678 1775 849 1803 sacerdotale
865 1777 988 1804 contexi-

196 1825 261 1853 tur,
278 1821 322 1848 vel
346 1821 380 1849 de
393 1820 469 1848 vasis
490 1819 634 1847 ministerii
658 1827 825 1856 quaecunque
844 1821 982 1852 dicuntur,

198 1865 262 1898 quia
276 1871 350 1897 vere,
375 1864 449 1892 sicut
474 1864 605 1898 scriptum
632 1869 693 1896 est,
710 1865 833 1892 umbram
847 1865 873 1892 in
889 1873 919 1892 se
934 1866 990 1893 for-

198 1917 327 1945 mamque
342 1910 493 1938 caelestium
506 1911 658 1938 continent.
672 1909 816 1938 Manileste
829 1911 901 1938 enim
918 1910 989 1938 Pau-

199 1956 241 1984 lus
257 1956 296 1983 ait
309 1957 343 1984 de
358 1956 428 1990 illis,
445 1956 509 1991 quia
533 1966 542 1982 ι
562 1957 663 1984 umbra:
678 1961 706 1984 et
720 1957 871 1991 exemplari
892 1957 987 1984 deser—

200 2002 279 2029 viunt
291 2002 444 2030 cteleslium
458 2002 492 2031 δ’.
513 2012 522 2028 ι
539 2003 567 2029 lu
585 2003 635 2030 hac
648 2003 742 2030 eadem
768 2003 826 2037 lege
846 2003 928 2030 etiam
945 2003 988 2030 ni-

1028 1229 1254 1256 comminationes
1269 1229 1363 1263 positae
1377 1234 1440 1255 sunt
1457 1228 1500 1254 his
1514 1227 1560 1262 qui
1573 1228 1749 1262 praevaricati
1766 1227 1809 1254 ine-

1030 1274 1084 1301 rint
1101 1275 1206 1310 Ieg'em,
1223 1281 1327 1302 necnon
1348 1279 1375 1301 et
1389 1274 1430 1301 his
1444 1273 1490 1307 qui
1509 1272 1705 1308 puriﬁcatione
1721 1273 1810 1306 indige-

1029 1320 1105 1352 bant,
1121 1321 1227 1348 diversa
1243 1320 1468 1355 puriﬁcationum
1481 1326 1592 1354 genera,
1609 1319 1687 1346 velut
1703 1320 1746 1353 qui
1763 1318 1808 1345 fre-

1030 1366 1156 1399 quentius
1182 1370 1274 1393 essent
1288 1365 1438 1400 pollucudi,
1461 1364 1624 1398 traduntur,
1655 1369 1685 1393 ut
1710 1372 1755 1398 per
1768 1365 1812 1391 hac

1033 1410 1140 1437 tandem
1159 1410 1192 1436 ad
1207 1410 1280 1437 illam
1295 1418 1375 1438 unam
1399 1410 1615 1446 puriﬁcationem
1631 1411 1753 1442 veniant,
1764 1414 1812 1444 pust

1032 1463 1111 1490 quam
1141 1455 1222 1490 pollui
1243 1455 1314 1483 ultra
1331 1463 1382 1483 non
1405 1456 1478 1483 licet.
1499 1455 1552 1482 Sed
1578 1460 1606 1482 et
1619 1456 1656 1482 ad
1682 1462 1809 1482 numerum

1033 1502 1148 1537 populus
1162 1503 1220 1537 ipse
1236 1503 1378 1530 deducitur
1390 1523 1397 1535 ,
1420 1502 1483 1529 licet
1498 1509 1550 1529 nou
1574 1509 1695 1534 omnes;
1711 1502 1812 1536 pueriles

1034 1555 1150 1582 namque
1172 1548 1270 1575 anima:
1293 1549 1412 1575 nondum
1437 1553 1542 1582 tempus
1559 1548 1663 1575 habent
1683 1556 1716 1575 ex
1734 1548 1810 1574 divino

1034 1599 1169 1628 praecepto
1185 1594 1322 1621 numerari
1336 1603 1343 1632 ς
1360 1594 1406 1620 sed
1421 1600 1454 1620 ne
1465 1593 1516 1620 illa:
1527 1593 1638 1628 quidem
1658 1595 1810 1626 auium-que

1035 1647 1088 1667 uou
1106 1646 1219 1674 possunt
1240 1640 1299 1667 ﬁeri
1316 1640 1429 1667 alterius
1446 1644 1546 1674 caput,
1563 1639 1609 1666 sed
1626 1639 1695 1673 ipsa:
1712 1640 1811 1665 Slllltilllc

1035 1689 1099 1712 sunt
1120 1685 1181 1712 aliis
1198 1685 1272 1712 velut
1294 1685 1374 1719 capiti
1396 1693 1404 1717 ;
1428 1691 1496 1719 quas
1513 1683 1644 1711 mulieres
1663 1684 1812 1713 nominarit,

1037 1738 1097 1766 qua:
1112 1731 1205 1765 utique
1222 1739 1273 1758 non
1288 1731 1461 1758 adducuntur
1475 1729 1531 1764 (29)
1547 1730 1573 1756 in
1584 1732 1735 1756 ‘numerum
1750 1730 1810 1766 illum

1037 1776 1084 1811 qui
1099 1784 1114 1803 a
1130 1775 1186 1804 Deo
1199 1776 1357 1811 praecipitur
1377 1785 1384 1802 :
1404 1775 1450 1803 sed
1466 1774 1504 1802 illi
1519 1774 1569 1802 soli
1584 1775 1764 1801 numerantur
1777 1774 1811 1807 qui

1038 1822 1088 1849 viri
1103 1822 1275 1856 appellantur
1286 1842 1293 1854 ,
1309 1829 1362 1855 quo
1375 1822 1479 1849 scilicet
1502 1822 1698 1849 ostenderetur
1712 1827 1760 1846 non
1776 1827 1812 1845 eas

1041 1874 1122 1902 posse
1137 1868 1309 1894 extrinsecus
1325 1867 1474 1898 numerari,
1491 1867 1537 1894 sed
1551 1867 1577 1893 iu
1592 1868 1635 1893 his
1652 1868 1698 1901 qui
1718 1866 1764 1892 viri
1777 1873 1812 1897 ap-

1041 1912 1187 1947 pellantur,
1204 1913 1286 1939 etiam
1302 1920 1350 1940 eas
1364 1913 1569 1946 cmnpreheudi.
1585 1912 1726 1946 Prmcipne
1740 1916 1811 1937 tamen

1040 1959 1073 1985 ad
1095 1963 1220 1985 sanctum
1244 1965 1386 1984 numerqu
1409 1957 1465 1993 (30)
1487 1957 1602 1984 veniunt
1626 1957 1654 1984 hi
1681 1957 1726 1991 qui
1741 1954 1811 1990 parati

1039 2009 1104 2031 sunt
1120 2004 1152 2031 ad
1168 2003 1317 2030 Israelitica
1333 2003 1403 2030 bella
1421 2004 1578 2038 procedere.
1591 2002 1638 2036 qui
1659 2006 1766 2036 possunt
1776 2000 1813 2026 ad-

202 2049 350 2077 hilominus
373 2050 549 2082 continetur,
574 2049 674 2085 quibus
705 2049 813 2085 legibus
835 2050 989 2084 quibusque
1003 2045 1025 2074 C
1042 2056 1136 2076 versus
1149 2048 1311 2076 illoshostcs
1326 2048 1509 2083 inimicosque
1526 2047 1628 2075 bellare
1646 2055 1715 2082 quos
1727 2043 1813 2073 sedenti

834 2096 1111 2124 INTERPRETATIO
1127 2095 1230 2124 NOVA.

204 2153 280 2179 agro.
296 2153 376 2180 quem
387 2145 433 2179 qui
451 2144 554 2172 invenit
567 2145 647 2172 homo
664 2145 815 2176 abscondit,
831 2149 858 2172 et
871 2152 925 2178 pra:
936 2145 1034 2179 gaudio
1049 2144 1120 2172 illius
1136 2145 1225 2176 vadit,
1244 2150 1271 2172 et
1288 2144 1381 2171 vendit
1395 2145 1521 2171 universa
1534 2151 1597 2180 qum
1612 2144 1700 2171 habet
1720 2147 1745 2169 et
1761 2141 1815 2180 emit

204 2177 404 2215 agrum'illumI
425 2189 434 2204 ι
453 2180 631 2215 Attendamus
649 2180 732 2212 igitur
747 2187 780 2206 an
799 2187 851 2206 non
866 2177 1062 2215 quod‘ohvium
1082 2186 1133 2211 est.
1151 2181 1222 2215 quod
1238 2179 1324 2206 oculis
1351 2180 1474 2206 Cernitur
1487 2180 1513 2206 in
1531 2178 1686 2213 Scriptura,
1706 2177 1814 2212 quodque

206 2188 220 2208 a
243 2188 301 2207 rum
318 2188 404 2206 tuum.
425 2189 434 2204 ι
453 2188 631 2207 Atrenuamus
650 2188 732 2212 ιιιιιυι·
747 2188 780 2206 an
799 2188 851 2206 ttou
866 2188 937 2214 quon
952 2188 1062 2207 onvtum
1082 2188 1133 2211 est.
1151 2188 1222 2215 quou
1238 2188 1324 2206 ocuus
1351 2188 1474 2206 cernitur
1487 2188 1513 2206 Ill
1531 2188 1686 2213 bcrtplura,
1706 2188 1813 2212 quuuquc

206 2188 281 2242 iliius
296 2214 379 2250 veluti
397 2214 557 2250 superlicies
572 2219 624 2250 est,
641 2215 677 2241 sit
689 2214 856 2250 onruisrager
869 2214 964 2250 plet'ms
980 2215 1081 2248 plantis
1092 2215 1237 2250 cujuslibet
1253 2214 1361 2250 generis
1373 2222 1463 2250 ;'qu;e
1481 2218 1571 2241 autem
1585 2215 1736 2250 recondita
1749 2215 1813 2250 sunt!

207 2257 260 2276 nec
278 2249 405 2276 omnibus
423 2247 629 2282 conspicabilia.
645 2249 691 2276 sed
707 2248 790 2275 veluti
809 2247 859 2275 sub
870 2247 928 2276 illis
941 2247 1002 2283 quée
1021 2247 1168 2276 cernuntur
1181 2247 1281 2283 plantis
1295 2247 1420 2280 defossa;
1434 2249 1554 2275 thesauri
1570 2248 1624 2276 sint
1642 2247 1814 2283 sapientiteel

211 2284 336 2310 scientia:
351 2280 513 2314 abscondili.
534 2290 600 2317 quos
618 2283 736 2317 Spiritus
762 2291 809 2317 per
824 2283 920 2310 Isaiam
936 2280 1095 2312 tenebrosos
1107 2303 1114 2315 .
1137 2280 1288 2311 invisibiles
1311 2288 1338 2310 et
1355 2284 1528 2310 absconditos
1547 2289 1626 2309 vocat
1639 2303 1646 2314 ,
1674 2280 1732 2310 cum
1755 2280 1814 2307 solus

207 2319 281 2346 Deus
294 2319 389 2352 possit,
405 2325 466 2352 qua:
481 2317 554 2352 ipsos
567 2318 741 2349 concludunt.
757 2322 849 2352 portas
861 2326 946 2345 aereas
960 2318 1146 2352 centringere,
1163 2324 1189 2346 et
1205 2319 1309 2346 ferreos
1323 2323 1412 2345 vectes
1424 2319 1509 2353 portis
1523 2318 1663 2352 appositus
1676 2322 1814 2344 conterere.

206 2357 237 2379 nt
255 2353 430 2380 inveniantur
448 2360 615 2387 qtnecunque
634 2353 660 2379 iu
674 2352 772 2380 Genesi
787 2354 820 2380 de
840 2353 954 2380 diversis
976 2359 1004 2381 et
1022 2355 1093 2380 veris
1117 2355 1271 2388 animarum
1295 2353 1441 2387 generibus
1455 2358 1482 2379 et
1505 2353 1586 2379 veluti
1606 2352 1751 2379 seminibus
1767 2356 1814 2388 qua;

208 2395 293 2424 prope
307 2388 392 2424 Israel
409 2387 450 2414 vel
459 2384 559 2424 procul
571 2384 649 2419 sunt,
669 2388 853 2424 continentur;
869 2388 964 2424 sedret
976 2389 1123 2416 descensus
1140 2390 1166 2415 iu
1185 2384 1333 2424 JEgyptmn
1358 2388 1528 2424 septuaginta
1549 2388 1703 2424 animarum
1717 2405 1724 2418 ,
1748 2390 1772 2410 ut
1785 2384 1813 2424 ibi

208 2421 242 2449 ad
259 2421 460 2450 multitudinem
476 2422 614 2450 stellarum
641 2423 703 2450 coeli
729 2427 889 2457 augeantur.
908 2423 1008 2450 Verum
1024 2423 1154 2457 quoniam
1172 2421 1334 2450 nou’oinnes
1353 2424 1398 2456 qui
1414 2430 1446 2448 ex
1459 2421 1524 2448 filiis
1547 2427 1610 2448 sunt
1623 2442 1629 2451 .
1654 2422 1741 2448 lumen
1763 2421 1815 2444 sunt

210 2458 315 2489 mundi,
330 2467 340 2483 ι
358 2465 410 2484 nou
425 2457 497 2484 enirn
513 2464 606 2484 omnes
621 2459 666 2492 qui
681 2465 715 2484 ex
733 2456 816 2484 Israel
829 2462 902 2489 sunt,
919 2459 936 2485 ii
952 2463 1015 2485 sunt
1029 2456 1168 2490 Israelitae,
1184 2467 1194 2484 r
1212 2465 1246 2485 ex
1259 2458 1427 2492 septuaginta
1442 2458 1550 2492 qundam
1562 2458 1645 2484 etiam
1662 2456 1730 2483 sicut
1740 2461 1807 2480 areuzl

207 2502 268 2525 qme
285 2497 326 2520 est
340 2493 373 2519 ad
389 2492 466 2519 littus
481 2492 566 2518 maris
583 2492 802 2524 innumerabilis,
821 2493 1049 2527 multiplicantur.

244 2540 306 2555 “4°
324 2538 375 2566 Isa.
395 2547 455 2567 xcv.
494 2540 516 2555 δι
530 2539 608 2566 Rom.
623 2547 661 2571 ιχ,
678 2539 704 2566 6.
742 2540 765 2555 δ’
778 2539 860 2567 Hebr.
878 2547 939 2572 vtu,
955 2540 983 2567 5.

245 2587 303 2622 (‘28)
319 2588 365 2615 Sic
382 2596 446 2616 mss.
463 2588 532 2615 Editi
546 2608 553 2620 ,
575 2597 584 2612 ι
606 2588 825 2615 innumerabiles.
844 2597 853 2614 ι

248 2622 304 2655 (29)
321 2624 366 2650 Sic
384 2631 449 2651 mss.
471 2624 552 2655 Editi,
570 2632 578 2648 I
599 2623 743 2650 adduntur.
763 2632 772 2648 ›

249 2657 304 2691 (50)
321 2657 456 2691 Prmcipue
477 2664 564 2685 tamen
585 2658 618 2684 ad
634 2664 753 2684 sanciunt
772 2666 924 2688 numerum,
940 2661 995 2684 elc.

214 2692 331 2720 Sanctus
355 2693 535 2728 Hieronymus
561 2693 640 2727 epist.
663 2693 697 2719 94
729 2693 762 2719 ad
793 2693 900 2719 Avitum
927 2693 998 2728 hunc

212 2727 303 2754 locum
317 2735 428 2762 carpere
441 2727 546 2755 videtur
558 2729 599 2755 his
611 2728 700 2755 verbis
715 2737 721 2753 :
735 2737 744 2753 ι
760 2727 830 2754 Dicit
845 2727 997 2762 (Origenes)

217 2762 313 2798 in_liue
326 2761 445 2790 ouinium
465 2771 566 2795 rerum,
585 2764 694 2798 quando
712 2764 745 2789 ad
759 2762 896 2798 caelestem
918 2761 998 2788 Jeru-

216 2796 300 2822 salem
320 2799 452 2824 reversuri
465 2806 569 2829 sumus,
579 2796 796 2825 aitversariarum
811 2797 996 2824 Iortitudiuum

217 2835 315 2859 contra
339 2833 463 2866 populum
488 2833 534 2860 Dei
562 2833 631 2860 bella
649 2839 823 2868 consurgere,
851 2836 878 2859 ut
895 2840 946 2859 non
962 2833 997 2858 sit

1014 2594 1036 2622 υ
1051 2595 1144 2616 eorum
1160 2588 1248 2615 otiosa
1265 2587 1359 2618 virtus,
1375 2587 1422 2614 sed
1437 2590 1618 2614 exerceantur
1631 2585 1674 2622 ad
1691 2582 1781 2619 praelia.
1797 2584 1816 2617 rt

1052 2625 1171 2650 habeant
1196 2623 1334 2649 materiam
1362 2623 1476 2654 roboris,
1492 2628 1573 2655 quam
1599 2621 1692 2654 utique
1704 2621 1815 2654 consequl

1052 2666 1105 2684 non
1120 2657 1237 2692 pOssint|
1251 2657 1302 2684 nisi
1318 2656 1401 2684 fortes
1417 2657 1533 2690 primum
1551 2655 1714 2692 adversariis
1726 2655 1814 2692 iustiq-

1051 2684 1202 2727 ring-quos
1219 2684 1323 2718 ratione
1338 2697 1365 2718 et
1378 2684 1473 2727 ordine
1488 2695 1515 2717 ct
1529 2690 1636 2717 solertia
1656 2684 1815 2727 repugnandi.

1052 2727 1078 2762 iu
1106 2725 1174 2754 libro
1203 2727 1379 2753 Numerorum
1415 2726 1527 2760 legimus
1545 2732 1617 2762 esse
1644 2725 1814 2762 superatos]

1053 2761 1150 2789 Verum
1169 2763 1225 2789 haec
1241 2762 1329 2788 omnia
1347 2769 1405 2796 qua!
1425 2757 1524 2796 Ie—gerat
1545 2760 1572 2787 iu
1589 2757 1689 2796 ⁸(ῖιιἸιῃ-(ὶ
1704 2757 1814 2796 Ilii-r0113:

1054 2805 1124 2830 tuus,
1138 2802 1185 2823 aut
1197 2794 1375 2825 dissimulavit
1394 2794 1517 2829 lluliuus,
1531 2794 1617 2823 autin
1629 2794 1708 2821 alium
1723 2794 1814 2828 sensum

1055 2833 1179 2860 detorsit.
1436 2836 1439 2837 ⁷
