1853 3073
98 122 149 151 597

769 131 869 159 LIBER
886 132 1059 166 QUARTUS.

1668 143 1718 169 598

101 176 116 195 a
131 169 237 196 dextris
251 169 309 197 suis
325 170 394 198 Filio
408 171 515 205 subjicit
532 173 629 208 Pater,
651 179 681 202 ut
695 175 818 204 destruat
831 186 886 204 oin-
900 182 922 208 Α
971 178 1017 208 25.
1034 179 1085 206 Sed
1101 179 1242 207 videndum
1265 185 1305 208 est
1322 188 1355 208 ne
1378 181 1447 209 forte
1466 183 1552 216 magis
1568 184 1632 212 illud
1649 187 1719 214 indi-

99 221 159 240 nent
175 215 358 250 principatum
371 224 402 243 ac
416 223 593 252 potestatem;
610 225 638 247 ut
654 222 758 256 perlios
770 223 884 250 militum

99 267 211 287 suorum
228 269 356 290 numeros
370 265 414 298 qui
439 264 494 291 Deo
511 266 660 295 militantes
678 275 731 294 non
749 275 777 295 se
795 269 883 303 iinpli-

97 312 159 334 cant
178 307 297 342 negotiis
311 309 498 343 saecularilus,
515 313 662 340 adversarii
674 321 754 349 regna
771 315 883 343 subver-

99 357 153 386 lat;
173 361 187 380 a
204 354 303 386 quibus
317 360 390 382 scuta
410 356 471 383 lidei
488 358 722 392 circumferuntur,
737 365 762 387 et
774 362 882 395 sapien-

96 399 140 426 tiir.
153 399 206 426 tela
218 400 372 433 vibrentur,
383 403 465 428 etiam
478 404 609 438 inquibus
620 405 676 439 spei
686 405 741 440 (51)
750 407 881 435 etsalutis

92 446 170 479 galea
185 451 322 478 coruscet,
334 455 364 474 ac
376 447 459 475 lorica
473 449 606 476 claritatis
622 450 687 486 (δι’)
706 451 762 478 Deo
775 452 880 487 plenum

91 492 199 517 muniat
214 497 320 525 pectus.
334 493 413 521 Tales
430 496 538 528 quidem
556 497 623 523 milii
640 497 764 524 videnlur
781 498 880 525 milites

88 535 222 569 indicari,
239 542 266 564 et
281 539 313 565 ad
332 539 516 573 hujuscemodi
531 542 599 568 bella
614 544 774 577 praeparari,
790 545 816 571 hi
833 545 876 577 qui

89 581 116 607 in
137 583 240 609 divinis
264 584 339 611 libris
361 593 410 618 per
426 585 472 613 Dei
494 593 655 622 praeceptum
680 591 816 617 numerari
835 591 879 625 ju-

87 628 199 655 bentur.
216 629 317 657 lloruin
332 639 394 659 vero
407 634 493 660 multo
509 634 637 661 clariores
650 635 878 671 perlectioresqiic

87 674 267 710 designantur
284 677 318 703 illi
335 686 450 712 quorum
467 680 550 706 etiam
564 680 656 714 capilli
672 681 767 715 capitis
784 690 878 710 nume-

86 719 142 745 rati
170 728 230 747 esse
253 722 388 749 dicuntur.
406 723 444 750 llli
468 731 535 751 sane
560 725 605 758 qui
630 726 716 758 puniti
742 732 804 753 sunt
828 735 876 762 pro

85 767 226 799 peccatis,
248 775 362 802 quorum
384 776 499 803 corpora
520 771 679 798 ceciderunt
704 773 731 798 in
757 773 874 806 deserto,

83 812 296 840 similitudinem
313 815 439 841 videntur
454 815 556 843 habere
571 825 663 844 eorum
686 818 732 852 qui
752 820 873 852 profece-

84 864 150 887 rant
164 860 273 894 quidem
290 868 342 887 non
358 869 468 896 parum,
484 864 531 890 sed
552 864 585 890 ad
601 864 680 891 tinem
698 866 874 899 perfectionis

82 907 231 939 pervenire
262 908 373 934 minime
403 914 548 943 potuerunt
577 911 692 938 diversis
715 920 748 938 ex
772 913 870 944 causis,

81 953 159 986 quod
176 952 218 979 vel
229 961 423 985 murmurassc.
438 956 479 982 vel
496 956 566 983 idola
581 957 714 990 coluisse,
732 958 772 984 vel
789 958 874 986 forni‘

81 997 138 1023 cati
156 1005 217 1024 esse
232 999 367 1031 dicuntur,
378 1000 419 1026 vel
438 1000 490 1028 tale
504 1001 604 1036 aliquid
618 1003 700 1037 quale
714 1004 806 1038 utique
819 1013 871 1031 non

81 1042 180 1070 liceret
196 1048 286 1070 mente
301 1046 453 1080 concipere.
475 1047 526 1073 Sed
547 1055 579 1074 ne
606 1048 670 1075 illud
695 1050 802 1083 quidem
824 1058 870 1077 sn-

79 1093 226 1116 cramento
240 1090 330 1124 aliqtio
351 1098 463 1118 vacuum
480 1097 557 1125 puto,
573 1096 642 1127 quod
660 1095 769 1129 quidam
784 1097 869 1123 multa

79 1143 181 1169 pecora
195 1140 222 1163 et
241 1135 324 1162 multa
350 1137 478 1165 animalia
501 1139 632 1166 habentes
658 1141 827 1174 praeveniunt
844 1147 872 1169 et

81 1182 243 1215 pra-ripiuiil
252 1182 341 1208 locum
352 1187 444 1217 aptum
456 1185 579 1218 pastibus
593 1186 647 1220 (52)
657 1191 683 1212 et
696 1187 870 1214 nutrimentis

77 1233 212 1260 pecorum
227 1246 234 1258 ,
249 1235 329 1262 quem
354 1228 470 1261 primum
496 1231 615 1257 omnium
640 1231 780 1259 lsraclitici
808 1232 869 1259 belli

75 1273 176 1299 dextra
189 1272 356 1300 defenderat.
375 1274 461 1307 Quem
476 1275 562 1302 locum
579 1277 660 1313 188
677 1285 691 1303 a
712 1277 803 1312 Moyse
820 1280 868 1305 de-

76 1324 234 1352 poscentes,
256 1320 325 1347 ultra
342 1320 469 1348 Jordanis
485 1321 583 1348 ﬂuenta
596 1328 768 1356 separantur,
787 1329 868 1358 atque

75 1372 92 1391 ε
107 1368 192 1392 εει-ηε
213 1371 313 1392 sancta:
329 1367 498 1400 possessione
521 1374 711 1395 secernuntur.
728 1368 777 1403 Qui
802 1369 865 1396 Jor-

74 1410 158 1439 Oauis
182 1411 267 1437 videri
292 1416 380 1445 potest
401 1413 548 1439 secundum
574 1413 726 1440 caelestium
752 1416 866 1442 I'oriuzini

74 1456 171 1489 rigare
181 1459 208 1484 et
223 1456 354 1483 inundare
368 1459 473 1485 animas
486 1459 622 1490 sitientes,
635 1464 662 1486 et
677 1467 775 1487 sensus
790 1460 865 1494 adja»

73 1506 172 1527 centes
188 1502 251 1529 sibi.
272 1501 322 1529 Ubi
347 1511 380 1530 ne
401 1503 464 1530 illtid
487 1505 595 1539 quidem
611 1506 728 1532 otiosum
744 1507 864 1536 videtur.
880 1513 900 1541 ρ

73 1546 150 1580 quod
168 1546 272 1581 Moyses
290 1547 396 1582 quidem
415 1549 489 1575 :iiielit
506 1558 520 1575 a
535 1550 590 1577 Deo
613 1558 672 1585 quia
697 1552 722 1578 in
747 1551 861 1579 Leviiici

74 1591 137 1626 lege
152 1592 286 1627 descripta
303 1599 376 1626 sunt,
395 1596 508 1630 populus
524 1604 589 1624 vero
604 1597 630 1623 iii
652 1597 862 1625 Denteronotnio

72 1639 185 1665 auditor
206 1639 307 1674 Mnysis
327 1640 453 1672 ellicittir,
477 1647 504 1669 et
523 1643 556 1669 ab
572 1643 618 1669 illo
638 1643 716 1670 discit
730 1652 759 1670 ea
772 1652 832 1678 qua:
851 1653 865 1671 a

74 1685 132 1712 Deo
147 1686 244 1712 audire
258 1694 310 1713 non
330 1687 416 1720 potuit
430 1687 496 1723 (55).
521 1688 668 1722 Propterea
693 1690 765 1716 enini
795 1690 865 1717 velut

71 1731 197 1758 seeiiinla
212 1731 253 1758 lex
269 1731 506 1759 Deuterononiiuin
520 1733 629 1766 dicitur,
646 1735 714 1768 quod
727 1735 863 1762 nonnullis

74 1776 235 1810 signiﬁcare
250 1777 384 1803 videbitur
397 1778 448 1804 hoc
460 1778 560 1812 ipsum,
576 1780 648 1812 quod
663 1785 788 1806 cessante
802 1780 862 1815 lege

72 1821 167 1855 prima
181 1829 242 1855 qua:
255 1829 301 1855 per
317 1821 434 1856 Moyseni
452 1823 513 1849 data
528 1828 586 1856 est,
604 1825 729 1851 videatur
742 1827 861 1852 secunda

71 1865 210 1899 legislatio
233 1867 390 1900 deforinai-i,
414 1877 473 1904 quae
491 1870 646 1904 specialiter
668 1879 683 1897 ιι
701 1871 792 1906 Moyse
806 1876 862 1899 tra—

71 1912 149 1939 ditur
163 1912 227 1939 Jesu
245 1915 399 1941 successori
413 1916 488 1948 eius:
504 1916 550 1950 qui
568 1916 661 1951 utique
677 1919 791 1944 fortnam
805 1925 861 1945 ser—

71 1965 141 1984 vare
156 1959 276 1986 creditur
292 1960 440 1988 Salvatoris
454 1962 549 1994 nostri,
565 1962 642 1995 cujus
655 1963 772 1990 secunda
791 1963 859 1999 lege,

73 2004 99 2030 id
124 2010 166 2031 est
185 2007 328 2041 praeceptis
348 2007 512 2042 evaiigelicis
534 2008 570 2036 ad
592 2009 742 2043 perlectum
766 2011 859 2037 omnia

70 2049 274 2084 perducuntur.

935 232 997 251 care
1013 225 1144 256 videatur.
1155 227 1226 260 quod
1242 226 1311 253 sicut
1328 228 1352 254 iii
1373 227 1586 256 Deuteronomio
1601 231 1717 258 eviden-

935 274 987 298 tior
1008 275 1036 297 et
1059 271 1231 298 manifestior
1246 272 1378 307 legislatio
1401 274 1567 308 declaratur,
1585 284 1666 310 quain
1691 278 1718 304 iu

934 317 976 344 his
992 325 1051 351 quae
1069 318 1156 351 primo
1171 317 1227 351 (54)
1243 318 1344 352 scripta
1358 323 1441 350 Sunt;
1459 319 1494 346 ita
1515 325 1542 347 et
1566 321 1601 347 ab
1620 329 1653 348 eo
1671 323 1720 348 atl-

934 367 1012 389 ventu
1026 362 1175 389 Salvatoris
1184 369 1265 396 quem
1281 363 1306 388 in
1323 363 1475 390 humilitate
1487 366 1643 399 complerit,
1658 375 1717 394 rinn

934 408 1046 435 l'ormain
1060 409 1131 435 servi
1148 408 1286 442 suscepit,
1301 408 1401 435 clarior
1419 409 1464 436 ille
1477 415 1503 436 ct
1516 411 1661 444 gloriosior
1675 421 1719 439 se-

932 453 1035 481 cundus
1050 453 1173 488 ingloria
1190 453 1281 480 Patris
1307 453 1367 487 ejus
1383 454 1518 482 indicetur
1535 457 1676 489 adventus,
1691 462 1719 486 et

931 499 958 526 in
979 499 1025 526 illo
1048 499 1135 526 forma
1158 499 1361 526 Deuteronomii
1385 500 1571 534 compleatur,
1593 510 1654 529 eum
1688 504 1714 530 in

931 553 1014 580 regno
1025 545 1156 573 coriorum
1172 545 1257 572 sancti
1273 551 1367 572 omnes
1382 546 1475 572 πίει-ιιί
1492 546 1562 573 illius
1574 547 1714 583 Evangelii

930 589 1102 626 legibiis(55)
1117 591 1218 621 vivent,
1240 594 1267 617 et
1290 590 1361 616 sicut
1376 597 1446 617 nunc
1470 591 1618 619 adveniens
1631 593 1714 628 legent

930 657 1041 692 replevit
1064 665 1123 684 eam
1154 665 1213 691 qua:
1243 664 1302 683 um-

927 703 1004 729 bram
1042 703 1123 730 habet
1148 703 1300 731 futurorum

928 749 1080 781 bonorum,
1115 750 1151 776 ita
1193 754 1220 777 et
1253 757 1301 783 per

927 794 999 821 illum
1022 795 1168 829 gloriosum
1198 795 1300 821 adven-

891 849 910 875 B
928 844 982 866 tuin
1004 839 1061 875 (56)
1086 840 1241 874 iinplebitur
1271 844 1299 867 et

926 886 960 913 ad
979 886 1128 919 perlectum
1146 887 1299 913 adducetur

926 931 1004 966 hujus
1028 933 1158 959 adventus
1191 933 1297 959 umbra.

925 976 962 1003 lta
985 978 1058 1004 enim
1074 978 1140 1004 dixit
1166 978 1297 1013 propheta

924 1023 1005 1049 deeo
1028 1031 1034 1049 :
1059 1033 1068 1048 ε
1097 1022 1215 1057 Spiritus
1242 1025 1295 1050 vul-

925 1073 967 1094 tus
992 1069 1076 1096 nostri
1099 1069 1222 1096 Christus
1245 1069 1296 1096 Do-

924 1112 1031 1145 minus.
1073 1114 1116 1140 cui
1158 1115 1294 1147 diximus,

922 1158 985 1191 quia
1011 1159 1036 1184 iii
1060 1160 1154 1186 ninbi'a
1181 1160 1239 1193 ejus
1253 1160 1294 1187 vi-

923 1210 1016 1231 vemus
1039 1204 1064 1231 in
1089 1206 1213 1239 gentibus
1228 1206 1262 1239 ⁸³,
1282 1217 1291 1232 ι

921 1257 981 1276 cum
1010 1249 1113 1276 scilicet
1146 1251 1179 1277 ab
1207 1250 1296 1277 Evan-

920 1293 990 1327 gelio
1020 1294 1161 1329 temporali
1187 1295 1295 1329 dignius

920 1347 1014 1367 omnes
1027 1346 1137 1368 sanctos
1152 1342 1186 1368 ad
1203 1342 1256 1369 Eva
1264 1351 1294 1369 n-

920 1386 1018 1421 geliuin
1033 1394 1162 1414 aeternum
1176 1388 1294 1416 transle-

920 1437 970 1466 ret,
982 1434 1208 1468 secunduniquod
1216 1434 1295 1462 Joaii‘

920 1486 968 1506 nes
1003 1479 1029 1506 in
1063 1480 1226 1515 Apocalypsi
1262 1482 1294 1508 de

918 1530 1020 1552 interno
1046 1526 1194 1562 Evangelia
1220 1527 1289 1554 desi-

915 1572 1009 1605 gnavit
1023 1571 1056 1595 "'-

921 1639 1000 1666 Ἀλλὰ
1017 1639 1068 1666 κᾶν
1082 1641 1161 1676 μέχρι
1176 1641 1223 1668 τοῦ
1238 1642 1289 1668 πά-

914 1684 976 1715 θους
996 1694 1038 1716 τις
1057 1685 1172 1722 ζητήσῃ,
1192 1687 1292 1722 τολμη-

918 1729 962 1764 ρὸν
977 1730 1046 1762 δόξει
1063 1732 1150 1758 ποιεῖν
1163 1732 1226 1767 περὶ
1238 1732 1291 1759 τῶν

915 1776 1047 1811 οὐρανίων
1061 1778 1150 1804 τόπων
1162 1778 1226 1805 αὐτὸ
1243 1777 1291 1814 ζη-

915 1823 978 1849 τῶν.
1006 1825 1074 1850 Ἀλλ’
1091 1826 1114 1852 εἰ
1137 1825 1194 1852 ἔστι
1212 1835 1293 1853 meu-

919 1871 1019 1904 ματικὰ
1039 1872 1089 1906 τῆς
1111 1873 1241 1907 πονηρίας
1264 1875 1292 1900 ἐν

915 1919 970 1949 τοῖς
999 1919 1151 1954 οὐρανίοις,
1184 1921 1237 1956 ἄρα
1267 1923 1291 1948 εἰ

914 1964 1007 2001 ὥσπερ
1026 1966 1117 1993 ἐνθάδε
1141 1967 1190 1994 οὐκ
1202 1968 1290 1994 αἰδού-

915 2009 984 2044 μεθα
1003 2011 1201 2047 σταυρούμενον
1224 2014 1289 2048 ὁμο-

913 2055 1003 2090 λογεῖν
1018 2058 1062 2083 ἐπὶ
1081 2058 1237 2093 καθαιρέσει
1252 2056 1290 2086 ὧν

699 2101 978 2131 INTERPRETATIO
997 2103 1101 2132 NOVA.

108 2143 211 2184 Verum
229 2145 250 2171 si
268 2145 307 2187 vel
324 2146 357 2187 and
373 2147 524 2187 passioan
545 2155 636 2187 usque
650 2149 784 2187 quispiam
799 2150 942 2187 inquirat,
965 2152 1096 2179 audacius
1116 2153 1239 2187 profecto
1256 2154 1392 2182 videbitur
1413 2155 1447 2182 de
1464 2156 1530 2183 locis
1546 2157 1699 2185 caelestibus

71 2178 268 2220 idniiiquirere.
290 2180 343 2220 sed
364 2178 384 2207 si
401 2182 426 2207 in
445 2178 603 2220 cwlestibus
622 2178 686 2220 sunt
701 2178 834 2218 spiritalia
846 2178 980 2220 ἰιθίιιιίἰίιῐε
1001 2194 1009 2219 ;
1027 2178 1099 2214 sicut
1114 2178 1188 2215 certe
1199 2178 1252 2216 hic
1268 2197 1320 2216 non
1336 2190 1523 2218 erubescimus
1540 2191 1618 2218 fateri
1635 2201 1698 2218 (ειη-

70 2213 183 2239 cilixuni
198 2216 235 2260 ,ιλιι
249 2223 290 2260 “ea
310 2216 484 2260 deslI-Helltla,
502 2225 563 2251 quat
580 2218 707 2257 patiendo
717 2213 871 2260 destruxit,
892 2213 939 2260 ita!
955 2213 1009 2260 illic
1020 2213 1141 2260 quoque
1161 2213 1252 2252 simile

71 2255 159 2282 usque
171 2249 205 2275 ad
220 2250 301 2277 totius
312 2250 404 2277 steculi
419 2249 684 2280 ευιιδυιίιιιιιιὶἰυιιεῐι]
700 2255 847 2282 concedere
860 2249 912 2282 non
927 2249 1144 2284 forinida'biin'tis.

111 2308 137 2323 ⁸³
149 2308 252 2335 Tlii-en.
267 2316 305 2341 iv,
320 2309 364 2336 20.
401 2309 520 2344 “Apoc.
535 2318 592 2339 xiv.
604 2310 631 2337 6.

1378 664 1403 682 D.
1420 664 1528 684 ΗΙΕῐιΟΝ.
1544 666 1670 686 INTERPR.

1339 700 1412 728 Sicut
1435 703 1503 729 enim
1525 711 1570 736 per
1595 705 1714 731 umbram

1339 747 1474 783 Evangelii
1495 749 1522 783 (5
1529 749 1554 784 ἶ)
1563 769 1570 780 ,
1596 751 1714 777 umbram

1337 794 1400 829 legis
1427 795 1540 828 implevit
1561 805 1571 828 ,'
1595 797 1633 823 sic
1650 797 1714 832 quia

1337 841 1422 867 omnis
1445 841 1486 868 lex
1515 842 1660 876 exemplum
1687 849 1711 869 cl

1336 888 1427 914 umbra
1441 893 1478 914 est
1493 890 1712 915 cwremoniarum

1335 933 1487 964 cwlesliuni,
1500 934 1652 968 diligentius
1668 943 1708 961 re-

1329 979 1507 1012 quirendum,
1534 984 1622 1006 utrum
1643 986 1711 1007 recte

1336 1024 1513 1058 intelligamus
1523 1025 1711 1060 legemquoque

1334 1070 1461 1096 caelestem
1484 1075 1508 1096 et
1538 1073 1708 1098 cwrenwnias

1332 1117 1438 1148 superni
1460 1116 1546 1142 cultus
1568 1116 1710 1150 plenitudi-

1332 1167 1388 1186 nem
1403 1169 1453 1186 non
1463 1161 1566 1193 habere,
1580 1162 1625 1188 sed
1637 1162 1709 1188 indi—

1333 1214 1391 1240 gere
1415 1205 1551 1241 Evangelii
1581 1209 1707 1239 veritate.

1331 1253 1400 1286 quod
1421 1253 1447 1279 in
1470 1253 1582 1280 Joannis
1602 1254 1705 1288 Apoca-

1333 1298 1400 1332 lypsi
1412 1298 1582 1334 Evangelium
1597 1299 1707 1335 legimus

1332 1345 1533 1378 sempiternum,
1552 1346 1587 1372 ad
1601 1354 1704 1379 comm-

1333 1391 1462 1417 rationem
1485 1391 1603 1418 uidelicet
1627 1392 1706 1426 hujus

1333 1438 1415 1463 nostri
1444 1436 1602 1472 Evangelii.
1635 1441 1706 1474 quod

1331 1483 1473 1516 temporale
1484 1489 1564 1516 est,et
1577 1485 1604 1510 in
1620 1490 1706 1511 trant-

1331 1529 1401 1555 ituro
1426 1531 1524 1556 munda
1548 1539 1579 1556 ac
1609 1532 1705 1558 sa'culu

1329 1584 1345 1608 μ
1350 1576 1457 1602 medical
1462 1585 1503 1602 um
1509 1596 1515 1602 .

1378 1651 1473 1671 \‘EKSIO
1489 1652 1648 1674 HIERONYMI.

1329 1688 1406 1720 Quod
1451 1691 1555 1725 quidem
1600 1693 1704 1719 etiamsi

1330 1744 1408 1770 usque
1434 1737 1467 1763 rid
1485 1740 1631 1772 passionem
1653 1740 1706 1766 Do-

1330 1783 1393 1809 mini
1408 1782 1556 1812 Salvatoris
1574 1787 1705 1820 inquirere

1328 1830 1486 1858 voluerimus
1520 1832 1593 1867 (58),
1621 1843 1704 1868 quan-

1327 1884 1405 1910 quam
1429 1881 1519 1904 audax
1542 1883 1567 1905 et
1592 1883 1699 1906 leniera-

1328 1923 1395 1948 rium
1404 1924 1435 1949 sit
1447 1923 1474 1950 in
1487 1924 1551 1951 cwlo
1565 1925 1621 1959 ejus
1632 1933 1704 1960 qua-

1327 1975 1381 1994 rere
1396 1969 1541 2002 passionem
1557 1979 1565 1998 :
1580 1975 1666 1998 tamen
1681 1974 1703 1997 si

1325 2016 1474 2049 spiritualia
1485 2018 1605 2052 nequitia.-
1614 2019 1640 2046 in
1649 2028 1702 2046 εω-

1326 2061 1432 2089 lestibus
1445 2068 1516 2095 sunt,
1530 2068 1553 2090 et
1567 2072 1619 2091 non
1633 2064 1700 2100 ξενα-

950 2371 1007 2410 (57)
1025 2371 1099 2410 Sicut
1111 2373 1178 2398 enim
1195 2381 1241 2406 per
1259 2377 1376 2400 unibrant
1392 2375 1535 2410 Evangelii,
1553 2382 1606 2404 etc.
1620 2378 1699 2405 Com-

915 2406 1063 2442 iiiodiorein
1089 2407 1176 2433 locum
1210 2415 1262 2434 non
1293 2410 1381 2442 reperi
1408 2406 1590 2438 ubi'celelire
1626 2413 1698 2440 istud

120 2366 165 2401 51)
181 2365 253 2399 Spei.
271 2367 348 2394 Deest
361 2368 386 2394 in
402 2368 490 2399 editis,
505 2369 551 2395 sed
570 2369 682 2396 habetur
700 2370 725 2395 in
741 2377 806 2396 mss.
877 2371 899 2397 D

123 2400 181 2435 ὃν)
198 2401 249 2428 Alii
263 2402 354 2436 legunt
367 2404 514 2430 cliuriiatis.
530 2403 609 2431 Enir.
628 2403 747 2431 PA’I‘ROL.

107 2365 167 2471 332)
181 2436 228 2462 Sic
244 2444 308 2463 mss.
333 2438 400 2464 Editi
426 2446 488 2465 vero
500 2459 507 2471 ,
526 2448 534 2464 t
556 2446 653 2471 pecora
667 2444 694 2465 et
711 2439 793 2465 inulta
806 2439 857 2466 alia

123 2400 181 2435 ὃν)
198 2401 249 2428 Alii
263 2402 354 2436 legunt
367 2404 514 2430 cliuriiatis.
530 2403 609 2431 Enir.
628 2403 747 2431 PA’I‘ROL.

121 2437 167 2469 3‘2)
181 2436 228 2462 Sic
244 2444 308 2463 mss.
333 2438 400 2464 Editi
426 2446 488 2465 vero
500 2459 507 2471 ,
526 2448 534 2464 t
556 2446 653 2472 pecora
667 2444 694 2465 et
711 2439 793 2465 inulta
806 2439 857 2466 alia

71 2471 244 2509 possidentes
260 2473 426 2506 prteveiiiunt
442 2478 470 2500 et
484 2471 643 2508 praecipiunt
661 2473 751 2500 locum
766 2479 857 2509 aptum

71 2505 213 2540 partubus.
234 2516 244 2532 ι
262 2505 266 2506 ⁷
484 2505 491 2508 ⁷
566 2505 575 2508 “
783 2505 792 2509 ”

107 2540 164 2575 (55)
181 2539 227 2578 Sic
242 2548 307 2578 inss.
326 2541 423 2578 Εἀὶιίᾉὶ
440 2551 452 2567 ‹
471 2551 530 2570 eam
551 2551 634 2578 quam
651 2550 665 2569 a
688 2543 742 2569 Deo
763 2544 859 2570 audire

73 2583 127 2602 non
145 2576 242 2613 potuir
253 2576 350 2613 legent.
361 2585 386 2613 ι
399 2576 459 2604 Mox
475 2586 538 2605 mss.
555 2576 568 2604 ἱ
584 2578 738 2613 signilicare
755 2579 858 2605 videbi-

74 2615 127 2636 tur.
145 2619 155 2635 ι
173 2610 256 2641 Eiliti,
275 2621 284 2636 ι
300 2611 455 2644 signiﬁcare
471 2610 632 2639 videaturfi

73 2678 80 2684 .
107 2643 165 2680 (54)
189 2643 291 2673 Primo.
311 2643 390 2673 UeeSI
405 2647 432 2673 iii
449 2652 529 2675 antea
550 2649 648 2679 editis,
673 2648 720 2675 sed
744 2648 858 2675 habetur

73 2687 304 2750 ωὲἓῗίεθὶὺω.
321 2716 402 2743 Deest
415 2717 442 2743 in
457 2717 552 2750 editis,
570 2718 706 2752 reperitur
722 2721 812 2744 autent
829 2717 856 2744 in

72 2757 162 2819 ηἺέϐ)
180 2785 338 2812 Adventum.
358 2786 439 2813 Deest
455 2787 482 2813 in
503 2787 583 2814 editis
595 2807 603 2819 ,
629 2787 674 2815 sed
694 2787 811 2814 habetur
829 2787 856 2814 in

70 2827 134 2856 mss.
150 2821 234 2847 Paulo
251 2825 314 2856 post
332 2829 397 2848 mss.
411 2841 419 2852 ,
435 2831 444 2847 ‹
466 2822 572 2856 dignius
587 2830 681 2852 omnes
706 2827 826 2850 sanctos.
843 2832 853 2849 ι

70 2855 154 2888 Ειιὶίὲ,
172 2864 181 2880 ι
200 2856 297 2890 dignos
313 2863 410 2883 omnes
424 2855 540 2883 sanctos.
564 2871 572 2886 ι

913 2440 1059 2480 inf-tererem
1086 2441 1264 2480 fragmentum
1287 2440 1357 2480 quod
1381 2452 1395 2470 e
1428 2444 1487 2472 lih.'
1503 2454 1528 2472 iv
1549 2447 1618 2480 Περὶ
1645 2448 1696 2480 ἀρ-

913 2475 975 2508 χῶν
991 2475 1069 2502 all‘ert
1088 2476 1266 2511 lliei'0nyinus
1286 2475 1312 2504 iii
1336 2479 1447 2511 cpistola
1468 2481 1500 2506 ait
1513 2475 1631 2508 Avitu'in.
1646 2475 1698 2508 P'u—

912 2515 1019 2537 strenuc
1042 2511 1127 2544 partis
1159 2519 1218 2545 qua:
1243 2512 1360 2539 l‘iiturain
1387 2514 1412 2539 iii
1446 2515 1522 2541 cwlis
1548 2516 1697 2543 Salvatoris

931 2545 1064 2583 ass_io_neiii
1076 2545 1189 2583 innuero
1200 2547 1316 2583 videtur,
1328 2547 1421 2574 Graeca
1433 2550 1512 2575 verba
1522 2556 1697 2583 repraesentat

931 2552 1064 2571 asstoneiu
1076 2554 1189 2572 innuerc
1200 2552 1316 2578 videtur,
1328 2552 1421 2574 Ursl‘ca
1433 2552 1512 2575 verba
1522 2556 1696 2583 repraesentat

912 2552 1080 2607 fustiniauus
1094 2581 1127 2607 ad
1143 2581 1245 2607 calcem
1263 2582 1385 2613 cpistola:
1400 2583 1432 2608 ad
1450 2583 1565 2610 Menam.
1582 2585 1616 2611 At
1631 2593 1696 2612 vero

912 2614 1004 2641 ultima
1026 2615 1105 2641 verba
1122 2615 1174 2646 ἕως
1198 2615 1248 2650 τῆς
1269 2615 1421 2647 συντελείας
1444 2617 1490 2643 τοῦ
1511 2618 1610 2649 παντὸς
1631 2619 1698 2645 αἰῶ-

911 2657 955 2680 νος
968 2671 975 2682 ,
994 2658 1054 2685 cuin
1073 2652 1183 2676 verterit.
1209 2655 1321 2676 sanctus
1339 2650 1519 2685 Hieronymus
1532 2671 1538 2683 ,
1560 2661 1568 2677 t
1590 2653 1615 2679 iii
1629 2661 1696 2679 (on—

911 2684 1090 2711 suniinatione
1107 2685 1276 2715 saeculorum,
1294 2694 1303 2709 i
1321 2684 1489 2712 clarissimus
1508 2687 1620 2713 lliietius
1633 2687 1698 2714 Ori-

927 2719 1082 2745 enianoruut
1100 2719 1145 2745 lib.
1165 2724 1315 2755 ti._quaast.
1341 2719 1357 2745 5
1371 2741 1378 2752 ,
1407 2729 1482 2748 iiuiii.
1507 2721 1541 2747 25
1554 2741 1562 2754 ,
1581 2729 1629 2755 pro
1645 2722 1696 2754 ἕως

927 2727 1082 2745 cauniarum
1100 2726 1145 2745 nu.
1165 2726 1199 2747 ii.
1219 2726 1315 2752 quaest.
1341 2726 1357 2745 ο
1371 2741 1378 2752 ,
1407 2729 1482 2748 nniii.
1507 2726 1541 2747 25
1554 2741 1562 2754 ,
1581 2729 1629 2755 pro
1645 2726 1696 2754 stu;

910 2726 1051 2790 legendum
1062 2757 1146 2790 putat
1163 2753 1368 2790 érﬁlacwlerll‘lll
1385 2759 1473 2781 iitrniii
1493 2764 1585 2782 revera
1601 2757 1696 2790 opina—

915 2793 958 2814 tus
973 2789 1008 2814 sit
1023 2787 1153 2825 Origenes
1166 2789 1305 2825 Clit-istiiiii
1320 2788 1467 2823 aliquando
1483 2790 1509 2817 in
1521 2787 1645 2825 superuis
1658 2792 1696 2816 lo-

912 2823 1040 2860 cisp‘assu
1045 2830 1113 2855 rum,
1124 2823 1476 2860 disquiritiluetiusibideiii
1488 2823 1563 2854 uniti;
1574 2826 1641 2854 25m
1649 2826 1693 2853 24.

947 2857 1003 2892 (58)
1021 2857 1106 2885 Caute
1122 2858 1190 2893 lege.
