1853 3073
154 149 206 176 399

155 207 282 234 bucimus
299 211 400 231 cruce»:
424 202 529 230 Domini

155 253 275 286 conﬁteri
297 255 403 285 propter
424 249 529 275 destru-

131 302 139 309 ‘
155 301 265 326 ctianem
285 305 386 329 eorum,
407 303 466 330 quae
481 303 531 322 sua

154 346 276 380 passione
298 343 428 370 destruxit
450 350 459 369 :
483 350 531 369 cur

155 392 292 418 timeamus
312 390 390 416 etiam
404 387 431 414 in
441 395 531 421 super-
567 389 671 420 τελείας
680 389 726 415 τοῦ
739 389 837 421 παντὸς
848 389 945 421 αἰῶνος

155 435 196 461 nis
222 436 298 468 locis,
315 436 341 461 in
364 443 531 461 consumma-
568 435 598 461 οὐ
612 435 830 471 φοϐηθησόμεθα.

155 481 224 508 tione
242 481 400 508 stimulorum
414 479 514 514 aliquid
527 479 613 506 simile
625 481 768 515 suspicari,
783 486 810 507 ut
828 482 944 508 omnium

154 527 272 553 locorum
285 529 373 561 gentes
388 525 460 552 illitis
475 516 598 559 passione
612 525 765 552 solventur?

189 572 234 599 26.
253 571 351 598 Verum
364 571 390 598 in
407 571 450 598 his
461 570 588 598 omnibus
607 571 725 599 sufﬁciat
741 572 819 600 nobis
833 579 941 600 sensum

154 622 280 643 nostrum
306 616 404 651 regula).
427 616 538 650 pietatis
563 622 670 651 aptare,
692 621 719 644 et
737 617 774 644 ita
796 618 897 645 sentire
911 618 943 645 de

157 663 243 690 sancti
264 663 383 696 Spiritus
398 663 497 693 verbis,
516 663 588 697 quod
607 671 659 690 non
679 664 828 691 secundum
847 664 944 691 huma-

133 722 136 726 -
157 717 198 735 me
224 708 380 743 fragilitatis
404 708 541 743 eloquium
560 709 628 736 nitet
651 717 740 737 sermo
765 711 942 745 compositus,

155 754 202 780 sed
217 755 286 780 sicut
303 754 433 787 scriptum
449 759 500 788 est,
522 763 530 779 ι
550 753 644 782 Omnis
657 755 741 789 gloria
757 756 827 790 regis
846 756 944 783 intrin-

155 807 234 827 secus
257 804 298 827 est
319 799 341 815 δ’
357 818 365 832 ,
385 808 394 825 ι
418 804 446 826 et
466 799 626 826 divinorum
648 807 778 827 sensuum
800 801 943 829 thesaurus

155 845 227 872 intra
244 844 340 880 fragile
355 845 496 872 vasculum
512 844 573 872 vilis
601 845 699 873 littera:
722 847 877 873 continetur
900 847 943 874 in-

155 890 255 917 clusus.
274 890 357 918 Porro
372 895 463 917 autem
478 890 500 916 si
514 890 574 924 quis
590 891 715 918 curiosus
726 892 943 926 explanationem

566 258 621 283 ναι,
634 249 704 276 οὕτω
720 250 750 276 τὸ
765 251 845 276 κάκεῖ
856 259 945 286 παρα-

567 296 680 332 πλήσιον
693 296 807 329 διδόντες
822 297 945 331 γίνεσθαι

567 342 601 370 τὰ
613 343 658 369 καὶ
671 342 733 378 ἑξῆς
746 343 798 375 ἕως
818 344 865 378 τῆς
880 353 943 370 συν-

749 143 909 171 OHICFNIS
926 144 1005 170 ΠΕΡΙ
1023 144 1137 170 ΑΡΧΩΝ

567 201 674 228 καθεῖλε
689 201 732 228 διὰ
750 202 796 228 τοῦ
815 202 931 229 πεπονοέ

1022 211 1075 234 utin,
1093 210 1179 236 neque
1195 202 1255 230 finis
1271 202 1386 230 inveniri
1400 206 1497 237 potest,
1514 202 1550 229 ait
1565 210 1572 229 :
1589 212 1597 228 ‹
1615 201 1711 229 Priora
1733 211 1793 236 qua:

1740 143 1791 170 400

997 249 1099 276 fuerint
1117 249 1208 280 dicite,
1230 252 1257 276 et
1272 249 1372 276 scimus
1388 249 1450 284 quia
1472 249 1507 276 dii
1524 249 1606 280 estis;
1626 249 1670 276 vel
1692 250 1794 276 novis-

997 294 1064 321 sima
1080 302 1140 329 quae
1153 298 1217 321 sunt
1232 295 1403 328 annuntiate,
1421 299 1449 321 et
1473 299 1537 322 tunc
1551 295 1709 322 videbimus
1732 295 1794 328 quia

998 340 1033 367 dii
1049 339 1114 366 estis
1126 340 1159 367 ⁸⁸.
1173 349 1182 365 ›
1200 339 1266 366 Nam
1284 333 1311 367 et
1327 339 1456 368 Hebraeus
1480 341 1575 367 doctor
1589 341 1645 375 (.tl)
1670 341 1709 367 ita
1741 346 1796 366 tra-

998 385 1097 412 debat:
1113 392 1162 419 pro
1177 393 1210 412 eo
1224 385 1294 419 quod
1309 385 1420 422 initium
1445 386 1566 412 omnium
1579 385 1621 412 vel
1649 385 1713 412 ﬁnis
1742 393 1796 411 nun

998 431 1084 465 possit
1099 432 1131 458 ah
1148 431 1201 458 ullo
1216 431 1421 466 comprehendi,
1436 431 1486 458 nisi
1500 431 1692 458 tantummodo
1705 439 1721 456 a
1743 430 1797 456 Dn-

999 476 1072 503 mino
1088 476 1151 504 .Iesu
1167 477 1287 509 Christo,
1306 482 1333 504 et
1346 485 1360 504 a
1376 477 1480 511 Spiritu
1500 481 1607 509 sancto,
1627 476 1722 503 aiebat
1749 483 1799 508 per

997 522 1109 556 figuram
1120 522 1232 549 visionis
1245 522 1340 550 lsaiam
1353 523 1466 556 dixisse,
1483 523 1549 550 duos
1562 523 1703 557 seraphitn
1720 522 1795 549 solos

997 575 1057 594 esse
1073 569 1117 601 qui
1143 569 1247 596 duabus
1265 569 1375 604 quidem
1393 570 1442 596 alis
1459 570 1583 603 operiunt
1602 569 1702 596 faciem
1732 569 1792 598 Dei.

997 614 1101 641 duabus
1116 622 1181 641 vero
1205 615 1299 648 pedes,
1318 619 1345 642 et
1360 615 1465 642 duabus
1480 614 1572 641 volant
1588 614 1745 641 clamantes
1760 614 1796 640 ad

997 658 1112 686 invicem
1133 660 1184 686 sibi
1203 665 1228 686 et
1246 661 1386 687 dit-entes:
1407 661 1556 691 iSauctus,
1581 665 1709 692 sanctus,
1726 666 1794 686 san-

997 709 1069 736 ctus,
1092 705 1220 732 Dominus
1245 706 1315 732 Deus
1343 705 1473 737 Sabaoth,
1490 706 1570 739 plena
1595 710 1637 732 est
1661 705 1795 731 universa

996 754 1067 777 terra
1085 751 1170 785 gloria
1189 757 1233 778 tua
1243 751 1275 778 ⁸ο.
1290 760 1298 776 ι
1321 751 1399 784 Quod
1414 758 1479 786 ergo
1496 751 1552 778 sola
1569 750 1716 784 seraphim
1736 749 1795 784 (4'2)

996 801 1127 831 utrasque
1139 797 1196 824 alas
1212 805 1275 824 suas
1290 797 1391 824 habent
1406 798 1431 824 in
1451 797 1518 824 facie
1532 797 1577 824 Dei
1595 801 1622 824 et
1634 797 1662 823 iu
1677 797 1796 832 pedibus

997 843 1069 877 ejus,
1086 843 1240 869 audendum
1257 848 1299 869 est
1317 843 1498 876 pronuntiare
1512 843 1584 876 quod
1600 850 1693 876 neque
1709 848 1795 870 exer-

997 889 1068 916 citus
1088 893 1247 915 sanctorum
1265 888 1436 923 angelorum,
1458 896 1546 923 neque
1565 889 1647 916 sedes
1675 893 1794 920 sanctae.

155 937 322 972 singulorutn
348 937 471 971 requirat
487 957 493 969 ,
511 937 602 964 veniat
626 943 653 964 et
678 938 819 965 nobiscum
842 939 934 973 parite,

1022 942 1083 969 ique
1098 934 1312 966 dominationes,
1329 941 1418 968 neque
1440 934 1622 968 principatus,
1637 942 1733 968 neque
1747 942 1797 968 po-

156 983 247 1010 audiat
271 983 410 1018 quomodo
439 983 541 1011 Paulus
570 983 712 1018 apostolus
738 992 787 1019 per
813 985 943 1019 Spiritum

156 1033 290 1062 sanctum,
303 1029 348 1063 qui
362 1033 549 1063 perscrutatur
565 1030 649 1056 etiam
668 1030 799 1064 profunda
816 1031 861 1058 Dei
877 1031 944 1067 (59),

156 1074 324 1102 altitudinem
341 1074 439 1102 divina:
454 1075 596 1109 sapientiae
612 1084 644 1103 ac
661 1077 784 1104 scientia:
808 1083 943 1111 scrutans,

155 1127 206 1147 nec
224 1124 312 1148 tamen
329 1120 362 1147 ad
379 1120 471 1152 finem,
483 1125 520 1152 et.
536 1126 564 1148 ut
579 1121 616 1147 ita
632 1122 759 1153 dixerim,
776 1123 808 1149 ad
823 1124 944 1150 intimam

156 1167 339 1200 cognitionem
355 1165 505 1200 prmvalens
520 1168 665 1200 pervenire
676 1187 683 1198 ,
701 1168 891 1202 desperatione
907 1169 945 1196 rei

155 1217 182 1239 ct
197 1216 309 1246 stupore
324 1211 423 1238 clamat
437 1216 464 1238 et
478 1212 544 1238 dicit
562 1221 568 1239 :
588 1221 597 1238 ι
618 1212 640 1240 0
657 1213 771 1241 altitudo
787 1214 946 1242 divitiarum

156 1257 298 1290 sapientia:
322 1260 350 1283 et
364 1257 485 1284 scientiae
515 1256 562 1284 Dei
579 1258 618 1285 δαί
641 1267 650 1285 i
680 1259 711 1285 Et
728 1260 799 1293 quod
819 1261 947 1294 despera-

159 1302 232 1329 tione
247 1302 376 1336 perfectae
388 1304 644 1338 comprehensionis
658 1305 709 1332 hoc
725 1305 946 1338 proclamaverit,

156 1348 220 1374 audi
246 1348 334 1382 ipsum
359 1349 515 1376 dicentem:
533 1359 542 1374 ι
564 1349 650 1383 Quam
678 1350 865 1378 inscrntabilia
887 1356 948 1378 sunt

153 1393 259 1426 judicia
277 1394 345 1427 Dei,
361 1399 388 1421 et
403 1393 484 1428 q'uam
510 1395 713 1430 investigabiles
730 1396 779 1422 via:
802 1396 861 1430 ejus
875 1397 914 1423 ⁸⁷9
937 1408 945 1422 ι

156 1437 215 1465 Non
231 1439 303 1466 enim
323 1439 402 1470 dixit.
422 1439 531 1467 diflicile
546 1448 626 1474 posse
640 1441 755 1468 scrutari
770 1441 871 1475 judicia
888 1442 948 1474 Dei,

157 1483 205 1510 sed
222 1484 333 1510 omnino
351 1492 404 1511 non
426 1492 525 1518 posse;
544 1493 594 1512 nec
607 1486 676 1512 dixit
701 1486 809 1514 difﬁcile
834 1488 947 1515 investi-

156 1529 217 1564 gari
236 1536 316 1563 posse
333 1529 388 1564 (40)
415 1530 474 1557 vias
497 1530 567 1564 ejus,
594 1531 641 1558 sed
657 1539 712 1559 non
737 1540 816 1567 posse
835 1533 947 1561 investi-

157 1575 227 1610 gari.
244 1574 492 1609 Quantumcunque
505 1577 578 1603 enim
599 1577 660 1611 quis
675 1578 700 1604 in
717 1579 864 1606 scrutando
884 1586 947 1614 pro-

158 1624 268 1648 moveat
284 1624 311 1647 et
328 1620 419 1647 studio
432 1621 580 1649 intentiore
593 1623 825 1658 proficiat,gratia
840 1633 946 1660 quoque

158 1664 207 1692 Dei
223 1664 334 1699 adjutus
349 1673 487 1700 sensuque
503 1667 684 1701 illuminatus,
700 1669 733 1696 ad
749 1669 898 1702 perfectura
917 1671 948 1696 fi-

158 1718 221 1738 nem
237 1717 331 1738 eorum
345 1719 404 1746 qtne
420 1711 597 1746 requiruntur
608 1714 753 1747 pervenire
766 1723 818 1741 nou
834 1716 947 1749 poterit,

161 1756 243 1791 189
251 1763 301 1783 nec
312 1756 401 1783 omnis
410 1764 486 1784 mens
496 1764 557 1791 quae
566 1763 656 1785 creata
667 1764 718 1791 est,
729 1760 857 1793 possibile
868 1761 948 1788 habet

159 1801 214 1829 ullo
228 1809 328 1837 genere
345 1802 589 1836 comprehendere,
608 1804 654 1830 sed
670 1809 700 1831 ut
718 1804 855 1832 invenerit
874 1814 948 1840 qna:-

159 1849 222 1877 dam
239 1856 272 1876 ex
287 1848 330 1876 his
347 1856 407 1882 qua:
428 1853 597 1882 quaeruntur,
618 1850 717 1877 iterum
733 1851 807 1878 videt
822 1851 872 1878 alia
889 1860 949 1887 qua:

158 1895 302 1929 quatrenda
313 1898 388 1922 sunt.
401 1894 477 1928 Quod
491 1895 542 1922 etsi
556 1895 589 1922 ad
605 1896 663 1929 ipsa
678 1897 844 1931 pervenerit,
861 1899 949 1926 multo

159 1940 257 1967 iterum
273 1939 351 1974 plura
364 1947 397 1966 ex
412 1939 465 1966 illis
480 1947 541 1974 qua:
558 1940 660 1973 requiri
678 1941 804 1973 debeant,
824 1941 949 1975 pervide-

158 1986 208 2013 bit.
225 1985 339 2020 Propter
354 1987 426 2020 quod
443 1992 470 2013 et
491 1987 711 2020 sapientissimus
725 1987 854 2016 Salomon
872 1994 950 2016 uatu-

161 2039 219 2059 ram
246 2040 337 2059 rerum
363 2039 411 2067 per
437 2032 600 2067 sapientiam
631 2034 751 2066 intuens,
773 2035 835 2061 ait:
856 2034 948 2066 (Dixi.

160 2080 269 2114 sapiens
283 2079 398 2111 efliciar,
417 2084 445 2106 et
462 2079 518 2113 ipsa
535 2079 667 2112 sapientia
688 2080 767 2115 longe
789 2080 860 2107 facta
877 2087 917 2108 est
934 2090 947 2106 a

161 2133 214 2158 me,
233 2125 311 2159 longe
328 2125 386 2159 plus
401 2132 481 2158 quam
508 2129 577 2156 erat,
596 2129 623 2151 et
640 2125 810 2152 altitudinem
837 2127 950 2161 profun-

161 2171 223 2197 dam
240 2170 300 2204 quis
315 2169 506 2197 inveniet““?t
526 2169 580 2197 Sed
595 2174 622 2196 et
646 2169 730 2197 Isaias
752 2170 841 2198 sciens
858 2179 947 2198 rerum

161 2216 238 2243 initia
252 2224 268 2243 a
289 2220 384 2242 natura
409 2216 516 2242 mortali
542 2216 657 2243 inveniri
676 2223 728 2242 non
744 2224 835 2250 posse,
851 2219 899 2245 sed
918 2227 950 2245 uc

998 985 1110 1008 testates
1136 980 1208 1007 scire
1233 983 1347 1014 possunt
1370 980 1474 1014 integre
1499 979 1608 1006 initium
1626 980 1755 1012 omnium
1770 983 1797 1006 et

997 1028 1065 1054 fines
1088 1026 1286 1054 universitatis.
1309 1025 1361 1053 Sed
1385 1025 1591 1060 intelligendum
1617 1029 1659 1052 est
1679 1030 1797 1051 sanctos

998 1074 1062 1100 istos
1079 1081 1147 1107 quos
1162 1072 1357 1099 annumeravit
1379 1071 1494 1105 spiritus
1516 1076 1544 1098 et
1559 1071 1680 1098 virtutes
1696 1072 1795 1105 proxi-

997 1126 1053 1145 tuas
1067 1119 1176 1153 quidem
1195 1125 1255 1145 esse
1280 1118 1346 1151 ipsis
1363 1117 1460 1148 initiis,
1479 1121 1507 1143 et
1523 1116 1660 1151 attingere
1682 1121 1792 1143 tantum

996 1170 1125 1198 quantum
1141 1164 1269 1197 consequi
1287 1172 1339 1190 non
1357 1163 1442 1190 valent
1470 1162 1564 1197 reliqui
1579 1172 1585 1189 :
1599 1167 1796 1189 verumtamen

997 1210 1176 1244 quodcunque
1201 1209 1266 1236 illud
1284 1214 1326 1236 est
1351 1209 1423 1244 quod
1449 1209 1589 1236 revelanle
1613 1208 1684 1235 Filio
1703 1207 1753 1234 Dei
1768 1212 1796 1234 et

998 1255 1099 1288 Spiritu
1111 1261 1204 1281 sancto
1217 1254 1363 1281 didicerint
1380 1255 1437 1281 ista:
1450 1254 1577 1286 virtutes,
1589 1252 1796 1288 quamplurima

996 1301 1104 1335 quidem
1132 1301 1243 1335 assequi
1270 1305 1398 1334 pOICI‘ltlll
1423 1305 1450 1326 et
1475 1299 1559 1326 multo
1582 1299 1664 1333 plura
1684 1299 1797 1333 priores

998 1345 1184 1379 inferioribus,
1200 1346 1292 1374 omnia
1318 1351 1407 1372 tamen
1433 1344 1668 1380 comprehendere
1694 1345 1796 1378 impos-

998 1391 1078 1418 sibile
1098 1391 1138 1418 eis
1155 1396 1206 1423 est,
1231 1391 1295 1425 quia
1320 1391 1450 1425 scriptum
1468 1396 1509 1417 est
1526 1399 1532 1417 :
1551 1399 1560 1415 ι
1582 1389 1796 1424 Quampluiima

999 1445 1031 1464 ex
1044 1438 1172 1473 operibus
1186 1437 1232 1464 Dei
1247 1437 1272 1464 in
1285 1437 1398 1464 secretis
1411 1437 1515 1464 sunt".
1531 1446 1539 1461 ι
1550 1436 1627 1464 Unde
1636 1441 1663 1462 et
1674 1436 1797 1470 optabile

999 1488 1084 1511 estut
1101 1491 1149 1519 pro
1165 1484 1268 1511 viribus
1283 1490 1312 1510 se
1327 1484 1515 1517 unusquisque
1537 1489 1646 1516 semper
1661 1482 1797 1509 extendat

999 1530 1031 1556 ad
1045 1537 1076 1556 ea
1093 1537 1151 1563 qua:
1163 1530 1253 1564 priora
1269 1532 1344 1560 sunt,
1360 1535 1391 1555 ea
1406 1536 1466 1562 qua:
1479 1533 1628 1554 retrorsum
1645 1532 1715 1554 sunt
1728 1527 1797 1554 obli-

1000 1576 1116 1608 viscens,
1132 1580 1185 1601 tam
1204 1575 1237 1602 ad
1252 1582 1334 1610 opera
1351 1573 1464 1600 meliora
1487 1581 1567 1608 quam
1584 1573 1667 1599 ctiam
1683 1573 1719 1599 ad
1735 1580 1796 1598 sen-

999 1628 1058 1647 sum
1078 1620 1302 1654 intellectumque
1321 1619 1459 1654 puriorem
1478 1625 1525 1652 per
1539 1616 1632 1644 Iesum
1648 1617 1795 1643 Christum

999 1668 1169 1695 Salvatorem
1189 1672 1325 1699 nostrum,
1341 1666 1389 1692 cui
1407 1669 1449 1692 est
1464 1664 1550 1700 gloria
1566 1663 1592 1690 in
1607 1663 1724 1690 saecula.

1032 1715 1078 1742 27.
1097 1714 1192 1741 Oinnis
1205 1721 1268 1747 ergo
1285 1713 1326 1740 cui
1345 1711 1469 1739 veritatis
1486 1717 1549 1737 cura
1568 1713 1620 1741 eSt,
1648 1716 1749 1743 parum
1763 1707 1796 1734 de

999 1760 1155 1788 nominibus
1172 1764 1199 1786 et
1217 1758 1390 1786 sermonibus
1403 1761 1493 1787 curet,
1510 1755 1574 1790 quia
1597 1762 1646 1789 per
1671 1754 1796 1789 singulas

999 1812 1091 1841 gentes
1107 1806 1221 1833 diversae
1236 1804 1384 1831 verborum
1400 1801 1611 1831 consuetudines
1633 1800 1794 1832 habentur;

998 1858 1025 1881 et
1041 1854 1092 1880 hoc
1105 1853 1190 1887 magis
1209 1851 1281 1886 quod
1295 1851 1478 1886 significatur,
1495 1856 1577 1883 quam
1593 1848 1723 1882 qualibus
1735 1854 1795 1874 ver-

999 1899 1041 1926 bis
1056 1897 1232 1933 signiﬁeetur,
1247 1897 1387 1929 intendat;
1407 1895 1541 1930 praecipue
1561 1895 1586 1921 in
1605 1899 1659 1920 tam
1685 1894 1794 1928 iungitis

998 1948 1026 1971 et
1041 1949 1094 1970 tam
1113 1943 1268 1969 difﬁcilibus
1281 1942 1379 1974 rebus;
1397 1942 1467 1968 sicut
1480 1948 1540 1966 eum
1558 1938 1705 1974 quaeritur,
1718 1937 1795 1964 verbi

1000 1997 1092 2020 causa,
1108 1989 1130 2015 si
1147 1989 1181 2015 sit
1197 1988 1286 2022 aliqua
1311 1987 1463 2014 substantia
1488 1987 1513 2013 in
1531 1994 1582 2020 qua
1604 1991 1697 2019 neque
1721 1983 1795 2010 Color

1001 2043 1088 2070 neque
1100 2034 1208 2061 habiltts
1218 2040 1306 2067 neque
1321 2038 1410 2060 tactus
1422 2040 1511 2066 neque
1523 2030 1683 2065 magnitudo
1693 2029 1795 2056 intelli-

1000 2080 1086 2114 genda
1113 2079 1157 2109 sit.
1183 2083 1275 2105 mente
1298 2078 1355 2105 sola
1381 2076 1581 2110 conspicabilis,
1606 2083 1691 2110 quam
1712 2079 1795 2109 prout

1001 2124 1058 2151 vult
1074 2125 1146 2158 quis,
1165 2124 1201 2151 ita
1226 2129 1253 2150 et
1280 2123 1420 2154 nominat:
1446 2129 1507 2148 naut
1530 2120 1618 2148 Graeci
1646 2119 1794 2154 ἀσώματον

1000 2179 1072 2203 eam,
1101 2170 1127 2197 id
1152 2174 1193 2196 est
1221 2169 1410 2203 incorporeum
1435 2167 1578 2199 dixerunt,
1603 2165 1705 2192 divinae
1731 2173 1764 2192 ve
1780 2172 1795 2191 0

1002 2218 1151 2252 Scriptura:
1175 2215 1340 2243 invisibilem
1355 2222 1415 2241 esse
1431 2213 1610 2248 pronuntiant
1623 2220 1630 2238 :
1643 2212 1795 2246 imaginem

161 2262 196 2289 ab
210 2261 251 2289 his
264 2261 374 2296 quidem
395 2261 499 2288 naturis
516 2269 575 2296 qua:
589 2261 713 2295 quamvis
727 2262 877 2291 diviniores
895 2264 947 2290 sint
968 2271 989 2299 [)
1003 2262 1075 2289 enim
1088 2261 1232 2287 invisibilis
1242 2259 1288 2286 Dei
1298 2259 1398 2286 Paulus
1406 2258 1535 2293 dieit(45)
1547 2265 1606 2284 esse
1615 2256 1794 2284 Christum".

161 2315 245 2341 quam
270 2307 389 2334 humana
412 2311 465 2339 est,
484 2306 563 2334 factae
579 2311 670 2334 tamen
697 2312 725 2334 et
743 2308 810 2342 ipsa:
826 2313 889 2336 sunt
909 2310 948 2336 vel

162 2355 278 2384 creatae;
294 2351 383 2378 sciens
397 2358 462 2386 ergo
478 2351 549 2385 quod
563 2359 578 2378 a
593 2351 666 2378 nulla
681 2352 775 2379 harum
794 2360 882 2388 neque
899 2354 951 2380 ini-

197 2416 357 2449 "PS.XLIV,
373 2417 416 2445 Η.
454 2418 477 2433 ⁸⁸
489 2418 567 2444 Rom.
581 2425 619 2447 x1.
635 2417 679 2444 55.
718 2418 738 2433 ⁵⁷
749 2418 817 2446 lbnl.

163 2461 218 2486 xvi,
235 2453 280 2480 2‘2.
319 2453 342 2469 “
356 2452 462 2481 Coloss.
480 2453 554 2485 1,15.
607 2453 630 2468 ⁵³
644 2453 710 2481 lhid.
726 2454 768 2480 17.

198 2511 255 2546 (59)
270 2512 329 2539 Dei.
344 2512 425 2539 Deest
439 2513 465 2539 in
482 2512 574 2543 editis,
594 2515 641 2539 sed
660 2513 774 2540 habetur
791 2513 818 2540 in
834 2521 899 2541 mss.

212 2546 255 2580 ιο)
270 2546 362 2574 Posse.
381 2547 461 2574 Deest
479 2547 542 2574 item
559 2548 584 2573 in
602 2548 691 2575 editis.

211 2581 257 2624 41)
278 2581 349 2624 Nam
368 2588 398 2624 et.
412 2582 539 2624 flebrteus
555 2583 665 2624 μυρίον,
691 2586 744 2623 etc.
764 2581 832 2624 _Vide
848 2582 906 2624 ΔΙίΙ).
919 2591 949 2624 Il.

165 2624 225 2652 cap.
242 2616 270 2648 5,
283 2625 310 2643 ιι.
328 2618 355 2648 4,
373 2617 416 2644 ubi
433 2619 528 2643 eadem
553 2616 610 2643 fere
634 2617 806 2652 reperiuntur
828 2622 855 2644 et
869 2619 950 2644 verba

164 2651 258 2678 Graeca
271 2657 453 2685 apponuntur.

203 2685 259 2720 (42)
279 2685 426 2721 Seraphim.
444 2687 521 2714 Deest
537 2687 564 2713 in
580 2686 671 2714 editis.
687 2686 787 2713 [bidem
809 2693 885 2718 mss.,
903 2696 911 2712 ε
926 2687 950 2713 in

167 2720 238 2747 facie
254 2721 300 2747 Dei
318 2722 383 2748 et'in
397 2722 511 2756 pedibus
525 2722 593 2756 ejus.
605 2732 614 2748 ι
629 2722 711 2754 Editi,
729 2731 738 2746 «
750 2722 776 2748 in
792 2722 888 2748 faciem
905 2721 950 2747 Dei

167 2759 196 2791 et
209 2755 262 2791 sub
273 2755 384 2791 pedibus
398 2755 468 2790 ejus.
481 2766 490 2783 ι
511 2755 582 2783 Iul‘ra
598 2765 663 2784 mss.
684 2766 692 2782 I
704 2763 772 2791 quos
787 2763 949 2783 annumera-

168 2790 208 2825 vit
223 2790 344 2825 spiritus.
357 2800 366 2816 ι
386 2791 469 2822 Editi,
487 2800 497 2816 ι
510 2791 556 2825 qui
573 2790 787 2818 annumerantur
802 2791 926 2824 spiritus.
940 2801 948 2816 ι

169 2823 253 2860 Paulo
266 2829 325 2857 post
340 2833 417 2855 Iuss.,
446 2823 572 2860 «assequi
597 2831 754 2859 poterunt.»
780 2823 862 2856 Etiiti,
889 2833 951 2853 ias-

170 2859 246 2892 scqui
270 2864 445 2892 potuerunt.)
472 2859 543 2886 Infra
563 2868 618 2887 mss
633 2880 639 2892 ,
664 2862 728 2888 «cui
752 2865 791 2888 est
811 2861 895 2894 gloria
924 2861 950 2888 iu

856 2419 879 2436 ⁵⁸
892 2422 978 2450 Eccle.
995 2430 1040 2451 ru.
1053 2421 1098 2448 9.5.

1005 2309 1056 2334 Sed
1069 2313 1095 2334 ct
1111 2314 1215 2334 rursum
1228 2313 1275 2341 per
1289 2306 1427 2333 Christum
1441 2309 1531 2332 creata
1547 2304 1615 2331 dixit
1626 2311 1688 2330 esse
1702 2302 1794 2329 einnia

1004 2354 1124 2380 visibilia
1149 2359 1177 2380 et
1201 2352 1388 2380 invisibilia“.
1405 2351 1458 2378 Per
1471 2352 1543 2385 quod
1563 2350 1722 2378 declaratur
1736 2357 1794 2376 esse

1138 2421 1223 2448 "lsa.
1240 2428 1296 2453 xu,
1308 2420 1410 2452 22,25.
1448 2420 1530 2448 “lsa.
1548 2427 1586 2450 vr,
1604 2419 1632 2446 5.
1672 2418 1696 2433 ⁵⁸
1709 2418 1793 2445 Eccli.

1002 2513 1112 2540 saecula.
1124 2511 1224 2544 )Efiili,
1237 2522 1246 2538 (
1257 2512 1300 2538 cui
1313 2517 1353 2539 est
1366 2511 1449 2546 gloria
1469 2512 1495 2539 in
1509 2510 1605 2538 stecula
1619 2511 1793 2542 seculorum,

1004 2555 1093 2575 auten.
1113 2556 1122 2572 ι
1149 2546 1208 2574 Mox
1226 2554 1290 2574 mss.
1308 2556 1317 2572 ι
1334 2554 1427 2580 parum
1451 2547 1484 2573 de
1506 2546 1671 2574 nominibus.
1685 2556 1695 2572 ι
1713 2547 1794 2577 Editi,

1007 2591 1016 2607 ι
1037 2589 1130 2616 parum
1143 2583 1177 2608 de
1187 2582 1313 2608 omnibus
1326 2582 1489 2609 uotniuibus.
1507 2592 1516 2606 ι

1037 2617 1095 2678 [(45)
1116 2616 1218 2643 Paulus
1233 2617 1306 2644 dicit.
1317 2617 1362 2644 Sic
1373 2624 1438 2643 mss.
1455 2616 1522 2643 Editi
1539 2623 1615 2647 vero,
1636 2625 1645 2641 ε
1665 2616 1770 2643 dicunt.
1784 2626 1792 2641 ι

1048 2659 1076 2678 ra
1105 2659 1183 2678 mss..
1214 2659 1348 2678 iouorum
1379 2651 1544 2678 sianificatio
1572 2651 1682 2678 nroorie
1714 2652 1792 2678 nullis

1006 2651 1183 2684 lnfra'mss"
1214 2659 1348 2686 «quorum
1379 2651 1544 2686 significatio
1571 2651 1682 2685 proprie
1714 2652 1794 2678 nullis

1002 2686 1112 2713 omnino
1136 2691 1222 2721 potest
1250 2689 1375 2713 humanae
1399 2687 1495 2721 linguae
1513 2686 1687 2712 sermonibus
1713 2687 1794 2720 expli-

1002 2695 1112 2713 omnmo
1136 2695 1222 2721 p0te5t
1251 2695 1375 2713 nuinanae
1399 2695 1495 2748 lingua}
1513 2695 1687 2712 serlllonluus
1713 2695 1794 2720 expli-

1002 2722 1067 2748 cari.
1083 2731 1092 2747 ι
1109 2721 1190 2755 Editi,
1207 2729 1343 2756 «quorum
1362 2721 1431 2756 signi
1456 2721 1591 2748 cationcm
1610 2722 1722 2754 proprie
1741 2722 1795 2746 nul-

1003 2757 1044 2783 lus
1059 2757 1168 2783 omnino
1185 2761 1276 2791 potest
1296 2757 1419 2783 humana:
1434 2756 1533 2791 lingua:
1554 2756 1729 2782 sermonibus
1748 2763 1793 2782 er-

1005 2791 1115 2826 plicare.
1134 2801 1143 2817 »
1162 2792 1244 2819 Paulo
1257 2797 1316 2826 post
1334 2799 1399 2819 mss.
1415 2797 1489 2819 recte
1501 2792 1611 2818 omnino
1625 2798 1632 2816 :
1647 2799 1656 2816 ι
1669 2798 1725 2816 non
1748 2798 1792 2825 pro

1006 2826 1275 2866 vilitate_sermonis.
1290 2836 1299 2853 ›
1315 2827 1383 2854 Male
1412 2826 1488 2860 editi,
1509 2834 1582 2853 HlOIl
1603 2833 1652 2859 pro
1677 2826 1793 2853 utilitate

1006 2868 1151 2888 SUI‘fllOlllS.
1165 2871 1174 2887 ι
