1853 3073
179 144 233 171 405

781 138 941 166 οιιιαΕΝιδ
960 137 1038 164 ΠΕΡΙ
1058 135 1171 163 ΛΡΧΩΝ

1737 132 1764 158 ili
1770 132 1778 159 ι

175 201 261 230 Filius
283 201 410 237 splendor
428 200 497 229 lucis
515 203 622 229 teternm
639 200 673 228 sit
684 200 718 230 ".
737 199 814 227 Sicut
836 206 901 233 ergo
918 199 961 224 tux
979 201 998 228 Λ
1017 202 1043 224 ct
1056 197 1082 224 in
1099 196 1180 223 Paulo
1193 199 1251 222 erat
1264 193 1441 226 Cltristus,'in
1458 192 1586 221 Mieltaele
1598 199 1661 219 vero
1677 192 1779 219 archan-

176 255 314 282 nunquam
329 247 387 275 sine
402 247 545 282 splendore
562 254 623 275 esse
639 247 736 283 potuit,
752 246 787 273 ita
810 253 860 272 nec
878 245 963 272 Filius

176 293 282 326 quidem
297 293 356 320 sine
371 292 452 320 Patre
467 292 579 327 intelligi
599 297 696 327 potest,
712 291 758 326 qui
773 297 799 319 et
817 291 901 325 ﬁgura
914 298 963 316 ex-

173 345 266 373 pressa
280 338 436 365 substantia
460 337 528 372 ejus.
543 343 570 366 et
587 339 717 369 Verbum.
733 343 760 364 et
775 337 908 371 sapientia
922 337 963 362 di-

174 384 255 410 citur.
270 383 408 416 Quomodo
419 392 484 419 ergo
496 389 583 420 potest
594 385 658 416 dici,
673 383 734 417 quia
751 382 803 410 fuit
818 382 964 416 aliquando

175 429 284 463 quando
302 438 354 457 non
371 430 422 457 fuit
437 430 538 458 Filius?
555 430 626 457 Nihil
639 430 710 457 enim
734 429 806 456 aliud
823 434 864 456 est
882 428 908 455 id
921 428 963 455 di-

175 482 248 507 cere,
267 475 318 502 nisi
336 476 399 510 quia
424 475 475 503 fuit
500 476 645 511 aliquando
668 475 776 510 quando
796 475 895 501 veritas
910 481 962 501 non

175 525 246 552 erat,
264 521 373 555 quando
390 521 522 556 sapientia
544 529 596 548 non
616 525 684 552 erat,
709 520 816 554 quando
838 520 892 546 vita
911 527 962 546 non

175 565 269 599 fuerit,
283 575 344 594 cum
360 567 387 594 in
407 567 449 594 his
463 567 587 594 omnibus
603 566 721 601 perfecte
738 565 784 593 Dei
802 565 888 592 Patris
900 566 964 591 snh-

176 613 276 640 stantia
292 618 446 640 censeatur.
464 613 522 640 Non
539 613 610 640 enim
627 612 661 639 ab
674 619 707 639 eo
724 611 814 638 dirimi
836 613 903 642 tunc,
921 609 963 636 vel

177 660 211 686 ab
226 659 284 693 eius
298 663 410 694 possunt
435 666 552 692 unquam
579 657 730 685 substantia
754 656 885 690 separari.
899 655 964 688 Quae

178 704 286 738 quidem
302 704 424 738 quamvis
441 703 577 730 intellectu
595 702 677 729 tuttlla
694 709 755 729 esse
778 701 915 731 dicantur,
936 707 965 727 re

179 755 267 776 tamen
284 754 310 776 et
325 749 474 776 substantia
490 757 570 775 unttm
587 753 661 779 sunt,
676 748 702 774 in
716 748 814 782 quibus
827 747 965 781 plenitudo

178 800 219 822 est
232 795 391 822 divinitatis.
408 794 462 821 Hoc
474 798 561 821 autem
577 794 664 827 ipsum
678 793 748 827 quod
762 792 889 824 dicimus,
899 791 963 826 quia

179 848 313 874 nunquam
336 840 385 866 fuit
407 840 513 873 quando
531 846 583 866 non
601 838 660 870 fuit,
678 846 740 865 cttm
757 837 835 865 venia
852 837 965 864 audien-

178 886 240 913 dum
253 891 304 913 est.
322 885 389 912 Nam
403 890 430 912 et
447 885 502 912 luec
516 885 572 919 ipsa
588 884 694 911 nomina
713 883 868 918 temporalis
881 890 962 910 vocn-

178 931 230 957 huli
250 931 458 964 signiﬁcantiam
481 935 589 965 gerunt,
611 930 692 957 idest
712 929 818 964 quando
838 928 879 956 vel
894 937 963 955 nun-

178 985 275 1010 quam;
291 984 371 1010 supra
387 984 468 1003 omne
491 981 580 1004 autent
601 980 716 1010 tempus,
734 979 759 1001 el
776 982 857 1009 supra
871 975 962 1001 omnia

177 1024 284 1054 saecula,
299 1027 326 1050 et
347 1030 428 1057 supra
446 1029 554 1049 omnem
581 1021 761 1048 mtcrnitatem
790 1019 961 1054 intelligenda

176 1071 240 1094 sunt
254 1075 285 1094 ea
301 1074 359 1101 qum
375 1067 407 1094 de
422 1067 501 1094 Patre
517 1071 544 1093 et
558 1066 670 1092 Filio’et
691 1064 791 1100 Spiritu
812 1068 907 1091 sancto
921 1063 946 1089 di
957 1077 963 1083 -

175 1118 285 1141 cuntur.
303 1113 365 1141 Haec
386 1113 457 1140 enim
482 1113 539 1139 sola
563 1111 682 1138 Trinitas
708 1115 750 1138 est
773 1118 833 1144 qua:
855 1117 963 1137 omnem

177 1166 285 1186 sensum
302 1158 485 1192 intelligentia:
500 1165 552 1184 non
576 1157 662 1183 solum
687 1155 855 1191 temporalis,
869 1163 963 1182 verum

177 1204 258 1230 etiam
274 1204 408 1231 :rternaiis
420 1203 535 1230 excedit.
551 1203 655 1230 Czetera
679 1209 744 1229 vero
761 1209 821 1236 qua:
838 1206 900 1228 sunt
913 1208 963 1229 ex—

179 1255 219 1276 tra
237 1249 406 1282 Trinitatem,
431 1249 457 1276 in
481 1249 590 1276 saeculis
615 1254 641 1276 et
667 1250 692 1276 in
717 1249 883 1282 temporibus
905 1256 964 1275 me-

178 1295 267 1322 tienda
283 1300 356 1322 sunt.
375 1295 449 1322 Hunc
467 1295 549 1329 igitur
562 1293 658 1320 Filium
673 1294 718 1320 Dei
732 1293 881 1321 secundum
891 1294 964 1328 quod

180 1341 298 1368 Verbqu
315 1341 435 1368 estDeus
448 1340 518 1375 quod
530 1344 590 1366 erat
602 1339 627 1365 in
641 1338 773 1373 principio
785 1339 854 1372 apud
869 1339 963 1371 Deum,

179 1393 258 1414 nemo
274 1391 473 1418 consequenter
486 1385 542 1420 (46)
557 1384 663 1419 putabit
678 1384 703 1411 in
721 1384 779 1411 loco
793 1384 884 1419 aliquo
900 1392 964 1411 con-

179 1433 269 1464 tineri,
284 1439 372 1466 neque
394 1432 541 1458 secundum
556 1430 628 1464 quod
649 1430 782 1464 sapientia
805 1435 857 1463 est,
877 1438 964 1465 neque

180 1477 327 1504 secundum
343 1477 414 1511 quod
435 1477 536 1503 veritas
549 1481 600 1507 est,
623 1482 712 1509 neque
732 1477 879 1502 scentulum
894 1476 963 1509 quod

180 1523 234 1550 vita
251 1528 304 1555 est,
320 1522 362 1549 vel
384 1522 498 1557 justitia,
517 1521 556 1548 vel
581 1520 770 1554 sanctiﬁcatio,
796 1521 837 1548 vel
859 1522 965 1549 rcdem-
979 1541 1000 1569 α

181 1567 248 1601 ptio.
263 1567 326 1594 Haec
340 1568 411 1594 enim
424 1567 514 1594 omnia
531 1574 582 1593 non
607 1566 729 1601 indigent
745 1566 814 1599 loco,
835 1571 863 1593 ut
884 1574 964 1602 agere

180 1612 245 1647 quid
262 1612 304 1638 vel
318 1612 423 1646 operari
447 1611 560 1646 possint,
584 1611 630 1638 sed
648 1619 697 1646 pro
723 1611 765 1638 his
790 1611 835 1646 qui
855 1612 964 1640 virtutis

180 1658 239 1692 ejus
257 1657 505 1692 inoperationisque
521 1657 695 1691 participant,
718 1656 777 1684 haec
798 1657 905 1692 singula
924 1657 965 1684 iu-

183 1703 324 1737 telligenda
340 1707 412 1730 sunt.

216 1748 260 1775 29.
279 1748 306 1774 Si
323 1755 388 1775 vero
403 1748 462 1782 quis
480 1748 551 1775 dicet
563 1756 611 1782 per
624 1755 671 1776 eos
685 1749 729 1784 qui
744 1749 890 1784 participes
903 1754 966 1776 sunt

182 1794 265 1821 Verbi
293 1794 350 1824 Dei,
376 1794 417 1821 vel
444 1794 584 1828 sapientia:
607 1795 675 1828 ejus,
703 1795 745 1822 vel
772 1795 905 1828 veritatis,
923 1795 964 1822 vel

180 1840 254 1871 vitae,
267 1840 349 1866 etiam
367 1840 452 1874 ipsum
476 1838 593 1866 Verbum
612 1844 639 1867 et
653 1840 816 1875 sapientiam
834 1840 920 1868 videri
938 1841 963 1867 in

181 1886 240 1913 loco
251 1894 326 1917 esse;
344 1886 556 1920 respondendum
578 1891 621 1912 est
643 1886 678 1919 ei,
696 1887 758 1920 quin
784 1886 893 1913 dubium
911 1894 963 1913 non

179 1937 222 1958 est
240 1932 309 1965 quod
326 1931 451 1958 Christus
467 1932 614 1959 secumlum
638 1932 709 1966 quod
734 1931 852 1959 Verbum
874 1936 901 1958 et
920 1939 963 1958 sa-

181 1976 283 2010 pientia
301 1982 343 2003 est
365 1977 406 2003 vel
429 1982 526 2004 caetera
542 1978 644 2008 omnia,
667 1982 725 2004 erat
746 1977 771 2003 in
787 1976 881 2008 Paulo,
904 1984 966 2009 pro-

182 2027 241 2056 pter
263 2022 333 2056 quod
356 2022 484 2049 dicebat:
503 2023 578 2049 «Aut.
605 2023 821 2056 experimentum
844 2021 966 2055 quaeritis

181 2065 239 2099 ejus
259 2067 305 2100 qui
326 2067 351 2092 in
376 2074 419 2094 me
439 2067 558 2101 loquitur
577 2066 768 2094 Christus”?i
786 2065 819 2092 Et
845 2066 941 2092 iterutn
958 2073 965 2091 :

184 2121 194 2137 ι
214 2111 279 2139 Vivo
296 2118 385 2139 autem
405 2113 459 2147 jam
477 2120 530 2139 non
550 2120 610 2146 ego,
629 2113 694 2139 vivit
718 2120 781 2139 vero
798 2111 925 2138 Christus
941 2111 966 2138 in

980 871 1002 898 Β
1017 877 1165 904 secundum
1187 877 1372 911 evangelicum
1387 877 1551 904 sententiam
1576 877 1609 904 ⁸⁸.

1015 243 1086 277 gelo,
1106 242 1172 269 etin
1191 240 1316 268 Gabriele
1340 248 1392 267 non
1418 244 1486 268 erat.
1513 239 1552 266 Ex
1579 246 1631 272 quo
1655 238 1782 266 manifeste

1014 287 1236 322 deprehenditur,
1251 286 1313 321 quia
1334 285 1464 313 divinitas
1482 284 1541 312 Filii
1567 284 1613 312 Dei
1630 291 1681 311 non
1695 284 1718 310 iu
1731 284 1783 311 loco

1015 334 1106 367 aliquo
1119 332 1348 364 concludebatur;
1369 331 1487 363 alioquin
1501 331 1527 357 in
1541 330 1600 364 ipso
1614 334 1715 356 tantum
1728 329 1784 356 fuis-

1016 384 1068 406 set.
1085 383 1111 405 et
1126 378 1151 404 in
1171 377 1224 404 alio
1238 384 1289 404 non
1307 377 1421 409 fuisset;
1440 376 1486 403 sed
1504 375 1652 402 secundum
1674 375 1784 409 incorpo-

1016 431 1068 450 rea»
1082 428 1186 450 natura:
1202 422 1367 456 majestatem
1382 429 1442 448 cum
1460 429 1473 447 a
1493 420 1564 448 nullo
1579 420 1638 448 loco
1653 419 1783 446 concluda-

1015 473 1070 500 tur,
1089 469 1116 495 in
1132 469 1205 495 nullo
1220 475 1326 495 rursum
1343 467 1436 494 deesse
1452 467 1620 500 intelligitur.
1639 466 1732 493 Verum
1746 466 1783 492 illa

1016 515 1071 541 sola
1089 514 1240 542 differentia
1257 515 1429 549 intelligenda
1443 518 1497 546 est,
1514 512 1586 548 quod
1602 512 1707 539 etiamsi
1722 512 1754 539 sit
1763 511 1786 539 in

1016 561 1140 592 diversis,
1160 561 1230 588 sicut
1256 560 1387 593 diximus,
1414 560 1440 586 in
1463 559 1552 591 Petro,
1579 559 1620 586 vel
1646 559 1737 592 Paulo,
1751 560 1786 586 vel

1015 605 1153 638 Michaele,
1171 607 1210 632 vel
1228 605 1363 637 Gabriele,
1382 613 1434 632 non
1461 610 1550 632 tamen
1568 605 1693 632 similiter
1711 610 1748 631 est
1764 605 1786 631 in

1015 649 1159 676 universis.
1175 649 1283 676 Plenius
1299 650 1371 676 enim
1389 655 1416 676 et
1441 649 1550 681 clarius,
1568 655 1606 682 et,
1622 654 1650 676 ut
1670 650 1704 675 ita
1721 650 1788 676 dixe-

1016 694 1078 726 rim,
1092 695 1213 729 apertius
1230 694 1255 720 in
1273 694 1444 729 archangelis
1459 699 1502 721 est
1526 702 1606 728 quam
1631 695 1658 721 in
1676 694 1732 721 aliis
1740 694 1787 729 (47)

1015 741 1118 768 sanctis
1141 740 1216 766 viris.
1237 740 1313 774 191
1340 740 1415 773 Quod
1438 747 1471 767 ex
1495 748 1528 767 eo
1551 739 1722 766 manifestum
1744 746 1788 771 est,

1015 787 1076 821 qttia
1091 795 1151 814 cum
1170 787 1203 813 ad
1215 794 1348 813 summam
1365 786 1560 820 perfectionem
1575 786 1702 812 venerint
1714 786 1789 812 sancti

1015 833 1125 866 quique,
1141 832 1269 859 dicuntur
1285 832 1386 859 similes
1401 832 1506 866 angelis
1519 831 1601 863 edici.
1619 832 1663 858 vel
1675 831 1788 866 aequales,

1640 876 1716 904 Unde
1736 884 1790 903 con-

1017 927 1071 948 stat
1087 923 1112 949 in
1127 922 1239 956 singulis
1264 921 1415 956 quibusque
1432 927 1534 948 tantum
1561 921 1632 949 elIici
1655 921 1790 954 Christum,

1017 973 1146 1001 quantum
1161 967 1227 993 ratio
1244 966 1384 993 indulserit
1399 967 1569 993 meritorum.

1052 1012 1096 1039 50.
1116 1013 1162 1039 llis
1182 1013 1262 1046 igitur
1280 1012 1357 1039 nobis
1379 1013 1412 1038 de
1437 1011 1579 1039 Trinitatis
1600 1013 1711 1040 ratione
1733 1011 1787 1040 bre-

1019 1058 1087 1085 viter
1103 1059 1236 1091 repetitis,
1252 1066 1422 1093 consequens
1435 1064 1476 1086 est
1494 1058 1559 1086 illud
1585 1059 1670 1086 etiam
1686 1059 1790 1086 breviter

1018 1105 1175 1136 admonere,
1190 1104 1260 1139 quod
1275 1112 1324 1138 per
1343 1104 1439 1131 Filium
1460 1113 1469 1130 ι
1483 1110 1576 1131 creata
1597 1105 1726 1131 dicuntur
1744 1112 1793 1132 om-

1018 1151 1061 1176 nia
1078 1157 1137 1183 qum
1153 1149 1178 1175 in
1195 1150 1270 1177 ccelis
1285 1155 1360 1182 sunt,
1374 1154 1402 1176 et.
1416 1158 1476 1184 quas
1497 1150 1523 1176 in
1541 1155 1625 1183 terra,
1644 1151 1756 1177 visilvilia
1770 1155 1793 1176 et

999 1191 1001 1194 ⁴
1020 1195 1184 1227 invisibilia,
1213 1196 1271 1222 sive
1298 1196 1404 1228 throni,
1429 1196 1486 1223 sive
1509 1197 1724 1228 dominationes,
1746 1196 1793 1223 sive

1019 1241 1196 1276 principatus,
1213 1242 1270 1269 sive
1288 1247 1446 1276 potestates,
1459 1242 1549 1269 omnia
1567 1250 1614 1276 per
1634 1243 1721 1277 ipsum
1733 1247 1759 1268 et
1771 1242 1792 1268 in

1020 1287 1078 1321 ipso
1098 1293 1190 1314 creata
1208 1293 1281 1320 sunt,
1295 1293 1322 1315 et
1339 1289 1395 1322 ipse
1407 1293 1449 1315 est
1463 1292 1525 1314 ante
1544 1295 1654 1321 omnes,
1669 1292 1696 1315 et
1714 1288 1792 1315 omnia

1020 1333 1055 1358 illi
1083 1337 1206 1359 constant
1234 1333 1279 1367 qui
1308 1338 1351 1360 est
1377 1339 1459 1368 caput
1475 1334 1530 1361 ⁸⁵.»
1556 1334 1664 1366 Quibus
1690 1342 1792 1360 consona
1837 1333 1838 1359 ἒ

1018 1378 1100 1404 etiam
1117 1377 1234 1405 Joannes
1251 1378 1276 1405 in
1294 1378 1442 1413 Evangelio
1454 1379 1528 1411 dicit,
1543 1379 1605 1412 quia
1623 1388 1634 1404 ί
1650 1380 1738 1405 omnia
1754 1386 1794 1412 per

1020 1423 1106 1456 ipsum
1122 1422 1191 1450 facta
1211 1428 1284 1454 sunt,
1297 1428 1325 1450 et
1341 1410 1399 1450 siue
1421 1425 1477 1458 ipso
1496 1410 1596 1450 factum
1618 1428 1662 1450 est
1679 1424 1741 1450 nihil
1752 1410 1792 1449 ξ’.»
1837 1410 1838 1431 Ῑ

1019 1468 1102 1495 David
1118 1476 1182 1495 vero
1204 1470 1288 1496 totius
1306 1469 1448 1497 Trinitatis
1466 1470 1626 1504 mysterium
1649 1469 1676 1495 in
1700 1470 1793 1496 univer-

1019 1521 1110 1541 sorum
1128 1514 1283 1542 conditione
1299 1514 1457 1549 signiﬁcans
1472 1515 1527 1550 (48)
1545 1517 1582 1542 ait
1598 1527 1605 1544 :
1626 1525 1635 1542 ι
1650 1517 1737 1544 Verbo
1753 1515 1794 1541 Do-

1021 1564 1086 1590 mini
1107 1564 1169 1590 cmli
1193 1564 1292 1591 ﬁrmati
1306 1569 1378 1597 sunt,
1401 1570 1430 1592 et
1447 1565 1544 1599 spiritu
1568 1566 1625 1593 oris
1639 1566 1698 1600 ejus
1720 1565 1794 1592 omnis

1021 1610 1109 1637 virtus
1123 1618 1218 1637 eorum
1232 1611 1264 1638 ⁶¹.
1276 1621 1285 1637 ι
1311 1611 1375 1638 Post
1391 1611 1448 1638 haec
1470 1619 1534 1639 vero
1551 1617 1737 1647 competenter
1753 1611 1792 1637 ad-

1022 1656 1190 1683 monebimus
1213 1657 1246 1683 de
1274 1657 1389 1684 adventu
1415 1658 1546 1692 corporali
1570 1663 1596 1684 et
1615 1657 1789 1685 incarnatione

1021 1701 1153 1736 unigeniti
1168 1702 1228 1728 Filii
1251 1702 1295 1729 Dei
1311 1711 1318 1729 :
1335 1703 1361 1728 in
1376 1710 1428 1737 quo
1445 1710 1497 1730 non
1513 1704 1548 1729 ita
1567 1703 1737 1730 sentiendum
1751 1705 1792 1730 est.

1021 1748 1092 1782 quod
1108 1749 1195 1775 omnis
1210 1749 1363 1776 divinitatis
1384 1750 1443 1783 ejus
1464 1749 1591 1783 majestas
1608 1749 1682 1775 intra
1706 1747 1793 1774 brevi:—

1019 1794 1078 1821 simi
1105 1795 1228 1828 corporis
1252 1795 1370 1822 claustra
1397 1795 1528 1822 conclttsa
1543 1799 1594 1826 est,
1616 1795 1654 1820 ita
1676 1799 1705 1820 ut
1727 1800 1794 1820 omne

1020 1839 1135 1866 Verbum
1150 1839 1194 1866 Dei
1208 1845 1235 1866 et
1248 1840 1379 1874 sapientia
1392 1840 1448 1874 ejus
1461 1848 1493 1868 ac
1504 1841 1693 1868 substantialis
1707 1840 1793 1866 veritas

1019 1892 1049 1910 ac
1072 1885 1142 1917 vita,
1165 1885 1204 1912 vei
1230 1893 1244 1911 a
1265 1885 1346 1913 Patre
1374 1886 1478 1913 divulsa
1503 1886 1556 1918 sit,
1581 1886 1622 1913 vel
1650 1887 1719 1913 intra
1743 1892 1792 1912 cor-

1019 1926 1091 1964 poris
1107 1930 1162 1965 (49)
1185 1931 1242 1964 ejus
1265 1932 1382 1958 coercita
1401 1937 1428 1958 et
1452 1933 1607 1966 conscripta
1634 1932 1791 1959 brevitatem,

1020 1984 1068 2002 IICC
1087 1984 1200 2009 usquam
1229 1981 1359 2010 praeterea
1385 1981 1492 2011 putetur
1514 1982 1645 2010 operata;
1670 1976 1715 2003 sed
1733 1977 1791 2002 inter

1020 2027 1165 2056 utrumque
1191 2027 1270 2048 cauta
1289 2023 1397 2057 pietatis
1423 2023 1502 2049 debet
1525 2031 1585 2049 esse
1607 2022 1751 2052 confessio.
1767 2024 1791 2046 ut

1021 2075 1108 2100 neque
1126 2067 1228 2102 aliquid
1250 2068 1401 2095 divinitatis
1426 2069 1452 2094 in
1467 2068 1575 2095 Christo
1598 2068 1719 2094 defuisse
1738 2073 1790 2092 cre-

1021 2113 1111 2145 datur,
1131 2117 1157 2139 ct
1175 2113 1246 2139 nulla
1272 2114 1379 2147 penitus
1393 2121 1407 2140 a
1430 2119 1539 2147 paterna
1567 2113 1730 2143 substantia,
1743 2117 1793 2145 quae

182 2157 265 2184 me".
277 2166 288 2183 ι
302 2157 378 2184 Tunc
389 2165 454 2191 ergo
469 2165 528 2184 eum
543 2163 615 2184 esset
632 2158 657 2184 in
676 2158 768 2190 Paulo,
785 2157 847 2192 quis
863 2157 969 2183 dubita-
984 2168 1007 2196 ι)
1022 2159 1121 2192 ubique
1134 2163 1185 2190 est,
1201 2158 1268 2185 facta
1285 2163 1394 2192 putetur
1408 2167 1468 2186 esse
1483 2159 1590 2186 divisio.
1605 2159 1672 2185 Tale
1688 2164 1791 2190 namque

183 2203 223 2229 hit
236 2203 307 2236 quod
323 2202 450 2229 similiter
462 2203 557 2230 eratin
575 2202 664 2235 Petro,
679 2208 706 2230 et
720 2204 746 2228 in
761 2202 877 2234 Joanne,
897 2207 922 2229 et
938 2202 963 2228 in

183 2248 296 2283 singulis
309 2248 460 2283 quibusque
485 2255 653 2282 sanctorum,
666 2254 692 2276 et
705 2257 757 2276 non
771 2249 858 2276 solum
878 2250 904 2275 in
926 2248 969 2274 his

183 2293 229 2326 qui
242 2293 268 2320 in
283 2294 364 2321 terris
377 2299 450 2327 sunt,
461 2302 555 2322 verum
566 2299 593 2322 et
605 2295 630 2321 in
645 2295 686 2321 his
702 2294 747 2328 qui
762 2294 787 2320 iu
804 2293 881 2320 caelis
892 2293 970 2320 sunt?

183 2339 336 2366 Absurdum
351 2347 467 2372 namque
479 2346 521 2367 est
535 2340 636 2373 dicere,
653 2340 714 2374 quia
728 2340 753 2366 in
769 2339 849 2366 Petro
861 2339 969 2374 quidem

219 2422 242 2438 ⁸⁵
254 2421 339 2449 Hebr.
355 2430 375 2449 ι.
422 2421 445 2437 ⁵⁸
461 2420 483 2448 ll
498 2421 563 2449 Cor.
581 2428 642 2454 xui,
659 2421 686 2448 5.

181 2465 203 2490 ἱ,
217 2458 246 2485 5.
284 2457 306 2473 ⁶¹
319 2456 421 2484 Psalm.
436 2464 523 2488 χχχιι,
539 2456 566 2484 6.

725 2420 747 2435 "
761 2420 850 2448 Galat.
869 2428 900 2452 ll,
917 2420 963 2447 ‘20.

181 2540 258 2572 editi,
287 2538 399 2566 «Patris
426 2537 543 2571 aliquam
563 2537 742 2565 substantiam
757 2536 803 2564 Dei
822 2536 848 2563 in
871 2536 968 2563 Filium

183 2582 291 2602 versam
309 2579 355 2601 aut
368 2581 402 2600 ex
419 2572 499 2600 nullis
515 2573 738 2600 subsistentibus.
753 2581 763 2597 ι

219 2609 276 2642 (L6)
296 2609 342 2635 Sic
353 2616 419 2636 mss.
434 2607 504 2634 Editi
517 2615 594 2637 vero.
615 2617 624 2633 ι
637 2607 840 2634 convenienter.
854 2615 864 2642 φ

221 2641 278 2679 (Η)
292 2643 370 2670 Aliis.
399 2643 478 2670 Deest
495 2642 521 2668 in
543 2642 633 2679 editis,
653 2648 680 2668 at
700 2642 833 2679 reperitur
852 2641 879 2667 iu
903 2648 967 2668 mss.

185 2676 273 2706 Paulo
291 2683 351 2713 post
373 2685 439 2704 mss.
466 2685 475 2701 ι
488 2677 635 2713 secundum
656 2676 839 2713 evangelicum
854 2681 968 2713 senten-

187 2715 279 2740 tiam.»
291 2710 380 2743 ’Editi,
400 2721 408 2736 ι
419 2712 566 2738 secundum
584 2711 734 2738 doctrinam
750 2710 944 2744 evangelicum.
957 2720 965 2735 ι

188 2748 248 2774 Mox
262 2755 328 2774 mss.
339 2757 346 2769 ι
356 2748 388 2774 de
400 2745 544 2772 Trinitatis
562 2747 677 2772 ratione.
690 2755 699 2770 ι
720 2743 800 2776 Editl,
821 2743 875 2772 ide
892 2750 969 2772 aeter-

185 2783 278 2810 nitatis
290 2782 405 2808 ratione.
420 2791 429 2806 ι

221 2816 276 2852 (58)
297 2817 342 2843 Sic
364 2823 430 2852 mss.
454 2815 542 2847 Edili,
566 2825 574 2840 ι
591 2815 779 2841 universorum
801 2814 971 2852 conditiones

186 2849 374 2886 signiﬁcans.»
402 2850 461 2877 Mox
480 2858 556 2882 ntss.,
578 2859 588 2875 ι
605 2855 789 2882 competenter
814 2849 971 2876 admonebi-

1020 2203 1120 2238 aliquid
1136 2205 1218 2231 etiam
1236 2204 1356 2239 Baptista
1379 2203 1497 2231 Joannes
1519 2198 1639 2236 indicat,
1665 2212 1723 2230 cum
1741 2209 1792 2229 cor-

1018 2250 1150 2285 poraliter
1167 2251 1281 2278 absente
1297 2251 1358 2278 Jesu
1375 2252 1477 2278 diceret
1492 2252 1525 2278 ad
1544 2251 1637 2278 turbas
1653 2261 1659 2277 :
1679 2260 1687 2275 ι
1704 2249 1793 2276 Medius

1019 2301 1139 2323 vestrum
1155 2302 1209 2324 stat
1225 2304 1305 2331 quem
1323 2305 1371 2324 vos
1387 2298 1510 2329 nescitis,
1524 2298 1568 2331 qui
1586 2303 1649 2331 post
1662 2305 1703 2323 me
1719 2295 1790 2324 venit,

1021 2342 1099 2376 cujus
1122 2350 1175 2369 non
1200 2350 1259 2370 sum
1277 2343 1372 2376 dignus
1397 2343 1502 2370 solvere
1527 2343 1673 2377 corrigiam
1698 2341 1789 2369 calcea-

1001 2420 1024 2436 ⁸³
1044 2421 1139 2449 Matth.
1157 2430 1230 2456 xxu;
1247 2422 1314 2450 Luc.
1328 2431 1373 2450 xx.
1413 2422 1549 2450 “Coloss.
1565 2431 1585 2454 ι,
1601 2422 1644 2449 t6.
1691 2422 1711 2437 '°
1723 2421 1789 2448 Joan-

1021 2543 1107 2563 mus.»
1124 2534 1205 2567 Edili,
1222 2544 1231 2560 ι
1247 2539 1446 2568 consequenter
1468 2533 1683 2561 admonebimtts.
1695 2541 1704 2558 ›
1720 2530 1791 2558 Paulo

1021 2576 1081 2605 post
1097 2578 1175 2602 mss.,
1193 2579 1202 2595 ι
1218 2570 1288 2596 intra
1302 2569 1590 2605 brevissituireorporis
1606 2568 1722 2605 claustra
1736 2573 1790 2604 cou-

1020 2603 1094 2633 clusa
1116 2610 1169 2635 est,
1191 2605 1226 2631 ita
1252 2609 1314 2630 ut.»
1331 2604 1416 2637 Editi,
1436 2613 1445 2629 ι
1462 2604 1487 2631 ἱιι
1503 2603 1656 2630 brevissimi
1681 2603 1790 2635 corporis

1021 2641 1141 2667 claustro
1155 2639 1247 2666 clausa
1263 2643 1315 2671 est,
1331 2644 1370 2665 ut.
1384 2648 1393 2664 ι

1056 2675 1112 2710 (49)
1134 2674 1179 2710 Sic
1197 2678 1354 2710 rectemss.
1373 2673 1455 2710 ἱζέιὶιίἳ
1470 2682 1479 2698 ι
1495 2672 1613 2710 θοι-(ἥς.)
1639 2671 1788 2710 ltl‘oxupssn

1025 2721 1034 2736 ι
1050 2705 1129 2737 eauia
1147 2708 1255 2743 pietatis
1267 2708 1372 2736 debet.»
1387 2708 1468 2740 Edili,
1485 2717 1494 2732 ι
1509 2716 1559 2734 una
1576 2707 1684 2743 pietatis
1696 2705 1787 2743 debet)

1025 2745 1108 2773 Paulo
1126 2740 1186 2778 post
1204 2750 1281 2773 niss.,
1307 2752 1315 2768 ι
1329 2747 1437 2778 putetur
1461 2750 1522 2778 esse
1544 2742 1667 2769 tii'Vltlsit).
1680 2750 1688 2765 ι
1714 2740 1787 2765 Ιιὶιιὶιι,

1028 2790 1036 2806 ι
1052 2777 1161 2814 putetur
1180 2785 1240 2805 esse
1263 2778 1367 2805 divisio.
1380 2787 1388 2803 ι
1408 2777 1490 2814 P_aulo
1506 2777 1576 2804 intra
1599 2784 1675 2814 mss,
1695 2780 1788 2814 «corri-

1025 2809 1107 2850 gi'aut
1118 2813 1375 2841 calceamentorum.
1391 2822 1399 2839 I
1419 2812 1501 2845 Edili,
1521 2821 1530 2837 ι
1543 2812 1686 2845 corrigiam
1699 2809 1788 2836 calt-c.1-

1026 2849 1120 2876 tuenti.
1134 2857 1143 2873 ι
