1853 3073
84 114 137 143 405

723 111 823 139 LIBER
837 110 1012 145 QUARTUS.

1661 109 1723 136 406‘

86 174 243 196 mentorum
255 168 290 195 ⁸¹.
302 178 312 195 ι
340 168 417 202 Quod
443 169 538 203 utique
557 168 609 197 dici
634 176 686 195 non
717 174 823 202 poterat
844 169 876 195 de
891 173 913 201 Α
930 167 1070 196 vocabulis
1084 170 1264 202 nuncupatur,
1278 170 1305 194 et
1320 165 1398 195 Iesus
1411 165 1536 194 Christus
1550 165 1712 201 appellatur,

85 222 118 242 eo
133 214 182 248 Qui
206 214 308 241 absans
326 219 397 247 erat,
419 219 548 249 quatttum
563 214 595 241 ad
612 214 780 249 corporalem
810 221 876 248 pra:-

85 258 202 287 sentiam
221 259 351 293 pertinet,
372 258 436 293 quia
452 258 556 286 medius
579 263 664 285 staret
686 265 781 286 eorunt
806 258 877 285 inter

86 312 156 339 quos
171 312 226 331 non
239 305 334 332 aderat
346 304 525 339 corporaliter
539 304 625 331 Filius
638 304 699 331 Dei.

121 351 168 379 51.
186 349 226 377 Ne
245 350 306 384 quis
324 354 415 377 tamen
440 357 488 377 nos
504 349 642 376 existimet
664 357 712 384 per
728 349 785 376 hate
810 348 876 376 illud

86 395 235 428 aﬁirmare,
252 395 325 430 quod
344 402 408 429 pars
426 394 481 430 (50)
503 395 594 429 aliqua
620 394 728 422 deitatis
754 394 812 421 Filii
831 394 876 422 Dei

84 440 170 467 fuerit
195 440 222 466 in
243 440 362 472 Christo,
378 439 481 474 reliqua
502 447 567 468 vero
585 447 648 474 pars
668 439 731 467 alibi
754 440 797 467 vel
818 439 876 466 ubi-

83 492 159 519 que:
177 485 250 519 quod
270 485 307 511 illi
332 485 434 511 sentire
458 489 570 520 possunt
593 485 640 519 qui
665 489 788 512 naturam
810 485 875 512 sub-

83 531 195 558 stantia:
210 531 378 566 incorporea:
401 535 482 565 atque
502 531 646 558 invisibilis
670 531 807 565 ignorant.
824 530 876 558 lm-

81 574 216 608 possibile
233 583 348 609 namque
373 580 414 602 est
441 575 474 602 de
496 575 657 609 incorporeo
682 579 784 609 partem
805 575 875 607 dici,

81 623 133 646 aut
150 618 312 647 divisionem
337 620 457 654 aliquant
479 619 555 653 ﬁeri,
579 620 625 647 sed
644 620 670 647 in
694 620 833 653 omnibus,
849 624 877 648 et

81 670 133 696 per
147 664 252 695 omnia,
272 668 299 690 et
312 671 392 698 super
412 664 501 690 omnia
518 669 575 697 est,
598 672 631 692 eo
657 666 737 692 modo
753 672 806 699 quo
828 673 876 692 su-

81 708 180 743 perius
199 709 325 740 diximus,
343 710 369 736 id
385 714 426 737 est
448 717 502 744 quo
517 710 560 736 vel
586 710 731 744 sapientia,
746 711 787 738 vel
810 711 875 738 Ver-

81 754 161 787 bum,
183 755 223 783 vel
249 755 313 788 vita,
335 756 376 783 vel
399 756 501 783 veritas
523 756 702 790 intelligitur;
727 764 775 790 per
794 764 874 792 quem

80 801 253 828 intellectum
269 802 356 828 omnis
376 802 435 829 sine
450 802 532 829 dubio
550 802 689 830 conclusio
712 802 805 830 localis
828 810 876 830 ex-

80 846 213 874 cluditur.
234 847 331 875 Volens
358 847 438 881 igitur
454 847 539 875 Filius
562 847 608 875 Dei
634 854 684 881 pro
711 848 800 875 salute
827 856 875 883 ge-

81 894 161 920 neris
176 893 286 920 humani
303 900 433 927 apparere
449 893 609 921 ltominibus
622 898 649 920 et
663 894 734 921 inter
750 894 873 921 homines

81 942 259 974 conversari,
275 941 394 976 s'uscepit
412 949 464 969 non
490 942 576 969 solum
597 949 695 977 corpus
712 942 871 975 humanum,

80 992 114 1014 ut
134 987 244 1021 quidam
262 980 374 1021 putant,
387 988 433 1014 sed
450 991 477 1014 et
493 988 622 1020 animam,
641 993 796 1015 nostrarum
812 987 872 1022 qui-

79 1034 144 1062 dem
156 1034 307 1061 animarum
320 1033 433 1061 similem
453 1041 501 1068 per
510 1038 645 1067 naturam,
658 1034 797 1068 proposito
807 1041 872 1061 vero

78 1084 109 1107 et
123 1080 225 1106 virtute
244 1079 359 1106 similem
379 1079 441 1112 sibi,
458 1084 484 1106 et
503 1080 583 1106 talem
599 1079 689 1114 qualis
711 1087 807 1107 omnes
822 1087 871 1107 vo-

78 1124 203 1151 luntates
223 1129 250 1151 et
273 1125 491 1158 dispensationes
508 1124 588 1152 Verbi
610 1133 642 1152 ac
667 1126 807 1159 sapientiae
827 1126 871 1153 in-

78 1171 283 1199 deelinabiliter
305 1171 389 1205 possit
404 1170 527 1205 implere.
542 1171 618 1202 Onod
638 1176 728 1198 autem
746 1171 872 1199 habuerit

77 1217 215 1250 animam,
231 1217 453 1244 manifestissime
467 1217 522 1252 (5i)
537 1218 564 1244 in
578 1217 734 1253 Evangeliis
747 1218 873 1253 designat

78 1263 140 1298 ipse
160 1263 296 1296 Salvator,
313 1264 407 1291 dicens
421 1273 427 1289 :
447 1273 455 1289 ι
472 1264 556 1291 Nemo
574 1264 646 1291 tollit
663 1272 677 1291 a
693 1272 736 1291 me
751 1266 870 1292 animam

76 1315 183 1339 meatu,
206 1308 251 1334 sed
268 1315 316 1342 ego
340 1316 411 1342 pono
427 1317 486 1335 eam
502 1309 550 1336 abs
569 1316 621 1336 me.
640 1309 805 1337 Potestatem
825 1310 871 1337 ha-

76 1351 130 1378 beo
154 1351 269 1386 ponendi
287 1352 405 1379 animam
424 1360 522 1385 meam,
541 1358 568 1381 et
585 1354 682 1381 iterum
708 1359 869 1389 potestatem

77 1396 168 1423 habeo
196 1397 348 1425 assumendi
380 1406 439 1425 eam
452 1398 508 1425 ".p
535 1399 566 1425 Et
591 1407 698 1426 rursum
720 1408 727 1427 ;
748 1410 756 1425 ι
772 1400 869 1427 Tristis

75 1447 121 1469 est
142 1443 234 1469 anima
254 1450 313 1471 mea
339 1451 424 1477 usque
441 1444 474 1470 ad
498 1449 613 1472 mortem
628 1445 660 1472 ⁸⁵.
673 1455 682 1471 ι
701 1446 732 1472 Ει
751 1446 868 1472 iterum:

888 839 912 869 B

80 1498 91 1513 ι
110 1488 190 1515 Nunc
214 1490 303 1516 anima
327 1497 384 1516 mea
410 1490 516 1517 turbata
541 1496 583 1518 est
595 1491 627 1518 ".
643 1501 653 1517 ι
682 1491 772 1526 Neque
795 1492 867 1520 enim
883 1507 904 1535 ο

77 1535 167 1561 tristis
183 1540 210 1562 et
232 1536 336 1563 turbata
354 1536 443 1563 anima
464 1536 582 1564 Verbum
598 1538 644 1565 Dei
664 1538 868 1572 intelligendum

76 1584 121 1606 est
146 1580 218 1613 quod
240 1587 274 1607 ex
291 1581 455 1608 auctoritate
481 1581 633 1609 divinitatis
657 1582 744 1609 dicit:
764 1582 870 1611 «Pote-

76 1631 180 1652 statetn
195 1625 283 1653 habeo
298 1627 414 1660 ponendi
434 1627 552 1654 animam
571 1635 670 1655 meam.
683 1638 692 1653 ι
709 1628 764 1656 Nec
780 1634 869 1657 tamen

77 1671 115 1697 ita
137 1672 254 1700 dicimus
280 1672 364 1700 fuisse
383 1673 480 1700 Filium
507 1675 552 1701 Dei
572 1675 597 1701 in
621 1675 665 1701 illa
682 1676 782 1708 anima,
799 1676 870 1703 sicut

77 1716 131 1743 fuit
147 1717 174 1743 in
196 1718 286 1744 anima
306 1718 394 1751 Pauli,
410 1720 453 1746 vel
469 1719 553 1751 Petri,
576 1725 791 1755 cteterorumquc
808 1729 871 1748 san-

76 1767 187 1790 ctorum
200 1783 207 1796 ,
230 1764 255 1790 in
279 1765 377 1798 quibus
398 1765 521 1792 Christus
541 1766 668 1793 similiter
689 1771 718 1793 ut
736 1767 763 1793 in
785 1766 870 1795 Paulo

77 1807 153 1843 loqui
170 1809 302 1836 creditur.
321 1809 374 1837 Sed
391 1809 424 1836 de
448 1810 500 1837 illis
525 1812 651 1838 omnibus
668 1812 731 1839 illud
749 1813 870 1840 sentien-

76 1854 143 1880 dum
162 1855 286 1887 estquod
305 1855 444 1889 Scriptura
462 1856 527 1882 dicit
544 1857 605 1889 quia
623 1866 633 1883 ι
649 1865 729 1885 nemo
753 1860 870 1888 mundus

76 1906 92 1924 a
115 1900 206 1931 sorde,
226 1907 277 1926 nec
292 1901 312 1926 si
333 1901 411 1927 unius
424 1901 475 1927 diei
493 1902 574 1929 fuerit
590 1902 645 1929 vita
661 1902 720 1937 ejus
735 1903 766 1929 ⁸⁸.
781 1913 790 1929 ι
808 1904 870 1933 llaec

76 1952 145 1972 vero
160 1945 250 1971 anima
267 1954 326 1980 qua:
343 1947 394 1973 fuit
410 1947 435 1973 ιιι
452 1946 525 1977 Jesu,
539 1948 698 1983 priusquam
711 1950 794 1977 sciret
811 1959 869 1977 ma-

75 1990 346 2025 lum,elegitbonum
361 1993 382 2007 ε⁷
397 1997 437 2020 :et
452 1994 512 2027 quia
524 1994 762 2030 dilexitjustitiam
774 2001 800 2024 et
812 1997 869 2024 odit

77 2036 270 2071 iniquitatem,
290 2044 433 2073 propterea
456 2041 534 2066 unxit
553 2048 612 2068 eam
636 2042 708 2069 Deus
733 2043 792 2070 oleo
819 2043 867 2070 la:-

77 2083 146 2109 titiaa
163 2091 218 2117 pne
236 2084 411 2118 participibus
424 2085 480 2111 suis
492 2084 523 2111 ⁵³.
541 2085 609 2113 Oleo
622 2094 687 2120 ergo
701 2087 802 2115 lattitize
819 2096 867 2114 un-

75 2129 161 2163 gitur,
178 2136 239 2155 cum
252 2128 339 2156 Verbo
354 2130 400 2156 Dei
417 2130 591 2158 immaculata
605 2131 785 2160 fmderatione
800 2141 867 2160 con-

928 221 976 249 per
991 221 1070 248 quem
1084 212 1174 240 omnia
1191 212 1262 240 facta
1273 220 1333 240 esse
1345 213 1480 240 dicttntur.
1494 211 1537 239 De
1545 219 1596 246 qua
1611 212 1712 244 anima,

928 258 1056 293 quoniam
1077 262 1160 285 totam
1177 257 1203 284 in
1224 264 1254 285 se
1271 257 1431 293 sapientiam
1449 257 1496 285 Dei
1518 262 1545 284 et
1569 257 1713 284 veritatem

927 304 1071 338 vitamque
1089 307 1247 338 receperat,
1271 303 1353 331 etiam
1376 303 1442 331 illud
1468 304 1587 331 arbitror
1613 303 1722 332 dixisse

927 348 1097 383 Apostolum,
1111 348 1156 383 qui
1178 348 1216 375 ait
1232 349 1360 383 quoniam
1380 357 1389 374 ‹
1405 348 1466 376 Vita
1484 354 1577 377 nostra
1594 349 1643 377 abs
1651 357 1718 377 con-

927 392 983 419 dita
996 397 1037 420 est
1052 401 1112 420 cum
1136 393 1244 420 Christo
1258 393 1285 420 in
1302 393 1372 427 Deo;
1389 401 1450 421 cum
1470 399 1562 422 autem
1585 394 1648 422 Chri
1660 401 1720 422 stus

927 438 1082 472 apparuerit
1095 437 1149 464 vita
1170 442 1274 470 nostra,
1296 441 1360 464 tunc
1382 442 1408 464 et
1429 445 1478 464 vos
1501 445 1562 464 cum
1579 438 1637 472 ipso
1661 438 1719 473 (52⁸]

927 483 1092 517 apparebitis
1109 483 1137 510 in
1153 483 1238 519 gloria
1253 483 1285 510 “.
1300 492 1309 509 ι
1334 482 1401 516 Quis
1424 484 1495 510 enim
1520 483 1590 511 alius
1606 484 1652 511 hic
1674 485 1715 510 in-

929 529 1089 564 telligendus
1113 533 1155 557 est
1179 529 1315 562 Christus,
1338 530 1383 564 qui
1402 529 1428 556 in
1452 529 1505 556 Deo
1533 529 1713 556 absconditus

928 575 1025 603 dicitur
1043 580 1070 602 et
1086 579 1180 610 postea
1199 575 1384 610 appariturus,
1399 575 1450 602 nisi
1467 575 1512 602 ille
1526 574 1572 609 qui
1590 574 1650 602 oleo
1667 574 1714 601 la:-

928 621 994 648 titia:
1016 626 1114 649 unctus
1139 621 1273 654 refertur,
1294 621 1323 648 id
1348 626 1389 648 est
1412 620 1629 648 substantialiter
1656 619 1712 645 Deo

927 667 1060 702 repletus,
1084 668 1110 694 in
1133 674 1187 703 quo
1205 675 1277 694 nunc
1304 667 1480 694 absconditus
1503 665 1621 693 dicitur?
1646 664 1713 692 Pro-

926 718 1019 747 pterea
1032 714 1104 740 enim
1119 718 1146 741 et
1160 713 1286 741 omnibus
1297 712 1473 740 credentibus
1486 712 1612 739 Christus
1625 718 1715 738 exem-

925 759 998 794 plum
1015 759 1135 794 ponitur,
1151 759 1212 794 quia
1238 759 1310 787 sicut
1326 759 1370 786 ille
1394 766 1501 793 semper
1515 763 1544 786 et
1565 762 1714 793 antequam

927 803 1008 831 sciret
1034 803 1145 830 omnino
1173 804 1293 836 malum,
1323 803 1403 839 elegit
1421 804 1541 835 bonum,
1564 808 1594 830 et
1618 804 1715 830 dilexit

924 847 1071 882 justitiam,
1085 851 1113 875 et
1126 847 1189 875 odio
1205 848 1299 876 habuit
1315 848 1485 882 iniquitatem
1496 867 1503 880 ,
1517 851 1544 874 et
1568 853 1715 882 propterea

925 893 1003 921 unxit
1022 901 1085 921 eum
1108 894 1182 921 Deus
1206 894 1267 921 oleo
1290 894 1408 927 latitia};
1427 894 1465 921 ita
1484 898 1511 921 et
1527 893 1716 928 unusquisque

923 944 985 975 post
1000 939 1102 974 lapsum
1122 940 1162 967 vel
1178 945 1239 974 post
1254 948 1376 968 errorem
1392 944 1524 974 expurget
1539 947 1569 966 se
1586 939 1711 971 maculis,

925 986 1049 1020 exemplo
1071 986 1219 1021 proposito,
1241 990 1268 1013 et
1290 985 1395 1013 habens
1419 985 1525 1013 itineris
1545 986 1640 1012 ducem
1667 994 1713 1012 ar-

924 1030 1003 1058 duam
1023 1031 1094 1058 viam
1116 1031 1225 1058 virtutis
1242 1031 1368 1065 incedat;
1393 1036 1423 1057 ut
1445 1031 1484 1058 sic
1504 1030 1574 1058 forte
1594 1038 1641 1064 per
1661 1030 1713 1057 hoc

924 1077 951 1104 in
968 1082 1099 1112 quantum
1115 1076 1172 1104 ﬁeri
1189 1082 1277 1112 potest
1296 1084 1344 1112 per
1363 1077 1543 1104 imitationem
1558 1077 1617 1112 ejus
1633 1075 1713 1111 192

923 1123 1070 1157 participes
1096 1122 1247 1150 elliciamur
1276 1123 1377 1150 divinze
1406 1127 1531 1155 naturas,
1553 1123 1624 1149 sicut
1645 1124 1714 1149 scri—

923 1173 997 1202 ptum
1012 1173 1068 1202 est,
1084 1169 1147 1203 quia
1172 1177 1182 1193 c
1197 1169 1242 1202 qui
1266 1168 1331 1195 dicit
1347 1176 1376 1195 se
1396 1168 1506 1196 Christo
1529 1168 1650 1198 credere,
1666 1168 1714 1194 de-

922 1213 981 1247 bet,
995 1214 1066 1241 sicut
1082 1214 1127 1241 ille
1143 1214 1301 1248 ambulavit,
1316 1219 1343 1241 et
1355 1214 1413 1250 ipse
1429 1214 1570 1242 ambulare
1582 1215 1615 1241 "°.
1630 1223 1639 1240 I
1657 1214 1713 1241 Hoc

923 1270 991 1297 ergo
1007 1262 1126 1290 Verbum
1147 1266 1176 1289 et
1199 1262 1256 1290 haec
1272 1263 1403 1297 sapientia
1422 1270 1470 1297 per
1484 1261 1560 1296 cujus
1585 1262 1715 1288 imitatio-

923 1316 983 1335 nem
1005 1307 1047 1336 vel
1073 1307 1209 1342 sapientes
1229 1307 1272 1334 vel
1299 1307 1474 1335 rationabiles
1499 1307 1616 1334 dicimur
1637 1306 1711 1341 (55).

922 1354 1047 1382 onmibus
1067 1354 1097 1381 ﬁt
1115 1354 1217 1386 omnia,
1231 1358 1260 1380 ut
1276 1361 1371 1381 omnes
1390 1354 1561 1386 lucrifaciat;
1575 1358 1603 1381 et
1622 1352 1652 1379 ﬁt
1672 1353 1714 1379 in-

923 1399 1018 1428 ﬁrntus
1032 1399 1159 1432 infirmis,
1176 1404 1206 1426 ut
1222 1399 1344 1427 inﬁrmos
1357 1400 1530 1433 lucrifaciat;
1548 1404 1576 1427 et
1590 1399 1654 1434 quia
1671 1399 1717 1426 in-

923 1446 1018 1473 ﬁrmus
1028 1445 1153 1480 eﬁicitur,
1170 1451 1281 1481 propter
1295 1446 1346 1473 hoc
1359 1445 1459 1473 dicitur
1470 1446 1504 1474 de
1515 1452 1563 1473 eo:
1577 1455 1586 1471 ι
1599 1445 1712 1472 Etiamsi

922 1491 1070 1519 cruciﬁxus
1088 1498 1177 1519 estex
1206 1491 1375 1523 inﬁrmitate,
1401 1491 1449 1519 sed
1466 1491 1534 1518 vivit
1553 1498 1585 1518 ex
1608 1491 1713 1517 Virtute

922 1538 967 1565 Dei
976 1538 1027 1565 τι.)
1039 1537 1161 1572 Denique
1172 1537 1322 1565 Corinthiis
1332 1537 1378 1571 qui
1393 1537 1496 1563 inﬁrmi
1513 1540 1602 1569 erant,
1612 1536 1712 1563 Paulus

920 1583 987 1611 nihil
1001 1591 1029 1610 se
1044 1583 1145 1611 indicat
1160 1592 1170 1609 ‹
1180 1584 1252 1611 seire
1266 1583 1318 1611 nisi
1331 1583 1469 1611 Christum
1481 1582 1587 1616 Jesum,
1598 1586 1626 1610 et
1640 1583 1712 1610 hune

921 1629 1080 1659 cruciﬁxum
1094 1630 1127 1655 ".
1145 1638 1155 1655 ι

956 1675 999 1702 52.
1021 1675 1135 1708 Quidam
1158 1680 1247 1703 autem
1265 1675 1359 1702 volunt
1375 1676 1408 1703 de
1427 1677 1483 1709 ipsa
1498 1675 1588 1702 anitna
1608 1675 1714 1702 dictum

921 1721 1023 1752 videri,
1040 1728 1100 1747 cum
1126 1721 1241 1754 primum
1263 1722 1296 1748 de
1319 1721 1401 1748 Maria
1425 1729 1523 1756 corpus
1545 1722 1710 1755 assumpsit,

921 1767 1002 1793 etiam
1029 1765 1093 1793 illud
1119 1767 1191 1800 quod
1215 1766 1362 1801 Apostolus
1385 1766 1452 1793 dicit
1472 1775 1479 1792 :
1499 1776 1509 1791 ι
1524 1766 1654 1800 Quicum
1684 1767 1710 1793 in

921 1812 1009 1839 forma
1027 1812 1073 1839 Dei
1091 1818 1181 1844 esset,
1206 1820 1260 1840 non
1277 1813 1399 1847 rapinam
1424 1812 1576 1839 arbitratus
1596 1817 1636 1840 est
1650 1820 1712 1839 esse

921 1866 950 1885 se
974 1858 1106 1892 :equalem
1125 1858 1190 1892 Deo,
1207 1858 1254 1885 sed
1278 1859 1455 1892 semetipsum
1474 1858 1634 1890 exinanivit,
1656 1857 1713 1884 for-

921 1910 992 1929 tnam
1014 1903 1086 1930 servi
1109 1904 1247 1937 accipiens
1258 1904 1298 1936 ⁷³;
1313 1913 1323 1929 ›
1343 1911 1405 1930 cum
1420 1910 1480 1930 eam
1497 1903 1555 1930 sine
1580 1903 1663 1930 dubio
1685 1903 1720 1929 ine

921 1947 1036 1975 formam
1056 1948 1102 1976 Dei
1126 1948 1286 1975 melioribus
1301 1948 1433 1983 exemplis
1451 1952 1479 1974 et
1494 1947 1724 1976 institutionibus.

921 1989 1071 2027 repararet,
1087 1998 1169 2028 atque
1183 1994 1209 2020 in
1227 2001 1287 2021 eam
1303 1994 1498 2028 plenitudinem
1516 1994 1587 2021 unde
1604 2001 1633 2021 se
1652 1994 1712 2021 exi-

920 2039 1061 2066 naniverat
1076 2039 1148 2075 (Si),
1169 2045 1320 2067 revocaret.
1344 2039 1421 2067 Sicut
1443 2045 1541 2066 autent.
1560 2040 1712 2074 participa-

921 2086 993 2113 tione
1008 2085 1069 2113 Filii
1088 2087 1133 2113 Dei
1165 2087 1225 2121 quis
1243 2086 1269 2113 in
1294 2087 1378 2113 ﬁlium
1403 2087 1559 2120 adoptatur,
1579 2091 1607 2113 et
1625 2086 1711 2121 parti-

920 2131 1058 2165 cipatione
1072 2132 1213 2166 sapientia:
1229 2132 1255 2159 in
1272 2132 1328 2159 Deo
1350 2132 1460 2166 sapiens
1479 2131 1606 2164 eﬁicitur,
1623 2132 1661 2158 ita
1683 2136 1711 2159 et

72 2178 171 2207 juncta
188 2179 239 2205 est,
252 2179 279 2200 et
295 2181 344 2208 per
361 2175 411 2202 hoc
425 2175 482 2201 sola
501 2176 621 2202 omnium
639 2176 791 2204 animarum
809 2184 870 2211 pcc-
885 2173 907 2200 D
923 2180 1131 2214 participatione
1147 2180 1267 2214 Spiritus
1281 2180 1381 2211 sancti,
1400 2184 1513 2206 sanctus
1528 2183 1557 2205 et
1582 2179 1712 2213 spiritalis

74 2219 133 2245 cati
152 2219 265 2253 incapax
281 2219 341 2251 fuit,
356 2220 418 2254 quia
435 2221 494 2247 Filii
511 2221 554 2248 Dei
573 2222 641 2248 bene
652 2226 679 2249 et
692 2222 769 2256 plene
783 2230 867 2257 capax

75 2264 147 2297 luit;
172 2264 287 2299 ideoque
309 2271 335 2293 et
355 2274 437 2292 munn
455 2274 516 2293 cum
542 2267 600 2301 ipso
624 2272 679 2301 est,
708 2273 789 2303 atque
809 2270 868 2304 ejus

110 2358 133 2373 “
149 2357 227 2385 Joan.
244 2366 261 2388 ι,
283 2359 328 2384 26.

379 2359 401 2374 ⁸³
414 2359 494 2385 .loan.
511 2367 538 2391 κ,
558 2359 600 2385 18.
638 2358 660 2373 ⁸⁸
673 2358 767 2385 Matth.
785 2367 860 2391 ιιι-ι,
874 2359 919 2386 58.

921 2223 1047 2252 cliicilur.
1060 2225 1151 2252 Unum
1166 2224 1237 2251 enim
1252 2230 1332 2259 atque
1348 2225 1417 2251 idetn
1433 2230 1476 2251 est
1489 2224 1609 2258 Spiritus
1624 2224 1711 2252 sancti

922 2270 1104 2304 participium.
1137 2278 1263 2301 sumere,
1289 2270 1362 2304 quod
1388 2274 1430 2297 est
1454 2269 1543 2297 Patris
1566 2274 1594 2298 et
1624 2270 1707 2300 Filii;

1546 2362 1568 2378 °'
1582 2361 1644 2390 Isai.
1660 2371 1713 2390 vn.

958 2360 1070 2388 "Joan.
1086 2370 1136 2394 xu,
1153 2362 1197 2390 27.
1248 2362 1270 2378 ⁸⁸
1283 2362 1333 2389 Job
1360 2370 1416 2395 xlv,
1430 2362 1458 2393 4,
1475 2362 1503 2392 5.

73 2392 97 2408 ⁸⁸
113 2393 190 2420 Psal.
202 2401 275 2426 thv,
287 2394 314 2420 8.
353 2393 375 2409 ⁶⁹
388 2394 477 2421 Colos.
493 2402 535 2426 ιιι,
549 2394 576 2421 5.
615 2393 637 2409 ⁷⁰
652 2393 661 2420 l
679 2394 756 2420 Joan.
769 2402 799 2425 ιι,
817 2396 843 2421 6.

953 2396 1017 2423 Cor.
1033 2405 1093 2429 xtn,
1109 2392 1136 2424 4.
1174 2397 1294 2425 “‘lCor.
1311 2405 1341 2429 ιι⁷
1358 2398 1384 2425 2.
1410 2392 1448 2414 ’⁷³
1462 2397 1579 2433 Philipp.
1599 2405 1630 2430 ιι,
1647 2399 1673 2425 6.

110 2477 170 2514 (50)
190 2478 237 2515 Sic
252 2486 317 2506 mss.
331 2478 402 2505 Editi
417 2487 481 2507 vero
495 2489 501 2506 :
519 2489 528 2505 ι
544 2487 632 2515 neque
648 2485 739 2507 tamen
754 2487 801 2514 per
814 2481 865 2508 hoc

76 2512 152 2539 illum
169 2513 305 2541 afﬁrmare
328 2515 494 2541 credendum
510 2520 563 2547 est,
579 2512 651 2549 quod
667 2512 762 2548 parsJ
781 2514 865 2542 Paulo

75 2552 138 2582 post
155 2556 236 2584 mss.,
255 2557 264 2573 ε
277 2549 310 2575 de
323 2549 486 2583 incorporeo
506 2554 609 2584 partem
631 2550 683 2577 dici
697 2555 743 2576 aut
756 2550 865 2578 divisio-

76 2591 136 2610 nem
153 2583 275 2617 aliquam
288 2584 358 2615 tteri,
368 2585 425 2615 sed,
440 2593 449 2608 ι
462 2583 514 2611 etc.
530 2584 558 2611 In
571 2584 662 2619 editis,
674 2584 774 2619 legitur
786 2595 795 2611 ‹
807 2586 840 2612 ab
852 2595 862 2611 ι

75 2624 124 2651 pro
139 2627 149 2643 ε
161 2618 206 2650 de,
219 2627 228 2643 ›
244 2623 273 2645 et
287 2619 423 2645 omittitur
439 2628 448 2643 ‹
465 2619 532 2646 ﬁeri.
553 2628 562 2644 ι

111 2653 170 2688 (51)
191 2653 229 2679 lta
259 2658 334 2680 recte
353 2661 419 2680 mss.
440 2653 511 2681 Editi
538 2661 623 2685 vero,
647 2662 658 2679 ι
672 2655 746 2688 quali
769 2663 864 2683 omnes

75 2688 233 2723 voluntates
248 2693 276 2714 et
289 2687 506 2721 dispensationes
524 2688 603 2716 Verbi
621 2696 653 2715 ac
667 2687 808 2723 sapientiae
823 2691 864 2717 in-

77 2722 251 2750 declinabilis
268 2723 374 2756 possint
392 2723 509 2758 impleri.
526 2724 602 2757 Quod
619 2722 709 2751 autem
728 2725 863 2756 hahuetit,

76 2757 332 2792 manifestissime.»
356 2757 440 2784 Paulo
467 2763 527 2792 post
540 2767 629 2791 -mss.,
649 2768 658 2784 ‹
674 2759 745 2786 sicut
766 2759 817 2786 fuit
839 2764 867 2787 in

77 2793 167 2819 anima
184 2791 273 2819 Pauli.
287 2802 296 2817 ι
314 2791 485 2825 Editi,tsicut
504 2793 587 2820 fuerit
601 2794 627 2820 in
644 2794 733 2820 anima
757 2794 863 2821 Pauli.)

76 2826 137 2855 Mox
154 2835 235 2861 mss.,
256 2836 265 2853 ι
282 2827 349 2855 illud
365 2828 534 2856 scnticttdum
554 2834 604 2856 cst.
624 2838 632 2854 ι
654 2829 733 2863 Editi,
752 2839 762 2855 ε
779 2837 866 2857 scien-

920 2483 983 2510 dum
1000 2488 1052 2510 est.
1063 2494 1074 2510 ι

955 2517 1012 2554 (52)
1032 2518 1104 2553 Ipso.
1122 2519 1159 2546 lla
1186 2527 1251 2547 mss.
1274 2519 1344 2546 Editi
1362 2527 1437 2552 vero,
1456 2530 1465 2546 ε
1480 2520 1599 2548 Christo.
1612 2529 1622 2546 ι
1649 2518 1716 2546 Mox

921 2553 1005 2589 editi,
1032 2562 1042 2579 ε
1055 2554 1117 2588 quis
1140 2554 1212 2581 enim
1233 2554 1302 2581 alius
1317 2554 1506 2589 intelligendus
1528 2559 1570 2583 est
1586 2554 1718 2582 Christus

919 2588 964 2622 qui
983 2588 1009 2614 in
1024 2595 1057 2615 eo
1072 2590 1260 2617 absconditus.
1274 2598 1283 2614 ι

954 2622 1010 2657 (53)
1032 2624 1077 2650 Sic
1092 2632 1159 2651 mss.
1173 2624 1255 2654 Editi,
1269 2632 1278 2649 α
1290 2623 1446 2651 dicuntum
1458 2623 1528 2650 Infra
1543 2631 1609 2650 mss.
1623 2627 1707 2654 recte,

921 2666 930 2682 ι
945 2659 978 2684 de
1003 2658 1060 2692 ipsa
1078 2659 1168 2686 anima
1195 2659 1297 2686 dictum
1315 2659 1412 2686 videri.
1429 2668 1438 2684 ι
1458 2659 1546 2692 Editi,
1567 2668 1576 2684 ι
1594 2659 1627 2685 de
1651 2658 1710 2692 ipsa

918 2693 1009 2719 anima
1025 2693 1071 2720 Dei
1093 2693 1189 2721 videri.
1203 2703 1212 2719 ι

954 2727 1012 2789 (δῖ
1033 2728 1079 2755 Sic
1106 2735 1171 2755 mss.
1196 2728 1285 2761 Editi,
1304 2737 1314 2754 ‹
1330 2729 1492 2756 exinanivit.
1507 2738 1517 2755 ι
1542 2728 1603 2756 Mox
1628 2736 1708 2761 mss.,

948 2762 973 2789 in
1013 2764 1094 2789 'ilium
1119 2763 1294 2789 adontatur.)
1319 2764 1408 2789 Editi.
1428 2773 1437 2789 ι
1454 2764 1480 2789 in
1504 2763 1573 2789 Filio
1596 2764 1708 2789 adonta-

922 2771 931 2788 σ
947 2763 973 2789 in
997 2763 1094 2799 Filium
1119 2763 1294 2798 adoptatur.)
1319 2764 1408 2799 Editi,
1428 2773 1437 2789 ι
1454 2764 1480 2791 in
1504 2763 1573 2793 Filio
1596 2764 1709 2799 adopta-

920 2802 973 2825 tur.
989 2807 998 2823 ι
