1853 3073
188 139 240 168 ιοτ

788 136 948 165 ORIGENIS

1035 137 1041 163 Ι
1058 136 1172 163 ΛΡΧΩΝ
1745 135 1788 162 408

188 197 288 230 quippe
304 203 364 223 cum
390 203 441 224 una
459 199 486 223 et
504 195 661 230 incorporea
678 198 774 222 natura
793 194 828 220 sit
853 193 972 221 Trinita-
986 194 1010 222 Α
1024 195 1143 228 genitam
1164 192 1205 219 vel
1236 192 1362 219 infectant
1388 190 1439 217 dici
1465 189 1605 217 materiam
1622 190 1732 222 debere,
1755 200 1790 219 se-

189 242 232 269 tis.
249 240 346 268 Verum
366 248 427 275 quae
446 233 479 268 de
495 240 704 275 participatione
725 239 822 266 anima:
841 239 968 270 diximus,

187 288 268 314 simili
285 288 389 314 ratione
404 291 433 314 ut
448 288 480 314 de
496 286 650 319 animabus,
665 286 700 313 ita
722 290 750 313 et
767 286 801 312 de
820 285 922 320 angelis
943 289 971 312 et

185 332 340 360 cmiesﬁbus
365 337 430 359 sunt
457 332 629 366 intelligenda
653 331 818 363 virtutibus;
841 331 969 365 quoniam

185 377 274 405 omnis
299 377 468 405 rationabilis
486 382 611 404 creatura
630 377 772 411 participio
793 377 893 411 indiget
911 377 970 402 ’l‘ri-

185 424 287 451 uitatis.
306 423 358 450 Sed
370 428 398 450 et
413 423 504 450 mundi
523 423 603 457 hujus
615 422 729 449 visibilis
746 422 826 454 ratio,
842 422 968 456 quoniam

183 469 226 496 vel
251 469 370 496 maxima
395 470 476 496 etiam
501 469 534 495 de
559 469 601 495 his
623 468 716 495 haberi
744 468 860 501 quiestio
880 467 967 500 solet,

183 514 298 548 qualiter
311 523 340 542 se
356 515 467 545 habeat,
487 519 567 548 prout
584 514 722 547 potuimus
739 513 765 540 in
782 513 969 547 superioribus

184 559 302 588 diximus
318 567 367 594 pro
390 559 423 586 iis
441 560 485 593 qui
507 559 534 586 in
553 559 605 586 title
622 563 711 586 nostra
735 558 815 585 etiam
840 558 967 585 credendi

184 606 317 632 rationem
339 606 498 639 perquirere
516 605 622 635 solent,
646 609 673 631 et
689 611 738 638 pro
756 604 788 630 iis
809 603 853 638 qui
881 603 969 630 luere-

184 651 236 677 lica
256 653 397 677 adversum
414 659 464 678 "05
481 651 630 678 certamina
656 655 842 681 commovent,
860 655 886 676 et
908 657 967 676 Illa-

183 696 258 722 teria:
282 703 378 724 nomen
395 697 466 730 quod
483 703 515 723 ne
533 695 582 729 ipsi
600 696 707 730 quidem
726 695 803 729 q-tale
819 697 863 726 sit,
879 696 968 722 adlmc

181 740 334 775 intelligere
355 746 511 774 potuerunt,
526 740 614 770 solent
630 739 798 775 frequentius
815 741 966 767 ventilare:

180 786 213 814 de
227 793 281 821 quo
297 787 478 814 necessarium
493 791 559 820 puto
574 786 655 813 etiam
673 794 745 812 nunc
763 786 880 812 breviter
897 793 969 812 com-

180 838 301 857 monere.

214 876 260 904 35.
282 876 313 903 Et
329 876 416 910 primo
431 877 540 910 quidem
556 876 695 904 sciendum
723 880 765 903 est
783 876 854 910 quod
866 884 965 904 nomen

179 922 268 956 ipsum
291 922 412 949 materia!
425 929 473 956 pro
487 929 518 950 ea
537 922 691 949 substantia
706 929 766 956 qua;
781 922 894 949 subesse
907 929 966 949 cor-

179 966 289 1000 poribus
306 967 362 1002 (55)
383 967 495 999 dicitur,
519 968 636 1002 positutu
659 967 686 994 in
707 967 857 1001 Scripturis
880 975 965 994 eano-

178 1011 248 1038 uicis
263 1019 396 1046 nusquam
419 1019 505 1046 usque
522 1012 556 1039 ad
578 1019 697 1046 praesens
720 1012 882 1039 invenimus.
899 1012 966 1040 Illud

176 1057 249 1083 enim
267 1057 338 1091 quod
356 1057 422 1084 dicit
438 1057 520 1084 lsaias
535 1066 541 1084 :
563 1057 616 1084 «Et
630 1057 756 1085 comedet
772 1059 842 1084 sicut
863 1058 965 1085 fceuum

177 1100 243 1137 ὕλην
254 1101 290 1134 ⁷⁸,
304 1110 314 1127 ›
333 1102 359 1128 id
385 1106 427 1128 est
449 1103 591 1129 materiam
613 1103 729 1129 :diccns
752 1103 785 1130 de
808 1103 846 1130 cis
867 1103 913 1137 qui
937 1103 965 1130 in

177 1147 317 1182 suppliciis
331 1148 471 1175 constituti
486 1153 561 1180 sunt,
575 1149 718 1176 materiam
734 1149 824 1183 posuit
838 1157 886 1183 pro
903 1157 966 1184 pec-

177 1192 255 1219 catis.
284 1191 338 1219 Sed
365 1197 392 1219 et
416 1193 501 1220 sicubi
528 1194 553 1220 iu
582 1193 635 1221 alio
652 1194 711 1221 loco
737 1194 867 1228 scriptum
897 1194 966 1221 forte

178 1237 298 1264 materiae
313 1245 410 1264 nomen
428 1243 479 1269 est,
498 1246 640 1273 nusquam,
661 1244 690 1265 ut.
707 1239 834 1271 arbitror,
851 1239 914 1272 hoc,
932 1240 963 1266 de

176 1288 231 1316 quo
257 1289 328 1308 nunc
355 1282 512 1315 quaerimus,
544 1283 699 1317 signiﬁcare
720 1283 886 1315 invenietur,
913 1284 964 1310 nisi

178 1327 365 1354 tantummodo
384 1327 412 1354 in
429 1327 569 1362 Sapientia
593 1334 654 1362 quae
680 1327 781 1355 dicitur
799 1328 965 1360 Salornonis,

176 1374 221 1408 qui
249 1375 342 1408 utique
367 1373 435 1401 liber
463 1381 518 1401 non
537 1375 570 1401 ab
594 1374 721 1401 munibus
747 1375 774 1401 in
803 1375 966 1402 auctoritate

177 1412 304 1447 habetur.
318 1419 355 1446 lbi
373 1425 462 1450 tamen
478 1419 608 1454 scriptum
628 1419 783 1447 invenimus
799 1421 850 1447 hoc
865 1421 963 1449 modo:

182 1475 191 1490 ι
203 1465 259 1492 Νοιι
275 1465 359 1498 enim,
375 1465 462 1499 inquit
477 1465 546 1500 (56),
565 1465 660 1492 deerat
674 1465 855 1498 omnipotenti
872 1465 963 1492 manui

1022 237 1138 263 cundum
1164 237 1221 263 hagc
1242 243 1301 270 quae
1319 237 1344 262 in
1372 234 1529 270 prioribus,
1552 239 1632 269 prout
1659 237 1790 269 potuimus,

1021 283 1200 314 ostendimus,
1214 289 1275 309 cum
1292 281 1373 309 etiam
1389 288 1420 308 ex
1439 288 1520 315 aqua,
1533 285 1559 307 et
1577 285 1660 312 terra,
1674 288 1743 311 aere.
1757 281 1790 308 \‘cl

1021 327 1126 359 calore,
1151 335 1198 362 per
1222 328 1328 354 diversa
1349 327 1476 353 arborum
1496 333 1595 360 genera
1618 325 1738 353 diversos
1756 334 1794 352 osa

1023 370 1157 397 tendimus
1172 370 1288 404 proferri
1310 371 1428 403 fructus;
1447 369 1487 397 vel
1507 378 1567 396 cum
1587 370 1688 404 ignem,
1703 378 1794 401 aerem,

1020 425 1129 450 aquam,
1149 422 1301 450 terramque
1317 417 1413 443 mutari
1431 417 1456 444 in
1473 418 1618 451 semetipsa
1639 416 1747 442 invicem
1768 424 1793 442 ac

1022 461 1118 488 resolvi
1140 461 1211 488 aliud
1238 462 1263 487 iu
1284 461 1357 488 aliud
1383 462 1544 489 elementum
1573 468 1666 488 mutua
1690 462 1793 496 quadam

1020 507 1256 542 consanguinitate
1270 508 1425 539 docuimus;
1443 509 1488 536 sed
1503 513 1528 534 et
1544 516 1604 534 cum
1630 508 1664 534 de
1679 508 1746 534 escis
1759 507 1793 534 vel

1021 553 1159 579 hominum
1183 553 1223 580 vel
1247 553 1404 579 auiiuuliutn
1430 553 1603 587 probavimus
1627 552 1793 579 substantiam

1019 600 1110 626 carnis
1136 600 1284 630 exsistere,
1309 599 1350 624 vel
1374 599 1514 625 humorem
1537 598 1650 625 seminis
1677 599 1795 625 naturalis

1020 644 1046 671 in
1071 652 1180 671 carnem
1196 644 1308 672 solidam
1329 651 1444 677 ossaque
1461 644 1596 671 converti.
1622 643 1689 676 Quae
1714 643 1793 669 omnia

1020 691 1179 717 documento
1206 695 1269 718 sunt
1288 691 1359 723 quod
1384 689 1534 716 substantia
1568 689 1719 722 corporalis
1741 696 1795 722 pcr-

1020 735 1158 764 mutabilis
1173 737 1219 768 sit,
1235 741 1262 764 et
1277 744 1308 763 ex
1326 735 1398 763 omni
1418 736 1443 761 in
1462 742 1568 761 onmem
1593 734 1722 763 deveniat
1739 741 1795 768 qua-

1020 780 1135 808 lilalcm.

1054 825 1100 852 5st.
1120 826 1309 852 Verumtamen
1333 825 1395 851 illud
1412 825 1482 851 scire
1504 829 1625 859 oportet,
1642 824 1715 859 quod
1735 832 1794 851 nun-

1018 878 1099 904 quam
1115 871 1263 898 substantia
1282 871 1341 897 sine
1361 871 1491 904 qualitate
1508 871 1644 902 subsistit,
1662 871 1710 897 sed
1726 870 1795 897 intel-

1017 914 1086 941 lectu
1099 915 1155 942 solo
1172 915 1334 942 discernitur
1350 915 1400 941 hoc
1415 916 1486 950 quod
1502 916 1628 950 suhjacet
1645 915 1795 950 corporibus

1016 961 1129 995 etquod
1155 968 1242 994 capax
1267 965 1308 988 est
1333 961 1485 996 qualitatis,
1506 969 1567 988 esse
1591 961 1652 997 (58)
1681 962 1795 988 materia.

1017 1006 1132 1040 Quidam
1154 1007 1234 1033 altius
1250 1014 1313 1041 ergo
1330 1007 1361 1034 de.
1380 1007 1422 1033 his
1439 1008 1559 1035 volentes
1578 1008 1730 1042 inquirere,
1745 1007 1795 1034 ausi

1017 1057 1080 1079 sunt
1101 1052 1192 1079 dicere
1215 1052 1280 1078 nihil
1308 1052 1378 1079 aliud
1401 1060 1460 1080 esse
1490 1058 1614 1080 naturam
1645 1060 1795 1087 corpoream

1016 1105 1096 1133 quam
1119 1098 1275 1132 qualitates.
1293 1097 1321 1125 Si
1338 1098 1409 1125 enim
1429 1099 1526 1125 duritia
1544 1104 1572 1126 et
1595 1098 1737 1130 mollities,
1758 1106 1796 1124 ca-

1017 1143 1099 1170 lidutn
1122 1148 1148 1169 et
1174 1142 1317 1177 frigidum,
1342 1144 1483 1170 humidum
1501 1149 1527 1170 et
1555 1144 1662 1170 aridttm
1689 1143 1796 1178 qualitas

1017 1193 1073 1222 est,
1102 1189 1144 1216 his
1165 1194 1252 1216 autem
1273 1189 1312 1216 vel
1338 1189 1444 1216 ueteris
1474 1190 1629 1224 ltujnsnmdi
1661 1191 1796 1223 amputans

1018 1234 1083 1261 nihil
1106 1235 1177 1261 aliud
1203 1234 1362 1269 intelligitur
1378 1235 1532 1268 suhjacere,
1556 1235 1795 1269 videbunturqua-

1019 1279 1108 1307 litatcs
1124 1288 1182 1306 esse
1206 1281 1308 1307 omnia.
1336 1280 1412 1307 Unde
1427 1285 1453 1307 et
1473 1281 1498 1307 hi
1518 1281 1563 1314 qui
1585 1281 1644 1307 haec
1669 1286 1794 1313 asserunt,

1017 1333 1175 1352 asseverare
1190 1327 1279 1352 cenati
1295 1331 1369 1357 sunt,
1388 1331 1414 1352 ut
1429 1326 1556 1360 quoniam
1572 1334 1672 1353 omnes
1686 1327 1730 1360 qui
1748 1335 1795 1352 tll:t-

1017 1371 1113 1396 teriam
1140 1370 1268 1398 infectam
1293 1371 1404 1402 dicunt,
1433 1371 1578 1404 qualitates
1595 1378 1608 1396 a
1640 1371 1696 1398 Deo
1721 1371 1796 1397 factas

1016 1421 1076 1441 esse
1095 1417 1271 1447 coulitcutur,
1294 1416 1446 1442 inveniatur
1463 1423 1510 1450 per
1533 1417 1583 1442 hoc
1598 1417 1685 1443 etiam
1708 1424 1794 1442 secun~

1018 1461 1080 1488 dum
1108 1461 1181 1495 ipsos
1207 1469 1257 1487 nec
1287 1461 1401 1487 mult-ria
1431 1469 1490 1488 esse
1518 1461 1617 1488 infecta
1639 1471 1646 1489 :
1672 1462 1794 1496 siquidem

176 1518 229 1538 tuae
250 1519 309 1545 quae
331 1515 473 1539 creaverat
492 1512 621 1537 mundum
638 1518 672 1538 ex
699 1510 807 1538 informi
834 1512 958 1545 materia,

1037 1506 1161 1532 ualitales
1183 1507 1237 1532 sint
1255 1506 1362 1538 omnia,
1389 1514 1448 1539 qua:
1472 1507 1566 1541 utique
1582 1507 1642 1534 sine
1669 1507 1794 1534 contradi-

175 1555 323 1582 immittere
338 1555 377 1581 eis
401 1555 601 1582 multitudinem
625 1563 763 1586 ursorum,
788 1556 830 1582 vel
857 1556 963 1584 feroces

175 1598 267 1625 leones
276 1598 310 1624 ".
327 1607 337 1623 ι
355 1597 550 1632 Quamplurimi
576 1606 641 1626 sane
655 1606 751 1633 putant
771 1608 860 1627 rerum
877 1601 962 1636 ipsum

175 1643 318 1670 materiam
337 1643 484 1678 signiﬁcari
501 1643 528 1670 in
555 1650 587 1670 eo
607 1644 678 1678 quod
705 1644 731 1671 in
758 1645 891 1680 principio
909 1646 962 1673 Ge-

174 1689 248 1716 nesis
271 1689 403 1724 scriptum
424 1694 465 1716 est
485 1697 499 1716 a
525 1690 614 1726 Moyse
636 1700 642 1718 :
664 1701 672 1716 ι
690 1691 716 1717 lu
742 1692 877 1726 principio
896 1692 960 1720 fecit

174 1735 246 1762 Deus
261 1735 359 1763 cmlum
378 1739 404 1762 et
421 1740 534 1768 terram,
550 1741 619 1763 terra
637 1742 725 1764 autem
738 1742 799 1764 erat
818 1737 961 1765 invisibilis

173 1785 201 1808 et
218 1780 395 1816 incomposita
409 1781 443 1808 ⁷⁸.
458 1791 467 1806 i
488 1781 652 1809 Invisibiletu
671 1790 787 1817 namque
806 1788 833 1810 et
857 1784 961 1811 incom-

172 1827 287 1862 positam
313 1831 414 1853 terram
436 1835 488 1853 non
513 1827 586 1854 aliud
610 1827 649 1855 eis
672 1828 727 1863 (5'7)
752 1828 856 1863 Moyses
880 1836 959 1863 quam

172 1871 317 1899 informem
344 1873 486 1899 materiatn
515 1873 589 1900 visus
616 1878 657 1900 est.
682 1874 813 1901 iudicare.
834 1874 909 1907 Quod
936 1874 958 1902 si

171 1925 236 1945 vere
253 1918 310 1946 htec
331 1923 373 1946 est
396 1919 521 1952 materia,
537 1923 644 1946 constat
671 1919 769 1946 exinde
792 1920 958 1947 inconverti-

171 1962 236 1990 bilia
254 1970 307 1989 tton
332 1970 393 1991 esse
411 1964 485 1990 initia
508 1971 663 1998 corporum.
688 1964 754 1990 Nam
776 1964 802 1990 hi
826 1965 871 1998 qui
899 1969 958 1991 ato-

171 2016 240 2041 mos,
262 2008 304 2036 vel
320 2016 352 2036 ea
366 2018 425 2044 qum
441 2011 466 2036 in
484 2015 574 2044 partes
590 2011 683 2037 venire
700 2019 752 2037 non
777 2016 902 2046 possunt,
917 2011 957 2038 vel

169 2062 201 2080 ea
223 2062 284 2089 qua:
300 2055 325 2081 in
348 2055 464 2090 aequales
481 2061 572 2089 partes
598 2057 721 2089 veniunt,
745 2057 787 2083 vel
809 2065 889 2083 unum
906 2057 950 2083 ali-

169 2099 242 2132 quod
259 2099 421 2125 elementum
440 2107 532 2126 rertnn
550 2100 734 2133 corporalium
761 2101 891 2135 principia
912 2110 958 2135 po-

170 2147 295 2174 suerunt,
314 2150 411 2169 nomen
430 2144 562 2174 materiae.
582 2144 608 2170 id
622 2149 663 2171 est
679 2145 751 2179 quod
769 2145 956 2179 principaliter

1017 1553 1106 1580 ctione
1131 1553 1164 1579 ab
1183 1552 1307 1579 omnibus
1329 1560 1343 1578 a
1364 1553 1417 1579 Deo
1437 1552 1515 1579 facta:
1538 1561 1597 1579 esse
1626 1554 1794 1587 pronuntian-

1015 1603 1068 1626 tur.
1086 1597 1116 1624 lli
1140 1606 1205 1625 vero
1224 1599 1268 1632 qui
1285 1598 1435 1632 subiacenti
1459 1598 1564 1625 cuidam
1587 1600 1711 1626 materia:
1727 1598 1794 1633 193

1015 1644 1121 1670 additas
1147 1644 1317 1670 extrinsecus
1342 1644 1487 1678 qualitates
1522 1644 1616 1670 volunt
1639 1646 1792 1674 esteudcre,

1014 1689 1200 1721 hujuscemodi
1214 1694 1326 1716 utuntur
1340 1689 1480 1724 exemplis,
1494 1690 1569 1716 verbi
1583 1691 1690 1724 gratia:
1706 1689 1794 1716 Paulus

1012 1736 1070 1763 sine
1087 1735 1170 1762 dubio
1192 1741 1239 1762 aut
1259 1740 1341 1768 tacet,
1359 1741 1405 1762 aut
1427 1737 1557 1770 loquitur,
1571 1741 1621 1762 aut
1640 1737 1742 1771 vigilat,
1756 1741 1794 1762 aut

1013 1781 1130 1814 dormit,
1154 1781 1195 1808 vel
1213 1787 1289 1808 certo
1310 1781 1426 1820 quodam
1454 1784 1577 1816 corporis
1596 1782 1691 1809 habitu
1716 1781 1793 1808 consi-

1012 1827 1075 1860 stit;
1095 1832 1140 1853 aut
1157 1828 1228 1854 enim
1244 1828 1330 1860 sedet,
1347 1833 1395 1854 aut
1412 1832 1475 1860 stat,
1491 1832 1536 1854 aut
1547 1827 1634 1861 jacet.
1651 1828 1714 1856 Haec
1732 1828 1792 1856 enim

1012 1877 1075 1899 sunt
1098 1872 1253 1899 hominibus
1270 1873 1438 1904 accidentia,
1463 1872 1523 1900 sine
1543 1873 1646 1907 quibus
1664 1881 1791 1908 nunquam

1011 1917 1069 1945 fere
1089 1918 1274 1945 inveniuntur.
1297 1917 1351 1945 Nec
1371 1923 1462 1945 tanien
1483 1926 1579 1946 sensus
1594 1925 1692 1946 noster
1714 1919 1792 1946 maui—

1011 1963 1080 1990 feste
1096 1965 1129 1990 de
1144 1971 1177 1990 eo
1191 1964 1291 1997 aliquid
1309 1965 1402 1990 horum
1419 1964 1532 1996 definit,
1554 1966 1600 1991 sed
1620 1965 1658 1991 ita
1675 1974 1735 1992 eum
1753 1972 1792 1998 per

1010 2009 1067 2036 haec
1085 2008 1258 2042 intelligimus
1274 2009 1312 2035 vel
1335 2009 1550 2040 consideramus,
1571 2014 1599 2036 ut
1615 2018 1670 2037 non
1691 2010 1792 2036 oumino

1011 2054 1142 2080 rationem
1166 2058 1252 2080 status
1280 2053 1338 2087 ejus
1360 2054 1637 2088 comprehendamus,
1657 2055 1698 2082 vel
1722 2056 1746 2082 in
1765 2062 1792 2082 co

1009 2099 1081 2133 quod
1104 2098 1196 2134 vigilat
1216 2098 1281 2134 (59),
1305 2099 1346 2126 vel
1369 2099 1396 2126 in
1410 2107 1443 2126 eo
1465 2099 1535 2133 qttod
1559 2100 1679 2132 dormit,
1704 2105 1749 2127 aut
1768 2099 1790 2126 iu

1011 2151 1063 2178 quo
1089 2143 1220 2177 loquitur,
1243 2143 1284 2170 vel
1308 2148 1395 2177 tacet,
1418 2149 1445 2170 ct
1465 2145 1487 2171 si
1509 2151 1563 2179 qua
1585 2145 1638 2172 alia
1661 2151 1723 2172 sunt
1739 2151 1792 2180 quae

171 2187 312 2212 materiam
336 2187 485 2221 signiﬁcat.
511 2188 583 2214 inter
600 2188 731 2222 principia
758 2193 878 2216 statuere
905 2198 956 2217 non
976 2193 996 2220 D
1011 2189 1136 2215 accidere
1155 2195 1267 2215 necesse
1281 2193 1323 2215 est
1337 2189 1502 2216 hominibus.
1519 2189 1546 2215 Si
1568 2197 1635 2223 ergo
1652 2191 1712 2224 quis
1730 2189 1792 2216 Pau-

170 2235 327 2265 potuerunt.
351 2232 443 2266 Neque
461 2233 531 2259 enim
555 2241 615 2260 ctttu
642 2234 785 2261 utateriam
810 2234 960 2268 subjiciunt

170 2276 245 2303 omni
262 2278 368 2311 corpori
387 2285 433 2312 per
446 2279 535 2305 omnia
551 2279 756 2307 convertibilem
777 2281 956 2308 substantiam

170 2321 214 2347 vel
230 2322 386 2350 mutabilem
401 2323 441 2350 vel
458 2324 632 2356 divisibilem,
645 2329 723 2352 extra
737 2326 880 2360 qualitates
895 2334 956 2353 eam

169 2367 319 2394 secundum
348 2369 542 2402 proprietatem
563 2371 721 2406 su‘bjicicnt.
743 2371 844 2404 Quibus
874 2372 956 2399 etiam

169 2420 219 2440 nos
236 2414 444 2448 acquiescimus,
461 2415 509 2449 qui
530 2416 604 2443 omni
631 2424 729 2451 genere
747 2407 890 2444 abnuimus
912 2418 954 2444 in-

205 2492 226 2508 "
239 2492 289 2520 lsa.
308 2501 335 2526 κ,
354 2493 396 2520 Π.
442 2494 466 2508 ⁷⁵
477 2495 540 2529 Sep.
555 2502 592 2527 xt,
607 2495 650 2522 18.
688 2496 710 2510 ⁷⁶
728 2495 795 2523 Gen.
812 2505 829 2528 I,
849 2497 873 2524 Ι.

203 2562 327 2603 (55lnSic
344 2570 409 2603 mss.
426 2563 508 2603 Editi,
525 2573 533 2589 ι
549 2564 746 2603 corporalibus.
755 2575 768 2603 Α»
787 2565 858 2592 Infra
874 2574 951 2603 mss.,

171 2597 348 2637 «signiﬁcare
379 2599 542 2626 invenietur.
561 2609 570 2625 ι
590 2597 677 2632 Editi,
715 2610 724 2625 ε
740 2600 848 2636 signare
879 2597 953 2628 inve;

168 2637 379 2701 miiiiig'inquit.
396 2667 475 2694 Deest
489 2668 515 2694 in
529 2673 606 2696 antea
619 2669 710 2696 editis.
726 2669 784 2696 Mox
798 2677 862 2696 mss.
873 2675 957 2702 recte,

169 2709 179 2725 ι
196 2701 397 2728 multitudinem
425 2709 560 2730 ursorum.
577 2713 586 2729 ι
612 2703 701 2737 Editi,
729 2713 738 2730 ι
753 2705 956 2732 similitudinem

169 2742 308 2762 “[50”th
324 2745 334 2762 1

203 2769 260 2805 (57)
281 2771 326 2807 sic
345 2778 409 2807 mss.
434 2771 520 2807 Editi,
538 2781 547 2796 r
562 2780 632 2800 esse.
648 2783 657 2798 ι
677 2773 761 2800 Paulo
785 2777 847 2807 post
870 2780 952 2807 mss.,

169 2812 180 2831 ι
195 2811 277 2830 unum
293 2805 400 2840 aliquod
419 2806 610 2833 elementum.»
631 2808 712 2840 Editi,
729 2817 738 2833 ι
753 2805 835 2834 unum
850 2808 883 2834 ad
900 2805 954 2835 ele;

168 2843 302 2867 montum.
315 2849 324 2866 ›
351 2839 435 2869 Paulo
461 2846 520 2876 post
544 2849 624 2876 mss.,
643 2852 651 2869 ι
667 2839 872 2871 convertibilcm
890 2844 954 2872 sub-

1012 2235 1066 2261 lum
1081 2235 1141 2262 sine
1159 2235 1202 2262 his
1224 2235 1350 2262 omnibus
1364 2242 1425 2262 esse
1440 2235 1594 2262 consideret
1611 2244 1673 2270 qua:
1689 2238 1794 2270 possunt

1011 2279 1152 2311 accidere,
1175 2280 1210 2306 ita
1228 2286 1256 2307 et
1274 2280 1299 2306 id
1324 2280 1396 2313 quod
1418 2280 1540 2314 suhjacet
1562 2281 1623 2314 quis
1648 2281 1791 2315 intelligere

1010 2325 1070 2352 sine
1089 2325 1267 2359 qualitatibus
1283 2325 1391 2360 poterit.
1415 2325 1481 2352 Cum
1502 2332 1567 2360 ergo
1585 2334 1685 2353 sensus
1704 2329 1787 2352 uoster

1010 2371 1084 2398 omni
1109 2370 1239 2405 qualitate
1268 2372 1300 2397 ab
1327 2371 1464 2398 intellectu
1490 2379 1539 2398 suo
1573 2377 1677 2398 remota
1712 2372 1789 2406 ipsum

1010 2417 1184 2452 suhjaccntize
1209 2418 1303 2450 solius,
1318 2423 1347 2445 ut
1371 2419 1406 2444 ita
1421 2418 1553 2450 dixerim,
1576 2425 1708 2453 punctum
1730 2426 1787 2445 cou-

1009 2566 1138 2593 stauliam
1159 2565 1199 2592 vel
1216 2564 1372 2591 mutabilem
1388 2563 1429 2591 vel
1451 2563 1623 2591 divisibilem.
1638 2575 1648 2590 l
1667 2565 1695 2591 In
1718 2562 1787 2590 editis

1009 2601 1101 2631 deest,
1120 2609 1129 2624 ι
1146 2600 1365 2631 substantiam,»
1387 2604 1414 2626 et
1436 2609 1445 2623 ι
1463 2599 1503 2626 vel
1520 2599 1696 2626 divisibilem.
1708 2608 1717 2623 ι
1733 2598 1788 2625 Post

1008 2635 1146 2669 paululum
1163 2642 1240 2666 mss.,
1255 2643 1265 2658 ε
1278 2634 1426 2661 secundtun
1442 2634 1499 2660 haec
1514 2642 1573 2669 qua:
1591 2634 1617 2660 in
1632 2634 1784 2669 prioribus!

1012 2670 1080 2696 Editi
1092 2689 1100 2701 ,
1119 2679 1128 2694 ι
1145 2669 1296 2696 secundum
1312 2668 1368 2695 htec
1383 2669 1455 2696 enim
1469 2669 1494 2695 in
1509 2668 1657 2702 prioribus.
1671 2678 1681 2695 ι

1047 2705 1103 2739 (58)
1124 2703 1206 2730 Recte
1225 2711 1329 2739 mss.,}
1341 2710 1412 2730 esse.
1425 2713 1434 2729 ι
1448 2703 1516 2730 Male
1532 2711 1595 2730 vero
1610 2704 1688 2736 editi,
1706 2706 1784 2729 «est.»

1012 2739 1073 2766 Mox
1092 2748 1168 2769 mss.,
1186 2748 1195 2764 ι
1211 2738 1277 2764 nihil
1294 2738 1365 2765 aliud
1381 2746 1441 2765 esse
1453 2744 1579 2765 naturam
1597 2745 1760 2773 corpoream.
1774 2746 1782 2761 ›

1008 2774 1091 2806 Editi,
1108 2783 1117 2799 ι
1133 2774 1199 2800 nihil
1214 2773 1285 2799 aliud
1303 2781 1364 2800 esse
1380 2774 1520 2800 materiam
1534 2781 1722 2807 corpoream.»

1044 2804 1100 2843 (59)
1121 2809 1167 2836 Sic
1180 2815 1275 2835 omnes
1288 2815 1353 2835 mss.
1369 2809 1451 2840 Editi,
1468 2817 1477 2833 ι
1492 2809 1563 2834 ineo
1579 2804 1625 2842 qui
1645 2808 1735 2842 vigilat
1750 2804 1784 2832 vel

1007 2843 1034 2871 iu
1050 2852 1080 2871 eo
1096 2844 1142 2878 qui
1161 2843 1280 2876 dormit,
1297 2848 1344 2870 aut
1360 2843 1386 2871 in
1403 2850 1435 2871 eo
1448 2844 1494 2878 qui
1509 2843 1640 2878 loquitur.
1654 2853 1663 2869 ι
