1853 3073
187 83 236 111 Ml

189 141 256 169 dere
271 139 327 176 (65)
338 139 411 174 quod
421 138 506 174 possit
517 144 566 165 na-

189 190 249 214 tura
271 184 439 213 rationabilis
460 184 563 220 absque

191 231 246 258 ullo
269 236 386 264 corpore
405 229 489 256 vitam
517 229 565 255 de-

189 285 263 312 gere.
286 277 338 304 Sed
355 283 436 311 quam
454 275 566 303 difﬁcile

189 322 236 353 sit.
248 326 274 348 et
285 328 367 356 quam
382 327 452 355 pene
462 320 566 354 impos-

189 368 268 395 sibile
291 367 439 395 intellectui
458 372 564 398 nostro,

189 415 216 442 in
244 414 432 449 superioribus
458 413 565 448 singula

189 463 356 490 disserentes
384 461 564 489 ostendimus.

920 79 1078 108 ORIGENIS

1767 79 1817 107 ΗΞ

603 139 740 167 ostendere
755 139 810 174 (66)
827 141 977 175 incorpora-
993 144 1013 171 Α
1030 138 1129 166 stantia
1144 139 1213 174 (70).
1241 137 1298 165 Non
1320 137 1407 166 solum
1421 142 1526 170 autent,
1544 137 1592 166 sed
1608 138 1741 173 quoniam
1763 139 1817 173 ipsa

601 184 652 211 lem
673 186 906 220 rationubilemque
927 194 976 213 na-

603 235 699 265 turam,
721 240 780 258 cum
796 231 976 266 exspoliaverit

601 285 628 303 se
640 284 758 310 corpore,
771 277 855 303 vivere
871 285 918 310 per
937 285 978 304 se-

601 322 759 355 metipsum,
788 326 813 348 et
840 322 867 349 in
894 321 978 356 pejori

603 367 754 394 conditione
784 375 840 394 esse
872 367 977 402 quando

602 414 754 445 corporibus
783 414 913 446 vestitur;
949 413 978 440 in

602 459 724 492 meliori,
740 459 843 493 quando
860 458 906 485 illa
933 459 979 485 de-

188 511 262 544 ponit
285 514 295 532 :
318 506 385 534 nulli
409 506 516 533 dubium
536 510 574 532 est
595 513 704 540 corpora
722 513 774 531 non
798 503 978 538 principaliter

188 553 339 584 subsistere,
360 551 405 579 sed
425 560 470 586 per
485 551 624 578 intervalla
641 555 665 577 et
687 550 718 576 ob
733 550 817 576 varios
832 553 917 576 motus
937 557 978 576 ra-

188 598 354 626 tionabilium
369 602 551 624 creaturarum
566 605 634 623 nunc
655 596 724 630 ﬁeri,
743 596 830 630 utqui
846 595 887 622 ltll
906 595 979 622 indi-

189 650 260 679 grnl,
286 645 432 672 vestiuntur
447 653 456 671 :
480 649 504 671 et
526 651 629 670 rursum
644 651 703 669 cum
721 642 767 669 illa
794 642 978 676 depravatione

188 692 311 726 lapsuum
328 700 354 718 se
368 692 402 718 ad
424 691 532 717 meliora
544 690 722 720 correxerint,
739 689 846 716 dissolvi
862 690 890 716 in
913 689 979 716 ni/ti-

190 738 244 764 Inm
265 746 273 764 :
295 742 317 764 el
332 738 382 764 liae
393 745 494 770 semper
508 736 671 763 successione
687 736 799 762 variari.

225 783 271 812 36.
290 783 359 810 Puto
379 791 444 810 sane
460 784 535 817 operi
551 782 613 809 huic
635 786 728 809 nostro
743 782 910 809 contrarium
924 789 977 809 non

187 829 273 856 videri
291 830 313 856 si
328 829 411 856 etiam
430 829 462 855 de
486 828 691 855 immortalitate
708 828 911 855 rationabilium
935 835 981 855 na-

190 881 313 902 turarum
324 883 403 909 quam
418 882 560 909 possumus
571 874 690 901 breviter
699 879 866 908 repetamus.
885 872 980 900 Omnis

188 921 235 956 qui
264 921 409 954 participat
429 920 543 954 alicujus
570 928 631 947 cum
658 927 691 947 eo
714 920 760 954 qui
791 919 912 954 ejusdem
939 918 978 945 rei

189 966 323 1000 particeps
346 968 406 997 est,
434 964 493 991 sine
517 965 599 991 dubio
629 964 709 991 unius
734 963 894 991 substantia:
919 968 977 995 est.

188 1011 322 1044 uniusque
346 1014 448 1037 natura:
474 1009 540 1043 (67).
559 1010 594 1037 Ut
614 1014 675 1044 puta
703 1016 798 1036 omnes
832 1008 902 1035 oculi
937 1008 978 1035 lu-

187 1058 227 1084 eis
245 1057 426 1090 participant,
450 1061 475 1082 et
505 1055 564 1082 idco
589 1063 684 1082 omnes
699 1055 785 1084 oculi.
805 1055 849 1088 qui
868 1055 901 1082 de
918 1054 978 1080 luce

187 1103 368 1136 ptrticipant,
390 1102 468 1128 unius
495 1105 598 1128 naturae
620 1106 693 1128 sunt.
729 1100 781 1127 Sed
804 1100 866 1126 licet
889 1099 978 1126 omnis

188 1147 221 1174 de
237 1147 294 1174 luce
320 1147 465 1181 participet
495 1146 606 1178 oculus,
638 1151 728 1172 tamen
753 1145 884 1179 quoniam
908 1144 977 1171 alius

189 1193 312 1223 acutius,
341 1191 410 1219 alius
427 1192 550 1218 obtusius
572 1192 663 1224 videt,
682 1198 734 1218 non
765 1191 855 1218 omnis
883 1190 978 1218 oculus

187 1237 327 1272 mqualiter
344 1238 378 1265 de
400 1237 460 1264 luce
482 1238 635 1271 participat.
668 1236 702 1263 Et
722 1243 832 1263 rursum
852 1245 858 1262 :
880 1235 977 1263 Omnis

188 1283 296 1310 auditus
312 1290 404 1310 vocem
419 1283 461 1310 vel
478 1290 573 1310 sonum
591 1283 698 1316 recipit,
711 1287 739 1309 et
754 1281 813 1308 ideo
824 1281 915 1309 omnis
930 1289 978 1307 au-

188 1329 261 1356 ditus
280 1329 361 1355 unius
377 1332 481 1355 natura;
495 1332 545 1355 est.
573 1328 671 1354 Verum
696 1334 746 1361 pro
765 1326 895 1360 qualitate
917 1326 975 1360 puri

188 1379 217 1402 et
238 1374 337 1402 sinceri
355 1375 462 1400 auditus
478 1373 664 1407 unusquizque
686 1372 807 1399 velocius
829 1372 920 1405 audit,
935 1371 977 1399 vel

190 1421 303 1447 tardius.
324 1420 508 1447 Transeamus
521 1426 587 1453 ergo
601 1418 634 1444 ab
647 1418 689 1445 his
698 1416 872 1445 seusibilibus
883 1425 973 1445 excin-

190 1466 241 1500 plis
258 1466 290 1492 ad
309 1464 530 1492 iutellectualium
548 1463 815 1497 contemplationem.

225 1511 320 1538 Omnis
343 1517 419 1537 mens
444 1517 503 1543 quas
531 1509 564 1536 de
653 1516 748 1536 vensro
767 1515 923 1535 ιιιειιοκιιιιι.

190 1555 365 1583 intrllectuali
391 1555 450 1582 luce
477 1555 564 1588 parti-
637 1555 848 1582 Intellectunlem
897 1554 978 1581 ratio-

190 1604 261 1638 cipat
273 1624 281 1636 ,
303 1611 364 1630 cum
381 1603 454 1630 omtti
476 1607 566 1629 mente
603 1601 765 1633 nobilemque
783 1606 905 1627 naturam
922 1600 978 1635 (68)

190 1660 251 1686 qua!
267 1651 346 1679 simili
365 1651 445 1678 modo
465 1651 499 1678 de
525 1651 567 1677 in.
602 1650 678 1675 sentit
695 1650 764 1676 Deus
784 1654 807 1675 et
831 1649 978 1682 tmigrnitus

193 1699 340 1725 tullaectuali
371 1698 430 1724 luce
451 1697 566 1731 partici-
603 1693 692 1720 Filius
722 1694 779 1728 ejus
808 1698 832 1720 et
862 1693 979 1727 Spiritus

191 1749 254 1777 pat,
282 1742 361 1769 unius
393 1743 452 1769 sine
484 1741 566 1769 dubio
602 1740 863 1768 snnrtnsuentiunt
887 1739 979 1772 Anguli

190 1792 270 1818 debet
287 1798 346 1818 eSse
363 1794 476 1817 naturae.
603 1793 626 1815 et
648 1787 804 1818 l’otestates,
827 1791 980 1818 (telumque

196 1836 330 1869 Virtnles;
355 1837 432 1863 sentit
457 1836 568 1862 interior
586 1836 663 1861 homo
683 1833 727 1867 qui
746 1833 779 1859 ad
797 1832 937 1865 imaginem
955 1834 978 1856 et

188 1882 391 1909 sitttilt'tutlim'm
413 1880 460 1907 Dei
472 1881 593 1907 conditus
614 1884 662 1906 est.
686 1878 728 1905 Ea:
748 1885 798 1912 quo
813 1876 979 1904 concluditur

189 1928 274 1956 Deum
291 1933 314 1955 et
334 1929 390 1954 lucc
415 1926 609 1961 quodammodo
635 1925 715 1952 unius
733 1932 788 1951 esse
812 1923 977 1950 substantiw.

226 1974 255 2001 Si
272 1982 338 2008 ergo
355 1974 481 2001 caalestes
496 1973 612 2001 virtutes
635 1969 829 1998 intellectualis
843 1968 912 1996 lucis
923 1988 930 2000 ,
953 1968 979 1995 id

190 2025 230 2048 est
241 2040 247 2051 ,
266 2021 363 2047 divina:
382 2025 484 2047 natura!
505 2026 554 2053 per
570 2020 622 2045 hoc
637 2017 708 2051 quod
724 2014 864 2050 sapientia:
878 2019 904 2042 et
917 2021 980 2041 sau-

190 2066 349 2094 ctilicationi
380 2065 566 2100 participant,
595 2061 768 2098 participium
796 2064 925 2091 sumunt,
952 2063 980 2086 et

193 2111 315 2138 humana:
330 2111 428 2137 animae
442 2110 563 2142 ejusdem
579 2108 648 2135 lucis
666 2112 691 2134 et
708 2105 848 2140 sapientiae
863 2104 976 2139 partici-

1028 186 1118 213 Patris
1129 191 1155 213 et
1170 185 1228 213 Filii
1244 190 1271 213 et
1286 184 1404 220 Spiritus
1423 185 1508 212 sancti
1524 190 1630 216 natura.
1644 184 1725 219 cujus
1738 185 1818 213 solius

1029 231 1218 259 intellectualis
1244 231 1312 258 lucis
1342 231 1467 259 universa
1493 235 1619 259 creatura
1644 230 1818 265 participium

1030 277 1113 304 trahit
1125 297 1132 310 ,
1147 277 1306 312 incorrupta
1322 282 1364 305 est
1376 281 1404 305 et
1417 282 1533 309 aeterna,
1548 277 1628 304 valde
1643 284 1818 310 consequens

1030 328 1058 350 et
1076 323 1263 350 necessarium
1280 327 1320 350 est
1337 324 1417 350 etiam
1434 331 1542 350 omnem
1557 323 1743 350 substantiam
1764 331 1820 358 qua:

1028 374 1138 397 interna:
1151 369 1221 396 illius
1240 374 1346 397 natura;
1361 369 1534 403 participium
1550 370 1654 401 trahit,
1671 370 1820 403 perdurare

1028 415 1110 442 etiam
1129 422 1247 450 semper,
1261 419 1288 442 ct
1304 415 1539 450 iucorruptibilem
1555 423 1616 443 esse
1633 420 1663 442 et
1677 421 1818 446 :eteruamI

1029 466 1058 488 ιιι
1076 461 1175 488 divinae
1193 461 1324 489 bonitatis
1338 461 1476 489 teternitas
1495 462 1578 490 etiam
1595 462 1622 488 in
1636 469 1671 489 ea
1686 461 1819 495 intelliga-

1029 511 1082 539 tur,
1099 507 1162 534 dum
1175 512 1202 534 et
1225 508 1317 535 mterni
1341 512 1404 535 sunt
1425 508 1453 534 hi
1467 507 1513 542 qui
1529 507 1589 541 ejus
1603 507 1742 536 beneﬁcia
1756 515 1818 534 con-

1029 558 1192 586 sequuntur.
1214 553 1267 581 Sed
1288 554 1358 581 sicut
1373 553 1555 588 percipiendae
1579 553 1647 580 lucis
1672 553 1819 580 diversitas

1029 603 1136 626 servata
1155 604 1196 626 est
1214 599 1240 626 in
1254 599 1403 633 exemplis,
1417 606 1477 626 cum
1493 598 1536 626 vel
1551 598 1676 626 obtusior
1696 597 1740 625 vel
1758 605 1818 624 acu-

1029 645 1082 672 tior
1096 645 1208 672 obtutus
1226 645 1384 680 designatus
1404 650 1446 673 est
1458 644 1614 672 intuentis:
1632 644 1670 671 ita
1684 644 1770 671 etiam
1789 643 1819 671 de

1029 691 1118 718 Patris
1131 695 1158 718 et
1171 690 1231 718 Filii
1250 695 1277 718 et
1297 691 1387 718 sancti
1404 690 1522 725 Spiritus
1536 690 1749 725 participatione
1764 696 1819 717 ser-

1030 737 1116 763 vanda
1131 741 1173 764 est
1190 743 1238 770 pro
1255 735 1408 763 intentione
1422 743 1519 763 sensus
1536 735 1578 762 vel
1596 735 1699 762 utentis
1717 735 1819 769 capaci-

1030 785 1085 807 tate
1094 780 1247 807 diversitas.
1264 780 1391 814 Alioquin
1406 779 1624 811 consideremus,
1636 779 1660 806 si
1673 786 1728 805 non
1737 778 1818 806 etiam

1034 826 1144 859 impium
1166 825 1274 853 videtur
1288 829 1318 852 ut
1335 832 1411 852 mens
1428 831 1488 858 qua:
1508 823 1555 851 Dei
1571 831 1657 858 capax
1675 828 1737 855 est,
1757 823 1820 850 sub-

1033 871 1187 898 stantialem
1203 870 1317 905 recipiat
1332 870 1473 897 interitum
1492 878 1499 896 :
1515 874 1646 903 tanquam
1662 869 1717 896 hoc
1734 870 1819 904 ipsum

1033 916 1104 950 quod
1129 915 1279 950 intelligere
1307 915 1391 942 Deum
1418 919 1507 949 potest
1529 918 1557 941 et
1573 915 1692 946 sentire,
1717 921 1773 941 non
1797 914 1819 940 ei

1032 961 1158 989 sufficere
1185 960 1271 995 possit
1297 961 1330 987 ad
1353 960 1584 994 perpetuitatem,
1611 960 1736 987 maxime
1759 967 1818 986 cum

1031 1007 1137 1034 etiamsi
1161 1013 1208 1040 per
1223 1006 1414 1041 negligentiam
1435 1006 1544 1033 decidat
1560 1013 1637 1033 mens
1654 1013 1687 1032 ne
1711 1013 1781 1040 pure
1796 1012 1820 1032 ct

1032 1053 1136 1089 integre
1151 1053 1177 1080 in
1194 1061 1224 1081 se
1239 1054 1352 1088 recipiat
1365 1054 1466 1086 Deum,
1480 1060 1586 1087 semper
1605 1056 1695 1080 tamen
1722 1053 1820 1079 habeat

1032 1099 1059 1126 in
1075 1106 1104 1126 se
1118 1099 1191 1127 velut
1207 1100 1308 1126 setnina
1323 1100 1447 1134 quaedam
1464 1098 1609 1133 reparandi
1622 1106 1655 1125 ac
1668 1098 1818 1126 renovandi

1032 1145 1151 1172 melioris
1168 1145 1333 1178 intellectus,
1350 1152 1414 1172 cum
1429 1145 1461 1172 ad
1483 1145 1629 1180 imaginem
1645 1149 1673 1172 et
1686 1143 1818 1171 similitu-

1030 1190 1121 1218 dinem
1140 1190 1188 1218 Dei
1204 1191 1249 1225 qui
1269 1191 1372 1218 creavit
1386 1199 1447 1219 eum
1458 1211 1466 1225 ,
1492 1191 1609 1218 interior
1624 1190 1707 1217 homo
1721 1189 1770 1224 qui
1794 1194 1818 1216 et

1031 1236 1171 1264 rationalis
1188 1236 1298 1268 dicitur,
1313 1241 1470 1264 renovatur.
1491 1237 1606 1271 Propter
1621 1237 1693 1271 quod
1711 1240 1740 1263 et
1762 1243 1819 1270 pro-

1030 1280 1111 1314 pheta
1128 1280 1194 1307 dicit
1217 1289 1225 1306 :
1254 1289 1263 1306 ε
1283 1279 1502 1308 Reminiscentur
1518 1285 1546 1308 et
1570 1283 1771 1307 convertentur
1788 1279 1818 1305 ad

1031 1324 1173 1352 Dominutn
1185 1332 1281 1352 oumes
1297 1325 1364 1353 lines
1377 1330 1464 1358 teme,
1487 1329 1514 1352 et
1529 1324 1686 1351 adorabunt
1703 1323 1732 1350 iu
1755 1330 1819 1351 con-

1030 1375 1124 1405 spectu
1138 1370 1196 1405 ejus
1210 1370 1319 1397 familia:
1330 1378 1427 1398 onmes
1438 1370 1605 1406 gentium".
1624 1379 1633 1395 ι

1065 1418 1110 1446 '57.
1131 1417 1160 1445 Si
1176 1418 1237 1453 quis
1249 1425 1315 1444 vero
1333 1417 1413 1444 audet
1437 1415 1649 1444 substantialem
1666 1415 1818 1451 corruptio-

1031 1472 1092 1492 nem
1108 1465 1173 1492 dare
1186 1465 1209 1491 ei
1230 1464 1275 1499 qui
1293 1464 1440 1492 secundum
1456 1463 1603 1498 imaginem
1619 1467 1646 1489 et
1662 1462 1817 1489 similitudi-

1031 1517 1090 1538 nem
1107 1510 1154 1538 Dei
1173 1509 1261 1537 factus
1285 1514 1341 1540 est,
1369 1514 1398 1535 ut
1413 1515 1463 1543 ego
1481 1513 1557 1541 puto,
1574 1508 1658 1534 etiam
1685 1508 1713 1534 iu
1733 1508 1814 1541 ipsum

1029 1555 1128 1583 Filium
1163 1555 1208 1582 Dei
1238 1562 1348 1582 causam
1382 1554 1530 1588 impietatis
1557 1553 1695 1580 extendit.
1733 1553 1817 1586 Imago

1031 1609 1145 1636 namque
1155 1601 1201 1628 Dei
1213 1601 1268 1636 (71)
1280 1601 1360 1627 etiam
1371 1601 1428 1634 ipse
1437 1599 1587 1634 appellatus
1602 1603 1645 1626 est
1660 1599 1687 1625 in
1698 1598 1817 1632 Scriptu-

1031 1648 1079 1675 ris.
1100 1649 1153 1673 Aut
1169 1652 1243 1674 certe
1265 1650 1376 1672 accuset
1389 1645 1433 1680 qui
1452 1645 1507 1672 huic
1522 1645 1557 1671 ita
1575 1644 1643 1677 vult,
1671 1643 1815 1678 Scriptum

1030 1695 1222 1721 auctoritatem
1238 1700 1298 1728 quae
1319 1694 1386 1720 dicit
1415 1693 1448 1720 ad
1477 1692 1624 1727 imaginem
1644 1691 1692 1719 Dei
1722 1691 1813 1718 factum

1032 1747 1091 1767 esse
1103 1739 1238 1766 hominem
1257 1748 1263 1765 :
1279 1738 1370 1772 inquo
1381 1742 1407 1765 et
1422 1737 1565 1764 manifeste
1577 1737 1680 1764 divina
1694 1736 1814 1770 imaginis

1031 1789 1235 1819 cognoscuntur
1252 1783 1368 1816 indicia,
1402 1791 1458 1811 non
1487 1789 1537 1816 per
1558 1780 1681 1816 elligiem
1699 1781 1816 1815 corporis

1030 1837 1090 1864 quae
1112 1829 1308 1862 corrumpitur,
1333 1829 1380 1855 sed
1397 1835 1444 1862 per
1457 1826 1540 1854 animi
1563 1827 1742 1861 prudentiam
1753 1847 1761 1858 ,
1775 1833 1815 1860 per

1027 1875 1160 1908 justitiam
1175 1894 1182 1906 ,
1206 1882 1255 1910 per
1272 1874 1497 1904 moderationem,
1521 1880 1569 1907 per
1595 1873 1730 1899 virtutem
1746 1893 1754 1905 ,
1777 1879 1816 1906 per

1030 1919 1200 1953 sapientiam,
1211 1926 1258 1953 per
1266 1917 1444 1953 disciplinam,
1462 1924 1509 1952 per
1517 1924 1627 1944 omnem
1640 1917 1763 1951 denique
1771 1917 1816 1943 vir-

1032 1969 1117 1991 tutum
1127 1964 1252 1997 chorum,
1262 1971 1320 1998 quaz
1329 1971 1388 1991 cum
1401 1964 1456 1993 Deo
1470 1962 1551 1990 insint
1567 1970 1616 1997 per
1625 1963 1815 1993 substantiam,

1032 2011 1058 2037 in
1073 2010 1182 2037 homine
1198 2015 1311 2045 possunt
1325 2018 1386 2038 esse
1399 2017 1445 2044 per
1463 2009 1638 2041 industriam,
1654 2014 1684 2036 et
1702 2016 1750 2042 per
1763 2009 1817 2035 imi-

1032 2057 1162 2082 tationem
1180 2055 1242 2088 Dei,
1264 2056 1334 2082 sicut
1350 2060 1376 2081 et
1391 2054 1519 2081 Dominus
1535 2052 1664 2087 designat
1690 2053 1718 2080 in
1738 2052 1817 2079 Evan-

1031 2101 1112 2137 gelio,
1125 2101 1218 2128 dicens
1235 2110 1241 2128 :
1262 2110 1271 2126 ι
1288 2101 1380 2127 listote
1394 2107 1459 2134 ergo
1478 2098 1680 2126 misericordes
1698 2098 1772 2125 sicut
1793 2101 1817 2123 et

192 2157 264 2191 pium
273 2155 554 2190 sumpserunt(69),et
565 2155 601 2181 ita
612 2158 672 2181 sunt
683 2154 763 2180 unius
776 2157 881 2180 naturae
892 2151 926 2179 ad
936 2151 978 2178 in-
993 2145 1017 2174 D
1033 2147 1112 2174 Pater
1126 2151 1214 2174 vester
1228 2146 1382 2173 misericors
1392 2150 1433 2173 est
1441 2146 1474 2171 ".
1488 2154 1497 2170 ι
1515 2144 1558 2176 Ει,
1574 2153 1583 2169 ε
1599 2144 1698 2171 Estote
1712 2142 1817 2178 perfecti

193 2202 278 2228 vicem
295 2201 429 2235 uniusque
444 2199 615 2226 substantias.
634 2198 802 2231 Incorruptze
815 2200 903 2223 autem
916 2200 982 2223 sunt

194 2251 220 2273 et
248 2246 416 2273 immortales
438 2245 562 2272 cmlestes
583 2244 714 2275 virtutes,
739 2243 900 2270 immortalis
921 2243 981 2269 sine

193 2291 276 2319 dubio
291 2296 319 2318 et
334 2291 490 2325 incorrupta
504 2290 556 2317 erit
568 2289 655 2317 etiam‘
665 2289 762 2316 animae
775 2289 901 2315 humana:
916 2288 980 2315 sub-

175 2357 182 2362 ·
227 2347 250 2364 ⁷⁸
259 2346 305 2374 Ps.
324 2354 393 2374 xxtt.
408 2347 453 2373 27.
498 2347 520 2362 ⁷θ
532 2346 597 2373 Luc.
614 2354 650 2377 ιἰ,
663 2345 707 2372 56.
753 2345 774 2360 ⁸ο
792 2344 886 2371 Matth.
899 2352 923 2377 ν,
940 2344 984 2370 .48.

240 2406 285 2439 65)
303 2407 388 2433 Caute
405 2405 472 2438 lege.

239 2437 285 2503 662
303 2441 333 2468 Si
355 2441 412 2476 quis
427 2437 515 2467 autem
532 2440 646 2474 potuerit
665 2439 819 2471 ostendere,
834 2443 886 2465 etc.
918 2437 976 2465 Hoc

239 2485 258 2503 ιι
285 2481 454 2503 raumentum
466 2475 577 2502 exhibet
590 2474 688 2501 ibidem
706 2473 885 2503 Hieronymus
900 2479 915 2500 e
929 2473 974 2498 lib.

190 2473 258 2505 item
272 2473 454 2510 fragmentum
466 2475 577 2502 exhibet
590 2474 688 2501 ibidem
706 2473 885 2508 Hieronymus
900 2479 915 2500 e
929 2473 974 2498 lib.

190 2520 216 2539 tv
237 2511 306 2545 Περὶ
321 2510 433 2545 ἀρχῶν,
460 2518 474 2536 a
492 2510 591 2536 Ruﬁno
607 2513 811 2545 autemAutpote
833 2515 976 2545 erroneum

190 2541 395 2608 dissimétlatum
412 2550 464 2572 est.
494 2544 560 2572 Vide
584 2544 632 2571 lib.
654 2551 672 2570 ιι
696 2541 860 2577 Origenian.,
883 2550 911 2577 q.
932 2542 976 2574 11,

190 2589 267 2608 Ilum.
304 2600 311 2606 .

190 2589 267 2609 num.
284 2589 311 2608 υ.

229 2615 284 2650 (67)
306 2615 352 2642 Sic
364 2621 460 2642 omnes
471 2614 549 2643 codd.
563 2621 633 2650 mss.
649 2613 731 2644 Editi,
748 2621 757 2637 ι
775 2616 869 2646 utputa
885 2618 979 2650 omnes

195 2645 265 2677 oculi
273 2645 319 2684 qui
329 2650 397 2676 lucis
405 2650 579 2684 participant,
590 2649 669 2676 unius
682 2652 786 2674 natura:
800 2645 977 2684 sunt.s_ln_fr_a

197 2681 302 2716 mss.,-t
319 2681 468 2711 ttuitissitte
478 2681 559 2711 dubio
572 2685 653 2711 debet
666 2690 728 2710 esse
741 2686 853 2708 natura».
868 2690 877 2707 ι
894 2681 979 2712 Editi,

198 2729 206 2743 ε
218 2715 337 2752 ejusdem
349 2719 408 2746 sine
416 2719 498 2746 dubio
506 2719 585 2746 debet
599 2725 660 2746 esse
672 2723 786 2744 natum.
801 2725 810 2741 ι
827 2715 885 2743 Mox
893 2723 976 2752 iussu

198 2750 357 2786 «sapientiae
373 2758 400 2780 et
425 2754 636 2781 sanctificationi
658 2752 832 2786 participant.
856 2759 867 2778 ι
892 2750 978 2782 Editi,

198 2797 206 2813 I
219 2789 251 2814 de
266 2788 323 2822 ipsa
339 2788 554 2816 sanctiﬁcatione
574 2788 747 2822 participant.
762 2797 771 2812 ι

1030 2194 1102 2220 sicut
1110 2198 1137 2221 et
1146 2193 1227 2220 Pater
1233 2197 1321 2220 vester
1331 2192 1466 2226 perfectus
1477 2190 1575 2218 est‘°.s
1589 2190 1670 2218 Unde
1682 2190 1818 2216 evidenter

1032 2239 1188 2266 ostenditur
1200 2239 1271 2273 quod
1289 2238 1315 2265 in
1335 2238 1390 2265 Deo
1406 2237 1517 2272 quidem
1533 2237 1574 2264 ha:
1588 2243 1689 2263 omnes
1710 2236 1817 2262 virtutes

1031 2291 1138 2318 semper
1153 2289 1236 2318 sunt,
1265 2291 1315 2311 nec
1333 2291 1449 2318 unquam
1475 2282 1605 2310 accedere
1633 2286 1754 2316 possunt
1778 2283 1817 2306 aut

1067 2400 1123 2436 (68)
1145 2398 1353 2436 Intelleclualem
1368 2396 1602 2436 ratgmqbilemque
1615 2401 1758 2436 natumut,
1769 2400 1815 2422 etc.

1028 2430 1090 2462 llaec
1102 2430 1160 2468 qua:
1175 2442 1190 2461 e
1207 2434 1277 2460 Iihro
1293 2438 1389 2467 quarto
1401 2431 1470 2465 Περὶ
1488 2430 1590 2465 ἀρχῶν
1605 2430 1816 2468 profert_Hiero-

1028 2465 1125 2505 nymus
1142 2469 1167 2496 in
1190 2469 1269 2505 epist.
1285 2465 1319 2505 ad
1339 2468 1446 2505 Avitum
1457 2486 1464 2498 ,
1480 2467 1583 2505 omissa
1598 2471 1666 2505 sunt
1681 2473 1698 2492 a
1711 2465 1812 2493 Rufino.

1029 2500 1095 2532 Vide
1114 2505 1160 2531 lih.
1175 2511 1193 2530 ll
1208 2500 1374 2537 Origenian.,
1388 2509 1415 2536 (ι.
1431 2502 1459 2533 1,
1475 2508 1550 2537 ιιιιιιι.
1562 2501 1590 2531 5,
1605 2500 1634 2533 6,
1650 2500 1680 2527 7.

1065 2540 1121 2572 (69)
1139 2539 1185 2566 Sic
1202 2545 1269 2565 mss.
1295 2538 1322 2564 ln
1344 2538 1424 2564 editis
1438 2536 1574 2572 omittitur
1595 2545 1603 2563 ;
1621 2544 1635 2572 _t
1648 2540 1684 2572 et
1699 2536 1815 2563 humatur

1031 2570 1126 2601 anima:
1138 2574 1258 2607 ejusdem
1272 2573 1340 2600 lucis
1354 2577 1381 2599 et
1398 2571 1540 2605 sapientia:
1555 2570 1736 2604 participium
1752 2579 1816 2597 sunt-

1048 2614 1151 2636 ειινιιιιι.
1169 2618 1178 2634 ι

1030 2618 1260 2678 Ρξὶξδῗξὶξιιιεε.
1277 2641 1425 2678 Editivero
1439 2648 1446 2666 :
1464 2647 1474 2664 ι
1491 2647 1544 2678 non
1560 2640 1747 2678 autentAsicut
1765 2640 1812 2673 ip~:I

1028 2674 1119 2706 Patris
1132 2683 1158 2704 et
1171 2677 1266 2704 Filii...
1286 2675 1457 2710 participium
1471 2674 1564 2706 trahit,
1583 2682 1647 2708 quae
1661 2675 1814 2708 incorrupta

1029 2719 1069 2740 est
1084 2718 1111 2740 ct
1133 2718 1243 2740 aeterna.
1273 2709 1347 2739 Unde
1365 2709 1442 2737 valde
1460 2709 1629 2737 conveniens
1647 2715 1675 2736 et
1700 2717 1814 2737 necessri-

1029 2749 1099 2775 rium
1115 2753 1166 2775 est.
1182 2757 1190 2772 ι

1067 2783 1123 2816 (7t)
1142 2782 1198 2810 Dei.
1226 2781 1305 2810 Deest
1329 2782 1356 2808 in
1378 2779 1475 2813 editis,
1502 2779 1549 2806 sed
1565 2778 1689 2806 habetur
1706 2780 1733 2808 in
1759 2786 1812 2806 mu.
