1853 3073
164 85 214 112 Ml

167 143 234 170 dere
248 141 304 177 (65)
316 140 388 176 quod
398 139 483 175 possit
494 145 543 166 na-

167 192 227 215 tura
248 186 416 214 rationabilis
437 185 540 221 absgue

168 232 224 259 ullo
247 237 363 266 corpore
382 230 466 257 vitam
494 230 542 256 de—

167 286 241 314 gere.
264 279 316 306 Sed
332 285 414 312 quam
431 277 544 304 difﬁcile

167 323 213 354 sil,
225 327 252 350 et
263 330 345 357 quam
359 329 429 356 pene
440 322 543 355 impos-

167 369 246 396 sitzile
268 369 417 396 intellectui
436 373 541 399 nostro,

167 416 194 444 in
222 416 410 451 superioribus
436 414 543 450 singula

167 464 334 492 disserentes
362 462 542 490 ostendimus.

897 80 1055 109 ORIGENIS

1741 81 1793 109 ιιιι

580 140 717 168 ostendere
731 140 787 176 (66)
804 142 954 175 incorpora-
970 145 990 171 Α
1007 139 1106 167 stantia
1122 139 1190 175 (70).
1218 138 1276 166 Non
1298 138 1384 167 solum
1399 142 1503 171 autem,
1522 139 1569 167 sed
1584 140 1714 174 quoniam
1737 141 1792 175 ipsa

579 185 629 212 lem
650 187 883 222 rationabilemque
904 195 953 214 na-

580 236 676 265 turam,
699 241 757 259 cum
773 233 954 267 exspoliaverit

579 286 605 304 se
617 285 735 311 corpore,
748 278 832 304 vivere
849 286 895 311 per
914 286 955 304 se-

579 323 736 356 metipsum,
765 327 790 349 et
817 323 844 350 in
871 323 955 358 ρο]οή

581 369 732 395 conditione
762 376 817 395 esse
849 368 954 403 quando

580 415 731 447 corporibus
760 415 891 447 vestitur;
926 414 955 441 in

580 460 702 494 meliori,
717 460 820 495 quando
837 459 883 486 illa
911 459 956 486 de-

166 513 240 545 ponit
263 515 273 534 :
296 508 363 535 nulli
387 508 494 534 dubium
514 512 552 534 est
573 514 682 541 corpora
700 514 752 532 non
775 504 956 539 principaliter

166 555 317 585 srtbsistere,
337 553 383 580 sed
403 561 448 587 per
463 552 603 579 intervalla
619 556 643 578 et
665 551 696 577 ob
710 551 795 578 varios
810 554 895 577 motus
914 558 955 576 ra-

166 599 332 627 tionabilium
347 604 529 626 creaturarum
544 606 612 624 nunc
633 597 702 631 ﬁeri,
722 601 749 623 ut
763 596 808 631 qui
824 596 865 623 his
884 596 956 622 indi-

167 651 238 680 grnt,
265 646 410 673 vestiantur
425 654 434 672 :
458 650 482 672 et
503 652 607 671 rursum
622 651 681 670 cum
698 643 744 670 illa
772 643 956 677 depravatione

166 693 289 727 lapsuum
306 701 332 720 se
346 693 380 719 ad
402 692 510 718 meliora
522 691 699 720 correxerint,
717 690 824 717 dissolvi
840 691 867 717 in
891 690 956 716 nilli-

168 739 222 766 lum
243 747 252 765 :
273 743 296 765 et
311 739 360 765 hac
371 746 472 771 semper
486 737 649 764 successione
665 736 777 763 variari.

204 785 249 813 7.6.
268 784 338 811 Puto
358 791 422 811 sane
438 785 514 818 operi
528 783 591 810 huic
613 787 706 810 nostro
721 783 888 810 contrarium
902 790 955 810 non

166 830 251 857 videri
270 830 291 857 si
307 830 389 857 etiam
408 830 441 856 de
464 829 669 856 immortalitate
686 828 888 856 rationabilium
913 836 958 856 na-

169 881 291 903 turarum
303 883 381 910 quam
396 883 538 910 possumus
550 875 668 902 breviter
677 880 843 909 repetamus.
863 873 957 901 Omnis

167 921 213 956 qui
242 921 387 955 participat
408 920 521 955 alicujus
548 928 609 948 cum
636 928 669 948 eo
692 921 737 955 qui
769 919 889 954 ejusdem
917 919 956 946 rei

167 966 301 1000 particeps
325 969 384 997 est,
412 965 471 992 sine
495 965 577 992 dubio
607 965 687 992 unius
712 964 871 992 substantia:
896 969 954 995 est,

167 1012 299 1044 nniuSqnc
324 1015 426 1037 natura:
452 1009 518 1044 (G7).
537 1010 572 1037 Ut
591 1014 653 1045 pttta
680 1016 775 1037 omnes
809 1008 880 1035 oculi
914 1009 956 1035 lu-

166 1058 205 1085 eis
223 1057 404 1090 participant,
427 1061 452 1083 et
482 1056 542 1082 idco
566 1063 661 1083 omnes
676 1056 763 1085 OCllll,
783 1055 827 1089 qui
845 1055 878 1082 de
895 1054 955 1081 luce

165 1103 346 1137 pirticipaut,
368 1103 446 1129 unius
473 1106 576 1128 natura!
597 1106 670 1129 sunt.
706 1101 758 1128 Sed
781 1101 843 1127 licet
866 1100 955 1127 omnis

166 1148 199 1175 de
214 1147 272 1174 luce
298 1147 443 1182 participet
472 1146 583 1179 oculus,
615 1152 705 1173 tamen
731 1145 860 1180 quoniam
885 1145 954 1171 alius

167 1193 289 1224 acutius,
319 1192 388 1219 alius
404 1192 527 1220 obtusius
549 1193 640 1225 videt,
659 1199 712 1219 non
742 1192 831 1218 omnis
860 1191 955 1218 oculus

165 1238 304 1273 aequaliter
322 1239 356 1266 de
378 1238 437 1265 luce
460 1239 612 1272 participat.
645 1237 679 1264 Et
699 1244 809 1264 rursum
829 1246 835 1263 :
857 1236 953 1264 Omnis

167 1284 274 1311 auditus
290 1291 382 1311 vocem
396 1284 439 1311 vel
455 1291 550 1311 sonum
568 1284 676 1317 recipit,
688 1288 715 1310 et
731 1282 791 1310 ideo
801 1282 892 1310 omnis
907 1289 955 1308 au-

166 1330 239 1357 ditus
258 1330 338 1356 unius
355 1334 458 1356 naturae
472 1334 523 1356 est.
550 1329 648 1356 Verum
673 1335 723 1362 pro
742 1327 872 1362 qualitate
894 1327 952 1361 puri

166 1380 194 1403 et
216 1375 315 1403 sinceri
333 1375 439 1402 auditus
456 1374 641 1408 unusqui:qne
663 1373 784 1400 velocius
806 1373 897 1406 audit,
912 1372 954 1400 vel

168 1421 281 1448 tardius.
301 1421 485 1448 Transeamus
498 1427 564 1454 ergo
578 1419 611 1445 ah
625 1419 666 1446 his
675 1418 849 1446 sensibilibus
860 1426 950 1446 exem-

168 1467 219 1501 plis
235 1466 268 1492 ad
286 1465 507 1492 intellectualium
525 1464 792 1498 contemplationem.

202 1512 297 1539 Omnis
321 1518 397 1538 mens
421 1518 481 1544 qua:
509 1510 542 1537 de
630 1517 726 1537 vensm
744 1516 900 1536 HIERONIII.

168 1556 343 1584 itilcllectuali
368 1556 428 1583 luce
455 1555 542 1590 parli-
615 1556 825 1583 Intelleclualem
875 1555 955 1582 ratio-

168 1605 258 1638 cipal,
281 1612 342 1631 cum
359 1604 432 1631 omni
454 1608 544 1630 tuente
580 1602 742 1634 nobilemque
760 1607 882 1628 naturam
899 1601 954 1636 (68)

168 1661 229 1687 q'tm
245 1653 324 1680 simili
343 1653 422 1679 modo
443 1651 476 1679 de
502 1652 544 1678 in-
579 1651 656 1676 sentit
672 1651 741 1677 Ileus
762 1655 784 1676 et
808 1649 954 1684 ttnigcnilus

170 1700 317 1726 tcllcctuali
348 1699 408 1726 lucc
429 1698 544 1733 partici-
581 1695 670 1721 Filius
699 1696 757 1729 ejus
786 1699 809 1721 et
839 1694 955 1728 Spiritus

168 1750 232 1778 pat,
260 1743 339 1770 nnins
371 1743 430 1770 sine
461 1743 544 1770 dubio
579 1741 840 1768 sanctusuentiunt
864 1739 956 1773 Angeli

168 1794 248 1819 «lt-bet
264 1799 324 1819 esse
341 1796 454 1819 natura).
580 1794 603 1816 et
625 1788 782 1819 Patestates,
805 1792 956 1819 caztercque

174 1837 308 1870 Virtutes;
333 1838 409 1864 sentit
435 1837 546 1863 interior
564 1837 640 1862 homo
661 1834 705 1868 qui
723 1833 757 1860 ad
774 1833 914 1866 imaginem
933 1836 955 1857 et

167 1883 369 1910 similitudinem
390 1881 438 1908 Dei
450 1882 571 1908 conditus
591 1885 639 1906 est.
664 1879 706 1906 Ea:
725 1886 776 1913 qtto
790 1877 956 1905 concluditur

167 1929 252 1957 Deum
269 1934 291 1956 et
312 1930 367 1956 lucc
393 1928 586 1962 quodammodo
613 1926 692 1953 unius
711 1932 766 1952 esse
789 1924 954 1952 substantiw.

204 1975 234 2002 Si
251 1983 316 2009 ergo
333 1975 458 2002 scelestos
474 1974 590 2000 virtutes
613 1970 806 1998 intellectualis
821 1970 889 1997 lucis
900 1989 907 2001 ,
930 1969 956 1997 id

168 2026 208 2048 est
219 2041 225 2052 ,
244 2021 341 2047 divina:
359 2026 462 2048 natura:
483 2027 531 2054 per
548 2020 600 2045 hoc
615 2017 686 2052 quod
701 2015 841 2050 sapientiae
855 2021 882 2043 et
894 2023 957 2042 sau-

169 2066 327 2094 ctilicationi
358 2065 544 2101 participant,
573 2063 746 2098 participium
773 2066 902 2092 sumunt.
930 2064 957 2087 et

170 2113 294 2139 humanm
308 2111 405 2138 animae
420 2110 541 2143 ejusdem
557 2109 626 2136 lucis
643 2113 668 2135 et
685 2107 825 2142 sapientia:
841 2106 953 2140 partici-

1005 187 1095 214 Patris
1106 191 1132 214 et
1147 186 1205 214 Filii
1221 191 1248 214 et
1263 185 1382 221 Spiritus
1401 186 1486 213 sancti
1502 191 1606 218 natura,
1619 186 1697 221 cujus
1710 187 1794 215 sol-ius

1006 232 1196 260 intellectualis
1222 232 1289 259 lucis
1320 232 1445 260 universa
1470 237 1595 260 creatura
1620 233 1794 268 participium

1007 278 1090 305 trahit
1102 298 1109 311 ,
1125 278 1283 312 incorrupta
1300 282 1341 306 est
1353 282 1381 306 et
1395 283 1510 310 teterna,
1526 278 1605 305 valde
1619 286 1796 313 consequens

1007 329 1035 351 et
1054 324 1240 351 necessarium
1257 328 1297 351 est
1314 324 1395 351 etiam
1411 332 1520 352 omnem
1534 324 1716 352 substantiam
1739 333 1798 360 qua:

1004 375 1115 398 atterunt
1127 370 1198 397 illius
1217 375 1323 398 natura:
1338 370 1511 404 participium
1528 371 1629 403 trahit,
1645 372 1798 404 perdurare

1005 416 1087 443 etiam
1105 423 1224 450 semper,
1238 420 1265 443 et
1281 416 1517 451 incorrttptibilem
1532 424 1593 444 esse
1610 421 1637 443 et
1651 422 1798 448 :etemam,

1006 467 1035 489 ut
1053 462 1152 489 divina:
1170 462 1301 490 bonitatis
1315 462 1453 490 aeternitas
1473 463 1555 491 etiam
1572 463 1598 490 in
1613 471 1645 490 ea
1661 463 1799 497 intelliga-

1007 512 1060 540 tur,
1077 508 1139 535 dum
1153 513 1180 535 et
1202 509 1295 536 aeterni
1318 513 1382 536 sunt
1403 509 1430 536 lti
1445 509 1491 543 qui
1507 508 1565 543 ejus
1579 508 1717 538 beneﬁcia
1732 516 1798 536 con-

1006 558 1170 587 sequuntur.
1191 554 1244 582 Sed
1265 555 1335 582 sicut
1350 555 1532 589 percipienda:
1556 554 1623 582 lucis
1646 554 1799 582 diversitas

1006 603 1113 627 servata
1132 605 1174 627 est
1191 600 1218 627 in
1232 600 1380 634 exemplis,
1395 607 1455 628 eum
1471 600 1514 627 vel
1529 599 1651 627 obtusior
1671 599 1716 626 vel
1735 607 1799 626 acu-

1007 645 1059 672 tior
1074 646 1186 673 ohtutus
1204 646 1361 680 designatus
1381 645 1567 673 estintuentis
1582 653 1590 672 :
1608 645 1645 672 ita
1660 645 1748 672 etiam
1768 644 1799 672 de

1007 691 1096 719 Patris
1109 696 1136 719 et
1148 691 1208 718 Filii
1227 695 1255 719 et
1275 692 1364 719 sancti
1382 691 1499 726 Spiritus
1513 691 1728 726 participatione
1742 698 1800 718 ser-

1008 737 1093 764 v:tnda
1108 741 1150 764 est
1167 744 1216 770 pro
1232 736 1385 764 intentione
1399 744 1496 764 sensus
1513 736 1556 764 vel
1573 737 1675 764 mentis
1693 736 1800 771 capaci-

1007 785 1062 808 tute
1071 781 1225 808 diversitas.
1242 781 1369 815 Alioquin
1384 780 1600 813 consideretnns,
1613 780 1636 808 si
1649 788 1705 807 non
1714 780 1798 808 etiam

1011 826 1122 860 impium
1143 826 1251 854 videtur
1266 830 1295 853 ut
1312 832 1388 853 mens
1405 833 1466 860 qua:
1485 825 1532 852 Dei
1548 832 1634 860 capax
1651 830 1715 857 est,
1735 825 1800 852 sub-

1010 872 1165 899 stantialem
1181 871 1294 906 recipiat
1309 871 1451 898 interitum
1469 879 1476 897 :
1492 875 1622 905 tanquam
1638 870 1692 898 hoc
1713 871 1799 905 ipsum

1010 917 1081 951 quod
1106 916 1257 951 intelligere
1284 915 1369 943 Deum
1396 920 1484 950 potest
1506 919 1534 942 et
1550 916 1668 948 sentire,
1692 923 1751 942 non
1776 915 1799 942 ei

1009 962 1135 989 sufﬁcere
1163 961 1249 996 possit
1274 961 1307 988 ad
1331 961 1560 995 perpetuitatem,
1587 961 1713 988 maxime
1739 968 1798 988 cum

1009 1007 1114 1035 etiamsi
1138 1014 1186 1041 per
1201 1007 1392 1042 negligentiam
1412 1007 1521 1034 decidat
1537 1014 1614 1034 mens
1630 1014 1664 1034 ne
1687 1014 1760 1042 pure
1775 1014 1800 1034 et

1009 1054 1113 1089 integre
1128 1055 1154 1081 in
1171 1061 1201 1082 se
1217 1054 1329 1089 recipiat
1343 1055 1443 1088 Deum,
1458 1062 1563 1088 semper
1581 1058 1671 1082 tamen
1697 1054 1800 1081 habeat

1010 1100 1036 1126 in
1052 1107 1081 1127 se
1096 1099 1168 1127 velut
1184 1101 1286 1127 semina
1301 1101 1424 1135 quaedam
1442 1100 1585 1135 reparandi
1598 1107 1630 1127 ac
1643 1099 1798 1127 renovandi

1009 1146 1129 1173 melioris
1145 1146 1311 1178 intellectus,
1328 1153 1391 1173 cum
1406 1146 1439 1173 ad
1461 1146 1604 1181 imaginem
1620 1150 1648 1173 et
1662 1145 1798 1173 similitu-

1007 1191 1099 1219 dinem
1117 1191 1165 1219 Dei
1181 1192 1227 1226 qui
1247 1193 1350 1219 creavit
1364 1200 1425 1220 etim
1436 1213 1444 1226 ,
1470 1193 1584 1220 interior
1599 1191 1682 1218 homo
1695 1191 1747 1226 qui
1772 1195 1797 1218 et

1008 1237 1148 1264 rationalis
1165 1237 1275 1269 dicitur,
1291 1243 1447 1266 renovatur.
1468 1238 1582 1272 Propter
1596 1238 1668 1272 quod
1685 1242 1717 1264 et
1740 1244 1799 1272 pro-

1007 1281 1089 1315 pheta
1105 1281 1171 1308 dicit
1195 1289 1202 1307 :
1231 1290 1241 1307 ε
1261 1280 1480 1308 Reminiscentur
1496 1286 1523 1309 et
1547 1285 1748 1308 cottvertentur
1767 1280 1798 1308 ad

1009 1325 1150 1352 Dominum
1162 1333 1258 1353 omnes
1274 1326 1341 1354 lines
1354 1331 1442 1359 teme,
1464 1330 1492 1353 et
1507 1325 1660 1353 adorabunt
1677 1325 1705 1352 in
1731 1332 1798 1353 con-

1007 1375 1100 1406 spectu
1115 1371 1173 1406 ejus
1188 1371 1296 1398 familia:
1308 1379 1404 1399 omnes
1416 1372 1535 1407 gentium
1546 1371 1580 1397 ".
1599 1380 1608 1397 ι

1041 1419 1088 1446 57.
1108 1419 1137 1446 Si
1153 1418 1214 1453 quis
1227 1426 1292 1446 vero
1310 1418 1391 1445 audet
1415 1417 1624 1445 substantialem
1639 1417 1798 1452 corruptio-

1008 1473 1069 1493 nem
1086 1466 1150 1493 dare
1163 1465 1186 1492 ei
1207 1465 1252 1499 qui
1270 1465 1418 1493 secundum
1434 1464 1578 1499 imaginem
1594 1468 1621 1491 et
1636 1463 1797 1490 similitudi-

1008 1518 1068 1539 nem
1084 1511 1130 1538 Dei
1150 1510 1237 1538 factus
1262 1514 1318 1542 est,
1346 1515 1375 1536 ut
1389 1517 1440 1544 ego
1458 1514 1533 1543 puto,
1550 1510 1632 1536 etiam
1657 1509 1685 1535 in
1704 1509 1794 1543 ipsum

1006 1556 1104 1584 Filium
1139 1557 1185 1583 Dci
1215 1563 1325 1583 causam
1359 1555 1507 1589 impietatis
1534 1554 1668 1582 extendit.
1704 1554 1796 1588 Imago

1007 1610 1122 1637 namque
1133 1602 1178 1629 Dei
1190 1602 1245 1637 (7i)
1257 1602 1337 1628 ctiam
1348 1602 1405 1635 ipse
1415 1601 1563 1636 appellatus
1577 1604 1618 1628 est
1633 1600 1659 1626 in
1671 1600 1796 1634 Scriptu-

1008 1649 1056 1676 ris.
1077 1649 1130 1675 Aut
1146 1653 1220 1675 certe
1242 1651 1353 1674 accuset
1366 1647 1410 1680 qui
1429 1647 1484 1673 haec
1499 1647 1534 1673 ita
1551 1646 1617 1678 vult,
1643 1644 1794 1679 Scriptura:

1007 1695 1275 1729 auctoritatemque
1296 1695 1363 1721 dicit
1391 1694 1424 1721 ad
1454 1693 1598 1728 imaginem
1618 1693 1663 1720 Dei
1692 1692 1792 1719 factum

1009 1748 1068 1768 esse
1079 1741 1214 1767 hominem
1233 1749 1240 1766 :
1256 1740 1346 1773 inquo
1357 1743 1383 1766 et
1398 1738 1541 1766 manifeste
1552 1738 1651 1766 divina:
1665 1737 1793 1772 imaginis

1008 1790 1212 1821 cognoscuntur
1229 1785 1344 1817 indicia,
1378 1792 1435 1812 non
1464 1791 1513 1818 per
1534 1783 1651 1817 efﬁgiem
1669 1783 1796 1817 corporis

1008 1839 1067 1866 qua:
1089 1831 1285 1864 corrumpitur,
1311 1830 1357 1856 sed
1374 1837 1421 1864 per
1434 1828 1516 1855 animi
1539 1828 1731 1863 prudentiam,
1748 1835 1794 1863 pcr

1005 1876 1138 1910 justitiam
1152 1896 1159 1909 ,
1183 1884 1232 1911 per
1249 1875 1474 1906 moderationem,
1497 1882 1545 1909 per
1570 1874 1698 1900 virtutem
1714 1894 1722 1906 ,
1750 1881 1795 1908 per

1007 1920 1177 1954 sapientiam,
1187 1927 1234 1954 per
1243 1918 1421 1954 disciplinam,
1439 1926 1485 1953 per
1494 1926 1601 1946 onmem
1613 1919 1733 1952 denique
1742 1919 1794 1945 vir-

1009 1971 1094 1992 tutum
1104 1966 1228 1999 cltorum,
1239 1973 1297 2000 quae
1306 1973 1365 1992 cum
1378 1966 1433 1992 Deo
1447 1964 1526 1992 insint
1543 1972 1590 2000 per
1599 1964 1792 1996 substantiam,

1008 2013 1035 2039 in
1050 2012 1160 2039 homine
1175 2017 1288 2046 possunt
1302 2020 1362 2040 esse
1376 2019 1422 2046 per
1440 2011 1611 2043 industriatn,
1626 2016 1653 2037 et
1670 2018 1717 2044 per
1732 2011 1794 2037 imi-

1009 2059 1139 2084 tationem
1157 2057 1201 2084 Dei
1213 2078 1219 2090 ,
1240 2057 1310 2084 sicut
1326 2062 1353 2083 et
1368 2056 1496 2083 Dominus
1512 2054 1635 2089 designat
1659 2054 1685 2081 in
1706 2054 1793 2080 Evan-

1008 2103 1089 2139 gelio,
1102 2103 1195 2130 dicens
1212 2112 1218 2129 :
1239 2112 1248 2128 ι
1266 2102 1357 2129 Εειοιθ
1371 2109 1435 2136 ergo
1455 2101 1649 2128 misericordes
1667 2099 1741 2127 sicut
1766 2104 1793 2126 et

169 2159 241 2192 pium
251 2156 532 2192 sumpserunt(69),ct
542 2156 578 2183 ita
589 2160 649 2183 sunt
660 2156 740 2183 unius
753 2159 858 2182 natura:
869 2153 902 2180 ad
913 2153 955 2180 in—
970 2147 994 2176 Ι)
1010 2149 1088 2176 Pater
1103 2153 1191 2176 vester
1205 2148 1359 2176 misericors
1369 2153 1410 2175 est
1418 2148 1451 2173 ⁷³.
1466 2156 1474 2172 ι
1492 2147 1534 2178 Et,
1550 2155 1559 2172 ‹
1574 2146 1666 2173 Estote
1680 2145 1792 2180 perfecti

170 2204 255 2230 vicem
272 2203 407 2237 uniusque
422 2201 592 2228 substantia}.
610 2201 779 2234 lncorrnpta:
792 2203 880 2226 autem
893 2202 958 2225 sunt

171 2253 197 2276 et
225 2248 393 2275 immortales
414 2247 539 2275 caelestes
559 2247 691 2278 virtutes,
715 2245 877 2273 immortalis
899 2245 958 2271 sine

171 2294 254 2322 dubio
268 2299 296 2321 et
310 2294 466 2329 incorrupta
480 2293 533 2320 erit
544 2293 631 2320 etiam
641 2292 738 2319 animm
751 2291 878 2318 humanae
892 2290 957 2317 sub-

151 2360 159 2364 ·
203 2349 282 2378 "Ps.
300 2358 369 2378 χχιι.
384 2351 429 2376 27.
474 2349 573 2377 "an.
590 2357 626 2380 rt,
639 2349 682 2376 56.
730 2348 751 2363 "°
769 2347 863 2374 Matth.
876 2354 900 2379 v,
917 2346 960 2373 l8.

216 2409 262 2443 65)
280 2410 364 2436 Caute
381 2409 448 2442 lege.

216 2440 259 2479 66)
280 2445 310 2471 Si
331 2445 388 2480 quis
403 2440 491 2480 autem
508 2444 622 2480 poluerit
641 2442 795 2480 ostendere,
810 2445 863 2468 etc.
895 2440 953 2480 Hoc

167 2475 235 2508 item
249 2475 430 2513 fragmentum
442 2475 553 2506 exhibet
566 2478 664 2504 ibidem
682 2476 862 2511 Hieronymus
877 2482 892 2502 e
906 2475 951 2501 lilt.

166 2523 193 2542 tv
213 2515 282 2549 Περὶ
297 2515 410 2549 ἀρχῶν,
435 2522 450 2541 a
468 2514 788 2549 Rulinorautenhutpote
810 2518 953 2549 erroneunt

166 2545 371 2577 dissimulaitiin
388 2554 440 2576 est.
470 2548 536 2576 Vide
560 2548 608 2574 lib.
630 2554 649 2573 tt
672 2545 837 2580 0rigenian.,
860 2553 888 2580 q.
909 2545 952 2577 Η,

166 2592 243 2612 num.
261 2585 287 2612 9.

205 2619 261 2654 (67)
283 2619 328 2646 Sic
340 2625 437 2645 omnes
445 2617 526 2654 codd.
540 2624 610 2654 mss.
625 2615 707 2648 Editi,
725 2625 734 2641 ι
752 2619 845 2650 utputa
861 2622 955 2654 omnes

171 2649 241 2681 oculi
250 2649 295 2688 qui
306 2654 373 2681 lucis
381 2651 646 2688 participant,runius
658 2656 762 2678 natura:
776 2649 954 2688 sunt.i_lnl'ra

172 2685 278 2720 mss.,'c
295 2689 375 2715 unius
383 2685 444 2714 sine
455 2685 536 2713 dubio
549 2687 630 2714 debet
643 2693 704 2713 esse
718 2690 829 2720 natum.
844 2694 853 2711 ι
871 2685 955 2716 Editi,

173 2734 182 2748 ε
194 2719 312 2756 ejusdem
325 2724 384 2750 sine
392 2723 474 2749 dubio
483 2722 562 2749 debet
576 2728 637 2749 esse
649 2727 762 2747 llﬂllll‘tﬁ.
777 2729 786 2745 ι
803 2719 862 2747 Mox
869 2727 953 2756 loss,

173 2755 333 2791 «sapientia:
349 2762 376 2785 ct
401 2756 612 2784 sanctiﬁcationi
634 2756 809 2789 participant.
832 2763 843 2782 ρ
869 2755 954 2787 Editi,

173 2802 182 2818 ι
195 2794 226 2820 dc
242 2793 298 2827 ipsa
314 2792 531 2820 sanctiﬁcatione
550 2791 723 2826 participant.
738 2801 747 2816 ι

1007 2196 1078 2222 sicut
1087 2200 1113 2223 et
1124 2194 1298 2222 Patervester
1308 2194 1443 2229 perfectus
1454 2192 1534 2221 est".
1542 2201 1551 2218 t
1564 2192 1641 2220 Unde
1651 2192 1793 2218 evidenter

1009 2242 1165 2269 ostenditur
1177 2241 1248 2276 quod
1266 2241 1292 2267 in
1312 2241 1367 2267 Deo
1383 2240 1494 2274 quidem
1509 2240 1550 2266 liae
1563 2245 1658 2266 omnes
1678 2238 1793 2264 virtutes

1007 2294 1114 2321 semper
1130 2291 1213 2320 sunt,
1242 2293 1292 2314 nec
1310 2293 1426 2320 unquam
1452 2285 1580 2313 accedere
1607 2288 1722 2319 possunt
1748 2286 1793 2310 aut

1043 2403 1099 2439 (68)
1121 2400 1330 2439 lntellectualem
1345 2399 1577 2439 ratﬂmabilemque
1590 2402 1727 2439 naturane,
1740 2403 1790 2425 etc.

1005 2432 1067 2465 lltec
1079 2432 1136 2471 qua:
1152 2444 1167 2464 e
1184 2437 1254 2463 libro
1269 2441 1366 2470 quarto
1379 2435 1448 2468 Περὶ
1465 2432 1565 2468 ἀρχῶν
1580 2432 1791 2471 profert‘lliero-

1004 2467 1102 2508 nymus
1119 2472 1144 2498 in
1167 2472 1246 2508 epist.
1263 2467 1296 2508 ad
1315 2467 1423 2508 Avitum
1434 2489 1442 2502 ,
1457 2467 1559 2508 omissa
1573 2473 1637 2508 sunt
1650 2475 1666 2494 a
1679 2467 1786 2495 Ruﬁno.

1005 2502 1071 2536 Vide
1090 2508 1137 2534 lih.
1152 2515 1170 2533 ll
1184 2502 1351 2540 Origenian.,
1365 2513 1392 2539 q.
1409 2505 1436 2537 l,
1453 2512 1527 2540 num.
1538 2504 1564 2535 5,
1580 2503 1606 2536 6,
1622 2502 1649 2530 7.

1042 2542 1098 2576 (69)
1115 2543 1161 2568 Sic
1179 2538 1246 2569 mss.
1273 2541 1300 2568 In
1321 2538 1401 2567 editis
1415 2539 1550 2576 omittitur
1570 2548 1578 2566 ;
1595 2547 1608 2576 »ι
1620 2543 1654 2576 _et_
1667 2538 1790 2567 humanm

1007 2573 1103 2604 anima:
1115 2577 1235 2610 ejusdem
1250 2576 1317 2603 lucis
1331 2580 1358 2602 et
1375 2575 1516 2608 sapientia:
1531 2573 1704 2608 participium
1721 2581 1790 2600 sum-

1024 2621 1104 2639 Sl‘J‘lllI
1110 2618 1128 2638 Ι..
1146 2621 1155 2637 ι

1006 2621 1237 2683 Ρδὶζὸγὲίὲμῃδς.
1254 2645 1402 2683 Editivero
1416 2652 1423 2670 :
1441 2651 1451 2668 ι
1468 2651 1521 2683 non
1536 2642 1715 2683 autem-sicut
1734 2643 1786 2676 ipsa

1004 2678 1095 2709 Patris
1109 2687 1135 2709 et
1147 2681 1243 2708 Filii...
1263 2679 1434 2714 participium
1448 2679 1548 2714 trahit,
1558 2685 1618 2712 quae
1632 2678 1788 2711 incorrupta

1005 2723 1045 2744 est
1060 2722 1087 2744 et
1109 2723 1220 2744 auerna.
1249 2713 1324 2743 Unde
1341 2713 1419 2741 valde
1437 2713 1602 2741 conveniens
1618 2717 1644 2739 et
1667 2719 1788 2740 necessi-

1006 2753 1075 2780 rium
1091 2757 1143 2779 est.
1159 2761 1167 2777 ι

1043 2787 1099 2822 (7|)
1119 2787 1175 2815 Dei.
1204 2786 1282 2814 Deest
1306 2787 1332 2812 in
1355 2784 1452 2817 editis,
1479 2783 1525 2811 sed
1540 2783 1656 2810 habetur
1672 2782 1700 2810 in
1727 2789 1786 2808 mss.
