1853 3073
162 137 214 166 407

762 133 922 162 ORIGENIS
938 134 1015 160 ΠΕΡΙ
1032 133 1146 160 ᾹΡΧΩΝ

1729 131 1779 158 408

162 194 261 228 quippe
278 201 338 220 eum
363 200 415 220 una
432 197 460 220 et
478 192 635 227 incorporea
651 196 748 219 natura
767 192 802 218 sit
827 190 946 218 'l‘riuita-
959 192 983 220 Α
998 192 1117 226 genitam
1138 190 1179 217 vel
1210 189 1336 216 infectam
1362 187 1412 214 dici
1438 187 1579 214 materiam
1597 187 1713 219 debere,
1739 197 1781 215 se-

162 240 206 267 tis.
223 237 319 266 Verum
339 246 400 273 quae
419 238 452 265 de
468 237 678 272 participatione
699 236 796 264 anima:
815 236 942 267 diximus,

161 285 241 312 simili
258 285 362 312 ratione
378 288 406 311 ut
421 285 454 312 de
469 284 624 316 animabus,
639 283 674 310 ita
696 287 724 310 et
741 283 774 310 de
794 283 896 317 augetis
917 287 945 310 et

159 330 313 358 cwlcstibus
338 335 404 357 sunt
430 329 603 364 intelligenda
627 329 792 361 virtutibus;
815 328 942 362 quoniam

159 375 247 403 omnis
273 375 442 403 rationabilis
460 380 585 402 creatura
603 374 745 409 participio
766 375 867 409 indiget
884 374 944 400 ’l‘ri-

159 421 260 448 uitatis.
279 421 331 448 Sed
343 426 371 448 et
386 421 478 448 mundi
497 421 576 455 hujus
589 420 703 447 visibilis
720 420 800 452 ratio,
816 419 942 454 quoniam

156 467 199 494 vel
224 467 344 494 maxima
369 467 450 494 etiam
475 467 508 493 de
533 467 575 493 his
596 465 690 492 haberi
717 465 834 499 quaestio
854 465 941 497 solet,

156 512 272 546 qualiter
285 520 314 540 se
330 513 441 543 habeat,
461 517 542 546 prout
558 512 696 545 potuimus
713 511 739 538 in
757 511 942 545 superioribus

156 558 276 585 diximus
292 565 341 592 pro
364 558 397 584 iis
415 558 459 591 qui
482 557 508 583 in
527 557 579 583 (ide
596 561 686 584 nostra
709 556 789 583 etiam
814 555 941 583 credendi

158 603 291 630 rationem
313 604 472 637 perquirere
491 603 596 632 solent,
620 606 647 628 et
663 609 712 636 pro
730 602 762 628 iis
783 601 828 635 qui
855 601 942 628 luere-

158 649 210 675 tica
230 651 371 675 adversum
389 657 439 675 nos
455 648 604 675 certamina
630 653 816 679 commovent.
834 652 860 674 et
882 655 941 674 tua-

158 694 233 721 terize
256 701 352 722 nomen
369 694 440 728 quod
457 701 490 720 ne
507 693 557 727 ipsi
574 693 682 728 quidem
700 693 777 726 quale
792 694 837 724 sit,
854 693 942 720 adhuc

155 738 308 773 intelligere
330 743 486 773 potuerunt,
501 738 589 767 solent
605 737 773 772 frequentius
789 739 940 765 ventilare:

155 784 187 812 de
201 792 255 818 quo
272 785 452 812 necessarium
468 788 533 818 puto
548 784 629 810 etiam
648 791 719 810 nlltlc
737 784 855 810 breviter
871 791 943 810 com-

155 836 276 856 monere.

189 874 234 901 55.
256 874 287 901 Et
303 874 390 908 primo
405 874 515 908 quidem
529 874 670 901 sciendum
697 878 740 901 est
757 874 828 908 quod
840 881 939 901 nomen

154 920 242 954 ipsum
265 920 386 947 materia:
399 927 448 953 pro
461 927 492 947 ea
512 920 665 946 substantia
680 927 740 953 qua:
755 919 868 946 subesse
881 927 940 947 cor-

153 964 264 998 poribus
280 964 336 999 (55)
358 965 469 996 dicitur,
493 965 610 999 positum
633 965 660 991 iu
681 964 831 999 Scripturis
854 973 939 992 cauo-

153 1009 222 1036 uicis
238 1017 370 1044 nusquam
393 1017 480 1044 usque
496 1009 530 1037 ad
552 1017 670 1043 praesens
693 1010 856 1036 invenimus.
873 1010 940 1037 lllud

150 1054 223 1081 enim
242 1055 312 1089 quod
331 1054 396 1082 dicit
412 1054 494 1081 lsaias
509 1063 515 1081 :
536 1063 545 1080 t
558 1054 589 1081 Et
604 1055 730 1082 comedet
746 1056 816 1082 sicut
837 1055 938 1083 foenum

151 1098 218 1135 ὓλην
228 1099 264 1132 ⁷⁵,
278 1108 288 1125 )
307 1099 333 1126 id
359 1103 400 1126 est
423 1100 564 1127 materiam
587 1100 703 1127 :dicens
726 1100 758 1128 de
782 1101 820 1127 cis
841 1100 886 1134 qui
910 1101 938 1128 in

151 1145 292 1179 suppliciis
305 1145 445 1172 constituti
460 1150 534 1178 sunt,
548 1146 692 1173 materiam
707 1147 797 1181 posuit
811 1154 859 1181 pro
877 1155 939 1182 pec-

150 1189 230 1217 catis.
259 1189 312 1217 Sed
339 1195 366 1217 et
389 1191 474 1217 sicubi
501 1191 527 1218 in
555 1191 608 1219 alio
626 1191 685 1219 loco
710 1192 840 1226 scriptum
870 1192 939 1219 forte

152 1235 272 1262 materiae
287 1243 383 1263 nomen
401 1241 453 1267 est,
472 1244 614 1271 nusquam,
634 1242 663 1264 ut
680 1237 808 1269 arbitror,
824 1237 887 1270 hoc,
905 1238 937 1264 de

150 1286 205 1314 quo
231 1287 302 1306 nunc
329 1280 486 1313 qumvimus,
517 1281 673 1316 signiﬁcare
694 1282 860 1313 invenietur,
887 1282 937 1308 nisi

152 1325 339 1352 tantunnnodo
357 1325 385 1352 in
402 1325 542 1360 Sapientia
567 1333 627 1360 qua:
653 1326 754 1353 dicitur
773 1326 938 1358 Salomonis,

149 1372 195 1405 qui
222 1373 315 1406 utique
340 1371 408 1399 liber
437 1380 491 1399 non
510 1373 544 1399 ab
568 1373 695 1400 otnnibus
721 1373 747 1399 in
777 1373 939 1401 auctoritate

150 1410 278 1445 habetur.
292 1417 328 1445 lbi
347 1422 436 1448 tamen
452 1418 581 1452 scriptum
602 1418 756 1445 invenimus
773 1418 823 1445 hoc
839 1419 937 1446 modo:

156 1473 164 1488 ι
177 1463 233 1490 Non
249 1463 333 1496 enim,
348 1464 436 1497 inquit
450 1463 519 1498 (56),
539 1464 633 1490 deerat
648 1463 829 1496 omnipotenti
846 1463 937 1490 utanui

995 234 1112 261 cundum
1138 234 1195 261 hare
1215 241 1275 268 quae
1293 234 1318 259 in
1345 231 1502 267 prioribus,
1526 237 1606 266 prout
1632 234 1781 267 potuimus,

994 280 1173 311 ostendimus,
1188 287 1248 306 cum
1266 279 1346 306 etiam
1363 286 1394 306 ex
1412 285 1494 312 aqua,
1506 282 1532 304 ct
1551 283 1633 310 terra,
1648 286 1724 308 aere,
1741 277 1781 305 vel

994 325 1100 356 calore.
1125 333 1172 359 per
1196 325 1302 352 diversa
1323 325 1450 351 arborum
1469 331 1568 358 genera
1592 323 1718 350 diversos
1739 331 1785 350 os-

996 368 1130 395 tendimus
1146 368 1262 402 proferri
1284 369 1402 400 fruetus;
1421 367 1460 395 vel
1481 375 1540 394 cum
1560 368 1661 402 ignem,
1677 375 1784 398 aerem,

993 422 1102 448 squam,
1122 420 1274 448 terramque
1291 415 1386 441 mutari
1405 415 1430 441 in
1447 415 1591 448 semetipsa
1611 414 1728 440 invicem
1752 421 1783 440 ac

995 458 1091 485 resolvi
1113 459 1185 485 aliud
1211 459 1236 485 in
1258 458 1330 486 aliud
1356 460 1518 486 elementum
1546 466 1638 486 mutua
1663 460 1782 494 quadam

993 504 1230 539 consanguinme
1244 505 1399 535 docuimus;
1417 506 1463 533 sed
1477 511 1502 532 et
1518 513 1578 532 ('llll)
1604 506 1635 532 de
1651 505 1726 532 escis
1742 504 1783 532 vel

994 550 1132 577 hominum
1156 551 1196 577 vel
1221 551 1377 577 animalium
1404 551 1576 585 probavimus
1599 550 1782 577 substantiam

993 597 1083 624 carnis
1110 597 1258 627 exsistere,
1283 596 1324 622 vel
1347 596 1487 622 humorem
1511 596 1622 622 seminis
1649 596 1784 623 naturalis

994 642 1020 668 in
1044 649 1153 669 carnem
1170 641 1282 669 solidam
1303 648 1418 674 oSsaque
1435 642 1570 668 converti.
1594 641 1660 674 Quae
1687 641 1781 668 omnia

994 689 1153 714 documento
1180 693 1242 715 sunt
1262 688 1333 721 quod
1358 687 1508 714 substantia
1541 686 1691 720 corporalis
1718 693 1783 720 per-

994 733 1132 760 mutabilis
1147 734 1193 766 sit,
1209 738 1236 761 et
1251 741 1282 760 ex
1299 732 1372 760 omni
1392 733 1417 759 in
1436 740 1542 759 omnem
1566 732 1694 760 deveniat
1716 739 1783 766 qua-

994 778 1109 805 litatcm.

1028 823 1074 850 54.
1094 823 1284 849 Verumtamen
1307 823 1369 848 illud
1386 823 1456 849 scire
1478 827 1597 856 oportet,
1613 822 1686 857 quod
1711 830 1781 849 nun-

991 876 1073 902 quam
1089 869 1237 895 substantia
1256 869 1315 895 sine
1335 869 1465 901 qualitate
1482 869 1615 900 subsistit,
1632 868 1681 895 sed
1698 868 1784 895 intel-

991 912 1060 939 lectu
1073 912 1129 939 solo
1145 913 1307 939 discernitur
1324 913 1374 939 hoc
1389 913 1460 948 quod
1476 913 1599 948 subiacet
1616 913 1782 948 corporibus

990 963 1017 984 ct
1033 959 1103 993 quod
1129 966 1216 992 capax
1241 963 1282 986 est
1308 959 1460 994 qualitatis,
1480 967 1541 986 esse
1565 959 1622 995 (58)
1650 960 1782 986 materia.

990 1003 1105 1037 Quidam
1127 1004 1208 1031 altius
1223 1012 1288 1039 ergo
1303 1005 1335 1032 de
1354 1005 1396 1031 his
1413 1006 1533 1032 volentes
1552 1006 1701 1040 inquirere,
1721 1005 1782 1032 ausi

990 1054 1053 1077 sunt
1075 1050 1165 1076 dicere
1189 1050 1254 1076 nihil
1281 1050 1352 1076 aliud
1375 1058 1434 1077 esse
1464 1056 1587 1078 naturam
1616 1058 1781 1086 corpoream

989 1103 1070 1130 quam
1093 1096 1249 1130 qualitates.
1267 1095 1296 1122 Si
1311 1096 1382 1122 enim
1403 1097 1500 1123 duritia
1518 1101 1545 1124 et
1569 1096 1710 1128 mollities,
1736 1104 1782 1123 ca-

990 1141 1073 1168 lidum
1095 1146 1122 1168 et
1148 1140 1291 1174 frigidum,
1317 1141 1457 1168 btuuidum
1475 1147 1501 1168 ct
1528 1142 1632 1168 aridunt
1658 1142 1782 1176 qualitas

991 1191 1046 1219 est,
1076 1187 1117 1213 his
1139 1191 1226 1213 autem
1247 1186 1287 1213 vel
1312 1188 1418 1214 ueteris
1448 1187 1601 1222 hujusmodi
1631 1189 1782 1221 amputatis

991 1232 1057 1258 nihil
1079 1232 1151 1258 aliud
1177 1232 1337 1266 intelligitur
1352 1233 1506 1266 subjacerc,
1530 1233 1693 1260 videbuntur
1710 1241 1780 1268 qua-

992 1278 1082 1304 litales
1097 1285 1156 1304 esse
1180 1279 1283 1305 outuia.
1310 1278 1386 1305 Unde
1401 1284 1427 1305 et
1447 1280 1472 1305 bi
1492 1279 1537 1312 qui
1559 1279 1614 1305 haec
1638 1285 1780 1312 asserunt,

991 1331 1149 1350 asseverare
1164 1324 1253 1350 conati
1269 1329 1343 1355 sunt.
1362 1329 1389 1350 ut
1403 1324 1530 1358 quoniam
1546 1332 1641 1351 omnes
1655 1325 1700 1359 qui
1722 1333 1779 1350 nra—

991 1368 1087 1395 teriam
1114 1368 1242 1395 infectam
1268 1369 1378 1400 dicunt,
1408 1369 1552 1403 qualitates
1568 1377 1582 1395 a
1611 1369 1664 1396 Dco
1690 1369 1780 1396 factas

989 1419 1050 1439 esse
1068 1415 1244 1445 conﬁtentur,
1268 1414 1421 1440 inveniatur
1437 1422 1484 1448 per
1507 1415 1556 1440 hoc
1572 1414 1654 1441 etiam
1677 1422 1779 1441 secun-

992 1459 1054 1485 dum
1082 1459 1155 1493 ipsos
1181 1467 1231 1485 nec
1261 1459 1375 1485 materia
1405 1467 1465 1486 esse
1492 1459 1616 1487 infecta:
1641 1455 1778 1494 siquidem

150 1516 203 1536 ture
225 1517 284 1543 qua:
305 1514 446 1537 creaverat
466 1510 594 1536 mundum
612 1516 645 1536 ex
672 1509 781 1536 informi
807 1510 932 1543 materia,

1011 1504 1135 1530 ualitates
1157 1504 1212 1531 siut
1229 1504 1336 1536 onmia,
1363 1512 1422 1537 qua:
1446 1505 1540 1540 utique
1556 1505 1613 1532 sine
1638 1506 1779 1532 contradi—

150 1553 297 1580 immittere
311 1554 351 1580 eis
375 1553 575 1581 multitudinetn
599 1561 736 1584 ursorum,
762 1554 804 1580 vel
831 1554 937 1581 feroces

149 1596 241 1623 leones
251 1596 285 1622 ⁷⁵.
301 1605 311 1621 ι
329 1595 523 1631 Quamplurimi
550 1605 614 1624 sane
629 1604 725 1631 putant
745 1606 834 1625 rerum
851 1599 936 1634 ipsar'n

149 1641 292 1668 materiam
311 1641 458 1676 signiﬁcari
475 1641 502 1668 in
528 1649 561 1668 eo
581 1642 652 1676 quod
679 1643 704 1669 in
731 1643 866 1678 principio
883 1644 936 1671 Ge-

148 1687 222 1714 nesis
245 1687 377 1722 scriptum
398 1692 439 1714 est
458 1696 473 1714 a
498 1688 589 1724 Moyse
610 1698 617 1716 :
638 1699 646 1714 ι
665 1689 690 1716 In
716 1690 850 1724 principio
870 1690 935 1718 fecit

148 1733 220 1761 Deus
235 1733 333 1761 cmium
352 1738 378 1760 et
395 1739 508 1766 terram,
524 1739 593 1761 terra
611 1739 699 1762 autem
712 1740 773 1762 erat
792 1735 935 1763 invisibilis

147 1783 175 1806 et
191 1778 369 1814 incontposita
383 1780 417 1805 "°.
432 1789 441 1804 ι
461 1779 626 1807 lnvisihilem
645 1788 762 1815 namque
781 1786 807 1808 et
831 1781 935 1809 incom-

147 1824 262 1859 positam
287 1829 388 1851 terram
409 1833 462 1852 non
486 1825 560 1852 aliud
583 1826 623 1853 eis
646 1826 702 1861 (57)
726 1826 830 1862 Moyses
854 1835 933 1862 quam

146 1870 292 1897 informem
319 1871 460 1898 materiam
489 1872 563 1898 visus
590 1876 631 1898 est
656 1872 787 1899 iudicare.
808 1872 884 1905 Quod
910 1873 932 1900 si

146 1923 211 1943 vere
227 1916 284 1944 haec
305 1921 348 1944 est
371 1917 495 1950 materia,
511 1922 618 1944 constat
646 1917 743 1944 exinde
766 1918 932 1945 inconverti-

145 1960 210 1987 bilia
229 1968 281 1987 ttou
306 1968 367 1988 esse
385 1962 459 1988 initia
482 1969 637 1996 corporum.
662 1962 728 1988 Nam
750 1963 776 1989 hi
801 1963 844 1997 qni
873 1967 932 1989 alo-

145 2014 215 2040 mos,
237 2006 278 2034 vel
294 2014 326 2034 ea
341 2016 399 2042 qute
415 2009 440 2034 in
458 2013 548 2042 partes
564 2009 656 2036 venire
674 2017 727 2036 nou
751 2014 875 2044 possunt,
892 2009 931 2036 vel

144 2060 175 2078 ea
198 2059 258 2087 qua:
275 2053 300 2079 iu
323 2053 438 2088 aequales
455 2059 546 2088 partes
572 2055 695 2088 veniunt,
719 2055 761 2081 vel
783 2063 863 2081 unum
881 2056 925 2081 ali-

144 2098 216 2130 quod
232 2097 395 2124 elementqu
415 2106 506 2124 rernut
524 2099 708 2132 corporalium
734 2099 865 2133 principia
886 2107 932 2132 po-

144 2145 269 2173 suerunt,
288 2149 385 2168 nomen
404 2143 536 2173 materiae,
556 2142 582 2168 id
597 2148 637 2169 est
653 2143 724 2178 quod
743 2143 930 2177 principaliter

991 1550 1080 1577 ctione
1105 1550 1138 1577 ab
1157 1550 1282 1577 omnibtts
1304 1558 1318 1577 a
1339 1551 1391 1577 Deo
1411 1550 1489 1577 factae
1512 1559 1571 1578 osse
1598 1552 1779 1585 pronuntian-

989 1600 1042 1624 tur.
1060 1595 1090 1622 lli
1115 1603 1180 1623 vero
1198 1596 1242 1630 qui
1260 1597 1408 1631 subjacenti
1433 1597 1538 1623 cuidam
1561 1598 1680 1624 materia:
1697 1597 1778 1632 193

990 1642 1095 1668 additas
1121 1643 1292 1668 extrinsecus
1316 1642 1461 1676 qualitates
1496 1642 1589 1668 volunt
1610 1644 1776 1674 ostendere,

988 1687 1174 1719 hujuscemodi
1189 1692 1301 1714 utuntur
1314 1688 1454 1722 exemplis,
1468 1688 1543 1714 verbi
1557 1689 1659 1722 gratia:
1675 1687 1777 1715 Paulus

986 1734 1045 1760 sine
1062 1733 1144 1760 dubio
1166 1739 1213 1761 aut
1233 1739 1316 1766 tacet,
1334 1739 1380 1760 aut
1402 1735 1531 1769 loquitur,
1545 1739 1593 1760 aut
1611 1735 1713 1769 vigilat,
1731 1741 1778 1761 aut

987 1779 1104 1812 dormit,
1128 1779 1170 1806 vel
1188 1785 1263 1807 certo
1284 1779 1400 1817 quodam
1428 1782 1550 1814 corporis
1569 1780 1661 1807 habitu
1686 1781 1777 1808 consi—

985 1826 1049 1858 stit;
1069 1830 1114 1852 aut
1131 1826 1202 1852 enim
1218 1826 1305 1859 sedet,
1322 1831 1369 1852 aut
1386 1830 1449 1858 stat,
1465 1826 1605 1859 autjacet.
1621 1826 1684 1854 llzee
1703 1828 1775 1854 enim

986 1875 1048 1898 sunt
1071 1871 1227 1898 horninibus
1245 1871 1411 1903 accidentia,
1438 1871 1498 1898 sine
1518 1871 1616 1906 quibus
1633 1879 1774 1906 utinquam

984 1917 1043 1944 fere
1062 1917 1248 1944 inveniuntur.
1271 1916 1325 1943 Nec
1346 1921 1436 1944 tamen
1457 1925 1553 1944 sensus
1568 1923 1661 1944 noster
1684 1919 1775 1945 mani-

985 1962 1054 1989 feste
1070 1963 1102 1989 de
1118 1970 1150 1988 eo
1166 1963 1265 1996 aliquid
1283 1963 1376 1989 horum
1392 1963 1505 1995 definit,
1528 1965 1573 1990 sed
1593 1964 1628 1990 ila
1645 1972 1707 1990 cum
1727 1972 1776 1998 per

984 2007 1041 2034 hzec
1059 2007 1233 2041 intelligimus
1248 2007 1286 2034 vel
1309 2008 1524 2039 consideramus,
1545 2012 1573 2035 ut
1587 2016 1640 2035 nou
1661 2010 1776 2036 omnino

985 2052 1116 2078 rationem
1140 2057 1226 2078 status
1254 2052 1312 2085 ejus
1335 2053 1608 2087 comprehendamus,
1628 2054 1669 2080 vel
1693 2055 1719 2081 in
1742 2063 1775 2082 eo

984 2097 1055 2130 quod
1078 2097 1171 2132 vigilat
1190 2097 1256 2132 (59),
1279 2097 1321 2124 vel
1343 2098 1370 2124 in
1384 2105 1416 2124 eo
1439 2098 1509 2132 quod
1533 2098 1649 2131 dortuit,
1674 2104 1722 2126 aut
1745 2100 1772 2127 in

985 2149 1038 2175 quo
1063 2141 1194 2175 loquitur,
1217 2142 1258 2168 vel
1282 2146 1368 2175 tacet,
1392 2148 1419 2169 et
1439 2143 1460 2170 si
1483 2151 1537 2178 qua
1558 2143 1610 2170 alia
1632 2150 1694 2171 sunt
1713 2153 1776 2180 quae

145 2186 285 2212 materiam
309 2185 459 2219 signiﬁcat,
484 2187 557 2212 inter
574 2186 704 2220 principia
731 2191 852 2214 statuere
879 2195 931 2214 non
950 2190 970 2217 Ι)
986 2186 1111 2213 accidere
1130 2193 1241 2213 necesse
1256 2192 1298 2214 est
1312 2187 1477 2214 hominibus.
1493 2188 1520 2214 Si
1542 2195 1606 2222 ergo
1623 2189 1684 2223 quis
1703 2188 1776 2217 Pau-

143 2234 300 2264 potueruut.
324 2231 416 2265 Neque
434 2232 505 2258 enim
529 2239 589 2258 cutn
616 2232 760 2258 materiam
784 2232 934 2266 subjiciunt

144 2275 218 2302 omni
236 2276 342 2309 corpori
360 2283 407 2310 per
419 2278 509 2303 omnia
524 2278 730 2305 convertibilem
751 2279 931 2305 substantiam

144 2319 188 2346 vel
204 2320 360 2348 mutabilem
374 2321 414 2348 vel
431 2322 606 2354 divisibilem,
619 2327 697 2350 extra
711 2323 854 2357 qualitates
870 2331 930 2350 eam

143 2365 293 2393 secundum
322 2367 515 2401 proprietatem
537 2368 695 2404 su’bjicient.
717 2369 831 2407 Quibus
848 2369 930 2396 etiam

144 2418 193 2439 nos
210 2412 418 2446 acquiescimus,
435 2414 482 2447 qui
504 2415 578 2441 omni
605 2421 703 2448 genere
721 2414 864 2440 abnuimus
886 2415 928 2441 in—

179 2490 263 2518 "lsa.
282 2499 309 2524 κ,
328 2491 370 2518 17.
417 2492 439 2507 ⁷⁵
452 2493 514 2527 Sap.
530 2492 624 2525 x1,18.
663 2493 685 2507 ’θ
703 2492 770 2520 (ieu.
786 2501 803 2525 ι,
823 2494 848 2521 1.

178 2560 302 2603 (55)“8ίο
318 2569 383 2602 mss.
400 2561 482 2603 Editi,
499 2571 508 2587 ε
524 2561 720 2603 corporalibus.
729 2572 743 2603 1»
761 2562 832 2590 Infra
848 2572 925 2603 mss.,

145 2595 323 2635 «signiﬁcare
354 2597 517 2624 invenietur.
536 2606 545 2622 ι
564 2595 652 2629 Editi,
689 2607 699 2622 ι
714 2597 822 2634 signare
853 2595 926 2627 inve;

143 2635 353 2702 Μῗὲἐξςῖῖηςιλιιὶι.
370 2665 449 2692 Deest
464 2666 490 2692 in
503 2670 580 2693 antea
587 2666 684 2702 editis.
699 2667 757 2695 Mox
771 2676 835 2696 mss.
846 2674 930 2702 recte,

144 2708 154 2724 4
170 2699 371 2726 multitudinem
400 2708 535 2728 ursorum.
551 2710 560 2727 ι
587 2701 674 2736 Editi,
703 2712 711 2728 ι
726 2699 928 2732 similitudinem

143 2741 282 2761 ursormn.
298 2743 308 2761 ι

177 2768 234 2804 (57)
255 2770 300 2807 δίς
319 2777 383 2807 mss.
408 2769 494 2807 Editi,
511 2779 520 2795 ε
536 2779 606 2799 esse.
621 2781 630 2798 ›
650 2772 734 2799 l‘aulo
758 2778 820 2807 post
843 2781 925 2807 tnss.,

142 2811 154 2830 ι
168 2811 250 2830 unum
267 2804 374 2840 aliquod
385 2805 582 2840 elementum.»
604 2807 685 2840 Editi,
701 2817 710 2833 t
726 2804 808 2834 un'utn
823 2808 856 2834 ad
873 2804 927 2836 ele;

142 2843 275 2867 mentum.
288 2848 297 2865 ι
323 2839 408 2869 Paulo
433 2846 493 2876 post
517 2849 596 2877 mss,
616 2843 845 2871 ccouvertibilcm
863 2844 927 2872 sub-

986 2233 1040 2258 lum
1055 2233 1114 2260 sine
1133 2233 1176 2260 his
1198 2233 1324 2260 omnibus
1338 2241 1399 2261 esse
1414 2235 1567 2261 consideret
1584 2243 1643 2269 qum
1660 2239 1776 2269 possunt

985 2277 1126 2308 accidere,
1149 2278 1184 2304 ita
1202 2283 1230 2305 et
1247 2279 1273 2305 id
1298 2279 1369 2312 quod
1392 2279 1514 2313 subjacet
1535 2287 1596 2313 qius
1619 2280 1774 2315 intelligere

984 2322 1043 2349 sine
1063 2323 1241 2357 qualitatibus
1256 2324 1364 2358 poterit.
1389 2324 1455 2350 Cum
1475 2331 1540 2359 ergo
1559 2333 1656 2352 sensus
1675 2330 1769 2352 uoster

985 2369 1058 2396 Omni
1083 2369 1213 2404 qualitate
1241 2371 1274 2396 ab
1301 2369 1437 2396 intellectu
1464 2378 1512 2397 suo
1546 2375 1648 2397 remota
1684 2371 1772 2405 ipsum

984 2415 1157 2449 subjacentlze
1182 2418 1276 2448 solius,
1292 2422 1321 2444 ut
1345 2418 1379 2443 ita
1395 2417 1526 2450 dixerim,
1550 2423 1680 2452 punctum
1703 2426 1770 2445 con-

982 2565 1111 2592 stantiam
1132 2564 1172 2591 vel
1190 2563 1345 2590 mutabilem
1361 2562 1403 2590 vel
1425 2563 1596 2590 divisibilem.
1611 2573 1620 2589 ιι
1639 2563 1667 2590 lu
1691 2563 1771 2590 editis

982 2601 1074 2630 deest,
1094 2608 1103 2624 ι
1120 2599 1318 2630 substantiam,
1330 2608 1338 2624 ι
1360 2603 1387 2625 et
1409 2609 1418 2622 ι
1436 2598 1477 2625 vel
1494 2598 1668 2625 divisibilem.
1682 2607 1691 2623 ι
1709 2599 1772 2626 Post

981 2634 1120 2668 paululum
1136 2641 1213 2665 mss.,
1229 2642 1238 2657 ι
1251 2633 1399 2668 secundum
1415 2633 1472 2659 hare
1487 2641 1546 2667 qua:
1564 2633 1590 2658 iu
1605 2633 1768 2668 prioribus.t

985 2669 1054 2696 Εὐειί
1066 2689 1074 2700 ,
1093 2678 1101 2693 ι
1119 2668 1269 2695 secundum
1285 2667 1342 2694 inec
1356 2668 1428 2694 enim
1442 2668 1467 2694 in
1482 2667 1629 2702 prioribus.
1643 2677 1653 2694 ι

1020 2703 1076 2740 (58)
1097 2703 1180 2730 Recte
1198 2710 1275 2740 mss"
1286 2712 1302 2740 _g
1315 2709 1384 2740 esse.
1399 2712 1407 2727 ι
1421 2702 1490 2729 Male
1505 2709 1568 2729 vero
1583 2703 1660 2735 editi,
1679 2707 1768 2730 «est.»

985 2737 1047 2765 ltlo'x
1066 2747 1142 2769 mss.,
1159 2747 1168 2762 ι
1185 2737 1251 2764 nihil
1267 2737 1338 2764 aliud
1354 2744 1414 2764 esse
1427 2743 1552 2764 naturam
1570 2744 1740 2772 corpoream.
1757 2748 1766 2764 ›

981 2774 1064 2806 Editi,
1081 2783 1091 2798 ‹
1106 2773 1173 2800 nihil
1188 2772 1259 2798 aliud
1276 2779 1337 2799 esse
1353 2773 1494 2799 materiam
1508 2779 1676 2806 corpoream.
1689 2782 1697 2798 ι

1018 2808 1073 2843 (59)
1094 2808 1140 2835 Sic
1154 2814 1248 2843 omnes
1261 2814 1326 2834 mss.
1342 2807 1424 2840 Editi,
1441 2816 1450 2832 ι
1465 2807 1536 2843 ineo
1552 2807 1598 2842 qui
1617 2808 1712 2842 vigilat
1730 2807 1769 2834 vel

980 2843 1007 2871 in
1023 2842 1054 2870 eo
1070 2843 1115 2877 qui
1135 2842 1253 2876 dormit,
1271 2847 1317 2869 aut
1333 2843 1360 2869 in
1376 2849 1408 2870 eo
1421 2843 1468 2877 qui
1483 2842 1613 2877 loquitur.
1627 2851 1636 2868 I
