1853 3073
91 118 146 147 ιοο

730 124 830 152 LIBER
847 125 1020 159 QUARTUS.

1668 137 1720 165 ΗΟ

92 179 199 207 tuetur,
223 179 250 202 et
273 175 323 210 ipsi
343 176 465 210 inhaeret,
485 186 653 214 nequaquam
679 183 829 216 respiciens
845 185 877 210 ad
893 187 916 214 Α
931 188 982 210 tem
1016 186 1270 219 compreltznsionem
1288 197 1342 215 eam
1369 191 1480 218 dicimus:
1493 214 1499 225 ,
1522 196 1548 218 ut
1566 201 1616 221 non
1631 195 1717 222 solum

935 238 1011 256 sensu
1026 231 1083 264 quis
1096 237 1118 257 et
1133 232 1260 265 sapientia
1281 237 1496 270 comprehendat,
1516 238 1561 264 sed
1581 244 1604 265 et
1624 240 1718 268 uirtute

931 280 955 302 et
968 276 1084 309 potentia
1100 282 1195 303 cuncta
1211 282 1295 304 teneat
1309 280 1354 314 qui
1367 283 1498 315 cognovit,
1514 291 1564 313 non
1575 293 1715 318 possumus

930 321 1027 353 dicere,
1040 321 1109 355 quod
1122 323 1321 354 comprehendat
1333 324 1420 353 Filius
1435 327 1554 356 Patrem.

92 219 254 253 mollitiem,
277 222 317 248 vel
336 223 481 256 duritiem,
505 225 546 251 vel
575 226 709 261 calidum,
732 228 774 255 vel
801 229 878 264 frigi-

90 264 176 296 dum.
193 265 235 292 vel
256 266 394 294 humidum
408 287 415 300 ,
433 269 475 295 vel
497 270 601 297 aridum
619 271 788 305 substantim,
814 279 879 301 tunc

91 311 220 337 Simulata
244 310 445 346 quodammodo
466 313 647 349 cogitatione,
678 317 720 344 his
754 320 878 347 omnibus

89 355 268 388 qualitatibus
302 357 401 390 nudam
427 358 565 386 videbitur
592 360 688 389 illlllt'l‘i
727 364 876 392 materiam.

126 402 173 428 55.
203 402 256 429 Sed
280 402 394 430 fortasse
409 404 530 438 requiret
548 405 666 440 aliquis,
692 408 712 435 si
736 416 877 442 possumus

87 447 173 472 etiam
189 448 223 474 de
238 447 386 482 Scripturis
398 449 570 477 occasionem
594 451 709 486 aliquam
727 454 877 489 intelligam

89 490 136 517 tite
153 491 234 526 hujus
251 493 385 527 accipere.
404 492 517 520 Videtur
531 493 595 521 mihi
613 496 665 523 tale
677 496 778 532 aliqttid
792 499 876 533 signi-

89 536 169 564 ﬁcari
182 538 209 564 in
223 537 345 569 Psalmis.
362 546 421 566 cum
437 539 536 567 dicitur
549 549 562 567 a
577 540 710 575 Propheta
725 553 731 570 :
748 553 757 570 ι
771 544 872 578 Imper-

87 584 253 619 fectum(60)
265 590 337 612 tuum
347 586 469 613 viderunt
478 587 546 614 oculi
559 589 667 616 niei".p
679 590 876 623 Inquovidctur

87 635 172 656 meus
187 629 332 664 Propheta:
348 639 438 659 rerum
456 634 531 661 initia
558 635 655 663 intuitu
676 637 874 671 perspicaciore

87 674 242 702 discutiens
255 696 262 708 ,
293 680 319 703 et
345 679 488 706 materiam
506 687 586 707 sensu
605 681 663 708 solo
685 689 716 708 ac
740 682 844 710 ratione
861 691 874 710 a

87 720 271 753 qualitatibus
298 723 439 756 dividens,
459 725 647 759 imperfectum
667 727 714 753 Dei
743 729 873 761 sensisse,

87 766 162 800 quod
178 768 272 802 utique
290 769 404 803 adjectis
423 771 598 804 qualitatibus
623 773 784 808 intelligitur
807 782 872 801 con-

85 817 265 840 summatum.
293 814 345 841 Sed
371 821 399 842 et
425 817 450 843 in
470 817 540 844 libro
567 825 617 844 suo
640 818 731 845 Enoch
751 820 785 846 ita
808 821 845 846 ait
866 830 872 848 :

960 365 1024 392 Εἱδὲ
1032 366 1307 403 ὀΠατὴρὲμπεριέχει

929 412 962 438 τὰ
981 412 1078 445 πάντα,
1090 413 1143 439 τῶν
1160 414 1186 440 δὲ
1200 415 1306 443 πάντων

928 458 958 483 τὲ
989 458 1062 483 ἐστιν
1084 459 1098 485 ὁ
1117 459 1199 491 Υῑὺς,
1227 460 1306 496 δῆλον

928 501 968 528 ὃτι
987 503 1033 529 καὶ
1049 503 1094 530 τὸν
1113 504 1187 530 Υἱόν.
1212 505 1305 536 ’Ἄλλος

927 547 954 574 δέ
974 557 1014 580 τις
1035 549 1145 585 ζητήσει
1165 551 1188 576 εἰ
1208 550 1305 586 ἁληῡὲς

926 594 956 620 τὸ
983 595 1084 630 ὁμοίως
1107 596 1152 622 τὸν
1172 596 1236 623 Θεὸν
1259 598 1304 632 ὑφ’

927 642 1024 669 ἑαυτοῦ
1042 643 1223 678 γινώσκεσθαι
1235 665 1243 677 ,
1266 646 1305 681 τῷ

926 689 1108 723 γινώσκεσθαι
1141 691 1223 718 αὑτὸν
1253 693 1305 719 ὑπὸ

925 737 971 763 τοῦ
983 738 1163 772 Μονογενῡῦς·
1183 739 1229 765 καὶ
1241 740 1305 765 ἀπο-

926 783 1050 815 φανεῖτᾳι
1073 783 1113 809 ὃτι
1137 783 1167 809 τὸ
1190 784 1303 819 εἰρημέ-

925 835 984 852 νον·
1003 827 1028 853 Ὀ
1038 827 1139 861 Πατὴρ
1154 829 1169 854 ὀ
1183 829 1303 863 πέμψας

88 866 98 882 ι
108 856 247 884 Ambulavi
259 865 343 893 usque
353 860 387 887 ad
401 861 614 895 imperfectum.)
626 863 696 898 qttod
709 864 795 898 ipsutn
807 870 866 899 putt

942 873 957 899 ὲ
970 872 1075 908 μείζων
1089 884 1146 908 μου
1162 875 1256 907 ἐστὶν,
1274 878 1302 903 ὲν

85 908 170 934 posse
189 903 318 930 similiter
336 906 467 941 intelligi,
486 908 555 940 qttod
572 908 676 935 scilicet
694 909 873 938 ambulaverit

86 955 165 974 mens
176 949 313 983 propheta:
325 957 500 985 perscrutans
509 957 535 980 et
545 953 680 981 disserens
689 956 793 990 singula
803 964 873 990 quae

85 1000 141 1026 que
156 1000 245 1020 rerum
270 995 414 1023 visibilium
434 996 488 1033 (61)
506 1005 646 1033 usquequo
660 999 693 1026 ad
711 1001 870 1035 principium

84 1039 194 1066 venerit
208 1039 273 1067 illud
289 1040 316 1067 in
332 1049 386 1076 qtto
403 1040 587 1077 imperfectam
608 1045 750 1072 materiam
770 1045 872 1081 absque

84 1084 266 1118 qualitatibus
283 1088 434 1121 perviderit
458 1096 466 1115 :
493 1090 622 1126 scriptum
642 1100 758 1127 namque
775 1098 818 1121 est
845 1094 870 1120 in

84 1130 183 1156 eodem
202 1129 313 1164 libello,
331 1132 437 1162 dicente
458 1133 549 1163 Enoclt
568 1145 574 1163 :
597 1146 606 1162 ι
620 1137 764 1166 Universas
788 1144 871 1166 mate-

83 1175 143 1201 rias
161 1178 321 1211 perspexi.)
346 1179 424 1212 Quod
453 1182 546 1216 utique
575 1183 609 1210 ita
637 1185 763 1218 sentitur,
782 1187 869 1220 quasi,

83 1219 188 1249 Omnes
203 1224 323 1251 materia:
341 1225 486 1256 divisimes
501 1229 603 1262 pervidi
617 1251 624 1262 ,
640 1238 699 1264 quae
717 1232 751 1258 ab
768 1240 820 1259 una
845 1233 870 1259 in

83 1267 208 1301 singulas
225 1276 346 1304 quasque
369 1270 482 1306 dirupta:
501 1279 562 1301 sunt
586 1276 701 1310 species.
719 1277 744 1303 id
761 1283 802 1304 est
819 1280 870 1305 bo«

83 1313 207 1345 tninum,
232 1315 273 1341 vel
291 1317 464 1350 animalium,
487 1320 528 1346 vel
551 1321 631 1354 ('(Bii,
659 1323 701 1349 vel
726 1323 807 1356 solis,
830 1325 869 1351 vel

82 1359 208 1386 omnium
222 1367 280 1394 quae
305 1362 332 1388 iit
349 1363 400 1390 hoc
426 1368 526 1392 tnuudo
542 1371 614 1394 Slilll.
646 1367 710 1395 Post
733 1369 791 1396 lia-c
814 1370 868 1404 jatu

82 1404 177 1430 omnia
187 1412 247 1439 qua;
258 1411 322 1433 sunt
335 1414 348 1433 a
365 1408 419 1435 Deo
434 1409 505 1436 facta
521 1417 592 1444 esse,
606 1416 633 1438 et
648 1413 711 1438 nihil
727 1421 785 1440 esse
799 1415 869 1448 quod

81 1449 187 1477 factum
212 1459 263 1478 non
290 1454 325 1480 sit
349 1459 447 1488 praeter
471 1461 594 1484 naturam
611 1457 703 1485 Patris
725 1465 752 1486 et
766 1460 828 1486 Filii
843 1466 869 1488 et.

83 1495 205 1530 Spiritus
230 1499 334 1531 sancti,
361 1504 440 1533 prout
467 1503 604 1535 potuimus
631 1504 657 1530 in
684 1506 869 1539 superioribus

83 1540 336 1571 demonstravimus
351 1554 357 1572 :
380 1547 492 1580 etquod
509 1548 599 1575 volens
623 1549 692 1576 Deus
706 1551 751 1584 qui
775 1556 869 1579 natura

82 1586 173 1614 bontts
189 1587 243 1624 (62)
258 1594 297 1615 est
308 1610 315 1620 ,
332 1590 432 1618 habere
445 1593 544 1626 quibus
560 1594 628 1620 bene
643 1594 763 1626 iaceret,
783 1602 809 1623 et
824 1599 868 1631 qui

83 1632 193 1666 adeptis
207 1634 344 1663 beneficiis
369 1637 427 1664 suis
453 1638 627 1672 laetarentur,
651 1639 759 1668 fecisset
776 1643 870 1676 dignas

83 1683 242 1713 creaturas,
263 1681 289 1707 id
314 1686 355 1709 est
371 1690 429 1717 qua;
451 1691 512 1711 emn
538 1685 618 1720 digne
634 1694 734 1721 capere
748 1694 868 1722 possent,

82 1732 153 1758 quos
169 1729 196 1751 et
209 1727 335 1760 genuisse
354 1735 382 1755 se
403 1729 471 1756 ﬁlios
486 1731 560 1757 dicit.
583 1732 658 1758 Fecit
676 1739 764 1760 autem
778 1736 869 1762 omnia

84 1771 111 1796 in
138 1778 254 1798 nttmcro
281 1777 308 1799 et
331 1782 469 1802 mensura.
490 1776 561 1804 Nihil
587 1779 659 1805 enim
678 1780 731 1806 Duo
751 1781 791 1807 vel
811 1783 869 1808 sitio

84 1816 149 1848 line,
167 1817 208 1844 vel
227 1818 286 1846 sine
300 1827 425 1848 mensura
440 1827 490 1848 est.
513 1823 620 1850 Virtute
637 1826 708 1851 enim
721 1833 767 1852 sua
779 1829 868 1854 omnia

82 1863 289 1896 comprehendit
300 1884 307 1894 ,

925 920 1006 945 πᾶσιν
1028 919 1136 954 ἀληθές.
1157 921 1237 947 Ὥστε
1254 923 1300 948 καὶ

923 967 951 991 ὲν
966 965 1003 1000 τῷ
1020 967 1088 992 νοεῖν
1106 968 1120 992 ὁ
1134 967 1228 1002 Πατὴρ
1241 977 1299 1002 μει-

923 1009 1005 1041 ζόνως
1018 1011 1063 1037 καὶ
1076 1011 1185 1047 τρανοτέ
1191 1021 1243 1046 pm;
1253 1013 1300 1039 καὶ

922 1057 1094 1091 τελειοτέρως
1128 1060 1226 1085 νοεῖται
1255 1060 1299 1094 ὑφ’

922 1102 1017 1129 ἑαυτοῦ
1028 1123 1034 1135 ,
1050 1103 1066 1138 ἢ
1081 1103 1132 1130 ὑπὸ
1156 1104 1201 1130 cui
1223 1104 1297 1131 Υἰοῦ.

1382 371 1461 399 Pater
1472 382 1530 400 vero
1542 376 1628 402 omnia
1643 385 1716 403 cont~

1341 416 1499 451 pre/tendit;
1530 420 1598 446 inter
1627 423 1715 448 omnia

1342 466 1427 488 autent
1465 468 1488 489 et
1524 463 1612 492 Filius
1642 472 1714 495 est:

1341 513 1402 540 ergo
1423 512 1446 533 et
1469 507 1570 535 Filium
1596 519 1714 546 compre.

1342 552 1443 579 Itendit.
1504 553 1632 583 Curiosua
1677 559 1714 584 lc-

1340 603 1395 624 clor
1414 598 1469 634 (64)
1486 599 1608 634 inquit-at,
1627 607 1713 628 utrum

1340 644 1377 670 ita
1393 653 1407 670 a
1421 646 1558 678 semetipso
1573 654 1714 681 cognosca-

1341 696 1385 716 tur
1405 690 1494 724 Pater,
1515 693 1646 727 quomodo
1669 702 1714 720 co-

1339 739 1472 771 gnoscitur
1484 749 1499 766 a
1520 739 1605 771 Filio;
1615 742 1713 768 sciens-

1337 792 1385 818 que
1415 786 1481 812 illud
1495 788 1563 820 quod
1587 788 1711 822 scriptum
1735 801 1738 805 ~

1338 835 1375 858 es!
1390 839 1398 857 :
1416 831 1496 858 Pater
1507 833 1550 866 qui
1570 839 1612 859 me
1627 833 1709 864 misit,

1339 877 1424 912 major
1439 883 1476 904 est
1491 879 1616 905 omnibus
1630 879 1708 913 (64⁸),

1337 933 1423 951 verum
1443 933 1497 951 esse
1519 925 1665 958 contendet,
1682 930 1710 951 ut

1335 972 1414 1003 dicat,
1427 976 1450 997 et
1462 972 1488 997 in
1501 972 1648 1005 cognitione
1659 971 1709 998 Fi-

1335 1015 1370 1042 lio
1385 1015 1489 1042 Patrem
1505 1025 1559 1042 esse
1570 1017 1707 1051 majorem,

1335 1062 1397 1088 dum
1418 1063 1557 1097 perlectius
1576 1068 1599 1089 et
1616 1064 1708 1097 purius

1336 1114 1350 1132 a
1371 1108 1506 1139 semetipso
1529 1110 1706 1142 cognoscitur,

1337 1160 1414 1186 quant
1435 1162 1450 1178 η
1469 1151 1549 1179 Filio.

81 1912 110 1934 et
135 1908 192 1942 ipse
215 1909 311 1936 nullius
329 1917 459 1938 creaturae

81 1959 165 1980 sensu
182 1956 394 1986 comprehensus
407 1963 456 1984 cst.

81 1998 131 2024 Illa
144 1998 216 2025 ettim
232 2004 328 2027 natura
341 2001 390 2028 soli
407 2003 457 2029 sibi

82 2045 192 2078 cognita
210 2051 261 2072 est.
288 2047 367 2075 Solus
385 2050 457 2075 enim

81 2089 164 2117 Pater
191 2092 265 2118 novit
290 2093 407 2126 Filium,
431 2099 458 2121 et

80 2136 158 2163 solus
186 2137 271 2165 Filius
305 2141 380 2166 novit
408 2139 458 2167 Pa-

83 2185 168 2216 trem,
192 2188 219 2210 et
242 2184 317 2211 solus
341 2184 458 2220 Spiritus

81 2233 192 2255 sanctus
225 2237 334 2263 [lCI'SCI'll
340 2235 411 2258 tatur
429 2239 458 2258 ϐ-

83 2273 147 2299 liam
161 2274 213 2301 alta
232 2276 287 2303 Dei.

549 1922 643 1942 ιἚιιειο
660 1923 814 1944 ΠΙΕΙιΟΝἳΙΙ.

531 1959 562 1987 Si
588 1962 657 1988 enim
694 1962 798 1990 Patrem
825 1973 869 1990 co-

495 2006 595 2039 gnoscit
610 2006 760 2044 Filius
774 2029 781 2040 ,
798 2010 869 2036 vide-

496 2057 539 2078 tur
552 2053 578 2078 in
593 2061 622 2080 eo
641 2055 711 2089 quod
728 2056 796 2082 novit
812 2055 866 2082 Pa-

494 2103 569 2130 Ινεηι,
584 2107 658 2132 Τιοεδε
671 2109 728 2126 eum
750 2109 868 2135 compre-

493 2143 605 2170 hendere
626 2151 635 2169 :
658 2149 686 2170 ut
710 2147 732 2171 si
757 2147 867 2173 dicimus

493 2188 602 2221 artiﬁcia
643 2190 761 2216 animum
800 2194 902 2230 artis”

493 2234 560 2260 srire
574 2242 731 2261 mensuram.
750 2235 805 2263 Nec
816 2238 866 2264 du-

493 2279 573 2311 biant,
588 2281 650 2314 quin
663 2281 685 2307 si
699 2279 777 2309 Pater
791 2285 824 2309 sit
839 2285 865 2310 in

921 1215 1016 1243 Omnis
1054 1217 1136 1250 igitur
1171 1224 1295 1244 creatura
1322 1219 1391 1244 intra
1418 1223 1524 1245 certum
1549 1219 1620 1252 apud
1645 1226 1706 1245 e'tm

922 1268 1065 1288 numerum
1094 1271 1303 1297 mensuramque
1328 1264 1516 1297 distinguitur,
1544 1264 1570 1290 id
1595 1268 1637 1291 est
1664 1265 1706 1291 vei

923 1306 1124 1333 rationabilium
1144 1316 1290 1338 numerus.
1307 1309 1347 1335 vel
1367 1316 1494 1335 mensura
1509 1309 1628 1336 materiae
1641 1317 1704 1336 cor-

921 1351 1047 1385 poralis:
1074 1357 1103 1379 ut
1128 1354 1256 1387 quoniam
1275 1361 1385 1381 necesse
1404 1359 1462 1381 erat
1484 1354 1520 1381 uti
1546 1355 1706 1388 corporibus

921 1395 1133 1423 intellectualem
1153 1403 1295 1430 naturam,
1317 1406 1377 1432 qua:
1401 1402 1428 1425 et
1451 1399 1653 1425 commutabilis
1677 1403 1705 1425 et

921 1442 1107 1469 convertibilis
1127 1443 1338 1478 deprehenditur
1351 1451 1381 1470 ea
1405 1444 1462 1477 ipsa
1478 1444 1634 1471 conditione
1652 1452 1704 1478 qua

921 1485 990 1513 facta
1005 1492 1047 1514 est
1061 1489 1144 1522 (quod
1158 1489 1230 1515 enim
1246 1497 1297 1516 non
1313 1489 1362 1515 fuit
1373 1509 1380 1522 ,
1395 1494 1423 1516 et
1436 1497 1498 1517 esse
1510 1490 1607 1524 coepit,
1622 1491 1704 1516 etiam

885 1539 906 1566 ο
926 1532 977 1559 hoc
999 1534 1057 1568 ipso
1091 1539 1193 1562 natura:
1213 1536 1352 1562 mutabilis
1371 1536 1550 1571 designatur).
1569 1537 1630 1563 ideo
1656 1544 1706 1562 nec

924 1579 1127 1607 substantialetn
1155 1581 1252 1608 habeat
1272 1574 1318 1608 vel
1336 1582 1463 1608 virtutem
1491 1582 1533 1609 vel
1560 1581 1704 1613 malitiam,

921 1624 968 1651 sed
983 1625 1163 1652 accidentem.
1183 1627 1316 1659 Quoniam
1329 1635 1405 1661 ergo,
1423 1633 1450 1654 ut
1464 1628 1600 1659 diximus,
1616 1632 1705 1653 muta-

923 1669 984 1696 bilis
1000 1674 1026 1696 ct
1040 1671 1227 1698 convertibilis
1241 1677 1299 1698 erat
1314 1677 1410 1698 natura
1427 1672 1606 1704 rationabilis,
1622 1672 1658 1698 ita
1676 1677 1705 1698 ut

922 1722 970 1748 pro
992 1716 1097 1742 meritis
1118 1717 1199 1743 etiam
1218 1717 1327 1744 diverso
1342 1717 1464 1752 corporis
1488 1722 1608 1743 uteretur
1625 1717 1704 1744 indu—

921 1767 1011 1788 mento
1027 1762 1097 1788 illitis
1115 1762 1157 1788 vel
1183 1762 1255 1789 illitts
1269 1763 1424 1797 qualitatis,
1447 1763 1632 1789 necessarium
1655 1762 1704 1788 iuit

921 1810 950 1832 ut
966 1807 1039 1833 sicut
1064 1807 1236 1834 diversitates
1253 1807 1438 1841 prtunoscebat
1456 1807 1524 1833 Deus
1543 1807 1646 1833 futuras
1662 1808 1703 1833 vel

920 1852 1071 1878 animarum
1087 1852 1127 1878 vel
1144 1853 1274 1879 virtutum
1301 1853 1481 1886 spiritalium,
1505 1853 1540 1878 ita
1557 1853 1638 1879 etiam
1656 1860 1703 1878 tta-

921 1901 1007 1922 turam
1021 1905 1180 1931 corpoream
1195 1898 1296 1925 faceret
1306 1920 1312 1932 ,
1329 1907 1388 1933 qua:
1404 1899 1603 1933 permutatione
1617 1898 1704 1932 quali—

920 1946 1003 1968 tatum
1018 1942 1044 1968 in
1058 1943 1149 1969 omnia
1160 1951 1219 1978 qua:
1233 1951 1275 1971 res
1290 1949 1414 1978 posceret
1426 1944 1576 1971 conditoris
1589 1944 1704 1970 arbitrio

920 1993 1082 2015 mutaretur.
1105 1988 1190 2021 Quam
1214 1991 1305 2016 tandiu
1334 1998 1444 2017 necesse
1467 1995 1508 2017 est
1532 1996 1701 2024 permanere,

919 2034 1037 2067 quandiu
1067 2039 1230 2068 permanent
1254 2043 1286 2062 ea
1313 2044 1372 2070 quae
1399 2036 1520 2070 indigent
1541 2035 1599 2070 ejus
1625 2036 1702 2063 indu-

919 2083 1010 2106 mento
1028 2088 1035 2106 :
1055 2079 1135 2115 195.
1149 2087 1254 2114 semper
1267 2087 1355 2108 autem
1370 2086 1450 2108 erunt
1465 2081 1641 2109 rationabiles
1655 2090 1703 2109 na-

919 2129 987 2153 tura:
1011 2133 1070 2160 qua;
1095 2126 1215 2161 indigent
1241 2127 1398 2153 indumento
1414 2135 1544 2161 corporeo
1565 2136 1571 2155 :
1597 2135 1703 2162 semper

919 2178 983 2205 ergo
1001 2172 1054 2198 erit
1069 2175 1163 2198 ttatura
1177 2178 1306 2204 corporea
1324 2172 1401 2206 cujus
1419 2173 1583 2201 indumentis
1604 2174 1641 2200 uti
1656 2181 1702 2200 nc-

918 2224 995 2244 cesse
1009 2222 1050 2244 est
1067 2218 1243 2245 rationabiles
1258 2222 1396 2245 creaturas
1412 2227 1419 2245 :

919 2283 969 2309 nisi
989 2284 1049 2318 quis
1074 2288 1148 2319 putet
1165 2291 1245 2319 posse
1261 2291 1290 2311 se
1384 2292 1477 2312 vensm
1493 2293 1647 2314 HIERONYIH.

79 2321 165 2352 Filio.
188 2326 211 2347 et
225 2322 452 2355 comprehendatur
471 2325 502 2350 ab
519 2333 548 2350 eo
564 2325 591 2351 in
615 2333 664 2360 quo
684 2332 731 2353 est.
752 2327 802 2354 Sin
816 2338 864 2355 au-

115 2369 139 2385 ⁷⁷
152 2369 224 2396 Psal.
236 2376 366 2401 cxxxvnt,
390 2370 430 2396 l6.

115 2414 174 2449 (60)
194 2414 231 2440 ita
245 2415 346 2448 optime
371 2423 436 2442 mss.
457 2414 526 2441 Male
541 2414 626 2448 editi,
656 2415 866 2449 «imperfectum

79 2448 171 2476 meum
188 2448 313 2476 viderunt
338 2450 408 2476 oculi
433 2450 469 2476 lui
484 2458 490 2480 ς
504 2459 513 2475 ι
539 2457 572 2476 ex
602 2448 779 2483 sequentibus
796 2452 867 2478 enim

80 2485 166 2518 liquet
184 2483 330 2518 Origenem
344 2485 441 2511 vitiosa
472 2484 589 2511 lectione
605 2485 745 2519 deceptum
773 2486 865 2513 existi-

81 2526 171 2545 masse
184 2526 235 2554 non
253 2519 335 2545 Deum
352 2520 501 2554 propltetm,
516 2520 562 2546 sed
575 2520 732 2553 prophetam
747 2529 755 2545 t
768 2520 867 2554 imper-

79 2553 182 2581 fectum
196 2563 205 2579 ›
223 2553 269 2580 Dei
287 2553 409 2580 vidisse.
431 2554 513 2580 Paulo
529 2559 590 2587 post
606 2561 689 2585 mss.;
720 2563 728 2579 I
743 2562 756 2580 a
776 2556 867 2588 quali-

79 2589 182 2616 tatibus
193 2588 327 2615 dividens.
339 2598 348 2614 ι
366 2589 480 2620 Editi,<a
495 2588 690 2622 quantitatibus
704 2590 835 2616 dividens.
851 2600 860 2616 ›

116 2622 171 2657 (61)
190 2622 305 2657 Qquue
333 2631 419 2649 rerum
445 2623 595 2650 risibiliunt.
630 2623 690 2650 ila'c
715 2625 810 2651 destitit
836 2626 861 2652 itt

79 2663 158 2684 antea
181 2658 280 2689 editis,
299 2658 345 2685 sed
371 2659 506 2686 habentur
529 2658 554 2685 in
578 2666 642 2684 mss.
665 2657 765 2686 Ibidem
781 2667 860 2692 mss.,

81 2702 90 2718 ι
107 2693 140 2719 ad
170 2692 333 2728 principium
358 2694 471 2720 venerit.
485 2702 495 2718 ι
519 2693 588 2719 Editi
600 2713 608 2726 ,
626 2701 635 2718 ι
649 2693 683 2719 ad
699 2695 859 2728 principium

79 2728 194 2754 Veniret.
210 2736 220 2753 ι
259 2727 319 2754 Mox
346 2735 423 2760 mss.,
452 2728 578 2762 «absque
601 2727 861 2762 qualitatibus’per-

80 2762 208 2803 ﬁdet-ili
241 2762 327 2803 Editi,
347 2772 356 2788 ‹
368 2763 471 2803 absque
487 2763 686 2803 quantitatibus
703 2763 859 2803 pervidet...

113 2796 170 2833 (61)
186 2797 287 2824 Bonus.
307 2798 385 2825 Deest
401 2796 521 2826 inrantca
536 2798 616 2825 editis
626 2818 633 2831 ,
649 2803 676 2825 at
689 2796 822 2833 reltcritur
837 2799 863 2826 itt

77 2832 204 2860 Omnibus
222 2840 286 2860 mss.

919 2331 979 2357 ullis
993 2332 1187 2359 aSsertionibus
1201 2337 1292 2359 osten-

1362 2333 1390 2360 Si
1407 2335 1464 2367 quis
1479 2341 1566 2362 autem
1587 2337 1699 2369 potuerit

953 2420 1060 2457 (GiiiSi
1077 2422 1146 2448 enim
1167 2420 1270 2449 Putrem
1286 2424 1418 2457 cognoscit
1432 2422 1529 2454 Filius.
1548 2430 1602 2452 etc.
1633 2427 1701 2453 Satt-

917 2459 977 2494 t-tus
989 2455 1172 2494 illieronymus
1184 2458 1264 2492 epist.
1283 2455 1362 2485 {Vind
1376 2459 1485 2494 Avitum
1514 2461 1571 2486 lucc
1592 2468 1652 2494 qua:
1670 2462 1701 2486 ad

918 2490 1241 2529 ltuuqlocuntipertinere
1254 2493 1389 2525 videntur,
1401 2492 1480 2529 μηδι-ι
1495 2501 1509 2519 e
1527 2494 1572 2520 lib.
1593 2490 1617 2521 tv
1631 2496 1700 2529 Περὶ

915 2524 1025 2558 ἀρχῶν,
1042 2526 1087 2552 sed
1102 2527 1215 2562 ttulinus
1229 2528 1356 2562 quoniam
1376 2527 1516 2554 catholica:
1532 2529 1591 2556 lidci
1609 2538 1640 2555 ea
1658 2524 1700 2556 ι’ἒα

916 2566 1036 2592 pugnare
1065 2561 1195 2593 putabat,
1219 2561 1245 2588 in
1271 2563 1397 2590 versione
1415 2571 1461 2590 sua
1480 2563 1581 2589 omisit.
1614 2564 1699 2591 Verba

916 2593 1010 2633 Graeca
1024 2603 1085 2633 qme
1096 2601 1240 2633 postrenttu
1256 2598 1333 2630 hujus
1351 2598 1490 2633 fragutenti
1506 2599 1576 2632 parti
1590 2606 1700 2632 respon-

915 2629 998 2667 dent,
1014 2630 1123 2667 exhibet
1144 2629 1319 2667 justittianus
1346 2634 1380 2660 ad
1393 2629 1641 2667 calcem—epistolui
1665 2634 1698 2661 ad

914 2662 1030 2690 Menam.
1065 2664 1128 2692 Vide
1143 2665 1190 2692 lib.
1208 2673 1228 2692 tt
1246 2667 1479 2701 Origenianorum,
1514 2662 1655 2703 qt'tazstiun.
1670 2668 1697 2695 2.

953 2707 1008 2743 (6i)
1029 2710 1112 2735 (laute
1132 2709 1198 2744 lege.

952 2753 1019 2788 (64')
1036 2754 1136 2781 Sensus
1160 2755 1246 2782 Grmci
1271 2754 1417 2783 Justiuian.
1441 2762 1503 2784 cst:
1524 2760 1628 2784 omnino
1655 2766 1699 2784 vc-

919 2796 976 2827 raut
990 2796 1046 2814 esse
1065 2789 1208 2828 declarabit
1224 2792 1419 2828 quatlﬂdictnnt
1445 2798 1504 2818 cst:
1523 2801 1532 2818 ι
1554 2792 1633 2820 Pater
1653 2795 1697 2828 qui

917 2822 986 2849 misit
1000 2831 1040 2850 me
1055 2823 1140 2858 major
1155 2833 1195 2852 me
1207 2822 1256 2852 est.
1273 2834 1282 2851 ι
1302 2825 1379 2853 Eutr.
1396 2826 1514 2854 ΡΑτιιοι..
