1853 3073
160 90 210 118 Mi

163 148 230 176 dere
244 146 300 183 (65)
312 145 384 181 quod
395 146 479 181 possit
490 151 522 172 na
529 160 540 166 -

163 197 223 221 tura
245 191 413 220 rationabilis
434 191 536 227 absque

165 238 220 265 ullo
243 243 360 271 corpore
378 235 463 263 vitam
491 236 538 262 de-

163 292 237 319 gere.
260 285 312 311 Sed
329 291 410 318 quam
427 283 540 310 difﬁcile

163 329 209 360 sil,
221 333 248 355 et
259 335 341 362 quam
355 335 425 362 pene
436 327 540 361 impos-

163 375 242 402 silzile
264 374 413 402 intellectui
432 378 537 404 nostro,

163 422 189 449 in
217 421 405 456 superioribus
432 420 539 456 singula
576 421 727 452 corporibus
756 420 887 453 vestitur;
922 420 951 447 in

163 470 329 497 disserentes
357 468 538 496 ostendimus.
576 466 697 499 meliori,
713 466 816 500 quando
833 465 880 492 illa
906 465 952 492 de-

162 519 235 550 ponit
259 521 268 540 .‘
292 514 358 540 nulli
383 514 489 540 dubiant
510 517 547 539 est
569 520 678 546 corpora
696 519 748 538 non
772 510 952 545 principaliter

162 560 313 591 subsistere,
333 559 379 586 sed
399 567 444 593 per
459 558 598 584 intervalla
615 562 639 584 et
661 557 692 583 ob
706 556 792 583 varios
806 560 891 583 motus
911 564 951 582 ra-

162 606 328 633 tionabilium
342 609 524 632 creaturarum
540 611 608 630 nunc
629 603 699 637 ﬁeri,
717 607 746 629 ut
759 602 804 637 qui
820 602 861 629 his
880 602 953 629 indi-

163 657 234 687 grnt,
260 652 430 679 vestiantur:
454 656 478 678 et
499 658 603 677 rursum
618 657 677 676 cum
695 649 740 676 illa
768 648 953 683 depravatione

163 699 285 733 lapsuum
302 707 328 726 se
342 699 376 725 ad
398 698 506 724 meliora
517 697 696 726 correxerint.
713 695 820 723 dissolvi
836 697 863 722 in
887 695 953 722 nilli-

164 745 218 772 lum
239 753 248 772 :
268 750 291 771 el
306 745 356 772 hac
367 752 468 777 semper
482 743 646 770 successione
661 742 773 769 variari.

200 791 245 819 36.
264 790 334 818 Puto
353 797 418 817 sane
434 791 510 823 operi
524 789 587 816 huic
609 793 702 816 nostro
717 789 884 816 contrarium
898 796 951 816 non

162 837 247 863 videri
265 837 287 863 si
303 836 385 863 etiam
404 836 436 862 de
460 835 665 862 immortalitate
682 835 884 862 ratioaabilium
909 842 954 862 na-

165 888 224 909 tura
230 890 288 910 rum
298 890 377 916 quam
392 889 534 916 possumus
545 881 664 908 breviter
673 886 839 915 repetamus.
859 879 953 907 Omnis

163 927 209 962 qui
239 928 382 961 participat
404 927 517 961 alicujus
544 935 605 954 cum
632 934 665 954 eo
688 927 734 962 qui
765 925 886 960 ejusdem
913 925 952 952 rei

163 973 298 1007 particeps
321 975 381 1004 est,
409 971 467 998 sine
491 971 574 998 dubio
603 971 683 999 unius
708 971 867 998 substantia:
892 975 950 1002 est,

162 1018 296 1050 uniusque
321 1021 422 1044 naturae
448 1016 514 1050 (G7).
534 1017 568 1044 Ut
587 1021 649 1051 puta
677 1023 772 1043 omnes
806 1015 877 1042 oculi
910 1015 952 1042 lu-

162 1064 202 1091 cis
220 1064 400 1096 participant,
424 1067 449 1089 et
479 1062 538 1089 idco
563 1069 658 1089 omnes
673 1062 760 1091 oculi.
779 1061 824 1095 qui
842 1061 875 1089 de
892 1061 952 1087 luce

162 1109 343 1144 participant,
364 1109 443 1135 unius
470 1112 572 1134 natura:
595 1112 667 1135 sunt.
703 1107 755 1134 Sed
778 1107 840 1133 licet
863 1106 952 1133 omnis

163 1154 195 1181 de
211 1154 269 1180 luce
294 1153 439 1188 participet
469 1153 581 1185 oculus,
613 1158 702 1179 tamen
728 1151 857 1186 quoniam
881 1151 951 1178 alius

164 1199 286 1229 acutius,
316 1198 385 1225 alius
401 1198 524 1225 oblusius
546 1198 637 1230 videt,
657 1205 709 1224 non
740 1198 829 1224 omnis
857 1197 952 1224 oculus

162 1244 301 1278 mqualiter
319 1244 353 1271 de
375 1244 434 1270 luce
457 1244 609 1278 participat.
642 1243 676 1269 Et
696 1250 805 1269 rursum
826 1252 832 1269 :
854 1242 950 1270 Omnis

163 1290 271 1317 auditus
287 1297 379 1317 vocem
393 1289 436 1316 vel
453 1297 547 1317 sonum
566 1289 672 1323 recipit,
686 1293 713 1315 et
727 1288 787 1315 ideo
799 1288 889 1315 onmis
904 1295 952 1314 au-

163 1336 236 1363 ditus
255 1335 335 1362 unius
352 1339 456 1362 natura:
469 1339 520 1361 est.
547 1335 645 1361 Verum
671 1341 720 1368 pro
739 1333 869 1367 qualitate
891 1332 949 1367 puri

163 1386 191 1408 et
213 1381 312 1408 sinceri
330 1381 437 1407 auditus
453 1380 638 1414 unusqui:que
660 1379 781 1406 velocius
803 1379 894 1412 audit,
909 1378 950 1405 vel

165 1427 278 1454 tardius.
299 1427 483 1454 Transeamus
496 1433 561 1460 ergo
576 1425 608 1451 ab
622 1425 663 1452 his
672 1423 846 1452 scnsibilibus
857 1431 947 1451 exem-

164 1473 216 1507 plis
233 1472 265 1498 ad
284 1471 504 1498 intellectualium
523 1470 789 1504 contemplationem.

199 1518 294 1545 Omnis
318 1524 394 1544 mens
418 1524 478 1550 qua:
506 1516 539 1543 de
627 1523 723 1542 VERSIO
741 1521 897 1542 nmnouvlt.

165 1562 340 1590 inti-llectuali
365 1562 425 1589 luce
452 1561 539 1595 parli-
612 1561 822 1589 [intellectualem
871 1561 952 1587 ratio-

165 1611 236 1645 cipal
248 1631 256 1642 ,
277 1618 338 1637 cum
355 1610 429 1637 omni
451 1614 540 1636 mente
577 1608 739 1640 nabilmtque
757 1613 879 1634 naturam
897 1607 951 1641 (68)

165 1667 225 1694 qua!
242 1658 321 1686 simili
340 1658 419 1685 modo
440 1658 473 1684 dc
499 1658 542 1684 in-
576 1657 653 1682 sentit
669 1657 738 1683 Deus
759 1661 781 1682 et
805 1655 951 1689 ttnigcnitus

167 1705 315 1732 tellectnali
345 1705 405 1731 luce
426 1705 541 1738 partici-
578 1700 666 1728 Filius
696 1701 754 1735 ejus
782 1705 806 1727 et
836 1700 952 1734 Spiritus

166 1756 229 1784 pat,
257 1749 336 1776 unius
368 1749 427 1776 sine
458 1749 541 1776 dubio
576 1747 837 1774 aunrtusnentiunt
861 1746 952 1779 Λῆψιιί

165 1799 245 1825 debet
261 1805 321 1825 esse
338 1801 451 1824 naturai.
577 1799 600 1822 et
622 1794 778 1825 Poteslutes,
802 1798 954 1825 alteraque

171 1843 305 1875 Virtutes;
329 1844 406 1870 sentit
432 1843 543 1869 interior
561 1843 637 1868 homo
657 1840 702 1874 qui
720 1839 754 1866 ad
771 1839 910 1872 imaginem
929 1841 952 1863 et

163 1889 366 1916 similitudinem
387 1887 435 1914 Dei
447 1888 568 1914 conditus
588 1891 636 1913 est.
661 1885 702 1912 Ea:
722 1892 773 1919 quo
787 1883 953 1911 concluditur

164 1935 248 1963 Deum
265 1940 288 1962 et
309 1935 364 1961 luco
390 1933 584 1968 quodammodo
610 1932 689 1959 maius
708 1939 763 1958 esse
786 1930 951 1958 tubstantiw.

201 1981 230 2008 Si
247 1989 312 2015 ergo
330 1981 455 2008 ccelesles
471 1980 586 2006 virtutes
610 1976 803 2005 intellectualis
817 1976 886 2003 lueis
897 1995 904 2007 ,
927 1975 953 2002 id

164 2032 204 2054 est
215 2048 222 2058 ,
241 2027 338 2054 divina:
356 2032 459 2054 natura:
479 2033 528 2060 per
544 2027 596 2052 hoc
611 2023 683 2058 quod
698 2022 838 2056 sapientiae
853 2027 879 2048 et
891 2029 954 2048 san-

165 2073 324 2101 ctilicalioni
354 2072 541 2108 participant,
570 2068 743 2104 participium
771 2071 899 2097 sumunt,
927 2070 954 2092 et

167 2119 290 2145 humana:
304 2118 402 2144 animae
416 2117 537 2150 ejusdem
553 2115 623 2142 lucis
640 2119 666 2141 et
682 2112 823 2147 sapientite
838 2111 950 2145 partici-

575 191 626 218 lem
646 192 879 227 rationabilemque
900 201 949 220 na—

576 242 673 272 turam,
695 247 753 265 cum
769 239 950 273 exspoliaverit

575 292 601 310 se
613 291 731 317 corpore,
745 283 828 310 vivere
845 292 891 317 per
910 292 951 310 se-

576 329 732 362 metipsum,
762 333 786 355 et
813 328 840 355 in
868 328 951 363 pejari

577 374 728 401 conditione
757 381 813 401 esse
845 373 950 408 quando

893 86 1051 115 ORIGENIS

576 146 713 174 ostendere
728 146 783 182 (66)
800 148 950 181 incorpora-
966 151 986 178 Α
1003 145 1102 173 stantia
1117 145 1186 181 (70).
1214 144 1271 172 Non
1294 144 1380 173 solum
1395 148 1499 177 autem,
1518 144 1565 172 sed
1580 145 1713 180 quoniam
1737 146 1795 180 ipsa

1741 86 1796 114 “2

1001 193 1091 220 Patris
1102 197 1128 220 et
1143 192 1201 220 Filii
1217 197 1244 220 et
1259 191 1377 227 Spiritus
1396 192 1482 218 sancti
1498 196 1602 223 natura,
1616 192 1696 226 cujus
1709 192 1797 220 solius

1002 238 1191 266 intellectualis
1217 237 1285 265 lucis
1315 238 1440 265 universa
1467 243 1591 265 creatura
1616 238 1797 273 participium

1003 284 1106 316 trahit,
1120 284 1279 318 incorrupta
1295 288 1337 311 est
1349 288 1377 312 et
1391 289 1506 316 aeterna,
1521 284 1600 311 valde
1615 291 1798 318 consequens

1003 335 1031 357 et
1049 330 1236 357 necessarium
1253 334 1293 356 est
1310 330 1391 357 etiam
1407 337 1516 357 omnem
1530 330 1714 357 substantiam
1738 338 1800 365 qua:

1001 381 1111 404 aeterna).
1123 375 1194 403 illius
1213 381 1319 403 natura;
1334 376 1507 410 participium
1524 377 1626 409 trahit,
1641 377 1801 410 perdurare

1001 422 1083 449 etiam
1102 429 1220 456 semper,
1234 426 1262 448 et
1277 422 1513 456 incorruptibilem
1529 430 1589 450 esse
1605 427 1634 449 et
1646 427 1799 454 aeternam,

1002 473 1032 495 ut
1049 468 1148 495 divina:
1166 468 1298 496 bonitatis
1311 468 1449 496 aeternitas
1469 468 1551 496 etiam
1568 469 1594 495 in
1609 476 1640 496 ea
1656 468 1800 502 intelliga-

1003 517 1056 545 tur,
1073 514 1134 540 dum
1149 518 1175 541 et
1198 515 1291 541 teterni
1314 519 1377 542 sunt
1399 515 1426 541 hi
1441 514 1487 549 qui
1503 514 1562 548 ejus
1576 514 1713 543 beneﬁcia
1729 521 1798 541 con-

1002 564 1166 593 sequuntur.
1187 560 1240 587 Sed
1261 561 1331 587 sicut
1346 560 1529 594 percipienda:
1552 559 1619 587 lucis
1643 559 1798 587 diversitas

1002 609 1109 632 servata
1128 611 1170 633 est
1187 606 1214 632 in
1228 605 1376 640 exemplis,
1391 613 1451 633 cum
1467 605 1510 632 vel
1525 605 1647 632 obtusior
1667 604 1711 632 vel
1730 612 1796 632 acu-

1003 651 1055 678 tior
1070 652 1182 678 obtutus
1199 652 1357 686 designatus
1378 657 1420 679 est
1432 651 1563 679 intuentis
1578 658 1586 677 :
1604 651 1642 678 ita
1655 650 1743 678 etiam
1763 650 1796 678 de

1003 697 1092 725 Patris
1105 701 1132 724 et
1144 696 1204 724 Filii
1223 701 1251 725 et
1271 697 1360 724 sancti
1377 697 1496 732 Spiritus
1509 697 1721 732 participatione
1737 703 1796 724 ser-

1003 743 1089 770 vanda
1105 747 1146 770 est
1164 750 1212 776 pro
1228 742 1382 770 intentione
1395 750 1492 770 sensus
1510 742 1552 769 vel
1569 741 1670 769 mentis
1689 741 1797 776 capaci-

1003 792 1058 814 tate
1067 787 1221 813 diversitas.
1238 786 1365 820 Alioquin
1380 785 1596 818 consideremus,
1609 785 1632 813 si
1645 793 1698 812 non
1707 786 1794 813 etiam

1007 833 1118 866 impium
1139 832 1247 859 videtur
1262 836 1291 858 ut
1308 838 1384 858 mens
1402 838 1462 865 qua:
1481 830 1528 857 Dei
1544 838 1630 865 capax
1647 835 1707 862 est,
1728 830 1796 858 sub-

1007 878 1161 905 stantialem
1177 877 1291 912 recipiat
1306 877 1447 904 interitum
1465 884 1472 903 :
1488 880 1618 910 tanquam
1634 875 1687 903 hoc
1704 877 1795 911 ipsum

1006 923 1077 957 quod
1103 922 1254 957 intelligere
1280 922 1364 949 Deum
1392 925 1481 956 potest
1503 925 1530 948 et
1546 921 1663 953 sentire,
1688 928 1743 948 non
1769 920 1794 947 ei

1006 968 1132 995 suillcere
1159 967 1245 1002 possit
1270 968 1303 994 ad
1327 967 1556 1001 perpetuitatem.
1584 967 1705 994 maxime
1730 974 1794 993 cum

1005 1014 1111 1041 etiamsi
1134 1021 1182 1047 per
1197 1013 1388 1048 negligentiam
1408 1012 1517 1040 decidat
1533 1020 1610 1040 mens
1626 1019 1659 1039 ne
1682 1019 1751 1047 pure
1766 1019 1796 1039 et

1006 1060 1110 1095 integre
1124 1060 1151 1087 in
1167 1067 1198 1088 se
1213 1060 1326 1095 recipiat
1339 1060 1422 1087 Deum
1432 1080 1440 1093 ,
1454 1067 1559 1094 semper
1578 1063 1666 1087 tamen
1692 1059 1796 1086 habeat

1006 1106 1032 1133 in
1048 1113 1077 1133 se
1092 1106 1165 1134 velut
1180 1107 1282 1133 semina
1297 1106 1421 1141 quietiam
1438 1105 1581 1140 reparandi
1595 1113 1626 1132 ac
1640 1105 1795 1133 renovandi

1006 1152 1125 1179 melioris
1142 1152 1307 1184 intellectus,
1324 1158 1387 1178 cum
1402 1151 1435 1179 ad
1457 1152 1601 1187 imaginem
1617 1156 1644 1179 et
1658 1151 1794 1178 similitu-

1004 1197 1095 1224 dinem
1114 1197 1162 1225 Dei
1177 1198 1223 1232 qui
1242 1198 1346 1225 creavit
1360 1206 1421 1225 eum
1432 1218 1440 1231 ,
1466 1199 1580 1225 interior
1595 1197 1677 1224 homo
1690 1196 1738 1231 qui
1763 1201 1794 1224 et

1005 1242 1145 1270 rationalis
1162 1242 1271 1274 dicitur,
1287 1248 1444 1271 renovatur.
1464 1243 1578 1278 Propter
1592 1244 1663 1278 quod
1681 1247 1709 1270 et
1730 1250 1795 1277 pro-

1004 1286 1085 1321 pheta
1102 1286 1167 1313 dicit
1191 1295 1199 1313 :
1228 1296 1237 1312 ί
1257 1286 1476 1314 Reminiscentur
1493 1292 1519 1315 et
1543 1290 1738 1314 convertentur
1757 1286 1793 1313 ad

1005 1331 1146 1358 Dominum
1159 1339 1254 1358 omnes
1271 1332 1337 1359 lines
1351 1337 1438 1364 terrm,
1461 1336 1488 1359 et
1503 1331 1656 1358 adorabunt
1672 1331 1700 1358 in
1722 1337 1794 1358 con-

1004 1381 1097 1411 spectu
1112 1377 1170 1412 ejus
1184 1376 1292 1404 familia:
1304 1385 1401 1405 omnes
1412 1378 1531 1412 gentium
1542 1377 1577 1402 ".
1595 1385 1605 1402 ι

1038 1424 1084 1452 37.
1105 1424 1133 1451 Si
1150 1424 1211 1459 quis
1223 1431 1288 1451 vero
1306 1424 1387 1451 audet
1411 1422 1620 1451 substantialem
1636 1422 1793 1458 corruptio-

1005 1478 1066 1499 nem
1082 1471 1147 1498 dare
1159 1471 1183 1498 ei
1204 1471 1249 1505 qui
1267 1471 1414 1498 secundum
1430 1470 1575 1504 imaginem
1591 1473 1617 1496 et
1632 1469 1792 1496 similitudi-

1005 1524 1064 1544 nem
1081 1517 1127 1544 Dci
1147 1515 1234 1543 factus
1259 1520 1315 1547 est,
1343 1520 1372 1542 ut
1386 1522 1437 1550 ego
1455 1520 1530 1548 puto,
1547 1515 1628 1542 etiam
1654 1515 1680 1540 in
1700 1514 1788 1548 ipsum

1003 1561 1102 1589 Filium
1137 1562 1182 1588 Dei
1211 1569 1321 1588 causam
1356 1561 1503 1595 impietatis
1531 1560 1664 1587 extendit.
1699 1560 1792 1594 Imago

1005 1615 1119 1643 namque
1129 1607 1175 1635 Dei
1187 1607 1242 1643 (7i)
1254 1608 1333 1634 etiam
1345 1607 1401 1640 ipse
1411 1606 1559 1641 appellatus
1574 1609 1615 1633 est
1630 1606 1656 1632 iit
1667 1605 1792 1640 Scriptu-

1005 1655 1053 1681 ris.
1074 1655 1127 1680 Aut
1143 1659 1216 1680 certe
1238 1657 1349 1680 accuset
1362 1652 1407 1686 qui
1426 1652 1481 1679 htec
1496 1652 1530 1678 ita
1548 1651 1614 1683 vult,
1640 1650 1789 1685 Scriptura!

1004 1701 1195 1728 auctoritatem
1212 1707 1272 1735 quae
1293 1700 1360 1726 dicit
1388 1699 1422 1727 ad
1451 1699 1595 1733 imaginem
1615 1698 1660 1725 Dei
1687 1698 1787 1725 factum

1006 1753 1065 1773 esse
1076 1746 1212 1774 hominem
1231 1755 1237 1772 :
1252 1745 1278 1772 in
1289 1752 1343 1779 quo
1354 1749 1380 1772 et
1395 1744 1538 1771 manifeste
1549 1744 1647 1771 divinec
1662 1743 1788 1777 imaginis

1005 1796 1209 1827 cognoscuntur
1226 1791 1341 1823 indicia,
1375 1798 1432 1818 non
1460 1796 1510 1824 per
1531 1788 1648 1823 eiiigiem
1666 1789 1791 1822 corponis

1004 1845 1064 1872 qua:
1086 1836 1282 1869 corrumpitur,
1307 1836 1354 1862 sed
1370 1842 1418 1869 per
1431 1834 1513 1861 animi
1536 1834 1726 1868 prudentiam,
1741 1841 1789 1868 per

1001 1882 1134 1916 justitiam
1149 1902 1156 1915 ,
1179 1890 1229 1917 per
1246 1881 1472 1912 moderationem,
1495 1887 1542 1914 per
1567 1880 1694 1906 virtutem
1710 1900 1718 1911 ,
1743 1887 1790 1913 per

1004 1927 1174 1960 sapientiam,
1185 1933 1231 1960 per
1240 1924 1419 1960 disciplinam,
1435 1931 1483 1959 per
1491 1932 1598 1951 onmem
1610 1924 1728 1958 denique
1735 1925 1789 1950 vir-

1006 1977 1091 1998 tutum
1101 1972 1225 2005 cltorum,
1236 1979 1294 2005 quae
1303 1979 1362 1998 cum
1375 1972 1430 2001 Deo
1444 1970 1524 1997 insint
1540 1978 1587 2005 per
1596 1969 1787 2002 substantiam,

1005 2018 1032 2044 iu
1047 2018 1157 2044 homine
1173 2022 1284 2052 possunt
1299 2025 1359 2045 esse
1373 2025 1419 2052 per
1437 2016 1608 2048 industriam,
1623 2021 1650 2043 et
1667 2023 1713 2050 per
1727 2016 1788 2042 imi-

1006 2065 1136 2089 tationem
1154 2062 1216 2095 Dci,
1238 2063 1308 2089 sicut
1323 2068 1349 2089 et
1365 2062 1493 2088 Dominus
1509 2060 1633 2095 designat
1655 2060 1682 2086 in
1703 2059 1788 2086 Evan-

1005 2108 1086 2144 gelio,
1099 2108 1192 2135 dicens
1209 2117 1216 2135 :
1236 2118 1245 2133 ι
1262 2108 1353 2134 Estote
1368 2115 1433 2142 ergo
1452 2106 1646 2134 misericordes
1664 2105 1736 2132 sicut
1759 2110 1787 2132 et

165 2165 238 2199 pium
248 2163 528 2198 sumpsernut(69),ct
539 2163 575 2188 ita
586 2165 646 2188 sunt
657 2161 737 2187 unius
751 2164 856 2186 natura:
866 2157 900 2185 ad
910 2158 952 2184 in-
967 2152 992 2181 ι)
1007 2153 1086 2180 Pater
1100 2158 1188 2181 voster
1202 2153 1356 2181 misericors
1366 2158 1407 2181 est
1415 2153 1448 2179 7°.
1463 2162 1471 2178 ι
1489 2152 1532 2184 Et,
1547 2161 1556 2177 ‹
1571 2151 1663 2178 Estote
1677 2151 1787 2185 perfecti

167 2209 252 2235 vicem
268 2209 403 2242 uniusque
419 2206 589 2234 substantias.
608 2205 776 2239 lncorrupta:
789 2207 878 2230 autem
891 2206 956 2229 sunt

167 2258 194 2281 et
222 2253 390 2281 immortales
411 2253 536 2280 caelestes
557 2251 689 2282 virtutes,
713 2250 874 2277 immortalis
896 2249 955 2276 sine

167 2299 250 2327 dubio
265 2304 292 2326 et
307 2299 464 2333 incorrupta
477 2298 530 2325 erit
541 2297 629 2325 etiam
639 2297 736 2323 animze
749 2296 876 2322 humanae
890 2294 954 2321 sub-

148 2365 156 2370 ”
200 2355 224 2372 ⁷³
233 2354 279 2382 Ps.
297 2355 427 2383 “11.27.
471 2355 493 2370 ⁷⁸
505 2354 571 2381 Luc.
587 2361 624 2385 vt,
637 2353 680 2380 56.

201 2414 258 2449 (65)
277 2415 361 2441 Caute
378 2414 446 2447 lege.

201 2445 259 2512 (66)
277 2449 307 2476 Si
329 2450 385 2485 quis
401 2445 488 2475 autem
505 2449 619 2482 patuerit
639 2446 774 2474 ostendere
785 2465 793 2478 ,
808 2450 860 2472 etc.
892 2445 950 2472 Hoc

201 2494 232 2512 sm
259 2489 427 2512 raamentum
440 2484 550 2511 exhibet
563 2483 662 2509 ibidem
680 2481 859 2512 Hieronymus
874 2487 889 2507 e
903 2480 949 2506 lib.

163 2480 232 2514 item
246 2480 427 2518 fragmentum
440 2480 550 2511 exhibet
563 2483 662 2509 ibidem
680 2481 859 2516 Hieronymus
874 2487 889 2507 e
903 2480 949 2506 lib.

164 2529 190 2548 tv
210 2519 279 2554 Περὶ
294 2519 407 2554 ἀρχῶν,
433 2527 447 2545 a
465 2518 564 2554 [inlinit
580 2521 785 2554 antem_utpote
807 2522 950 2554 erroneum

163 2550 368 2617 dissimétlatuin
385 2558 437 2581 est.
468 2553 533 2580 Vide
558 2553 606 2579 lib.
627 2559 645 2579 ιι
669 2550 834 2586 0rigenian.,
857 2558 885 2585 q.
906 2551 949 2583 il,

163 2597 240 2617 Ilum.
278 2609 284 2615 ι

163 2599 196 2616 IIU
205 2597 240 2617 m.
257 2597 284 2617 ν.

203 2624 258 2658 (67)
280 2624 326 2651 Sic
337 2630 434 2650 omnes
445 2623 522 2651 codd.
537 2629 602 2649 mss.
622 2621 704 2654 Editi,
721 2631 731 2647 ι
749 2625 842 2656 utpula
857 2627 952 2658 omnes

168 2655 238 2686 oculi
247 2655 292 2693 qui
303 2658 370 2685 lucis
379 2658 553 2693 participant,
564 2657 643 2684 unius
655 2662 759 2684 natura:
773 2655 950 2693 Sunt.t_lnl'r_a

169 2690 276 2725 mssa".
292 2690 441 2719 inuitissitie
452 2690 532 2719 dubio
545 2693 626 2720 debet
640 2700 701 2720 esse
715 2696 826 2719 natum.
841 2700 850 2717 ι
868 2690 952 2722 Editi,

170 2738 178 2753 ι
191 2728 310 2761 ejusdem
322 2728 381 2754 sine
389 2727 472 2754 dubio
480 2727 559 2754 debet
572 2735 633 2755 esse
645 2733 759 2754 naturae.
774 2736 783 2752 ι
800 2726 858 2753 Mox
868 2733 950 2761 tnss.,

170 2760 330 2796 «sapientiae
346 2767 373 2789 et
399 2762 608 2790 sanctiﬁcationi
630 2762 805 2797 participant.
829 2770 840 2788 ι
865 2760 951 2793 Editi,

170 2807 178 2823 ι
191 2799 223 2824 dc
238 2798 295 2832 ipsa
312 2797 528 2826 sanctiﬁcatione
546 2798 719 2833 participant.
735 2807 743 2823 ι

727 2352 749 2367 ⁸ο
766 2351 861 2378 Matth.
874 2359 898 2384 ν,
915 2351 958 2377 i8.

1004 2201 1075 2227 sicut
1084 2205 1111 2227 et
1121 2199 1295 2227 Patervester
1306 2200 1440 2234 perfectus
1451 2198 1531 2226 est”.
1539 2207 1548 2223 ι
1562 2198 1638 2226 Unde
1648 2197 1788 2224 evidenter

1006 2246 1162 2274 ostenditur
1174 2247 1245 2281 quod
1263 2246 1289 2273 in
1310 2246 1365 2273 Deo
1380 2245 1491 2280 quidem
1506 2245 1547 2272 lue
1560 2251 1654 2271 onmes
1675 2243 1788 2269 virtutes

1005 2299 1112 2326 semper
1128 2297 1210 2326 sunt,
1239 2299 1289 2319 nec
1307 2299 1424 2326 unquam
1449 2291 1577 2319 accedere
1604 2294 1718 2324 possunt
1743 2292 1789 2315 aut

1041 2407 1097 2444 (68)
1119 2405 1327 2444 Intellectualem
1342 2404 1574 2444 rationqbilemqtte
1587 2408 1723 2444 naturain,
1735 2408 1786 2430 etc.

1002 2437 1064 2470 Ilaec
1075 2437 1133 2476 quae
1150 2450 1164 2469 e
1181 2442 1251 2469 libro
1267 2446 1363 2475 quarto
1376 2440 1445 2474 Περὶ
1462 2437 1562 2474 ἀρχῶν
1577 2437 1787 2476 proiert_liiero-

1002 2473 1099 2510 nymus
1116 2477 1141 2504 in
1164 2477 1243 2510 epist.
1259 2473 1293 2502 ad
1313 2473 1420 2502 Avitum
1431 2495 1439 2507 ,
1455 2476 1556 2502 omissa
1570 2479 1634 2510 sunt
1648 2481 1663 2500 a
1676 2473 1782 2500 Ruﬁno.

1028 2507 1069 2540 ille
1087 2513 1134 2539 lih.
1149 2520 1167 2538 ιι
1182 2507 1349 2546 Origenian.,
1362 2518 1389 2544 q.
1406 2511 1433 2542 l,
1450 2517 1524 2546 num.
1535 2510 1561 2540 5,
1577 2509 1603 2541 6,
1619 2507 1646 2535 7.

1039 2548 1095 2581 (69)
1113 2548 1158 2574 Sic
1177 2543 1243 2574 mss'.
1269 2547 1297 2573 In
1318 2543 1398 2572 editis
1412 2545 1546 2572 omittitur
1567 2554 1575 2572 ;
1591 2552 1605 2581 Δι
1617 2548 1651 2581 et
1664 2543 1786 2572 humanm

1004 2578 1100 2610 anima:
1112 2582 1232 2616 ejusdem
1247 2581 1314 2609 lucis
1328 2585 1355 2608 et
1373 2580 1513 2614 sapientia:
1528 2578 1701 2613 participium
1717 2586 1787 2605 sum-

1021 2623 1125 2645 St‘.l'l|l|l.
1143 2627 1152 2642 ι

1003 2627 1234 2688 ῃδῗὲὃῖξίἐῃξεε.
1251 2650 1420 2688 Editi_v_ero:
1438 2656 1448 2674 ι
1465 2656 1518 2688 non
1533 2648 1711 2688 autem_sicut
1730 2648 1782 2681 ipsa

1002 2683 1093 2715 Patris
1106 2692 1132 2714 ct
1145 2686 1240 2713 Filii...
1261 2684 1431 2719 participium
1445 2684 1537 2716 trahit,
1555 2690 1615 2718 qua!
1629 2683 1785 2716 incorrupta

1002 2728 1043 2750 cst
1057 2727 1084 2749 ct
1106 2728 1217 2749 acterna.
1247 2718 1322 2748 Unde
1339 2718 1416 2746 valde
1434 2719 1599 2746 conveniens
1615 2723 1641 2745 et
1664 2725 1785 2745 necessa-

1002 2762 1172 2827 ωῗῆῗδῢεξ.
1200 2791 1279 2819 Deest
1304 2791 1330 2817 in
1352 2789 1449 2822 editis,
1475 2788 1522 2815 sed
1537 2788 1653 2815 habetur
1669 2787 1697 2815 in
1724 2794 1782 2814 mss.
