1853 3073
62 149 121 178 ιεέι

675 155 843 184 ιιΒΕιιυε
863 156 906 183 DE
925 156 1112 185 ORATIONE.

1659 164 1711 191 422

64 212 224 246 ἀνθρώπῳ
240 212 359 239 λαλεῖν.
376 213 461 240 Τοῦτο
481 214 510 240 δὲ
525 214 554 241 τὸ
578 214 690 250 Πνεῦμα
711 216 760 242 οὑκ
775 217 839 250 aput

930 216 1006 243 ςιιιίαι
1021 225 1068 252 pro
1085 218 1160 244 nobis
1183 219 1321 252 gavisi."
1344 219 1562 248 inenarraﬁr'ﬁbus
1576 221 1609 254 η,
1626 221 1715 250 aﬂuit

67 268 156 294 μενον
168 258 210 293 τῷ
222 260 398 294 ἐντυγχάνειν
413 260 451 296 τῷ
464 261 532 296 Θεῷ,
544 262 681 289 ἐπιτεῖνον
693 263 743 298 τὴν
752 263 870 296 ἔντευξιν

66 305 323 340 ὑπερεντυγχάνευ
342 305 397 339 ἐγὼ
413 304 544 341 (tipatam
558 309 621 344 περὶ
637 309 690 335 τῶν
704 308 869 344 ὑπερνικών-

66 358 143 376 τωνσ
159 351 257 382 ὁποῖος
278 351 386 382 Παῦλος
404 349 438 387 ἦν
462 353 564 386 λέγων·
599 355 680 382 Ἀλλ’
702 355 737 381 ἐν
755 355 869 388 τούτοις

67 396 173 423 mirer
186 397 404 432 ὑπερνικῶμεν.
424 399 505 430 Εἰκὸς
518 399 540 425 δ’
555 400 595 426 ὄτι
613 401 770 436 ἐντυγχάνει
790 402 869 437 μόνον

68 442 138 478 περὶ
154 442 212 469 τῶν
226 443 257 469 οὐ
270 443 436 478 τηλικούτων
450 445 510 479 μὲν,
524 445 560 477 ὡς
573 447 732 482 ὑπερνικᾷν,
743 448 773 474 οὺ
787 448 870 474 τοιού-

64 497 124 514 των
144 487 174 514 δὲ
192 488 274 516 πάλιν
290 489 361 516 ὥστε
379 491 515 523 νικᾶσθαι,
534 492 601 518 ἀλλὰ
618 492 764 520 νικώντων.
794 494 868 528 Ἐχό-

66 542 155 568 μενον
170 533 199 560 δὲ
211 534 270 561 τοῦ”
289 535 319 562 Τί
330 535 364 562 δὲ
376 535 424 563 δεῖ
433 538 656 572 προσεύξασθαι
672 539 745 567 καθὸ
757 539 803 566 δεῖ
813 541 868 566 οὐκ

65 577 217 612 οἷδαμενσ
235 580 316 607 ἀλλὰ
329 580 361 606 τὸ
378 582 499 616 Πνεῦμα
514 583 692 617 στεναγμοῖς
706 583 868 617 ἀλαλήτοις

65 624 328 660 ὑπερεντυγχάνει
339 625 378 658 τῷ
388 626 458 659 Θεῷ,
467 627 506 653 τό·
518 628 722 662 Προσεύξομαι
731 629 770 661 τῷ
779 630 868 655 πνεύ-

64 678 152 703 ματι,
167 670 369 705 προσεύξομαι
387 671 421 697 δὲ
436 672 483 699 καὶ
499 672 538 705 τῷ
552 673 608 705 νοῒ,
622 673 711 707 ψαλῶ
723 673 762 706 τῷ
776 676 866 701 πνεύ-

64 723 152 748 ματι,
174 715 264 749 ψαλῶ
279 715 326 741 καὶ
338 715 378 748 τῷ
395 717 458 742 νοτε
477 717 537 743 οὐδὲ
555 717 610 753 γὰρ
626 718 737 745 δύναται
755 719 832 754 ἡμῶν
854 721 867 746 ὁ

67 760 134 791 νοῦς
156 761 376 796 προσεύξασθαι,
401 762 449 789 ἐὰν
471 763 508 798 μὴ
533 763 585 800 πρὸ
599 763 682 790 αὐτοῦ
702 764 732 790 τὸ
754 765 866 800 Πνεῦμα

66 807 258 842 προσεύξηται
269 807 333 842 (98),
342 809 421 835 οἱονεὶ
432 809 461 835 ὲν
473 808 585 844 ὑπηκόῳ
595 809 648 844 (99)
660 810 740 836 αὑτοῦ
750 819 756 824 ·
772 810 866 846 ὥσπερ

66 853 131 880 οὐδὲ
144 853 231 888 ψᾶλαι
245 853 293 879 καὶ
304 853 449 889 εὐρύθμως
462 855 508 880 καὶ
521 855 646 890 ἐμμελῶς
660 856 707 882 καὶ
720 857 866 892 ἐμμέτρως

925 261 1035 289 illoest:
1055 261 1142 289 Orabo
1154 264 1261 296 spiritu,
1281 264 1361 291 orabo
1374 270 1398 292 et
1414 273 1506 300 mente,
1530 267 1642 301 psallam
1657 269 1712 303 spi-

924 307 988 340 ritu,
1002 307 1114 342 psallunt
1129 312 1153 334 et
1166 312 1249 335 mente
1267 309 1298 335 “.
1325 309 1416 344 Neque
1438 312 1510 338 enim
1525 320 1605 340 orare
1635 322 1712 342 mens

924 357 1016 379 nostra
1031 356 1122 387 potest
1136 352 1187 379 nisi
1205 358 1268 380 ante
1280 354 1374 388 ipsum,
1388 362 1473 390 eaque
1485 358 1562 391 quasi
1573 359 1710 392 audiente,

923 402 983 425 oret
1003 398 1122 432 Spiritus
1141 408 1146 425 :
1169 404 1198 426 ut
1225 406 1312 434 neque
1332 400 1446 434 psallere
1473 406 1499 429 et
1516 403 1652 432 modulato
1679 413 1712 433 ac

923 449 1068 470 numeroso
1095 443 1216 470 carmine
1250 445 1468 479 consonantique
1491 454 1564 481 (voce
1600 448 1711 476 laudare

922 486 1029 514 Palrem
1046 488 1072 514 in
1085 488 1206 522 Christo,
1219 489 1271 516 nisi
1283 488 1399 524 Spiritus
1416 491 1461 524 qui
1476 493 1562 518 omnia
1577 499 1711 520 scrutatur

922 534 1002 559 etiam
1014 533 1146 567 profunda
1164 534 1211 560 Dei
1230 534 1250 550 "
1265 536 1339 568 prius
1365 535 1456 562 laudet
1469 541 1495 564 et
1511 537 1629 564 celebret
1645 546 1708 566 eutn

922 577 999 612 Cujus
1015 578 1147 613 profunda
1164 584 1302 607 scrutatus
1316 585 1366 612 est,
1381 585 1417 612 et,
1430 585 1460 607 nt
1475 581 1568 615 valuit,
1585 590 1709 618 compre-

923 624 1027 651 hendit.
1046 624 1179 659 Equidem
1195 625 1321 653 existimo
1335 627 1491 661 quempiam
1509 634 1525 654 e
1536 627 1599 655 Jesu
1627 629 1709 657 disci-

921 669 1009 703 pulis,
1031 678 1090 698 cum
1117 671 1169 698 sibi
1188 672 1312 699 conscius
1334 677 1406 700 esset
1429 678 1561 708 quantum
1589 675 1708 703 humana

921 715 1092 743 imbecillitas
1114 717 1221 744 abesset
1246 725 1261 744 a
1284 723 1358 745 recto
1379 719 1475 746 orandi
1501 721 1598 754 modo;
1626 722 1709 756 idque

920 762 1038 788 maxime
1049 763 1219 797 cognovisset
1234 763 1334 791 auditis
1347 765 1436 792 doctis
1453 770 1480 792 et
1493 768 1597 801 magnis
1608 774 1709 795 sermo-

920 806 999 833 nibus
1013 814 1083 841 quos
1099 807 1223 835 Salvator
1246 808 1378 837 habuerat
1402 810 1430 837 in
1462 818 1509 838 sua
1535 813 1568 839 ad
1598 812 1707 841 Patrem

919 852 1050 884 oratione,
1084 853 1198 880 Domino
1217 855 1341 883 oratione
1360 855 1492 890 completa
1510 857 1611 885 dixisse
1628 867 1635 885 :
1655 858 1708 885 Do-

66 900 116 926 καὶ
133 899 290 933 συμφώνως
311 900 430 935 ὑμνῆσαι
445 900 490 926 τὸν
505 900 613 936 Πατέρα
630 902 659 928 ὲν
676 901 796 937 Χριστῷ,
813 903 839 929 ἑὲ

931 898 998 930 line,
1014 898 1096 932 200
1111 899 1173 925 doce
1191 908 1238 926 nos
1258 908 1345 934 arare,
1359 901 1427 928 sicut
1439 907 1462 928 et
1481 901 1599 931 lcanues
1616 905 1707 932 docuit

68 946 108 980 μὴ
127 945 164 971 τι)
178 945 299 979 Πνεῦμα
313 945 346 971 τὸ
359 945 457 972 πάντα
466 945 596 979 ἐρευνῶν
607 947 656 973 καί
671 947 705 973 τὰ
716 947 797 981 ,ϐάθη
811 949 863 984 tif;

67 991 158 1021 θεοῦ,
178 991 310 1026 πρότερον
325 991 426 1017 αἰνέσει
441 992 488 1018 καὶ
500 991 615 1026 ὑμνήσει
628 991 675 1018 τοῦ
688 993 734 1018 vo?)
747 993 780 1020 τὰ
795 993 863 1029 βάθη

65 1036 209 1072 ἡρεύνηκε
226 1037 274 1071 (l),
291 1037 338 1063 ua).
354 1036 392 1068 ὡς
404 1036 529 1072 ἐξίσχυσε
547 1037 719 1073 κατείληφεν.
744 1038 815 1072 Ἐγὼ
835 1039 863 1065 δὲ

65 1082 163 1116 οἴομαι
176 1081 213 1116 (2)
234 1081 446 1117 συναισθόμενόν
463 1090 524 1108 τινα
541 1082 594 1109 τῶν
607 1082 654 1108 τοῦ
674 1083 760 1118 Ἰησοῦ
777 1083 864 1118 μαθη-

65 1126 123 1154 τῶν
137 1127 188 1162 τῆς
199 1126 371 1162 ἀνθρωπίνης
386 1126 528 1159 ἀσθενείας
540 1127 761 1164 ἀπολειπομένης
772 1129 818 1155 τοῦ
833 1129 862 1155 ὃν

64 1173 171 1208 τρόπον
194 1172 320 1207 εὔχεσθαι
337 1173 387 1205 δεῖ,
411 1174 458 1199 καὶ
478 1174 596 1208 μάλιστα
617 1174 689 1200 τοῦτ’
711 1175 860 1208 ἐγνωκότα,

65 1219 112 1244 ὅτε
129 1218 320 1253 ἐπιστημόνων
335 1219 381 1245 καὶ⁸
396 1219 521 1254 μεγάλων
533 1219 629 1254 λόγων,
647 1219 663 1254 ἢ
682 1220 728 1246 καὶ
742 1220 860 1254 εὐεπαγ-

64 1265 239 1300 γελλομὲνων
264 1266 302 1301 (5)
326 1265 379 1292 ὑπὸ
401 1266 448 1292 τοῦ
472 1266 596 1301 Σωτῆρος
618 1267 646 1293 ὲν
666 1267 698 1300 τῇ
725 1266 792 1302 πρὸς
815 1266 860 1292 τὸν

66 1311 182 1347 Πατέρα
192 1311 269 1347 εὐχῇ,
280 1312 447 1347 παυσαμένῳ
456 1311 502 1338 τοῦ
513 1312 711 1347 προσεύχεσθαι
721 1311 759 1347 τῷ
766 1313 860 1348 Κυρίῳ

65 1358 231 1392 εἰρηκέναι·
254 1358 360 1392 Κύριε,
379 1358 504 1390 δίδαξον
528 1359 605 1392 ἡμᾶς
631 1359 859 1392 προσεύχεσθαι,

65 1401 168 1434 καθὼς
179 1403 229 1429 καὶ
252 1402 391 1436 Ἰωάννης
406 1403 523 1434 ἐδίδαξε
538 1402 608 1435 τοὺς
615 1403 749 1437 μαθητὰς
756 1403 858 1430 αὐτοῦ.

66 1446 152 1478 ’Ὀλος
168 1446 196 1472 δὲ
214 1448 227 1473 ό
243 1447 339 1483 εἱρμὸς
360 1447 407 1474 τοῦ
426 1447 508 1483 ῥητοῦ
525 1447 611 1479 οὕτως
630 1448 703 1483 ἔχει’
723 1447 780 1475 Καὶ
799 1448 860 1483 ἐγέ-

64 1502 136 1520 νετο
153 1493 188 1520 ὲν
201 1493 239 1525 τῷ
257 1491 333 1520 εἶναι
352 1493 445 1519 αὑτὸν
469 1494 713 1528 προσευχόμενον
732 1493 766 1520 ἐν
780 1495 860 1527 τόπῳ

65 1539 128 1565 τινὶ
147 1539 188 1571 ὡς
202 1539 365 1571 ἐπαύσατο,
388 1537 452 1566 εἶπέ
474 1547 519 1571 τις
535 1538 594 1565 τῶν
611 1539 751 1573 μαθητῶν
765 1540 857 1566 αὑτοῦ

65 1584 143 1617 ,πρὸς
157 1584 264 1610 αὐτόν·
283 1584 380 1618 Κύριε,
394 1583 518 1615 δίδαξον
534 1583 612 1618 ἡμᾶς
623 1585 853 1619 προσεύχεσθαι,

66 1630 167 1663 καθὼς
183 1630 231 1657 και
252 1630 393 1664 Ἰωάννης
406 1630 524 1662 ἐδίδαξε
540 1631 761 1667 προσεύχεσθαι
783 1633 855 1666 τοὺς

63 1676 201 1711 μαθητὰς
213 1676 305 1703 αὑτοῦ
411 1676 465 1711 ἄρα
482 1676 534 1711 γὰρ
551 1676 692 1714 ἄνθρωπος
710 1679 856 1715 ἐντεθραμ-

68 1721 150 1756 μένος
163 1723 196 1757 τῇ
207 1723 305 1757 νομικῇ
319 1722 468 1756 κατηχήσει
481 1724 528 1751 καὶ
539 1726 571 1759 τῇ
585 1724 715 1760 ἀκροάσει
727 1724 780 1750 τῶν
793 1733 855 1760 προ-

67 1766 189 1802 φητικῶν
199 1767 295 1801 λόγων,
304 1767 356 1793 τῶν
364 1775 393 1794 τε
403 1769 568 1803 συναγωγῶν
580 1770 616 1804 μὴ
629 1769 758 1796 ἁπολειπό
762 1778 852 1804 μενος,

66 1812 117 1838 οὐκ
129 1812 263 1846 ἠπίστατο
272 1815 448 1850 ὁπωσδήποτε
462 1814 598 1850 εὔχεσθαι,
611 1815 707 1851 μέχρις
717 1811 746 1842 οὗ
760 1815 801 1851 ἴδῃ
809 1815 854 1841 τὸν

67 1857 167 1893 Κύριον
183 1859 328 1895 εὐχόμενον
339 1861 369 1887 ὲν
388 1860 462 1895 τόπῳ
478 1861 548 1893 τινί;
568 1860 647 1886 Ἀλλὰ
662 1860 741 1886 τοῦτο
755 1860 853 1886 ἄτοπον

68 1904 197 1938 φάσκειν·
220 1904 318 1940 ηὔχετο
343 1905 391 1940 μὲν
415 1905 469 1941 γὰρ
487 1905 557 1932 κατᾶ
579 1904 613 1931 τὰ
636 1904 769 1932 Ἰουδαίων
792 1904 851 1939 ἔθη,

67 1949 139 1985 ἑώρα
155 1949 183 1975 δὲ
197 1949 318 1984 μείζονος
331 1950 486 1985 ἐπιστήμης
503 1949 597 1976 ἑαυτὸν
612 1949 737 1984 δεόμενον
751 1949 791 1980 εις
806 1949 852 1975 τὸν

67 1995 193 2030 περὶτῆς
209 1995 291 2030 εὐχῆς
303 1995 395 2022 τόπον.
410 1995 442 2021 Τί
454 1994 482 2021 δὲ
498 1995 544 2021 καὶ
558 1995 572 2020 ὁ
589 1995 715 2029 Ἰωάννης
731 1994 852 2021 ἐδίδασκε

65 2041 128 2071 τοὺς
140 2040 263 2076 μαθητὰς
277 2040 340 2076 περὶ
359 2040 408 2075 τῆς
421 2040 512 2075 εὐχῆς,
526 2040 580 2066 ἀπὸ
598 2039 789 2075 Ἰεροσολύμων
805 2040 852 2065 καὶ

72 2086 161 2120 πάσης
176 2086 226 2120 τῆς
245 2086 374 2116 Ἰουδαίας
392 2086 438 2112 καὶ
452 2085 502 2120 τῆς
519 2085 673 2121 περιχώρου
689 2085 852 2120 ἐρχομένους

870 1563 891 1594 G

68 2132 245 2167 βαπτίζεσθαι
258 2132 324 2167 πρὸς
336 2132 432 2164 dimov;
445 2133 468 2158 εί
481 2133 518 2167 μή
533 2141 600 2163 τινα,
610 2131 680 2158 κατὰ
691 2131 721 2157 τὺ
730 2131 853 2166 περισσό-

64 2186 143 2213 τερον
162 2176 230 2204 εἶναι
246 2179 396 2213 προφήτου,
414 2177 511 2203 astam
527 2177 591 2212 περὶ
607 2177 656 2212 τῆς
670 2176 764 2212 εὐχῆς,
781 2177 851 2212 ἆπερ

916 945 1057 978 discipulos
1073 953 1143 971 suos.
1161 945 1254 972 Omnis
1272 951 1361 974 autem
1373 947 1423 975 loci
1437 948 1521 976 series
1536 949 1575 976 sic
1602 950 1703 978 habet:

916 988 949 1015 Et
965 989 1065 1023 factum
1085 995 1134 1022 est,
1152 999 1210 1016 cum
1232 997 1298 1019 esset
1315 993 1341 1018 in
1355 995 1470 1027 quartam
1485 994 1541 1021 loco
1562 1003 1652 1028 orans,
1676 1001 1705 1023 ut

914 1037 1034 1069 cessavit,
1045 1036 1111 1063 dixit
1119 1045 1186 1063 unus
1197 1045 1229 1064 ea:
1242 1038 1299 1071 ejus
1307 1039 1446 1073 discipulis
1459 1040 1493 1066 ad
1505 1048 1562 1067 eum
1570 1041 1703 1075 :Dontiue,

914 1080 978 1108 doce
991 1089 1037 1108 nos
1062 1090 1138 1109 orare
1167 1086 1234 1110 sicut
1257 1085 1348 1110 docuit
1372 1089 1397 1112 et
1418 1085 1535 1114 Joannes
1560 1088 1702 1122 discipulos

913 1133 975 1152 suos
994 1125 1060 1153 ¹⁸....
1076 1127 1154 1154 Anne
1179 1127 1262 1162 igitur
1288 1128 1368 1156 homo
1389 1130 1468 1165 legali
1491 1132 1640 1160 innutritus
1660 1134 1702 1161 di-

913 1171 1045 1206 sciplinte,
1055 1174 1277 1207 propheticorum
1290 1175 1419 1210 frequens
1429 1178 1538 1205 auditor
1546 1185 1701 1207 sermonum

913 1221 941 1244 et
954 1217 982 1244 in
997 1220 1142 1254 synagogis
1158 1220 1294 1254 assiduus,
1305 1227 1442 1257 utcunque
1454 1231 1534 1252 orare
1550 1226 1699 1258 nesciebat.

912 1262 999 1290 donec
1016 1269 1140 1292 orantem
1159 1267 1277 1300 quodam
1293 1266 1319 1293 in
1336 1267 1396 1295 loco
1414 1268 1556 1297 Dominum
1575 1271 1701 1299 vidisset?

911 1309 951 1335 At-
960 1309 1011 1336 hoc
1027 1309 1173 1337 absurdum
1189 1311 1263 1338 dictu
1282 1317 1323 1340 est
1342 1322 1350 1339 :
1369 1313 1465 1341 orabat
1480 1315 1552 1342 enim
1585 1316 1700 1345 Judaico

911 1361 1002 1386 more;
1018 1354 1120 1388 majore
1133 1363 1199 1383 vero
1218 1356 1333 1384 scientia
1352 1358 1474 1393 indigere
1485 1366 1514 1386 se
1533 1361 1560 1387 in
1577 1360 1652 1388 illum
1668 1362 1701 1389 de

910 1400 1034 1427 oratione
1049 1399 1138 1428 locum
1165 1401 1285 1428 videbat.
1310 1402 1380 1436 Quid
1396 1409 1487 1432 autem
1512 1405 1569 1440 ipse
1582 1405 1700 1435 Joannes

910 1444 1055 1479 discipulos
1070 1452 1134 1473 suos
1153 1446 1186 1473 de
1199 1447 1324 1475 oratione
1341 1449 1457 1477 docebat
1467 1457 1526 1477 cum
1540 1451 1574 1478 ab
1589 1450 1698 1480 Jeroso-

910 1490 989 1526 lymis
999 1495 1027 1518 et
1040 1491 1114 1519 omni
1122 1491 1214 1520 Iudaea
1224 1497 1251 1520 et
1265 1495 1338 1521 omni
1348 1496 1457 1529 regione
1470 1496 1542 1524 circa
1549 1496 1695 1525 Iordanem

910 1537 1043 1571 venirent,
1069 1543 1098 1566 ut
1120 1539 1325 1573 baptizarentur
1348 1542 1382 1568 ab
1401 1542 1451 1569 eo?
1479 1542 1535 1570 Nisi
1553 1544 1698 1572 credamus

909 1592 985 1617 eum,
1001 1584 1072 1619 quod
1088 1585 1148 1620 plus
1161 1591 1234 1614 esset
1249 1593 1330 1620 quam
1346 1589 1488 1622 proliheta,
1505 1589 1603 1617 vidisse
1626 1590 1698 1618 circa

906 1629 1060 1658 orationem
1084 1631 1228 1665 nonnulla,
1248 1640 1307 1667 quae
1320 1633 1459 1668 probabile
1477 1635 1513 1662 sit
1533 1642 1588 1663 non
1603 1635 1638 1664 iis
1651 1637 1697 1671 qui

907 1675 1117 1710 baptizabantur
1143 1678 1284 1710 omnibus,
1314 1678 1361 1705 sed
1392 1679 1437 1713 qui
1464 1687 1495 1707 se
1521 1685 1584 1708 ante
1609 1681 1698 1717 bapti-

906 1728 996 1747 smum
1019 1721 1182 1750 erudiendos
1207 1724 1398 1758 praebuissent,
1418 1731 1523 1753 secreto
1541 1727 1695 1756 tradidisse.

905 1765 1064 1802 Hujusmodi
1097 1769 1235 1796 orationes
1255 1778 1318 1797 vere
1342 1772 1508 1805 spirituales,
1541 1780 1638 1802 orante
1668 1777 1695 1803 in

906 1813 1033 1841 cordibus
1047 1818 1203 1842 sanctorum
1221 1815 1334 1850 Spiritu,
1345 1817 1430 1850 plena:
1449 1819 1588 1846 recondita
1606 1821 1690 1847 mira—

906 1857 1011 1893 bilique
1038 1859 1160 1886 doctrina
1183 1860 1325 1894 deseriptte
1347 1866 1420 1888 sunt.
1439 1862 1466 1888 ln
1482 1863 1570 1896 primo
1590 1863 1693 1899 Regum

903 1904 991 1930 oratio
1003 1903 1087 1931 Annze
1098 1911 1131 1931 ex
1144 1909 1229 1939 parte.
1244 1904 1312 1932 lluic
1330 1906 1413 1938 enim,
1427 1914 1485 1933 cum
1503 1907 1694 1942 multiplicare:

903 1956 990 1982 preces
1011 1956 1099 1975 coram
1124 1949 1236 1976 Domino
1259 1955 1284 1977 et
1298 1950 1448 1983 loqueretur
1461 1952 1488 1978 in
1504 1953 1583 1979 corde
1594 1962 1642 1981 suo
1659 1954 1691 1988 ’⁵,

904 2000 958 2020 non
975 2000 1045 2028 opus
1058 1993 1109 2020 fuit
1123 1994 1268 2029 scriptura.
1288 1995 1316 2022 ln
1332 1994 1449 2023 Psalmis
1463 2002 1556 2024 autem
1572 1999 1692 2032 psalmus

903 2038 1024 2066 decimus
1040 2043 1134 2067 sextus
1149 2039 1241 2066 Oratio
1269 2039 1354 2066 David
1370 2040 1516 2074 inscriptus
1542 2046 1599 2074 est;
1615 2048 1693 2070 octo-

903 2084 1020 2118 gesimus
1034 2093 1120 2112 nonus
1138 2085 1230 2112 Oratio
1245 2085 1330 2120 Moysi
1348 2086 1448 2113 homini
1464 2085 1535 2119 Dei;
1553 2091 1580 2115 et
1600 2094 1692 2116 cente-

902 2131 987 2157 simus
1003 2131 1116 2165 primus,
1135 2130 1227 2157 Oratio
1247 2131 1368 2164 pauperi,
1384 2139 1443 2158 cum
1459 2133 1555 2159 anxius
1571 2133 1650 2166 fuerit
1666 2140 1691 2161 et

901 2176 928 2203 in
953 2181 1088 2210 conspectu
1111 2176 1215 2203 Domini
1239 2177 1362 2211 eﬂ'uderit
1387 2185 1487 2212 precem
1509 2187 1593 2205 suam.
1626 2179 1692 2213 Qua:

64 2223 136 2255 εἰκὸς
147 2224 188 2250 ὃτι
204 2224 235 2250 οὐ
247 2224 312 2250 πᾶσι
334 2225 390 2254 τοῖς
405 2221 621 2257 βαπτιζομένοις,
636 2222 703 2248 ἀλλὰ
715 2223 770 2253 τοῖς
784 2221 839 2257 πρὸ

930 2222 1041 2249 'ationes
1049 2229 1110 2248 cum
1121 2229 1182 2248 vere
1192 2222 1292 2256 Spiritu
1301 2222 1380 2250 facta:
1388 2229 1416 2250 et
1425 2224 1544 2251 recitatze
1553 2225 1691 2261 orationes

64 2269 95 2295 τὸ
108 2268 283 2303 βαπτίζεσθαι
297 2269 334 2303 (5)
349 2268 578 2304 μαοητευομένοις
587 2268 615 2295 ἐν
624 2267 771 2302 ἀπορρήτῳ
783 2275 854 2302 παρ-

65 2315 159 2341 εδίδου.
182 2315 215 2341 At
228 2315 351 2341 τοιαῦται
374 2315 402 2340 δὲ
419 2315 497 2349 εὐχαὶ
513 2314 541 2340 αἱ
558 2314 643 2345 ὅντως
659 2313 853 2348 πνευματικαὶ,

64 2360 279 2396 προσευχομένου
291 2361 318 2386 ὲν
325 2362 358 2396 τῇ
367 2360 466 2396 καρδίᾳ
473 2360 527 2386 τῶν
539 2359 621 2394 ἁγίων
631 2359 677 2386 τοῦ
685 2358 852 2394 Πνεὺματος.

908 2266 1019 2299 iuerint,
1036 2267 1118 2294 etiam
1145 2267 1244 2294 divinae
1268 2268 1413 2302 Sapientiae
1439 2272 1582 2305 praeceptis
1605 2272 1690 2307 plena:

908 2316 982 2345 sunt,
1012 2315 1041 2339 ut
1066 2313 1100 2340 de
1127 2312 1160 2340 iis
1174 2319 1234 2347 qua:
1250 2312 1278 2340 in
1305 2313 1370 2348 ipsis
1396 2315 1599 2351 promittuntur,
1636 2317 1689 2344 dici

907 2357 1007 2392 possit:
1020 2357 1085 2390 Quis
1100 2358 1203 2392 sapiens
1225 2363 1249 2385 et
1270 2359 1397 2394 intelliget
1420 2361 1649 2398 ista?inttlligens
1663 2368 1688 2390 et

100 2429 119 2444 “
132 2429 207 2456 Rom.
224 2436 281 2462 vni,
295 2429 340 2456 26.
379 2429 400 2444 "
414 2430 424 2455 ι
439 2428 501 2456 Cor.
513 2436 570 2462 xxv,
581 2428 623 2455 l5.
662 2428 683 2444 ¹³
695 2427 704 2454 l
715 2428 778 2456 Cor.
793 2436 835 2460 III,

939 2427 961 2443 “
975 2426 1039 2454 Luc.
1058 2428 1137 2460 11,1.
1175 2428 1197 2443 ¹¹
1210 2427 1221 2454 l
1235 2427 1303 2463 Reg.
1319 2437 1343 2461 ι,
1360 2429 1403 2456 l2.

98 2497 152 2531 (98)
173 2497 248 2524 οὐδὲ
276 2497 331 2532 γὰρ
356 2497 478 2524 δύναται
499 2497 583 2532 ἡμῶν
605 2499 622 2524 ό
647 2498 721 2530 νοῦς
749 2506 844 2532 προσ-

63 2533 212 2567 εύξασθαι,
228 2532 282 2559 ἐὰν
295 2532 338 2566 μὴ
352 2533 409 2566 πρὸ
425 2533 517 2560 αὐτοῦ
531 2533 565 2559 τὸ
585 2532 701 2567 πνεῦμα
716 2534 843 2566 προσεύ-

65 2563 156 2601 ξηται.
175 2563 522 2600 Diligenterobservandus
534 2572 576 2595 est
591 2567 635 2594 hic
650 2563 723 2594 locus
734 2563 765 2594 in
788 2576 842 2601 quo

65 2602 250 2635 praevenienlis
270 2603 364 2636 gratia:
388 2603 576 2629 necessitatem
590 2603 623 2629 ad
637 2607 783 2635 orandum,
803 2603 828 2628 di

66 2637 141 2663 sertis
160 2636 251 2663 verbis
274 2637 356 2663 tradit
371 2638 512 2672 Origenes.
529 2636 625 2664 Utrum
641 2642 729 2664 autem
749 2640 843 2664 catho-

65 2671 115 2698 lice
128 2678 233 2704 semper
248 2671 282 2697 de
298 2673 385 2705 gratia
407 2671 515 2702 sentiat.
529 2672 587 2698 fuse
604 2672 759 2706 disputatur
781 2672 843 2698 Ori-

64 2706 230 2741 gem'anorum
244 2706 290 2731 lib.
306 2714 334 2737 n,
349 2708 499 2741 quaestione
514 2707 640 2741 septima.

97 2740 150 2775 (99)
172 2740 312 2774 Ὺπηκόῳ.
327 2740 447 2769 Bentlcio
455 2741 627 2769 scribendum
644 2740 760 2773 videtur,
774 2741 841 2775 ἐπη-

97 2795 132 2845 ῖῖ)
151 2809 298 2844 Πρότερον
316 2810 428 2837 αἰνέσει
449 2810 498 2837 καὶ
514 2810 643 2844 ὑμίν-λήσει
667 2810 719 2837 τοῦ
737 2810 791 2836 νοῦ
810 2810 843 2836 τὰ

63 2845 136 2878 βάθη
163 2845 322 2878 ἡρεύνηκε.
349 2846 429 2872 Valde
454 2847 548 2879 placet?
564 2846 698 2872 correctio
725 2845 842 2877 Ilenllci,

68 2881 187 2915 πρότερον
196 2879 291 2914 αἱνέση
301 2881 345 2906 κειί
355 2878 462 2916 ὑμνήσῄ
471 2881 514 2906 τὸν
527 2878 556 2906 οὗ
569 2880 600 2906 τὰ
615 2880 681 2915 βάθη
696 2879 841 2915 ἡρεύνηκε.

931 2497 970 2533 (2)
992 2497 1371 2532 Οἵομαι.ΒειιιΙείυς,εοι-ἰι)ἰι,
1387 2497 1476 2535 οἶμαι.

929 2545 968 2579 (3)
987 2543 1099 2580 Λόγων,
1113 2543 1143 2580 γῆ
1161 2543 1210 2570 καὶ
1231 2545 1529 2580 εὐπαγτελλομένων.
1547 2545 1685 2580 Deprava—

896 2584 950 2606 tam
970 2580 1039 2605 hanc
1056 2579 1199 2606 lectionem
1217 2578 1337 2606 sanitati
1349 2578 1470 2607 restituit
1483 2578 1631 2611 Bentleius,
1643 2581 1684 2606 in~

893 2614 1004 2674 geniosa
1027 2615 1097 2642 istac
1113 2614 1292 2647 correctione,
1315 2614 1400 2649 λόγων
1422 2615 1520 2650 ἤκουεν
1545 2615 1681 2649 ἐπαγγελ-

909 2657 1024 2674 ομ-νων.

909 2649 1024 2683 ομένων.

932 2694 968 2730 (4)
987 2694 1015 2720 In
1035 2694 1195 2730 codicerins.
1207 2692 1258 2718 hoc
1275 2692 1335 2730 loco
1351 2698 1393 2730 est
1407 2693 1495 2730 hiatus
1512 2692 1544 2718 ad
1561 2693 1678 2726 spatium

897 2728 977 2755 trium
998 2729 1106 2755 circiter
1126 2728 1268 2756 liue.u'um.
1286 2729 1349 2754 licet
1370 2728 1437 2754 nihil
1459 2728 1491 2754 ad
1507 2735 1616 2754 sensum
1633 2729 1678 2753 dc-

895 2764 1009 2790 sidcrari
1028 2764 1159 2789 \‘illculut‘.

931 2810 969 2842 (5)
989 2808 1067 2846 Πρῷς
1081 2808 1113 2846 τὸ
1133 2807 1338 2846 βαπτίζεσθαι.
1363 2806 1676 2846 μοεῑιροηιζυὶυεφρὸς

894 2841 1136 2880 τῷβαπτίζεσοαι,
1157 2843 1286 2871 Dominus
1300 2842 1428 2870 Claudius
1443 2841 1544 2874 Flcuri,
1562 2843 1613 2877 πρὸ
1629 2841 1675 2868 τοῦ

896 2879 1082 2914 βαπτίζεσθαι.
