1853 3073
186 119 235 148 ιςι

935 121 1094 150 ORIGENIS

1753 125 1794 153 57,-?

185 172 227 193 est
246 173 340 201 preces
367 165 399 192 ad
425 172 485 191 cum
512 164 620 192 mittere
634 166 678 200 qui
700 171 844 201 antequam
861 175 930 194 ort‘n‘

1023 176 1068 194 ται
1088 169 1124 200 ὡς
1142 168 1194 203 πρὸ
1208 168 1303 195 τούτου
1322 168 1359 204 μὴ
1374 168 1504 203 γνωσθέν.
1524 169 1571 201 Τίς
1586 166 1634 196 οὖν
1650 168 1723 204 χρεία
1739 171 1793 196 ἀναη

185 213 238 240 scit
260 212 358 246 quibus
385 211 574 245 indigeamus?
595 211 650 238 Scit
669 212 737 239 enim
753 211 836 239 Pater
860 213 967 239 ctzlestis

183 258 248 293 quid
279 265 342 291 opus
368 257 405 283 sit
432 257 504 284 nobis
529 261 671 292 antequam
712 263 832 292 petamus
868 260 965 285 eum”.

183 303 303 338 .‘Equum
331 308 373 329 est
399 307 489 329 autem
517 303 636 337 eumqui
661 308 688 330 et
711 307 787 336 pater
803 304 924 331 omnium
940 309 968 331 et

184 349 274 383 opifex
292 353 344 379 est,
363 348 499 382 (liligitque
516 349 603 375 omnia
621 357 678 384 qum
692 353 763 382 sunt,
780 353 804 376 et
827 349 892 376 nihil
912 350 966 376 otlit

181 402 272 422 eorum
286 402 345 429 qua:
358 393 418 428 fecit
427 394 460 426 ³⁸,
472 394 617 421 saluhriler
636 402 695 429 qua:
712 395 743 420 ad
762 395 882 429 singulos
899 396 965 422 atti-

181 445 259 473 nent,
275 441 383 468 etiamsi
405 449 457 469 non
474 444 563 472 orent,
576 440 746 475 dispensare,
777 441 861 475 patris
891 449 966 469 more

181 486 227 520 qui
253 493 313 513 cum
330 485 450 513 infantes
467 485 546 520 regit,
569 492 621 512 non
644 492 737 512 eorum
755 493 850 519 preces
869 493 966 521 exspe-

181 535 236 557 ctat
251 531 296 565 qui
318 530 358 557 vel
381 531 492 558 omnino
515 536 606 565 putere
629 538 682 558 non
706 536 828 565 possunt,
843 531 883 558 ve‘l
911 540 964 566 prae

181 575 290 602 inscitia
306 582 377 609 sa'pe
393 583 438 603 res
455 575 567 603 utilibus
584 575 798 610 opportunisque
812 577 964 604 contrarias

182 627 279 654 capere
308 620 413 647 volunt.
438 619 501 647 Plus
529 624 619 647 autem
647 627 697 647 nos
723 620 847 647 homines
871 628 885 648 a
916 621 963 648 Dei

184 671 274 693 tuente
301 665 434 693 distamus
459 673 538 700 quam
569 666 620 692 ulla
647 674 792 701 puerorum
818 666 931 694 infantia
947 675 963 694 a

181 716 271 738 mente
284 717 437 745 parentum.
453 711 588 739 Credibile
598 716 639 739 est
654 712 736 739 Deum
750 720 802 739 non
815 713 963 748 praevidere

182 760 286 783 tantum
317 763 378 790 qua:
409 756 497 783 futura
514 763 587 789 sunt,
601 757 649 784 sed
663 761 690 784 et
701 758 896 792 prmordinare,
912 766 962 786 nec

180 802 326 837 quidquam
341 803 465 830 accidere
482 807 581 837 praeter
592 810 622 830 ea
637 811 697 838 quae
709 804 742 831 ab
762 804 819 838 ipso
830 804 905 839 prius
917 813 963 832 or-

1020 212 1175 248 πέμπεσθαι
1184 213 1265 248 εὺχὴν
1273 213 1310 248 τῷ
1319 214 1365 240 καὶ
1375 214 1440 249 πρὶν
1448 213 1577 247 εὖξασοαι
1589 215 1754 250 ἐπισταμένῳ
1761 213 1793 242 ὧν

1019 257 1170 293 χρῄζομεν;
1188 256 1254 285 Οἵδε
1268 258 1322 293 γὰρ
1330 259 1361 284 '0
1371 258 1472 292 Πατὴρ
1484 260 1499 285 ὁ
1511 258 1648 292 οὐράνιος
1658 256 1700 286 ὧν
1707 261 1794 293 χρείαν

1018 302 1126 337 ἔχομεν
1140 303 1196 337 πρὸ
1215 303 1268 330 τοῦ
1280 303 1357 338 ἡμᾶς
1381 303 1500 337 αἰτῆσαι
1521 305 1622 331 αὐτόν.
1643 304 1750 338 Εὕλογον
1770 305 1793 332 δὲ

1017 347 1127 382 Πατέρα
1141 347 1187 374 καὶ
1196 347 1359 384 δημιουργὸν
1375 349 1456 375 αὑτὸν
1472 349 1536 375 ὄντα
1550 349 1596 376 τοῦ
1612 350 1719 382 παντὸς,
1733 351 1792 386 ἀγα-

1016 391 1117 418 πῶντα
1127 392 1162 419 τὰ
1181 391 1253 419 ὄντα
1267 392 1365 420 πάντα
1380 393 1429 420 καὶ
1441 393 1539 428 μηδὲν
1552 393 1794 428 ,ϐδελυσσόμενον

1017 433 1061 462 ὧν
1083 437 1239 472 πεποίηκε,
1255 438 1394 474 σωτηρίως
1409 439 1442 465 τὰ
1458 439 1523 474 περὶ
1539 439 1652 467 ἕκαστον
1668 442 1713 467 καὶ
1723 441 1793 476 χωρὶς

1019 481 1065 507 τοῦ
1084 481 1215 514 εὔξασθαι
1226 484 1387 518 οἰκονομεῖν,
1396 483 1473 519 δίκην
1488 485 1605 519 πατέρος
1618 485 1719 520 νηπίων
1730 489 1795 521 προῖ-

1017 528 1162 562 σταμένου,
1184 529 1231 555 καὶ
1252 529 1289 564 μὴ
1306 529 1498 565 περιμένοντος
1521 530 1634 557 ἐκείνων
1662 531 1709 566 τὴν
1723 531 1793 564 ἀξίω-

1016 581 1056 599 σιν
1069 593 1076 605 ,
1097 574 1156 608 ἤτοι
1178 574 1238 609 μηδ’
1253 575 1320 606 ὅλως
1334 575 1489 610 δυναμένων
1501 577 1598 609 αἰτεῖν,
1611 577 1627 612 ἢ
1640 577 1683 604 διὰ
1697 578 1794 611 ἄγνοιαν

1015 618 1142 650 πολλάκις
1166 620 1200 646 τὰ
1223 621 1335 647 ἐναντία
1364 623 1419 654 τοῖς
1446 622 1615 658 συμφέρουσι
1636 623 1683 650 καὶ
1702 623 1794 650 λυσιτε-

1013 663 1089 690 λοῦσι
1105 665 1235 692 θελόντων
1250 666 1350 694 λαϐεῖν.
1375 667 1593 704 Ἀπολειτνόμεοα
1615 669 1643 695 δὲ
1658 670 1682 696 οἰ
1703 669 1795 706 ἀνθρω-

1013 718 1058 736 ττοι
1079 710 1168 736 πλεῖον
1181 711 1227 737 τοῦ
1241 711 1309 738 Θεοῦ
1326 711 1381 747 (29)
1402 712 1475 747 ἥπερ
1489 713 1523 739 τὰ
1538 714 1635 749 κομιδῇ
1652 714 1739 741 παιδία
1753 714 1792 741 τοῦ

1011 755 1057 781 νοῦ
1078 755 1130 782 τῶν
1148 757 1362 792 γεγεννηκότων.
1381 757 1461 789 Εἰκὸς
1473 757 1512 793 τῷ
1525 758 1584 793 Θεῷ
1597 759 1627 785 ου
1644 759 1722 794 μόνον
1733 768 1792 796 προ-

1012 801 1145 835 εγνῶσθαι
1159 802 1192 828 τὰ
1212 803 1336 838 ἐσόμενα,
1352 803 1420 830 ἀλλὰ
1434 803 1480 830 καὶ
1497 804 1733 840 προδιατετὰχθαι,
1751 806 1793 833 καὶ

180 849 274 876 diuala
287 853 360 875 sunt.
377 848 412 875 [lt
432 848 515 884 igitur
528 849 548 876 si
563 849 625 883 quis
638 850 703 876 oriri
730 850 812 877 solem
834 857 930 884 precar

1016 847 1098 882 μηδὲν
1111 847 1185 882 αὐτῷ
1198 848 1274 883 παρὰ
1288 848 1322 875 τὰ
1338 849 1591 885 προδιατεταγμένα
1605 851 1659 886 (30)
1670 852 1791 885 γίνεσθαι.

180 899 233 927 tur,
262 894 359 922 stultus
389 894 537 922 haberetur
551 902 612 922 eum
628 895 654 922 id
675 896 732 923 suis
751 895 819 923 eﬂici
836 897 961 930 precibus

177 945 292 976 peteret,
311 941 383 975 quod
409 941 491 967 etiam
516 941 576 968 sine
593 941 718 975 precibus
739 941 859 968 futurum
875 947 934 970 erat
952 952 959 969 :

177 987 217 1013 sic
254 986 370 1013 antens'
394 985 440 1014 ille
476 985 548 1013 foret
584 987 629 1020 qui
667 992 777 1022 propter
808 988 959 1015 orationem

176 1039 251 1058 suam
265 1031 323 1058 fieri
340 1035 456 1065 putaret,
476 1031 557 1065 quod,
573 1031 625 1058 etsi
650 1039 701 1059 non
715 1037 832 1064 orasset,
849 1034 959 1060 omnino

177 1077 296 1104 futurum
335 1081 403 1105 erat.
442 1076 545 1104 llursus
567 1082 596 1103 ut
626 1085 732 1105 omnem
763 1079 806 1105 ille
825 1079 957 1106 insaniam

176 1123 321 1151 excederet
345 1124 404 1157 qui,
433 1123 504 1158 quod
532 1123 572 1151 sol
596 1125 621 1150 in
644 1125 737 1151 aestivo
759 1125 875 1152 solstitio
903 1134 958 1151 Inn-

174 1168 260 1195 leslus
282 1169 318 1196 sit
347 1172 374 1195 et
391 1168 499 1201 adurat,
517 1169 644 1202 precibus
661 1170 717 1196 suis
743 1174 852 1204 putaret
876 1169 956 1204 205

175 1213 260 1240 solem
288 1213 321 1240 ad
347 1220 430 1240 verna
463 1213 536 1247 signa
570 1213 806 1247 transferendum,
837 1219 866 1241 ut
899 1215 958 1247 ipse

175 1259 315 1286 commoda
334 1259 438 1286 fruatur
449 1260 518 1286 aeris
536 1259 665 1293 temperie
683 1259 742 1287 :sic
755 1268 815 1294 quae
838 1260 956 1287 humano

173 1305 264 1339 grneri
282 1304 450 1331 incommoda
465 1303 619 1331 necessario
633 1303 759 1331 accidunt
778 1304 800 1331 si
817 1304 878 1339 quis
893 1312 955 1339 pre-

174 1351 250 1378 cibus
264 1349 321 1376 lieri
337 1354 414 1384 putat
426 1356 506 1384 posse
532 1357 566 1376 ne
583 1349 712 1384 patiatur,
729 1356 836 1377 omnem
853 1350 897 1377 ille
912 1359 957 1376 su-

172 1395 309 1430 pcraverit
332 1394 477 1421 insaniam.
498 1393 575 1427 Quod
591 1394 614 1421 si
633 1393 742 1421 alienati
759 1398 819 1420 sunt
833 1399 954 1428 peccato-

174 1449 213 1467 νει
230 1449 245 1466 a
261 1439 336 1466 uulua
351 1439 384 1472 ”,
400 1443 427 1466 et
439 1443 596 1473 segregatus
608 1443 650 1466 est
663 1438 753 1472 justus
768 1446 800 1466 ea:
812 1444 883 1465 utero
899 1447 955 1465 mrt-

173 1486 220 1512 tris
233 1485 309 1517 ‘°;et
327 1493 334 1511 :
352 1484 417 1510 Cum
436 1483 553 1510 nondum
571 1483 627 1509 miti
649 1482 769 1517 fuissent,
786 1487 832 1509 aut
852 1482 953 1517 aliquid

173 1532 233 1557 barri
249 1531 359 1565 egissent
375 1534 420 1557 aut
437 1530 510 1562 mali,
526 1534 554 1555 ut
573 1529 715 1556 secundant
726 1528 877 1556 electionem
893 1537 954 1562 ρι’οτ

171 1577 284 1611 positum
303 1575 351 1603 Dei
377 1579 505 1607 maneret,
527 1582 577 1601 non
598 1582 630 1600 ex
647 1574 776 1608 operibus,
797 1575 842 1600 sed
865 1582 896 1600 ex
911 1583 953 1600 uo-

171 1626 247 1649 cante
259 1621 368 1653 dicitur,
384 1620 446 1655 quia
462 1620 549 1654 major
573 1619 665 1646 serviet
690 1619 785 1646 minori
799 1619 837 1652 “;
853 1618 953 1645 frustra

171 1674 221 1700 pro
232 1665 395 1694 remissione
409 1670 583 1700 peccatorum
605 1671 726 1696 oramus,
750 1669 796 1691 aut
813 1669 842 1691 ut
867 1663 953 1699 Spiri-

172 1716 228 1738 tum
248 1711 418 1739 fortitudinis
449 1710 627 1744 accipiamus.
654 1715 680 1738 et
702 1711 791 1737 omnia
819 1711 953 1744 possimus

169 1757 339 1785 confortante
351 1764 400 1784 nos
414 1756 523 1784 Christo
537 1754 572 1780 η.
589 1754 619 1783 Si
635 1755 709 1782 enim
734 1760 890 1789 peccatores
907 1763 953 1782 su-

169 1811 240 1835 mus,
255 1802 363 1829 alienati
389 1809 482 1829 sumus
505 1809 518 1827 a
539 1801 633 1833 vulva;
654 1801 676 1828 si
701 1807 734 1828 ex
756 1804 832 1828 utero
857 1801 952 1828 matris

169 1852 269 1875 nostra:
293 1854 386 1874 sumus
413 1845 567 1880 segregati,
596 1845 696 1879 Optima
728 1848 841 1880 quaeque
874 1845 952 1872 nobis

167 1894 248 1921 etiam
264 1901 328 1920 non.
341 1893 481 1921 orantibus
512 1897 664 1920 occurrent.
680 1891 752 1925 Quas
768 1892 839 1918 enim
858 1899 951 1925 preces

167 1939 301 1966 obtulerat
313 1938 395 1966 Iacob
408 1939 441 1966 de
458 1945 522 1973 quo.
536 1942 682 1972 antequam
699 1941 866 1969 nasceretur,
880 1944 950 1971 prte-

168 1985 269 2011 diclum
287 1988 328 2011 est
342 1983 401 2011 fore
412 1988 441 2011 ut
455 1987 595 2018 superaret
611 1983 692 2016 Esau,
708 1982 759 2017 ipsi
771 1990 877 2017 quoque
891 1990 951 2010 ser-

166 2029 236 2056 viret
250 2029 332 2056 frater
346 2029 387 2056 "?
400 2029 469 2062 Quid
491 2029 572 2063 impie
590 2031 712 2064 gesserat
735 2028 806 2055 Esau
833 2033 862 2055 ut
887 2029 950 2055 odio

165 2075 314 2103 haberetur
331 2075 451 2102 nondum
476 2075 574 2101 natus‘l
589 2073 643 2112 cur
659 2078 720 2100 orat
742 2073 857 2108 Moyses,
874 2078 903 2100 ut
923 2074 948 2099 in

166 2121 331 2155 octogesimo
355 2120 470 2154 septimo
493 2120 597 2154 psalmo
623 2119 745 2149 habetur,
768 2119 790 2145 si
813 2118 945 2152 refugium

968 1505 989 1532 C

1016 892 1122 929 Ὠσπερ
1137 891 1183 920 οὖν
1197 894 1224 920 εῐ
1237 903 1279 926 τις
1300 894 1404 930 εὔχοιτο
1420 896 1574 922 ἀνατέλλειν
1585 897 1631 923 τὸν
1643 897 1726 932 ἥλιον,
1737 898 1791 932 ὴλί-

1015 937 1071 969 θιος
1082 938 1115 964 ἂν
1127 938 1272 973 νομίζοιτο,
1287 939 1316 965 τὸ
1331 939 1378 965 καὶ⁸
1389 940 1472 975 χωρὶς
1486 940 1536 974 τῆς
1551 940 1634 975 εὐχῆς
1648 940 1728 967 αὑτοῦ
1741 942 1792 968 ὲσό-

1017 991 1096 1018 μενον
1111 983 1154 1010 διὰ
1175 985 1224 1019 τῆς
1235 985 1317 1020 εὐχῆς
1333 985 1459 1019 γενέσθαι
1472 986 1569 1018 ἀξιῶν·
1588 986 1674 1018 οὕτως
1688 987 1792 1022 ἀνόητος

1011 1029 1045 1056 ἂν
1075 1029 1118 1064 εἴη
1145 1029 1287 1065 ἅνθρωπος
1313 1031 1387 1062 ὅστις
1407 1031 1493 1057 οἴεται
1508 1031 1552 1058 διὰ
1570 1031 1619 1067 τὴν
1640 1032 1733 1058 ἑαυτοῦ
1749 1033 1791 1059 εὑ-

1010 1074 1058 1109 χὴν
1081 1074 1201 1108 γίνεσθαι
1223 1074 1257 1101 τὰ
1279 1075 1325 1101 καὶ
1347 1075 1384 1110 μὴ
1403 1075 1554 1111 εὐξαμένου
1570 1076 1662 1103 αὑτοῦ
1692 1077 1792 1109 πάντως

1011 1119 1128 1155 ἐσόμενα
1162 1120 1204 1146 ἄν.
1235 1120 1318 1147 Πάλιν
1350 1129 1380 1147 τε
1418 1119 1451 1148 αὖ
1494 1121 1587 1157 ὥσπερ
1618 1122 1708 1149 πᾶσαν
1745 1132 1793 1158 μα-

1009 1165 1066 1191 νίαν
1102 1165 1264 1200 ὑπερϐάλλει
1285 1165 1342 1201 (51)
1374 1167 1387 1192 ό
1419 1167 1462 1194 διὰ
1494 1167 1524 1193 τὺ
1554 1167 1717 1202 ἐνοχλεῖσθαι
1743 1168 1792 1194 ὑπὸ

1009 1210 1054 1237 τοῦ
1089 1210 1164 1245 ἡλίου
1193 1211 1339 1246 γενομένου
1381 1213 1410 1238 ὲν
1451 1211 1571 1247 θεριναῖς
1603 1214 1719 1248 τροπαῖς
1749 1214 1794 1240 καὶ

1008 1255 1184 1288 κακοῦσθαι,
1201 1257 1322 1292 οἰόμενος
1341 1256 1384 1283 διὰ
1405 1257 1453 1292 τῆς
1474 1258 1557 1293 εὐχῆς
1580 1259 1792 1294 μεταστήσεσοαι

1006 1301 1051 1327 τὸν
1066 1301 1142 1336 ἥλιον
1160 1301 1207 1328 ἐπὶ
1225 1301 1260 1328 τὰ
1279 1302 1376 1338 ἐαρινὰ
1390 1303 1500 1337 σημεῖα,
1521 1303 1563 1328 ἵνα
1579 1303 1710 1338 εὐκράτου
1727 1304 1792 1330 ἁπο-

1006 1345 1075 1382 λαύῃ
1095 1345 1141 1373 τοῦ
1166 1347 1255 1381 ἀέρος’
1271 1346 1356 1378 οὕτως
1381 1346 1416 1374 τὰ
1437 1347 1593 1380 ἀναγκαίως
1614 1347 1794 1383 συμϐαίνοντα

1006 1391 1185 1426 περιστατικά
1203 1391 1241 1427 τῷ
1255 1391 1308 1418 τῶν
1328 1391 1478 1427 ἀνθρώπων
1505 1392 1588 1426 γένει,
1603 1392 1631 1418 εῐ
1649 1401 1690 1424 τις
1713 1393 1794 1420 οἴοιτο

1007 1436 1051 1463 διὰ
1062 1437 1091 1463 τὸ
1103 1437 1228 1472 εὔχεσθαι
1246 1437 1282 1472 μὴ
1297 1437 1449 1469 πείσεσθαι,
1470 1438 1559 1464 πᾶσαν
1579 1437 1727 1473 ὑπερϐάλοι
1747 1447 1794 1474 με·

1007 1482 1159 1517 λαγχολίαν.
1182 1483 1213 1509 Εἰ
1239 1482 1267 1508 δὲ
1291 1482 1336 1509 καὶ
1358 1482 1603 1517 ἡλλοτριώθησαν
1626 1483 1793 1518 ἁμαρτωλοί

1005 1529 1063 1555 ἀπὸ
1079 1528 1203 1563 μήτρας,
1219 1529 1266 1554 καὶ
1285 1528 1437 1564 ἀφώρισται
1460 1530 1474 1555 ὁ
1493 1529 1595 1562 δίκαιος
1616 1531 1649 1557 ἐκ
1674 1530 1793 1564 κοιλίας

1002 1574 1125 1609 μητρὸς,
1137 1573 1227 1608 μήπω
1243 1573 1298 1609 (52)
1312 1575 1387 1608 μήτε
1401 1575 1611 1609 γεννηθέντων,
1629 1576 1705 1610 μήτε
1722 1583 1794 1610 πρα-

1004 1619 1120 1650 ξάντων
1133 1628 1159 1646 τι
1173 1619 1284 1654 ἀγαθὸν
1297 1620 1316 1654 ἢ
1329 1620 1459 1654 φαῦλον,
1477 1621 1527 1647 ἵνα
1544 1621 1562 1654 ἠ
1577 1623 1642 1648 κατ’
1658 1622 1794 1656 ἐκλογὴν·

1004 1666 1146 1700 πρόθεσις
1162 1666 1215 1693 τοῦ
1236 1666 1310 1693 Θεοῦ
1324 1667 1413 1701 μένῃ,
1429 1668 1485 1693 οὐκ
1501 1667 1535 1699 ἐξ
1549 1668 1652 1702 ἔργον,
1669 1668 1739 1695 ἀλλ’
1760 1669 1792 1695 ἐκ

1003 1711 1056 1738 τοῦ
1076 1711 1243 1745 καλοῦντος
1269 1712 1385 1746 λέγεται
1397 1732 1404 1743 _,
1422 1712 1550 1746 ὀμεῑζων
1574 1713 1734 1740 δουλεύσει
1754 1713 1794 1745 τῷ

1002 1755 1147 1783 ἐλάττονι·
1167 1756 1254 1791 μάτην
1267 1757 1330 1792 περὶ
1348 1757 1471 1791 ἀφέσεως
1481 1757 1686 1792 ἁμαρτημάτων
1703 1758 1795 1790 ἀξιοῦ-

1004 1810 1063 1836 μεν,
1079 1802 1095 1838 ἢ
1112 1802 1175 1838 περὶ
1189 1801 1236 1828 τοῦ
1262 1802 1375 1837 Πνεῦμα
1397 1802 1487 1837 ἰσχύος
1510 1803 1612 1835 λαϐεῖν,
1637 1804 1680 1830 ἵνα
1703 1805 1794 1831 πάντα

1003 1847 1155 1882 ἰσχύσωμεν
1169 1846 1378 1882 ἐνδυναμοῦντος
1393 1848 1465 1882 ἡμᾶς
1482 1848 1609 1883 Χριστοῦ.
1625 1849 1656 1875 El
1671 1849 1722 1884 μὲν
1739 1850 1793 1885 γὰρ

1002 1893 1158 1928 ἁμαρτωλοί
1169 1895 1264 1929 ἐσμεν,
1281 1893 1334 1920 ἀπὺ
1353 1892 1458 1928 μήτρας
1474 1893 1688 1930 ὴλλοτριώμεϐα·
1714 1897 1739 1922 εί
1765 1896 1794 1922 δὲ

1001 1935 1195 1971 ἀφωρίσοημεν
1205 1936 1237 1962 ὲκ
1253 1936 1361 1968 κοιλίας
1379 1936 1480 1972 μητρὸς
1502 1937 1590 1972 ἡμῶν,
1608 1938 1643 1964 τὰ
1658 1939 1794 1966 κάλλιστα

1001 1982 1048 2008 καὶ
1074 1981 1112 2016 μὴ
1133 1981 1288 2017 εὐχομένοις
1307 1983 1500 2017 ἀπαντήσεται.
1530 1983 1613 2010 Ποίαν
1631 1983 1685 2020 γὰρ
1707 1986 1794 2020 εὐχὴν

1001 2025 1180 2061 προσαγαγὼν
1199 2026 1304 2059 Ἰακὼϐ,
1320 2027 1383 2062 πρὶν
1394 2026 1566 2062 γεννηθῆναι,
1576 2030 1793 2064 προφητεύεται,

1000 2072 1041 2097 ὅτι
1058 2071 1182 2106 ὑπερέξει
1193 2072 1240 2098 τοῦ
1266 2073 1367 2105 Ἠσαῦ,
1385 2074 1433 2100 καὶ
1444 2073 1579 2100 δουλεύσει
1594 2074 1669 2110 αὐτῷ
1684 2076 1699 2102 ὁ
1714 2076 1795 2102 ἀδελ-

1001 2117 1069 2150 φός;
1087 2118 1119 2143 Τί
1134 2118 1162 2144 δὲ
1177 2118 1314 2153 ἀσεϐήσας
1331 2120 1345 2145 6
1368 2119 1453 2146 Ἠσαῦ
1473 2121 1588 2154 μισεῖται
1610 2121 1676 2155 πρὶν
1691 2129 1795 2156 γεννη-

164 2165 224 2198 ejus
239 2171 280 2192 est
290 2165 368 2192 ‘Deus
378 2170 518 2198 utinquam
529 2169 629 2191 montes
648 2165 740 2198 ﬁerent
754 2169 800 2191 aut
814 2165 928 2198 [armare

1014 2163 1091 2197 ἧναι;
1106 2163 1163 2190 Ἵνα
1175 2163 1200 2189 τι
1213 2163 1241 2189 δὲ
1261 2163 1368 2198 εὔχεται
1383 2165 1501 2200 Μωῠσῆς
1513 2165 1551 2197 ὡς
1566 2166 1594 2192 ὲν
1615 2166 1793 2203 ὀγδοηκοστῷ

164 2213 208 2235 tur
224 2214 295 2235 terra
307 2213 331 2234 et
347 2208 415 2234 orbis
429 2208 501 2235 “....
521 2208 572 2235 Sed
585 2208 655 2235 etde
669 2209 805 2236 salvandis
821 2209 947 2236 omnibus

163 2254 319 2288 inlﬁpistola
331 2254 365 2280 ad
380 2254 511 2287 Ephesios
537 2254 668 2287 scriptum
691 2258 745 2285 est,
767 2254 880 2289 elegisse
899 2261 946 2281 eos

163 2299 273 2327 Patrem
293 2299 319 2325 in
338 2299 406 2333 ipso,
423 2306 518 2334 nempe
532 2299 557 2325 in
573 2299 692 2330 Christo,
708 2304 768 2325 ante
782 2300 871 2326 uumdi
887 2307 946 2326 ron-

162 2345 323 2371 s'itutionem
340 2350 366 2370 ut
382 2348 476 2370 essent
496 2344 579 2370 sancti
607 2345 637 2369 ρι’
653 2343 818 2370 immaculati
840 2344 867 2370 in
883 2352 945 2370 con-

161 2388 250 2424 spectu
266 2390 323 2424 ejus
337 2390 364 2416 in
390 2390 528 2416 cliaritate.
556 2389 608 2420 Qui
630 2388 824 2421 pra‘destinavit
846 2397 893 2416 eos
915 2390 942 2416 in

159 2437 328 2470 adoptionem
350 2436 465 2469 ﬁliorum
499 2442 545 2461 uer
566 2433 657 2460 Jesum
688 2433 821 2460 Christum
846 2434 872 2460 in
899 2434 940 2468 ip-

197 2501 218 2516 "
232 2501 326 2528 Matth.
342 2510 378 2531 vt.
394 2502 420 2529 8.
458 2501 480 2517 ³⁸
495 2501 548 2535 Sap
573 2509 610 2532 XI,
624 2501 667 2528 93.
714 2501 735 2517 “
751 2502 819 2529 Psal.
839 2511 901 2536 Lvn,
919 2505 944 2531 4.

161 2536 183 2552 ⁵³
196 2536 264 2563 Gen.
278 2545 338 2568 xxv,
353 2537 396 2564 ‘25.
435 2536 457 2552 “
471 2537 540 2563 Psal.
558 2544 598 2568 xc,
614 2537 638 2562 l.
792 2544 796 2547 ι

176 2603 317 2644 (29)]οῇ
335 2603 421 2644 ρεοῦ.
455 2601 578 2630 Bcntleio
595 2602 767 2630 scribendum
795 2602 926 2630 videtur:

147 2637 190 2667 ,τοῦ
212 2638 257 2664 νοῦ
271 2638 318 2664 τοῦ
334 2637 411 2664 Θεοῦ.

180 2673 235 2709 (50)
259 2673 348 2709 Αὐτῷ,
361 2672 441 2709 ποιρᾴ
461 2672 493 2698 τὰ
511 2670 931 2709 {rpoomzstamérmBentleius

145 2706 310 2744 Ιεμῖιέπαρὰ
324 2707 356 2744 τὰ
372 2706 444 2744 αυτῷ
460 2706 790 2744 ¹ιτροδιατειιτςιιγμέναεἓιιιρτ
810 2739 815 2744 ν

180 2742 236 2776 (31)
251 2741 367 2769 Μὶινίίιν
388 2741 579 2776 ὑπερϐάλλει,
602 2742 692 2768 Mallet
717 2741 863 2771 Bentleius,
875 2749 927 2775 μα-

145 2777 204 2804 νίαν
217 2776 249 2804 ἂν
264 2776 436 2812 ὑπερϐάλλω.

181 2811 236 2847 (δὲ)
251 2810 356 2847 Mum.
374 2812 448 2847 Legit
471 2810 609 2840 Bentleius
626 2831 633 2847 ,
650 2810 697 2836 καὶ
713 2810 805 2844 μήπω.

180 2845 235 2882 (33)
257 2846 394 2882 Ἑϐδιζμῳ.
413 2845 463 2875 Sic
481 2848 561 2873 habet
582 2846 667 2873 codex
682 2854 732 2872 ms.
745 2853 770 2871 ιιι
784 2852 836 2878 quo
853 2845 922 2872 male

999 2209 1103 2244 ἑϐδόμῳ
1124 2209 1179 2244 (55)
1199 2208 1312 2244 εὓρηται
1341 2210 1450 2246 ψαλμῷ,
1466 2211 1490 2236 εί
1515 2211 1671 2246 καταφυγὴ
1702 2213 1793 2240 αὐτοῦ

998 2256 1070 2281 ἐστιν
1086 2256 1100 2281 ὁ
1116 2255 1181 2286 Θεὸς
1204 2255 1259 2289 πρὸ
1275 2255 1327 2282 τοῦ
1351 2255 1403 2289 ὅρη
1428 2257 1607 2290 ἑδρασθῆναι
1632 2258 1682 2284 καὶ
1710 2261 1795 2286 πλα-

996 2299 1105 2332 σθῆναι
1132 2299 1188 2333 τὴν
1216 2299 1274 2334 γῆν
1301 2301 1349 2327 καὶ
1380 2300 1436 2334 τὴν
1463 2301 1642 2336 οἰκουμένην
1671 2303 1792 2339 (ὅθ-ω

1002 2344 1081 2379 ῘΑλλὰ
1102 2344 1149 2371 καὶ
1170 2345 1234 2380 περὶ
1261 2345 1369 2371 πάντων
1392 2345 1446 2372 τῶν
1471 2346 1668 2382 σωθησομένων
1694 2351 1729 2376 ὲν
1757 2352 1793 2386 τῇ

995 2392 1062 2428 πρὸς
1088 2392 1226 2426 Ἐφεσίους
1250 2393 1466 2428 ἀναγέγραπται.
1494 2394 1534 2420 ὅτι
1556 2395 1611 2430 (55)
1639 2395 1795 2428 ἐξελέξατο

995 2437 1132 2468 αὐτοὺςέν
1139 2437 1219 2469 αὐτῷ
1231 2437 1270 2472 (ἐν
1283 2437 1392 2472 Χριστῴ
1403 2438 1426 2473 ὁ)
1441 2439 1534 2474 Πατὴρ
1543 2440 1598 2473 πρὸ
1610 2441 1796 2476 καταϐολῆς

991 2504 1014 2520 ⁴⁰
1031 2504 1116 2532 Galat.
1131 2513 1149 2537 ι,
1165 2505 1207 2532 15.
1246 2505 1267 2521 ⁸¹
1281 2505 1361 2532 Rom.
1378 2514 1413 2538 Ix,
1432 2507 1474 2533 ‘ll.
1513 2506 1535 2522 “
1547 2507 1663 2542 Philipp.
1686 2516 1733 2546 ιγ,
1754 2514 1797 2542 15,

977 2602 1040 2637 legit
1057 2603 1144 2630 editor
1163 2601 1337 2635 Oxonicnsis,
1362 2603 1474 2637 ἐννάτῳ.
1504 2603 1580 2631 Nunc
1608 2605 1634 2631 in
1661 2606 1779 2636 Cra-C33

977 2637 1125 2677 Bibliorum
1159 2638 1302 2665 codicibus
1332 2639 1472 2672 impressis
1496 2638 1602 2666 initium
1621 2646 1663 2668 est
1689 2644 1777 2677 psal-

977 2680 1011 2698 llll
1030 2679 1071 2699 XC.

1012 2707 1066 2742 (54)
1079 2707 1141 2734 Post
1160 2707 1333 2743 οἰκουμένην,
1360 2707 1387 2734 in
1412 2707 1504 2735 codice
1523 2716 1573 2735 ms.
1601 2709 1695 2738 hiatus
1729 2717 1778 2740 est

977 2744 1054 2768 unius
1066 2747 1091 2768 et
1104 2743 1262 2769 semilinew.
1445 2747 1448 2749 λ

1014 2777 1068 2811 (55)
1083 2777 1153 2803 Ὅτι.
1167 2777 1211 2803 Sic
1228 2777 1308 2805 habet
1326 2777 1409 2805 codex
1438 2785 1488 2804 ms.
1514 2777 1581 2806 Male
1597 2787 1661 2806 vero
1677 2782 1777 2808 editio

976 2811 1151 2844 Oxoniensis,
1172 2812 1228 2839 ὅτε.
