  <div class='ocr_page' id='page_1' title='image "/cluster/home/n/w/nwhite01/storage/ocr_20150623/11/njp.32101077772414/253.png"; bbox 0 0 1853 3073; ppageno 0'>
   <div class='ocr_carea' id='block_1_1' title="bbox 167 152 220 181">
    <p class='ocr_par' dir='ltr' id='par_1_1' title="bbox 167 152 220 181">
     <span class='ocr_line' id='line_1_1' title="bbox 167 152 220 181; baseline -0.019 0"><span class='ocrx_word' id='word_1_1' title='bbox 167 152 220 181; x_wconf 73' lang='grc'><strong>435</strong></span> 
     </span>
    </p>
   </div>
   <div class='ocr_carea' id='block_1_2' title="bbox 890 150 1050 179">
    <p class='ocr_par' dir='ltr' id='par_1_2' title="bbox 890 150 1050 179">
     <span class='ocr_line' id='line_1_2' title="bbox 890 150 1050 179; baseline 0 -2"><span class='ocrx_word' id='word_1_2' title='bbox 890 150 1050 179; x_wconf 71' lang='lat' dir='ltr'><strong>ORIGENIS</strong></span> 
     </span>
    </p>
   </div>
   <div class='ocr_carea' id='block_1_3' title="bbox 1742 155 1794 182">
    <p class='ocr_par' dir='ltr' id='par_1_3' title="bbox 1742 155 1794 182">
     <span class='ocr_line' id='line_1_3' title="bbox 1742 155 1794 182; baseline 0.019 -1"><span class='ocrx_word' id='word_1_3' title='bbox 1742 155 1794 182; x_wconf 74' lang='grc'><strong>456</strong></span> 
     </span>
    </p>
   </div>
   <div class='ocr_carea' id='block_1_4' title="bbox 167 209 946 247">
    <p class='ocr_par' dir='ltr' id='par_1_4' title="bbox 167 209 946 247">
     <span class='ocr_line' id='line_1_4' title="bbox 167 209 946 247; baseline 0 -8"><span class='ocrx_word' id='word_1_4' title='bbox 167 217 208 240; x_wconf 88' lang='lat' dir='ltr'><strong>est</strong></span> <span class='ocrx_word' id='word_1_5' title='bbox 221 220 314 240; x_wconf 83' lang='lat' dir='ltr'><strong>eorum</strong></span> <span class='ocrx_word' id='word_1_6' title='bbox 328 212 394 240; x_wconf 88' lang='lat' dir='ltr'><strong>ordo</strong></span> <span class='ocrx_word' id='word_1_7' title='bbox 408 219 467 247; x_wconf 65' lang='lat' dir='ltr'><strong>qua:</strong></span> <span class='ocrx_word' id='word_1_8' title='bbox 478 209 620 239; x_wconf 82' lang='lat' dir='ltr'><strong>moventur</strong></span> <span class='ocrx_word' id='word_1_9' title='bbox 643 211 676 238; x_wconf 87' lang='lat' dir='ltr'><strong>ab</strong></span> <span class='ocrx_word' id='word_1_10' title='bbox 701 211 888 240; x_wconf 83' lang='lat' dir='ltr'><strong>iuexsistente‘.</strong></span> <span class='ocrx_word' id='word_1_11' title='bbox 898 220 946 239; x_wconf 89' lang='lat' dir='ltr'><strong>na-</strong></span> 
     </span>
    </p>
   </div>
   <div class='ocr_carea' id='block_1_5' title="bbox 1033 209 1795 247">
    <p class='ocr_par' dir='ltr' id='par_1_5' title="bbox 1033 210 1795 246">
     <span class='ocr_line' id='line_1_5' title="bbox 1033 210 1795 246; baseline 0.001 -9"><span class='ocrx_word' id='word_1_12' title='bbox 1033 210 1206 246; x_wconf 77' lang='grc' dir='ltr'>υπαρχούσης</span> <span class='ocrx_word' id='word_1_13' title='bbox 1229 210 1335 246; x_wconf 78' lang='grc' dir='ltr'>φύσεως</span> <span class='ocrx_word' id='word_1_14' title='bbox 1349 211 1366 246; x_wconf 80' lang='grc' dir='ltr'><strong>ἢ</strong></span> <span class='ocrx_word' id='word_1_15' title='bbox 1381 211 1470 246; x_wconf 79' lang='grc' dir='ltr'>ψυχῆς</span> <span class='ocrx_word' id='word_1_16' title='bbox 1486 210 1642 246; x_wconf 76' lang='grc' dir='ltr'>κινούμενα·</span> <span class='ocrx_word' id='word_1_17' title='bbox 1665 213 1684 238; x_wconf 77' lang='grc' dir='ltr'><strong>ἃ.</strong></span> <span class='ocrx_word' id='word_1_18' title='bbox 1701 212 1748 238; x_wconf 76' lang='grc' dir='ltr'>καὶ</span> <span class='ocrx_word' id='word_1_19' title='bbox 1764 212 1795 245; x_wconf 79' lang='grc' dir='ltr'>ἐξ</span> 
     </span>
    </p>
   </div>
   <div class='ocr_carea' id='block_1_6' title="bbox 169 257 948 293">
    <p class='ocr_par' dir='ltr' id='par_1_6' title="bbox 169 257 948 293">
     <span class='ocr_line' id='line_1_6' title="bbox 169 257 948 293; baseline -0.003 -7"><span class='ocrx_word' id='word_1_20' title='bbox 169 264 228 286; x_wconf 87' lang='lat' dir='ltr'><strong>tura</strong></span> <span class='ocrx_word' id='word_1_21' title='bbox 242 263 288 285; x_wconf 84' lang='lat' dir='ltr'><strong>aut</strong></span> <span class='ocrx_word' id='word_1_22' title='bbox 301 258 409 290; x_wconf 82' lang='lat' dir='ltr'><strong>anima;</strong></span> <span class='ocrx_word' id='word_1_23' title='bbox 426 265 486 293; x_wconf 62' lang='lat' dir='ltr'><strong>quae</strong></span> <span class='ocrx_word' id='word_1_24' title='bbox 505 258 587 285; x_wconf 86' lang='lat' dir='ltr'><strong>etiam</strong></span> <span class='ocrx_word' id='word_1_25' title='bbox 602 265 633 284; x_wconf 78' lang='lat' dir='ltr'><strong>ex</strong></span> <span class='ocrx_word' id='word_1_26' title='bbox 649 265 679 285; x_wconf 89' lang='lat' dir='ltr'><strong>se</strong></span> <span class='ocrx_word' id='word_1_27' title='bbox 695 257 798 284; x_wconf 83' lang='lat' dir='ltr'><strong>moveri</strong></span> <span class='ocrx_word' id='word_1_28' title='bbox 819 258 912 285; x_wconf 90' lang='lat' dir='ltr'><strong>dicunt</strong></span> <span class='ocrx_word' id='word_1_29' title='bbox 931 258 948 285; x_wconf 91' lang='lat' dir='ltr'><strong>ii</strong></span> 
     </span>
    </p>
   </div>
   <div class='ocr_carea' id='block_1_7' title="bbox 166 303 950 339">
    <p class='ocr_par' dir='ltr' id='par_1_7' title="bbox 166 303 950 339">
     <span class='ocr_line' id='line_1_7' title="bbox 166 303 950 339; baseline -0.001 -8"><span class='ocrx_word' id='word_1_30' title='bbox 166 304 210 339; x_wconf 91' lang='lat' dir='ltr'><strong>qui</strong></span> <span class='ocrx_word' id='word_1_31' title='bbox 229 304 314 339; x_wconf 78' lang='lat' dir='ltr'><strong>magis</strong></span> <span class='ocrx_word' id='word_1_32' title='bbox 333 305 442 339; x_wconf 84' lang='lat' dir='ltr'><strong>proprie</strong></span> <span class='ocrx_word' id='word_1_33' title='bbox 465 304 604 332; x_wconf 79' lang='lat' dir='ltr'><strong>vocabulis</strong></span> <span class='ocrx_word' id='word_1_34' title='bbox 633 308 757 331; x_wconf 89' lang='lat' dir='ltr'><strong>utuntur.</strong></span> <span class='ocrx_word' id='word_1_35' title='bbox 773 303 882 331; x_wconf 87' lang='lat' dir='ltr'><strong>Tertius</strong></span> <span class='ocrx_word' id='word_1_36' title='bbox 908 309 950 331; x_wconf 77' lang='lat' dir='ltr'><strong>est</strong></span> 
     </span>
    </p>
   </div>
   <div class='ocr_carea' id='block_1_8' title="bbox 167 350 948 385">
    <p class='ocr_par' dir='ltr' id='par_1_8' title="bbox 167 350 948 385">
     <span class='ocr_line' id='line_1_8' title="bbox 167 350 948 385; baseline -0.001 -8"><span class='ocrx_word' id='word_1_37' title='bbox 167 355 255 378; x_wconf 87' lang='lat' dir='ltr'><strong>motus</strong></span> <span class='ocrx_word' id='word_1_38' title='bbox 270 351 444 383; x_wconf 81' lang='lat' dir='ltr'><strong>animalium;</strong></span> <span class='ocrx_word' id='word_1_39' title='bbox 476 351 520 384; x_wconf 94' lang='lat' dir='ltr'><strong>qui</strong></span> <span class='ocrx_word' id='word_1_40' title='bbox 536 355 626 377; x_wconf 89' lang='lat' dir='ltr'><strong>motus</strong></span> <span class='ocrx_word' id='word_1_41' title='bbox 655 358 669 377; x_wconf 73' lang='grc' dir='ltr'><strong>ιι</strong></span> <span class='ocrx_word' id='word_1_42' title='bbox 697 358 727 378; x_wconf 87' lang='lat' dir='ltr'><strong>se</strong></span> <span class='ocrx_word' id='word_1_43' title='bbox 747 351 814 385; x_wconf 89' lang='lat' dir='ltr'><strong>ipsis</strong></span> <span class='ocrx_word' id='word_1_44' title='bbox 837 350 948 378; x_wconf 89' lang='lat' dir='ltr'><strong>dicitur.</strong></span> 
     </span>
    </p>
   </div>
   <div class='ocr_carea' id='block_1_9' title="bbox 167 396 950 433">
    <p class='ocr_par' dir='ltr' id='par_1_9' title="bbox 167 396 950 433">
     <span class='ocr_line' id='line_1_9' title="bbox 167 396 950 433; baseline 0 -10"><span class='ocrx_word' id='word_1_45' title='bbox 167 396 265 433; x_wconf 79' lang='lat' dir='ltr'><strong>Eorum</strong></span> <span class='ocrx_word' id='word_1_46' title='bbox 282 401 372 423; x_wconf 85' lang='lat' dir='ltr'><strong>autem</strong></span> <span class='ocrx_word' id='word_1_47' title='bbox 384 404 443 431; x_wconf 73' lang='lat' dir='ltr'><strong>qua:</strong></span> <span class='ocrx_word' id='word_1_48' title='bbox 458 397 565 424; x_wconf 78' lang='lat' dir='ltr'><strong>ratione</strong></span> <span class='ocrx_word' id='word_1_49' title='bbox 582 401 695 423; x_wconf 86' lang='lat' dir='ltr'><strong>utuntur</strong></span> <span class='ocrx_word' id='word_1_50' title='bbox 706 401 809 423; x_wconf 89' lang='lat' dir='ltr'><strong>motum</strong></span> <span class='ocrx_word' id='word_1_51' title='bbox 827 402 892 431; x_wconf 89' lang='lat' dir='ltr'><strong>puto</strong></span> <span class='ocrx_word' id='word_1_52' title='bbox 903 405 950 431; x_wconf 91' lang='lat' dir='ltr'><strong>per</strong></span> 
     </span>
    </p>
   </div>
   <div class='ocr_carea' id='block_1_10' title="bbox 167 441 951 476">
    <p class='ocr_par' dir='ltr' id='par_1_10' title="bbox 167 441 951 476">
     <span class='ocr_line' id='line_1_10' title="bbox 167 441 951 476; baseline 0.001 -7"><span class='ocrx_word' id='word_1_53' title='bbox 167 450 194 470; x_wconf 78' lang='lat' dir='ltr'><strong>se</strong></span> <span class='ocrx_word' id='word_1_54' title='bbox 210 442 268 476; x_wconf 86' lang='lat' dir='ltr'><strong>ipsa</strong></span> <span class='ocrx_word' id='word_1_55' title='bbox 287 449 347 469; x_wconf 89' lang='lat' dir='ltr'><strong>esse</strong></span> <span class='ocrx_word' id='word_1_56' title='bbox 359 447 473 469; x_wconf 87' lang='lat' dir='ltr'><strong>motum.</strong></span> <span class='ocrx_word' id='word_1_57' title='bbox 488 441 564 475; x_wconf 85' lang='lat' dir='ltr'><strong>Quod</strong></span> <span class='ocrx_word' id='word_1_58' title='bbox 584 442 606 470; x_wconf 88' lang='lat' dir='ltr'><strong>si</strong></span> <span class='ocrx_word' id='word_1_59' title='bbox 623 443 656 469; x_wconf 85' lang='lat' dir='ltr'><strong>ab</strong></span> <span class='ocrx_word' id='word_1_60' title='bbox 671 442 783 469; x_wconf 80' lang='lat' dir='ltr'><strong>animali</strong></span> <span class='ocrx_word' id='word_1_61' title='bbox 798 447 899 470; x_wconf 86' lang='lat' dir='ltr'><strong>motum</strong></span> <span class='ocrx_word' id='word_1_62' title='bbox 918 443 951 470; x_wconf 93' lang='lat' dir='ltr'><strong>il-</strong></span> 
     </span>
    </p>
   </div>
   <div class='ocr_carea' id='block_1_11' title="bbox 166 486 950 522">
    <p class='ocr_par' dir='ltr' id='par_1_11' title="bbox 166 486 950 522">
     <span class='ocr_line' id='line_1_11' title="bbox 166 486 950 522; baseline -0.004 -5"><span class='ocrx_word' id='word_1_63' title='bbox 166 489 221 517; x_wconf 91' lang='lat' dir='ltr'><strong>lum</strong></span> <span class='ocrx_word' id='word_1_64' title='bbox 236 497 253 515; x_wconf 85' lang='lat' dir='ltr'><strong>a</strong></span> <span class='ocrx_word' id='word_1_65' title='bbox 266 495 295 516; x_wconf 85' lang='lat' dir='ltr'><strong>se</strong></span> <span class='ocrx_word' id='word_1_66' title='bbox 311 488 369 522; x_wconf 90' lang='lat' dir='ltr'><strong>ipso</strong></span> <span class='ocrx_word' id='word_1_67' title='bbox 383 487 587 519; x_wconf 83' lang='lat' dir='ltr'><strong>abstuleritnus,</strong></span> <span class='ocrx_word' id='word_1_68' title='bbox 601 486 657 520; x_wconf 87' lang='lat' dir='ltr'><strong>jam</strong></span> <span class='ocrx_word' id='word_1_69' title='bbox 674 495 708 514; x_wconf 92' lang='lat' dir='ltr'><strong>ne</strong></span> <span class='ocrx_word' id='word_1_70' title='bbox 723 487 822 514; x_wconf 86' lang='lat' dir='ltr'><strong>animal</strong></span> <span class='ocrx_word' id='word_1_71' title='bbox 838 488 950 522; x_wconf 85' lang='lat' dir='ltr'><strong>quidem</strong></span> 
     </span>
    </p>
   </div>
   <div class='ocr_carea' id='block_1_12' title="bbox 165 534 949 568">
    <p class='ocr_par' dir='ltr' id='par_1_12' title="bbox 165 534 949 568">
     <span class='ocr_line' id='line_1_12' title="bbox 165 534 949 568; baseline -0.003 -5"><span class='ocrx_word' id='word_1_72' title='bbox 165 543 228 563; x_wconf 82' lang='lat' dir='ltr'><strong>esse</strong></span> <span class='ocrx_word' id='word_1_73' title='bbox 241 534 363 568; x_wconf 71' lang='lat' dir='ltr'><strong>iutelligij</strong></span> <span class='ocrx_word' id='word_1_74' title='bbox 371 538 468 568; x_wconf 91' lang='lat' dir='ltr'><strong>potest,</strong></span> <span class='ocrx_word' id='word_1_75' title='bbox 478 535 524 561; x_wconf 89' lang='lat' dir='ltr'><strong>sed</strong></span> <span class='ocrx_word' id='word_1_76' title='bbox 531 534 738 567; x_wconf 61' lang='lat' dir='ltr'><strong>similejeritaut</strong></span> <span class='ocrx_word' id='word_1_77' title='bbox 751 534 848 568; x_wconf 69' lang='lat' dir='ltr'><strong>planta:</strong></span> <span class='ocrx_word' id='word_1_78' title='bbox 864 541 923 568; x_wconf 75' lang='lat' dir='ltr'><strong>qua:</strong></span> <span class='ocrx_word' id='word_1_79' title='bbox 935 542 949 561; x_wconf 93' lang='lat' dir='ltr'><strong>a</strong></span> 
     </span>
    </p>
   </div>
   <div class='ocr_carea' id='block_1_13' title="bbox 166 579 950 615">
    <p class='ocr_par' dir='ltr' id='par_1_13' title="bbox 166 579 950 615">
     <span class='ocr_line' id='line_1_13' title="bbox 166 579 950 615; baseline 0.001 -8"><span class='ocrx_word' id='word_1_80' title='bbox 166 585 264 607; x_wconf 88' lang='lat' dir='ltr'><strong>natura</strong></span> <span class='ocrx_word' id='word_1_81' title='bbox 273 579 329 608; x_wconf 89' lang='lat' dir='ltr'><strong>sola</strong></span> <span class='ocrx_word' id='word_1_82' title='bbox 340 584 475 613; x_wconf 83' lang='lat' dir='ltr'><strong>movetur,</strong></span> <span class='ocrx_word' id='word_1_83' title='bbox 484 580 618 614; x_wconf 87' lang='lat' dir='ltr'><strong>autlapidi</strong></span> <span class='ocrx_word' id='word_1_84' title='bbox 631 580 676 615; x_wconf 88' lang='lat' dir='ltr'><strong>qui</strong></span> <span class='ocrx_word' id='word_1_85' title='bbox 689 580 723 607; x_wconf 87' lang='lat' dir='ltr'><strong>ab</strong></span> <span class='ocrx_word' id='word_1_86' title='bbox 730 585 824 608; x_wconf 77' lang='lat' dir='ltr'><strong>extero</strong></span> <span class='ocrx_word' id='word_1_87' title='bbox 836 581 950 615; x_wconf 84' lang='lat' dir='ltr'><strong>impelli-</strong></span> 
     </span>
    </p>
   </div>
   <div class='ocr_carea' id='block_1_14' title="bbox 167 625 950 660">
    <p class='ocr_par' dir='ltr' id='par_1_14' title="bbox 167 625 950 660">
     <span class='ocr_line' id='line_1_14' title="bbox 167 625 950 660; baseline 0.003 -8"><span class='ocrx_word' id='word_1_88' title='bbox 167 626 308 658; x_wconf 90' lang='lat' dir='ltr'><strong>tur.Quod</strong></span> <span class='ocrx_word' id='word_1_89' title='bbox 321 625 343 652; x_wconf 87' lang='lat' dir='ltr'><strong>si</strong></span> <span class='ocrx_word' id='word_1_90' title='bbox 354 626 419 659; x_wconf 91' lang='lat' dir='ltr'><strong>quid</strong></span> <span class='ocrx_word' id='word_1_91' title='bbox 430 626 567 660; x_wconf 90' lang='lat' dir='ltr'><strong>proprium</strong></span> <span class='ocrx_word' id='word_1_92' title='bbox 584 630 713 660; x_wconf 90' lang='lat' dir='ltr'><strong>sequatur</strong></span> <span class='ocrx_word' id='word_1_93' title='bbox 723 631 835 660; x_wconf 91' lang='lat' dir='ltr'><strong>motum,</strong></span> <span class='ocrx_word' id='word_1_94' title='bbox 846 634 908 653; x_wconf 90' lang='lat' dir='ltr'><strong>cum</strong></span> <span class='ocrx_word' id='word_1_95' title='bbox 924 627 950 654; x_wconf 89' lang='lat' dir='ltr'><strong>id</strong></span> 
     </span>
    </p>
   </div>
   <div class='ocr_carea' id='block_1_15' title="bbox 167 670 950 705">
    <p class='ocr_par' dir='ltr' id='par_1_15' title="bbox 167 670 950 705">
     <span class='ocr_line' id='line_1_15' title="bbox 167 670 950 705; baseline 0.003 -8"><span class='ocrx_word' id='word_1_96' title='bbox 167 670 317 698; x_wconf 80' lang='lat' dir='ltr'><strong>dixerimus</strong></span> <span class='ocrx_word' id='word_1_97' title='bbox 326 678 374 704; x_wconf 88' lang='lat' dir='ltr'><strong>per</strong></span> <span class='ocrx_word' id='word_1_98' title='bbox 382 678 412 698; x_wconf 86' lang='lat' dir='ltr'><strong>se</strong></span> <span class='ocrx_word' id='word_1_99' title='bbox 421 671 507 705; x_wconf 92' lang='lat' dir='ltr'><strong>ipsum</strong></span> <span class='ocrx_word' id='word_1_100' title='bbox 519 671 633 703; x_wconf 82' lang='lat' dir='ltr'><strong>moveri,</strong></span> <span class='ocrx_word' id='word_1_101' title='bbox 645 671 811 698; x_wconf 84' lang='lat' dir='ltr'><strong>rationaleid</strong></span> <span class='ocrx_word' id='word_1_102' title='bbox 829 679 889 699; x_wconf 86' lang='lat' dir='ltr'><strong>esse</strong></span> <span class='ocrx_word' id='word_1_103' title='bbox 904 679 950 699; x_wconf 88' lang='lat' dir='ltr'><strong>ne-</strong></span> 
     </span>
    </p>
   </div>
   <div class='ocr_carea' id='block_1_16' title="bbox 165 715 951 750">
    <p class='ocr_par' dir='ltr' id='par_1_16' title="bbox 165 715 951 750">
     <span class='ocr_line' id='line_1_16' title="bbox 165 715 951 750; baseline 0.003 -9"><span class='ocrx_word' id='word_1_104' title='bbox 165 722 244 742; x_wconf 84' lang='lat' dir='ltr'><strong>cesse</strong></span> <span class='ocrx_word' id='word_1_105' title='bbox 261 719 312 743; x_wconf 90' lang='lat' dir='ltr'><strong>est.</strong></span> <span class='ocrx_word' id='word_1_106' title='bbox 329 715 414 750; x_wconf 83' lang='lat' dir='ltr'><strong>Igitur</strong></span> <span class='ocrx_word' id='word_1_107' title='bbox 425 715 469 749; x_wconf 91' lang='lat' dir='ltr'><strong>qui</strong></span> <span class='ocrx_word' id='word_1_108' title='bbox 479 715 614 742; x_wconf 88' lang='lat' dir='ltr'><strong>nihilesse</strong></span> <span class='ocrx_word' id='word_1_109' title='bbox 627 715 722 742; x_wconf 86' lang='lat' dir='ltr'><strong>volunt</strong></span> <span class='ocrx_word' id='word_1_110' title='bbox 732 715 757 742; x_wconf 94' lang='lat' dir='ltr'><strong>iu</strong></span> <span class='ocrx_word' id='word_1_111' title='bbox 767 720 859 743; x_wconf 86' lang='lat' dir='ltr'><strong>nostra</strong></span> <span class='ocrx_word' id='word_1_112' title='bbox 873 721 951 750; x_wconf 87' lang='lat' dir='ltr'><strong>pote-</strong></span> 
     </span>
    </p>
   </div>
   <div class='ocr_carea' id='block_1_17' title="bbox 166 760 948 794">
    <p class='ocr_par' dir='ltr' id='par_1_17' title="bbox 166 760 948 794">
     <span class='ocr_line' id='line_1_17' title="bbox 166 760 948 794; baseline -0.001 -7"><span class='ocrx_word' id='word_1_113' title='bbox 166 765 247 793; x_wconf 84' lang='lat' dir='ltr'><strong>state,</strong></span> <span class='ocrx_word' id='word_1_114' title='bbox 258 767 305 787; x_wconf 84' lang='lat' dir='ltr'><strong>eos</strong></span> <span class='ocrx_word' id='word_1_115' title='bbox 318 760 518 794; x_wconf 86' lang='lat' dir='ltr'><strong>ineptissimum</strong></span> <span class='ocrx_word' id='word_1_116' title='bbox 531 760 595 787; x_wconf 88' lang='lat' dir='ltr'><strong>illud</strong></span> <span class='ocrx_word' id='word_1_117' title='bbox 608 760 752 787; x_wconf 76' lang='lat' dir='ltr'><strong>admittere</strong></span> <span class='ocrx_word' id='word_1_118' title='bbox 770 768 880 788; x_wconf 83' lang='lat' dir='ltr'><strong>necesse</strong></span> <span class='ocrx_word' id='word_1_119' title='bbox 888 767 948 788; x_wconf 88' lang='lat' dir='ltr'><strong>est:</strong></span> 
     </span>
    </p>
   </div>
   <div class='ocr_carea' id='block_1_18' title="bbox 165 805 951 841">
    <p class='ocr_par' dir='ltr' id='par_1_18' title="bbox 165 805 951 841">
     <span class='ocr_line' id='line_1_18' title="bbox 165 805 951 841; baseline -0.001 -8"><span class='ocrx_word' id='word_1_120' title='bbox 165 807 285 841; x_wconf 88' lang='lat' dir='ltr'><strong>primum</strong></span> <span class='ocrx_word' id='word_1_121' title='bbox 297 813 345 833; x_wconf 92' lang='lat' dir='ltr'><strong>nos</strong></span> <span class='ocrx_word' id='word_1_122' title='bbox 354 807 507 833; x_wconf 79' lang='lat' dir='ltr'><strong>animantes</strong></span> <span class='ocrx_word' id='word_1_123' title='bbox 523 813 577 832; x_wconf 87' lang='lat' dir='ltr'><strong>non</strong></span> <span class='ocrx_word' id='word_1_124' title='bbox 586 813 659 838; x_wconf 88' lang='lat' dir='ltr'><strong>esse,</strong></span> <span class='ocrx_word' id='word_1_125' title='bbox 669 805 764 832; x_wconf 84' lang='lat' dir='ltr'><strong>deinde</strong></span> <span class='ocrx_word' id='word_1_126' title='bbox 773 812 861 840; x_wconf 83' lang='lat' dir='ltr'><strong>neque</strong></span> <span class='ocrx_word' id='word_1_127' title='bbox 870 807 951 833; x_wconf 85' lang='lat' dir='ltr'><strong>ratio-</strong></span> 
     </span>
    </p>
   </div>
   <div class='ocr_carea' id='block_1_19' title="bbox 165 851 950 887">
    <p class='ocr_par' dir='ltr' id='par_1_19' title="bbox 165 851 950 887">
     <span class='ocr_line' id='line_1_19' title="bbox 165 851 950 887; baseline -0.001 -8"><span class='ocrx_word' id='word_1_128' title='bbox 165 852 253 884; x_wconf 84' lang='lat' dir='ltr'><strong>nales,</strong></span> <span class='ocrx_word' id='word_1_129' title='bbox 270 853 317 879; x_wconf 84' lang='lat' dir='ltr'><strong>sed</strong></span> <span class='ocrx_word' id='word_1_130' title='bbox 328 852 404 886; x_wconf 88' lang='lat' dir='ltr'><strong>quasi</strong></span> <span class='ocrx_word' id='word_1_131' title='bbox 412 851 447 878; x_wconf 90' lang='lat' dir='ltr'><strong>ab</strong></span> <span class='ocrx_word' id='word_1_132' title='bbox 456 856 551 879; x_wconf 82' lang='lat' dir='ltr'><strong>extero</strong></span> <span class='ocrx_word' id='word_1_133' title='bbox 562 857 658 884; x_wconf 90' lang='lat' dir='ltr'><strong>motos,</strong></span> <span class='ocrx_word' id='word_1_134' title='bbox 671 859 722 886; x_wconf 89' lang='lat' dir='ltr'><strong>ncq</strong></span> <span class='ocrx_word' id='word_1_135' title='bbox 728 859 760 878; x_wconf 89' lang='lat' dir='ltr'><strong>ue</strong></span> <span class='ocrx_word' id='word_1_136' title='bbox 770 853 950 887; x_wconf 85' lang='lat' dir='ltr'><strong>nosmetipsos</strong></span> 
     </span>
    </p>
   </div>
   <div class='ocr_carea' id='block_1_20' title="bbox 1001 256 1794 293">
    <p class='ocr_par' dir='ltr' id='par_1_20' title="bbox 1001 256 1794 293">
     <span class='ocr_line' id='line_1_20' title="bbox 1001 256 1794 293; baseline 0.003 -11"><span class='ocrx_word' id='word_1_137' title='bbox 1001 256 1089 283; x_wconf 77' lang='grc' dir='ltr'>αὐτῶν</span> <span class='ocrx_word' id='word_1_138' title='bbox 1104 256 1238 283; x_wconf 82' lang='grc' dir='ltr'>κινεῖσθαι</span> <span class='ocrx_word' id='word_1_139' title='bbox 1254 257 1360 291; x_wconf 77' lang='grc' dir='ltr'>λέγεται</span> <span class='ocrx_word' id='word_1_140' title='bbox 1378 257 1453 292; x_wconf 82' lang='grc' dir='ltr'><strong>παρά</strong></span> <span class='ocrx_word' id='word_1_141' title='bbox 1471 258 1527 288; x_wconf 88' lang='grc' dir='ltr'>τοῖς</span> <span class='ocrx_word' id='word_1_142' title='bbox 1543 256 1711 293; x_wconf 81' lang='grc' dir='ltr'>κυριώτερον</span> <span class='ocrx_word' id='word_1_143' title='bbox 1723 267 1794 293; x_wconf 82' lang='grc' dir='ltr'>χρω-</span> 
     </span>
    </p>
   </div>
   <div class='ocr_carea' id='block_1_21' title="bbox 1003 302 1793 338">
    <p class='ocr_par' dir='ltr' id='par_1_21' title="bbox 1003 302 1793 338">
     <span class='ocr_line' id='line_1_21' title="bbox 1003 302 1793 338; baseline 0.003 -10"><span class='ocrx_word' id='word_1_144' title='bbox 1003 302 1093 336; x_wconf 75' lang='grc' dir='ltr'>μένοις</span> <span class='ocrx_word' id='word_1_145' title='bbox 1120 304 1176 334; x_wconf 86' lang='grc' dir='ltr'>τοῖς</span> <span class='ocrx_word' id='word_1_146' title='bbox 1206 302 1326 338; x_wconf 82' lang='grc' dir='ltr'>ὀνόμασι.</span> <span class='ocrx_word' id='word_1_147' title='bbox 1352 302 1436 338; x_wconf 87' lang='grc' dir='ltr'>Τρίτη</span> <span class='ocrx_word' id='word_1_148' title='bbox 1464 302 1492 329; x_wconf 80' lang='grc' dir='ltr'><strong>δέ</strong></span> <span class='ocrx_word' id='word_1_149' title='bbox 1506 303 1563 328; x_wconf 78' lang='grc' dir='ltr'>ἐστι</span> <span class='ocrx_word' id='word_1_150' title='bbox 1590 303 1698 338; x_wconf 80' lang='grc' dir='ltr'>κίνησις</span> <span class='ocrx_word' id='word_1_151' title='bbox 1720 305 1737 338; x_wconf 84' lang='grc' dir='ltr'>ὴ</span> <span class='ocrx_word' id='word_1_152' title='bbox 1764 304 1793 330; x_wconf 85' lang='grc' dir='ltr'>ἐν</span> 
     </span>
    </p>
   </div>
   <div class='ocr_carea' id='block_1_22' title="bbox 1000 347 1795 384">
    <p class='ocr_par' dir='ltr' id='par_1_22' title="bbox 1000 347 1795 384">
     <span class='ocr_line' id='line_1_22' title="bbox 1000 347 1795 384; baseline 0.004 -11"><span class='ocrx_word' id='word_1_153' title='bbox 1000 349 1056 379; x_wconf 81' lang='grc' dir='ltr'>τοῖς</span> <span class='ocrx_word' id='word_1_154' title='bbox 1074 347 1162 380; x_wconf 82' lang='grc' dir='ltr'><strong>ζώοις,</strong></span> <span class='ocrx_word' id='word_1_155' title='bbox 1176 349 1236 384; x_wconf 83' lang='grc' dir='ltr'>ἥτις</span> <span class='ocrx_word' id='word_1_156' title='bbox 1251 348 1413 384; x_wconf 77' lang='grc' dir='ltr'>ὀνομάζεται</span> <span class='ocrx_word' id='word_1_157' title='bbox 1435 349 1451 383; x_wconf 88' lang='grc' dir='ltr'>ὴ</span> <span class='ocrx_word' id='word_1_158' title='bbox 1473 349 1520 375; x_wconf 85' lang='grc' dir='ltr'>ἀπ’</span> <span class='ocrx_word' id='word_1_159' title='bbox 1538 348 1620 375; x_wconf 69' lang='grc' dir='ltr'>αὑτοῦ</span> <span class='ocrx_word' id='word_1_160' title='bbox 1641 349 1697 383; x_wconf 57' lang='lat' dir='ltr'><strong>(At)</strong></span> <span class='ocrx_word' id='word_1_161' title='bbox 1720 349 1795 384; x_wconf 78' lang='grc' dir='ltr'>κίνη‹</span> 
     </span>
    </p>
   </div>
   <div class='ocr_carea' id='block_1_23' title="bbox 1002 391 1793 430">
    <p class='ocr_par' dir='ltr' id='par_1_23' title="bbox 1002 391 1793 430">
     <span class='ocr_line' id='line_1_23' title="bbox 1002 391 1793 430; baseline 0.003 -11"><span class='ocrx_word' id='word_1_162' title='bbox 1002 401 1053 425; x_wconf 87' lang='grc' dir='ltr'>σις.</span> <span class='ocrx_word' id='word_1_163' title='bbox 1071 391 1154 428; x_wconf 78' lang='grc' dir='ltr'>Οἶμαι</span> <span class='ocrx_word' id='word_1_164' title='bbox 1171 394 1199 420; x_wconf 77' lang='grc' dir='ltr'><strong>δὲ</strong></span> <span class='ocrx_word' id='word_1_165' title='bbox 1215 395 1255 420; x_wconf 83' lang='grc' dir='ltr'><strong>ὅτι</strong></span> <span class='ocrx_word' id='word_1_166' title='bbox 1272 395 1287 429; x_wconf 86' lang='grc' dir='ltr'><strong>ὴ</strong></span> <span class='ocrx_word' id='word_1_167' title='bbox 1303 394 1356 421; x_wconf 85' lang='grc' dir='ltr'><strong>τῶν</strong></span> <span class='ocrx_word' id='word_1_168' title='bbox 1379 394 1494 427; x_wconf 81' lang='grc' dir='ltr'><strong>λογικῶν</strong></span> <span class='ocrx_word' id='word_1_169' title='bbox 1520 395 1626 430; x_wconf 78' lang='grc' dir='ltr'>κίνησις</span> <span class='ocrx_word' id='word_1_170' title='bbox 1645 395 1680 421; x_wconf 82' lang='grc' dir='ltr'>δι’</span> <span class='ocrx_word' id='word_1_171' title='bbox 1703 396 1793 422; x_wconf 81' lang='grc' dir='ltr'>αὐτῶν</span> 
     </span>
    </p>
   </div>
   <div class='ocr_carea' id='block_1_24' title="bbox 1001 438 1793 475">
    <p class='ocr_par' dir='ltr' id='par_1_24' title="bbox 1001 438 1793 475">
     <span class='ocr_line' id='line_1_24' title="bbox 1001 438 1793 475; baseline 0.004 -11"><span class='ocrx_word' id='word_1_172' title='bbox 1001 438 1058 465; x_wconf 74' lang='grc' dir='ltr'>ἐστι</span> <span class='ocrx_word' id='word_1_173' title='bbox 1076 439 1192 474; x_wconf 74' lang='grc' dir='ltr'>κίνησις.</span> <span class='ocrx_word' id='word_1_174' title='bbox 1213 438 1275 466; x_wconf 79' lang='grc' dir='ltr'>Ἐὰν</span> <span class='ocrx_word' id='word_1_175' title='bbox 1289 439 1317 465; x_wconf 80' lang='grc' dir='ltr'><strong>δὲ</strong></span> <span class='ocrx_word' id='word_1_176' title='bbox 1331 439 1497 474; x_wconf 79' lang='grc' dir='ltr'>περιέλωμεν</span> <span class='ocrx_word' id='word_1_177' title='bbox 1515 439 1570 465; x_wconf 78' lang='grc' dir='ltr'>ἀπὸ</span> <span class='ocrx_word' id='word_1_178' title='bbox 1583 438 1630 465; x_wconf 74' lang='grc' dir='ltr'>τοῦ</span> <span class='ocrx_word' id='word_1_179' title='bbox 1653 439 1722 471; x_wconf 81' lang='grc' dir='ltr'>ζώου</span> <span class='ocrx_word' id='word_1_180' title='bbox 1744 439 1793 475; x_wconf 83' lang='grc' dir='ltr'>τὴν</span> 
     </span>
    </p>
   </div>
   <div class='ocr_carea' id='block_1_25' title="bbox 1001 484 1794 520">
    <p class='ocr_par' dir='ltr' id='par_1_25' title="bbox 1001 484 1794 520">
     <span class='ocr_line' id='line_1_25' title="bbox 1001 484 1794 520; baseline 0 -10"><span class='ocrx_word' id='word_1_181' title='bbox 1001 485 1047 511; x_wconf 81' lang='grc' dir='ltr'>ἀπ’</span> <span class='ocrx_word' id='word_1_182' title='bbox 1063 484 1144 511; x_wconf 83' lang='grc' dir='ltr'>αὑτοῦ</span> <span class='ocrx_word' id='word_1_183' title='bbox 1163 485 1269 519; x_wconf 84' lang='grc' dir='ltr'>κίνησιν</span> <span class='ocrx_word' id='word_1_184' title='bbox 1287 485 1354 519; x_wconf 74' lang='grc'>(45),</span> <span class='ocrx_word' id='word_1_185' title='bbox 1371 484 1430 510; x_wconf 80' lang='grc' dir='ltr'><strong>οὐδὲ</strong></span> <span class='ocrx_word' id='word_1_186' title='bbox 1453 485 1522 516; x_wconf 76' lang='grc' dir='ltr'>ζῶον</span> <span class='ocrx_word' id='word_1_187' title='bbox 1539 484 1578 511; x_wconf 83' lang='grc' dir='ltr'>ἔτι</span> <span class='ocrx_word' id='word_1_188' title='bbox 1596 484 1626 511; x_wconf 74' lang='grc' dir='ltr'>ὃν</span> <span class='ocrx_word' id='word_1_189' title='bbox 1642 484 1794 520; x_wconf 79' lang='grc' dir='ltr'>ὑπονοηθῆ-</span> 
     </span>
    </p>
   </div>
   <div class='ocr_carea' id='block_1_26' title="bbox 1001 529 1792 565">
    <p class='ocr_par' dir='ltr' id='par_1_26' title="bbox 1001 529 1792 565">
     <span class='ocr_line' id='line_1_26' title="bbox 1001 529 1792 565; baseline 0.001 -10"><span class='ocrx_word' id='word_1_190' title='bbox 1001 538 1043 556; x_wconf 89' lang='grc' dir='ltr'><strong>ναι</strong></span> <span class='ocrx_word' id='word_1_191' title='bbox 1055 529 1176 561; x_wconf 82' lang='grc' dir='ltr'>δύναται,</span> <span class='ocrx_word' id='word_1_192' title='bbox 1192 529 1258 556; x_wconf 72' lang='grc' dir='ltr'>ἀλλὰ</span> <span class='ocrx_word' id='word_1_193' title='bbox 1271 530 1346 556; x_wconf 78' lang='grc' dir='ltr'>ἔσται</span> <span class='ocrx_word' id='word_1_194' title='bbox 1359 530 1450 564; x_wconf 77' lang='grc' dir='ltr'>ὅμοιον</span> <span class='ocrx_word' id='word_1_195' title='bbox 1461 531 1520 565; x_wconf 75' lang='grc' dir='ltr'>ἤτοι</span> <span class='ocrx_word' id='word_1_196' title='bbox 1532 530 1607 565; x_wconf 82' lang='grc' dir='ltr'>φυτῷ</span> <span class='ocrx_word' id='word_1_197' title='bbox 1620 530 1674 556; x_wconf 71' lang='grc' dir='ltr'><strong>ὑπὸ</strong></span> <span class='ocrx_word' id='word_1_198' title='bbox 1685 530 1792 564; x_wconf 70' lang='grc' dir='ltr'>φύσεως</span> 
     </span>
    </p>
   </div>
   <div class='ocr_carea' id='block_1_27' title="bbox 1002 575 1791 610">
    <p class='ocr_par' dir='ltr' id='par_1_27' title="bbox 1002 575 1791 610">
     <span class='ocr_line' id='line_1_27' title="bbox 1002 575 1791 610; baseline -0.001 -8"><span class='ocrx_word' id='word_1_199' title='bbox 1002 576 1086 610; x_wconf 84' lang='grc' dir='ltr'>μόνης</span> <span class='ocrx_word' id='word_1_200' title='bbox 1096 575 1257 610; x_wconf 74' lang='grc' dir='ltr'><strong>κινουμένῳ,</strong></span> <span class='ocrx_word' id='word_1_201' title='bbox 1274 575 1290 610; x_wconf 87' lang='grc' dir='ltr'>ἢ</span> <span class='ocrx_word' id='word_1_202' title='bbox 1304 575 1369 610; x_wconf 79' lang='grc' dir='ltr'>λίθῳ</span> <span class='ocrx_word' id='word_1_203' title='bbox 1378 575 1430 602; x_wconf 82' lang='grc' dir='ltr'><strong>ὑπό</strong></span> <span class='ocrx_word' id='word_1_204' title='bbox 1443 584 1514 607; x_wconf 84' lang='grc' dir='ltr'>τινος</span> <span class='ocrx_word' id='word_1_205' title='bbox 1526 575 1624 608; x_wconf 73' lang='grc' dir='ltr'>ἔξωθεν</span> <span class='ocrx_word' id='word_1_206' title='bbox 1638 576 1791 610; x_wconf 77' lang='grc' dir='ltr'>φερομένῳ.</span> 
     </span>
    </p>
   </div>
   <div class='ocr_carea' id='block_1_28' title="bbox 1007 620 1794 656">
    <p class='ocr_par' dir='ltr' id='par_1_28' title="bbox 1007 620 1794 656">
     <span class='ocr_line' id='line_1_28' title="bbox 1007 620 1794 656; baseline 0 -10"><span class='ocrx_word' id='word_1_207' title='bbox 1007 620 1069 646; x_wconf 69' lang='grc' dir='ltr'>Ἐὰν</span> <span class='ocrx_word' id='word_1_208' title='bbox 1085 620 1114 646; x_wconf 75' lang='grc' dir='ltr'><strong>δὲ</strong></span> <span class='ocrx_word' id='word_1_209' title='bbox 1132 620 1321 655; x_wconf 72' lang='grc' dir='ltr'>παρακολουθῇ</span> <span class='ocrx_word' id='word_1_210' title='bbox 1336 629 1378 652; x_wconf 90' lang='grc' dir='ltr'><strong>τις</strong></span> <span class='ocrx_word' id='word_1_211' title='bbox 1395 622 1426 655; x_wconf 82' lang='grc' dir='ltr'>τῇ</span> <span class='ocrx_word' id='word_1_212' title='bbox 1449 620 1504 656; x_wconf 64' lang='grc'>(46)</span> <span class='ocrx_word' id='word_1_213' title='bbox 1524 620 1576 655; x_wconf 76' lang='grc' dir='ltr'>ἰδίᾳ</span> <span class='ocrx_word' id='word_1_214' title='bbox 1601 621 1717 655; x_wconf 80' lang='grc' dir='ltr'>κινήσει,</span> <span class='ocrx_word' id='word_1_215' title='bbox 1733 622 1794 647; x_wconf 75' lang='grc' dir='ltr'>ἐπεὶ</span> 
     </span>
    </p>
   </div>
   <div class='ocr_carea' id='block_1_29' title="bbox 1000 665 1794 701">
    <p class='ocr_par' dir='ltr' id='par_1_29' title="bbox 1000 665 1794 701">
     <span class='ocr_line' id='line_1_29' title="bbox 1000 665 1794 701; baseline 0 -9"><span class='ocrx_word' id='word_1_216' title='bbox 1000 665 1078 693; x_wconf 75' lang='grc' dir='ltr'>τοῦτο</span> <span class='ocrx_word' id='word_1_217' title='bbox 1090 665 1122 692; x_wconf 77' lang='grc' dir='ltr'>δι’</span> <span class='ocrx_word' id='word_1_218' title='bbox 1140 665 1221 692; x_wconf 77' lang='grc' dir='ltr'>αὑτοῦ</span> <span class='ocrx_word' id='word_1_219' title='bbox 1237 666 1368 692; x_wconf 82' lang='grc' dir='ltr'>κινεῖσθαι</span> <span class='ocrx_word' id='word_1_220' title='bbox 1387 666 1692 701; x_wconf 78' lang='grc' dir='ltr'>ὡνομὰσαμεν,ἀνάγκη</span> <span class='ocrx_word' id='word_1_221' title='bbox 1714 666 1794 693; x_wconf 76' lang='grc' dir='ltr'>τοῦτο</span> 
     </span>
    </p>
   </div>
   <div class='ocr_carea' id='block_1_30' title="bbox 1000 709 1792 747">
    <p class='ocr_par' dir='ltr' id='par_1_30' title="bbox 1000 709 1792 747">
     <span class='ocr_line' id='line_1_30' title="bbox 1000 709 1792 747; baseline 0.001 -10"><span class='ocrx_word' id='word_1_222' title='bbox 1000 709 1069 738; x_wconf 76' lang='grc' dir='ltr'>εἶναι</span> <span class='ocrx_word' id='word_1_223' title='bbox 1081 711 1197 745; x_wconf 78' lang='grc' dir='ltr'>λογικόν.</span> <span class='ocrx_word' id='word_1_224' title='bbox 1207 712 1238 738; x_wconf 82' lang='grc' dir='ltr'><strong>Οἱ</strong></span> <span class='ocrx_word' id='word_1_225' title='bbox 1250 712 1338 737; x_wconf 77' lang='grc' dir='ltr'>τοίνυν</span> <span class='ocrx_word' id='word_1_226' title='bbox 1353 712 1473 744; x_wconf 80' lang='grc' dir='ltr'>θέλοντες</span> <span class='ocrx_word' id='word_1_227' title='bbox 1487 712 1569 747; x_wconf 78' lang='grc' dir='ltr'>μηδὲν</span> <span class='ocrx_word' id='word_1_228' title='bbox 1581 711 1650 738; x_wconf 79' lang='grc' dir='ltr'>εἶναι</span> <span class='ocrx_word' id='word_1_229' title='bbox 1663 712 1705 746; x_wconf 64' lang='grc' dir='ltr'><strong>ἐφ’</strong></span> <span class='ocrx_word' id='word_1_230' title='bbox 1715 714 1792 747; x_wconf 80' lang='grc' dir='ltr'>ἡμῖν,</span> 
     </span>
    </p>
   </div>
   <div class='ocr_carea' id='block_1_31' title="bbox 1001 757 1793 794">
    <p class='ocr_par' dir='ltr' id='par_1_31' title="bbox 1001 757 1793 794">
     <span class='ocr_line' id='line_1_31' title="bbox 1001 757 1793 794; baseline 0.001 -10"><span class='ocrx_word' id='word_1_231' title='bbox 1001 758 1154 792; x_wconf 74' lang='grc' dir='ltr'><strong>ἀναγκαίως</strong></span> <span class='ocrx_word' id='word_1_232' title='bbox 1191 757 1364 792; x_wconf 81' lang='grc' dir='ltr'>ὴλιθιώτατόν</span> <span class='ocrx_word' id='word_1_233' title='bbox 1393 767 1420 784; x_wconf 88' lang='grc' dir='ltr'><strong>τι</strong></span> <span class='ocrx_word' id='word_1_234' title='bbox 1452 759 1659 794; x_wconf 76' lang='grc' dir='ltr'>παραδέξονται,</span> <span class='ocrx_word' id='word_1_235' title='bbox 1683 759 1793 794; x_wconf 76' lang='grc' dir='ltr'>πρῶτον</span> 
     </span>
    </p>
   </div>
   <div class='ocr_carea' id='block_1_32' title="bbox 1003 803 1794 839">
    <p class='ocr_par' dir='ltr' id='par_1_32' title="bbox 1003 803 1794 839">
     <span class='ocr_line' id='line_1_32' title="bbox 1003 803 1794 839; baseline 0.003 -10"><span class='ocrx_word' id='word_1_236' title='bbox 1003 803 1051 838; x_wconf 69' lang='grc' dir='ltr'>μὲν</span> <span class='ocrx_word' id='word_1_237' title='bbox 1064 803 1120 838; x_wconf 68' lang='grc'>(47)</span> <span class='ocrx_word' id='word_1_238' title='bbox 1132 804 1172 829; x_wconf 82' lang='grc' dir='ltr'>ὅτι</span> <span class='ocrx_word' id='word_1_239' title='bbox 1183 803 1232 829; x_wconf 76' lang='grc' dir='ltr'>οὐκ</span> <span class='ocrx_word' id='word_1_240' title='bbox 1249 803 1331 838; x_wconf 74' lang='grc' dir='ltr'>ἐσμὲν</span> <span class='ocrx_word' id='word_1_241' title='bbox 1350 803 1416 835; x_wconf 79' lang='grc' dir='ltr'>ζῶα,</span> <span class='ocrx_word' id='word_1_242' title='bbox 1431 803 1556 839; x_wconf 79' lang='grc' dir='ltr'>δεύτερον</span> <span class='ocrx_word' id='word_1_243' title='bbox 1571 804 1599 831; x_wconf 81' lang='grc' dir='ltr'><strong>δὲ</strong></span> <span class='ocrx_word' id='word_1_244' title='bbox 1613 805 1654 830; x_wconf 79' lang='grc' dir='ltr'>ὅτι</span> <span class='ocrx_word' id='word_1_245' title='bbox 1676 805 1737 831; x_wconf 78' lang='grc' dir='ltr'>οὐδὲ</span> <span class='ocrx_word' id='word_1_246' title='bbox 1751 805 1794 831; x_wconf 89' lang='grc' dir='ltr'>λο-</span> 
     </span>
    </p>
   </div>
   <div class='ocr_carea' id='block_1_33' title="bbox 1001 845 1794 881">
    <p class='ocr_par' dir='ltr' id='par_1_33' title="bbox 1001 845 1794 881">
     <span class='ocr_line' id='line_1_33' title="bbox 1001 845 1794 881; baseline 0.004 -8"><span class='ocrx_word' id='word_1_247' title='bbox 1001 848 1076 881; x_wconf 78' lang='grc' dir='ltr'>γικά·</span> <span class='ocrx_word' id='word_1_248' title='bbox 1099 847 1157 874; x_wconf 82' lang='grc' dir='ltr'>ἁλλ’</span> <span class='ocrx_word' id='word_1_249' title='bbox 1187 845 1242 874; x_wconf 72' lang='grc' dir='ltr'>οἷον</span> <span class='ocrx_word' id='word_1_250' title='bbox 1264 848 1318 873; x_wconf 79' lang='grc' dir='ltr'><strong>ὑπὸ</strong></span> <span class='ocrx_word' id='word_1_251' title='bbox 1339 847 1437 880; x_wconf 78' lang='grc' dir='ltr'>ἔξωθεν</span> <span class='ocrx_word' id='word_1_252' title='bbox 1460 848 1598 880; x_wconf 76' lang='grc' dir='ltr'>κινοῦντος</span> <span class='ocrx_word' id='word_1_253' title='bbox 1617 849 1697 876; x_wconf 79' lang='grc' dir='ltr'>αὐτοὶ</span> <span class='ocrx_word' id='word_1_254' title='bbox 1718 850 1794 877; x_wconf 69' lang='grc' dir='ltr'>οὐδα-</span> 
     </span>
    </p>
   </div>
   <div class='ocr_carea' id='block_1_34' title="bbox 165 891 946 930">
    <p class='ocr_par' dir='ltr' id='par_1_34' title="bbox 165 894 946 927">
     <span class='ocr_line' id='line_1_34' title="bbox 165 894 946 927; baseline -0.004 -3"><span class='ocrx_word' id='word_1_255' title='bbox 165 897 301 924; x_wconf 86' lang='lat' dir='ltr'><strong>ullatenus</strong></span> <span class='ocrx_word' id='word_1_256' title='bbox 319 901 469 927; x_wconf 85' lang='lat' dir='ltr'><strong>moventes,</strong></span> <span class='ocrx_word' id='word_1_257' title='bbox 484 895 520 922; x_wconf 90' lang='lat' dir='ltr'><strong>ita</strong></span> <span class='ocrx_word' id='word_1_258' title='bbox 538 901 567 922; x_wconf 89' lang='lat' dir='ltr'><strong>ut</strong></span> <span class='ocrx_word' id='word_1_259' title='bbox 579 896 612 922; x_wconf 91' lang='lat' dir='ltr'><strong>ab</strong></span> <span class='ocrx_word' id='word_1_260' title='bbox 628 895 674 922; x_wconf 89' lang='lat' dir='ltr'><strong>illo</strong></span> <span class='ocrx_word' id='word_1_261' title='bbox 695 894 752 921; x_wconf 82' lang='lat' dir='ltr'><strong>ﬁeri</strong></span> <span class='ocrx_word' id='word_1_262' title='bbox 766 895 878 922; x_wconf 89' lang='lat' dir='ltr'><strong>dicenda</strong></span> <span class='ocrx_word' id='word_1_263' title='bbox 896 895 946 922; x_wconf 87' lang='lat' dir='ltr'><strong>sint</strong></span> 
     </span>
    </p>
   </div>
   <div class='ocr_carea' id='block_1_35' title="bbox 1033 891 1793 930">
    <p class='ocr_par' dir='ltr' id='par_1_35' title="bbox 1033 893 1793 930">
     <span class='ocr_line' id='line_1_35' title="bbox 1033 893 1793 930; baseline 0.005 -12"><span class='ocrx_word' id='word_1_264' title='bbox 1033 893 1060 924; x_wconf 81' lang='grc' dir='ltr'>ὒς</span> <span class='ocrx_word' id='word_1_265' title='bbox 1083 893 1248 928; x_wconf 76' lang='grc' dir='ltr'><strong>κινούμενοι,</strong></span> <span class='ocrx_word' id='word_1_266' title='bbox 1272 895 1359 920; x_wconf 80' lang='grc' dir='ltr'>ποιεῖν</span> <span class='ocrx_word' id='word_1_267' title='bbox 1388 894 1433 920; x_wconf 83' lang='grc' dir='ltr'><strong>ὑπ’</strong></span> <span class='ocrx_word' id='word_1_268' title='bbox 1464 894 1568 921; x_wconf 79' lang='grc' dir='ltr'>ἐκείνου</span> <span class='ocrx_word' id='word_1_269' title='bbox 1597 895 1756 930; x_wconf 75' lang='grc' dir='ltr'><strong>λεγοίμεθα,</strong></span> <span class='ocrx_word' id='word_1_270' title='bbox 1776 895 1793 922; x_wconf 74' lang='grc' dir='ltr'><strong>ἀ</strong></span> 
     </span>
    </p>
   </div>
   <div class='ocr_carea' id='block_1_36' title="bbox 164 940 952 975">
    <p class='ocr_par' dir='ltr' id='par_1_36' title="bbox 164 940 952 975">
     <span class='ocr_line' id='line_1_36' title="bbox 164 940 952 975; baseline -0.001 -7"><span class='ocrx_word' id='word_1_271' title='bbox 164 949 225 975; x_wconf 74' lang='lat' dir='ltr'><strong>qua:</strong></span> <span class='ocrx_word' id='word_1_272' title='bbox 242 942 332 968; x_wconf 80' lang='lat' dir='ltr'><strong>facere</strong></span> <span class='ocrx_word' id='word_1_273' title='bbox 346 941 491 968; x_wconf 88' lang='lat' dir='ltr'><strong>credimur.</strong></span> <span class='ocrx_word' id='word_1_274' title='bbox 511 940 644 968; x_wconf 76' lang='lat' dir='ltr'><strong>Praeterea</strong></span> <span class='ocrx_word' id='word_1_275' title='bbox 664 941 787 967; x_wconf 86' lang='lat' dir='ltr'><strong>attcndat</strong></span> <span class='ocrx_word' id='word_1_276' title='bbox 804 940 901 974; x_wconf 85' lang='lat' dir='ltr'><strong>aliquis</strong></span> <span class='ocrx_word' id='word_1_277' title='bbox 919 940 952 967; x_wconf 89' lang='lat' dir='ltr'><strong>iis</strong></span> 
     </span>
    </p>
   </div>
   <div class='ocr_carea' id='block_1_37' title="bbox 163 985 951 1020">
    <p class='ocr_par' dir='ltr' id='par_1_37' title="bbox 163 985 951 1020">
     <span class='ocr_line' id='line_1_37' title="bbox 163 985 951 1020; baseline -0.001 -8"><span class='ocrx_word' id='word_1_278' title='bbox 163 993 225 1020; x_wconf 61' lang='lat' dir='ltr'><strong>qua:</strong></span> <span class='ocrx_word' id='word_1_279' title='bbox 240 985 266 1012; x_wconf 90' lang='lat' dir='ltr'><strong>in</strong></span> <span class='ocrx_word' id='word_1_280' title='bbox 278 993 307 1013; x_wconf 92' lang='lat' dir='ltr'><strong>se</strong></span> <span class='ocrx_word' id='word_1_281' title='bbox 318 985 410 1017; x_wconf 85' lang='lat' dir='ltr'><strong>sentit,</strong></span> <span class='ocrx_word' id='word_1_282' title='bbox 424 990 449 1012; x_wconf 87' lang='lat' dir='ltr'><strong>et</strong></span> <span class='ocrx_word' id='word_1_283' title='bbox 461 985 552 1012; x_wconf 84' lang='lat' dir='ltr'><strong>videat</strong></span> <span class='ocrx_word' id='word_1_284' title='bbox 570 992 603 1011; x_wconf 92' lang='lat' dir='ltr'><strong>an</strong></span> <span class='ocrx_word' id='word_1_285' title='bbox 617 985 676 1012; x_wconf 86' lang='lat' dir='ltr'><strong>sine</strong></span> <span class='ocrx_word' id='word_1_286' title='bbox 689 985 853 1019; x_wconf 89' lang='lat' dir='ltr'><strong>impudentia</strong></span> <span class='ocrx_word' id='word_1_287' title='bbox 871 993 951 1020; x_wconf 75' lang='lat' dir='ltr'><strong>nega-</strong></span> 
     </span>
    </p>
   </div>
   <div class='ocr_carea' id='block_1_38' title="bbox 162 1029 952 1066">
    <p class='ocr_par' dir='ltr' id='par_1_38' title="bbox 162 1029 952 1066">
     <span class='ocr_line' id='line_1_38' title="bbox 162 1029 952 1066; baseline -0.001 -8"><span class='ocrx_word' id='word_1_288' title='bbox 162 1039 194 1058; x_wconf 85' lang='lat' dir='ltr'><strong>re</strong></span> <span class='ocrx_word' id='word_1_289' title='bbox 203 1031 283 1066; x_wconf 82' lang='lat'><strong>207</strong></span> <span class='ocrx_word' id='word_1_290' title='bbox 292 1030 412 1065; x_wconf 89' lang='lat' dir='ltr'><strong>possitse</strong></span> <span class='ocrx_word' id='word_1_291' title='bbox 425 1031 510 1064; x_wconf 91' lang='lat' dir='ltr'><strong>ipsum</strong></span> <span class='ocrx_word' id='word_1_292' title='bbox 521 1029 638 1062; x_wconf 88' lang='lat' dir='ltr'><strong>velle,se</strong></span> <span class='ocrx_word' id='word_1_293' title='bbox 653 1029 740 1064; x_wconf 92' lang='lat' dir='ltr'><strong>ipsum</strong></span> <span class='ocrx_word' id='word_1_294' title='bbox 755 1031 909 1062; x_wconf 86' lang='lat' dir='ltr'><strong>comedere,</strong></span> <span class='ocrx_word' id='word_1_295' title='bbox 923 1037 952 1057; x_wconf 87' lang='lat' dir='ltr'><strong>se</strong></span> 
     </span>
    </p>
   </div>
   <div class='ocr_carea' id='block_1_39' title="bbox 163 1075 951 1111">
    <p class='ocr_par' dir='ltr' id='par_1_39' title="bbox 163 1075 951 1111">
     <span class='ocr_line' id='line_1_39' title="bbox 163 1075 951 1111; baseline 0 -9"><span class='ocrx_word' id='word_1_296' title='bbox 163 1077 252 1111; x_wconf 91' lang='lat' dir='ltr'><strong>ipsum</strong></span> <span class='ocrx_word' id='word_1_297' title='bbox 267 1075 416 1108; x_wconf 86' lang='lat' dir='ltr'><strong>ambulare,</strong></span> <span class='ocrx_word' id='word_1_298' title='bbox 431 1083 460 1102; x_wconf 88' lang='lat' dir='ltr'><strong>se</strong></span> <span class='ocrx_word' id='word_1_299' title='bbox 473 1075 559 1109; x_wconf 86' lang='lat' dir='ltr'><strong>ipsum</strong></span> <span class='ocrx_word' id='word_1_300' title='bbox 572 1075 698 1102; x_wconf 86' lang='lat' dir='ltr'><strong>assentiri</strong></span> <span class='ocrx_word' id='word_1_301' title='bbox 710 1079 736 1102; x_wconf 86' lang='lat' dir='ltr'><strong>et</strong></span> <span class='ocrx_word' id='word_1_302' title='bbox 747 1075 882 1109; x_wconf 87' lang='lat' dir='ltr'><strong>quaslibet</strong></span> <span class='ocrx_word' id='word_1_303' title='bbox 893 1075 951 1110; x_wconf 89' lang='lat' dir='ltr'><strong>opi-</strong></span> 
     </span>
    </p>
   </div>
   <div class='ocr_carea' id='block_1_40' title="bbox 163 1119 951 1155">
    <p class='ocr_par' dir='ltr' id='par_1_40' title="bbox 163 1119 951 1155">
     <span class='ocr_line' id='line_1_40' title="bbox 163 1119 951 1155; baseline -0.001 -7"><span class='ocrx_word' id='word_1_304' title='bbox 163 1122 260 1149; x_wconf 87' lang='lat' dir='ltr'><strong>niones</strong></span> <span class='ocrx_word' id='word_1_305' title='bbox 273 1121 406 1155; x_wconf 83' lang='lat' dir='ltr'><strong>accipere,</strong></span> <span class='ocrx_word' id='word_1_306' title='bbox 423 1128 452 1148; x_wconf 88' lang='lat' dir='ltr'><strong>se</strong></span> <span class='ocrx_word' id='word_1_307' title='bbox 467 1121 554 1155; x_wconf 84' lang='lat' dir='ltr'><strong>ipsum</strong></span> <span class='ocrx_word' id='word_1_308' title='bbox 570 1121 623 1146; x_wconf 85' lang='lat' dir='ltr'><strong>alia</strong></span> <span class='ocrx_word' id='word_1_309' title='bbox 638 1121 758 1147; x_wconf 84' lang='lat' dir='ltr'><strong>abnuere</strong></span> <span class='ocrx_word' id='word_1_310' title='bbox 773 1125 802 1147; x_wconf 89' lang='lat' dir='ltr'><strong>ut</strong></span> <span class='ocrx_word' id='word_1_311' title='bbox 818 1119 897 1147; x_wconf 77' lang='lat' dir='ltr'><strong>falsa.</strong></span> <span class='ocrx_word' id='word_1_312' title='bbox 916 1119 951 1147; x_wconf 86' lang='lat' dir='ltr'><strong>Ut</strong></span> 
     </span>
    </p>
   </div>
   <div class='ocr_carea' id='block_1_41' title="bbox 163 1166 952 1201">
    <p class='ocr_par' dir='ltr' id='par_1_41' title="bbox 163 1166 952 1201">
     <span class='ocr_line' id='line_1_41' title="bbox 163 1166 952 1201; baseline -0.001 -8"><span class='ocrx_word' id='word_1_313' title='bbox 163 1168 248 1201; x_wconf 84' lang='lat' dir='ltr'><strong>igitur</strong></span> <span class='ocrx_word' id='word_1_314' title='bbox 267 1167 391 1201; x_wconf 67' lang='lat' dir='ltr'><strong>quaedam</strong></span> <span class='ocrx_word' id='word_1_315' title='bbox 407 1166 549 1194; x_wconf 72' lang='lat' dir='ltr'><strong>sententiae</strong></span> <span class='ocrx_word' id='word_1_316' title='bbox 567 1171 631 1193; x_wconf 86' lang='lat' dir='ltr'><strong>sunt</strong></span> <span class='ocrx_word' id='word_1_317' title='bbox 644 1167 743 1200; x_wconf 88' lang='lat' dir='ltr'><strong>quibus</strong></span> <span class='ocrx_word' id='word_1_318' title='bbox 757 1173 894 1200; x_wconf 88' lang='lat' dir='ltr'><strong>nunquam</strong></span> <span class='ocrx_word' id='word_1_319' title='bbox 907 1166 952 1192; x_wconf 80' lang='lat' dir='ltr'><strong>ad~</strong></span> 
     </span>
    </p>
   </div>
   <div class='ocr_carea' id='block_1_42' title="bbox 163 1211 950 1248">
    <p class='ocr_par' dir='ltr' id='par_1_42' title="bbox 163 1211 950 1248">
     <span class='ocr_line' id='line_1_42' title="bbox 163 1211 950 1248; baseline -0.004 -7"><span class='ocrx_word' id='word_1_320' title='bbox 163 1214 226 1242; x_wconf 87' lang='lat' dir='ltr'><strong>duci</strong></span> <span class='ocrx_word' id='word_1_321' title='bbox 242 1213 342 1248; x_wconf 88' lang='lat' dir='ltr'><strong>poterit</strong></span> <span class='ocrx_word' id='word_1_322' title='bbox 363 1214 443 1240; x_wconf 90' lang='lat' dir='ltr'><strong>homo</strong></span> <span class='ocrx_word' id='word_1_323' title='bbox 460 1218 489 1240; x_wconf 90' lang='lat' dir='ltr'><strong>ut</strong></span> <span class='ocrx_word' id='word_1_324' title='bbox 505 1213 673 1240; x_wconf 88' lang='lat' dir='ltr'><strong>assentiatur</strong></span> <span class='ocrx_word' id='word_1_325' title='bbox 690 1213 866 1247; x_wconf 88' lang='lat' dir='ltr'><strong>quantumvis</strong></span> <span class='ocrx_word' id='word_1_326' title='bbox 882 1211 950 1238; x_wconf 88' lang='lat' dir='ltr'><strong>mol-</strong></span> 
     </span>
    </p>
   </div>
   <div class='ocr_carea' id='block_1_43' title="bbox 163 1257 951 1294">
    <p class='ocr_par' dir='ltr' id='par_1_43' title="bbox 163 1257 951 1294">
     <span class='ocr_line' id='line_1_43' title="bbox 163 1257 951 1294; baseline -0.003 -8"><span class='ocrx_word' id='word_1_327' title='bbox 163 1259 201 1287; x_wconf 84' lang='lat' dir='ltr'><strong>tis</strong></span> <span class='ocrx_word' id='word_1_328' title='bbox 215 1259 421 1294; x_wconf 87' lang='lat' dir='ltr'><strong>probationibus</strong></span> <span class='ocrx_word' id='word_1_329' title='bbox 435 1263 538 1291; x_wconf 86' lang='lat' dir='ltr'><strong>utatur,</strong></span> <span class='ocrx_word' id='word_1_330' title='bbox 553 1263 579 1285; x_wconf 90' lang='lat' dir='ltr'><strong>et</strong></span> <span class='ocrx_word' id='word_1_331' title='bbox 593 1258 769 1292; x_wconf 78' lang='lat' dir='ltr'><strong>quantumvis</strong></span> <span class='ocrx_word' id='word_1_332' title='bbox 783 1258 865 1284; x_wconf 87' lang='lat' dir='ltr'><strong>multa</strong></span> <span class='ocrx_word' id='word_1_333' title='bbox 878 1257 951 1285; x_wconf 82' lang='lat' dir='ltr'><strong>dicat</strong></span> 
     </span>
    </p>
   </div>
   <div class='ocr_carea' id='block_1_44' title="bbox 164 1303 950 1340">
    <p class='ocr_par' dir='ltr' id='par_1_44' title="bbox 164 1303 950 1340">
     <span class='ocr_line' id='line_1_44' title="bbox 164 1303 950 1340; baseline -0.004 -8"><span class='ocrx_word' id='word_1_334' title='bbox 164 1306 199 1332; x_wconf 83' lang='lat' dir='ltr'><strong>ad</strong></span> <span class='ocrx_word' id='word_1_335' title='bbox 218 1305 436 1340; x_wconf 86' lang='lat' dir='ltr'><strong>persuadendum</strong></span> <span class='ocrx_word' id='word_1_336' title='bbox 461 1303 636 1338; x_wconf 86' lang='lat' dir='ltr'><strong>conquisita:</strong></span> <span class='ocrx_word' id='word_1_337' title='bbox 654 1304 693 1331; x_wconf 90' lang='lat' dir='ltr'><strong>sic</strong></span> <span class='ocrx_word' id='word_1_338' title='bbox 708 1304 765 1330; x_wconf 85' lang='lat' dir='ltr'><strong>ﬁeri</strong></span> <span class='ocrx_word' id='word_1_339' title='bbox 790 1311 842 1330; x_wconf 92' lang='lat' dir='ltr'><strong>non</strong></span> <span class='ocrx_word' id='word_1_340' title='bbox 863 1307 950 1337; x_wconf 87' lang='lat' dir='ltr'><strong>potest</strong></span> 
     </span>
    </p>
   </div>
   <div class='ocr_carea' id='block_1_45' title="bbox 164 1349 950 1386">
    <p class='ocr_par' dir='ltr' id='par_1_45' title="bbox 164 1349 950 1386">
     <span class='ocr_line' id='line_1_45' title="bbox 164 1349 950 1386; baseline -0.004 -8"><span class='ocrx_word' id='word_1_341' title='bbox 164 1355 196 1378; x_wconf 91' lang='lat' dir='ltr'><strong>ut</strong></span> <span class='ocrx_word' id='word_1_342' title='bbox 210 1351 247 1378; x_wconf 92' lang='lat' dir='ltr'><strong>ita</strong></span> <span class='ocrx_word' id='word_1_343' title='bbox 269 1351 413 1386; x_wconf 86' lang='lat' dir='ltr'><strong>quisquam</strong></span> <span class='ocrx_word' id='word_1_344' title='bbox 436 1350 469 1377; x_wconf 88' lang='lat' dir='ltr'><strong>de</strong></span> <span class='ocrx_word' id='word_1_345' title='bbox 495 1350 576 1376; x_wconf 83' lang='lat' dir='ltr'><strong>rebus</strong></span> <span class='ocrx_word' id='word_1_346' title='bbox 591 1349 717 1376; x_wconf 89' lang='lat' dir='ltr'><strong>humanis</strong></span> <span class='ocrx_word' id='word_1_347' title='bbox 733 1349 833 1376; x_wconf 86' lang='lat' dir='ltr'><strong>sentiat</strong></span> <span class='ocrx_word' id='word_1_348' title='bbox 846 1368 853 1380; x_wconf 91' lang='lat'><strong>,</strong></span> <span class='ocrx_word' id='word_1_349' title='bbox 872 1349 950 1382; x_wconf 89' lang='lat' dir='ltr'><strong>quasi</strong></span> 
     </span>
    </p>
   </div>
   <div class='ocr_carea' id='block_1_46' title="bbox 163 1393 951 1430">
    <p class='ocr_par' dir='ltr' id='par_1_46' title="bbox 163 1393 951 1430">
     <span class='ocr_line' id='line_1_46' title="bbox 163 1393 951 1430; baseline -0.005 -6"><span class='ocrx_word' id='word_1_350' title='bbox 163 1396 234 1424; x_wconf 87' lang='lat' dir='ltr'><strong>nihil</strong></span> <span class='ocrx_word' id='word_1_351' title='bbox 250 1400 359 1423; x_wconf 88' lang='lat' dir='ltr'><strong>maneat</strong></span> <span class='ocrx_word' id='word_1_352' title='bbox 374 1396 400 1423; x_wconf 92' lang='lat' dir='ltr'><strong>in</strong></span> <span class='ocrx_word' id='word_1_353' title='bbox 415 1400 508 1422; x_wconf 90' lang='lat' dir='ltr'><strong>nostra</strong></span> <span class='ocrx_word' id='word_1_354' title='bbox 528 1399 673 1430; x_wconf 82' lang='lat' dir='ltr'><strong>potestate.</strong></span> <span class='ocrx_word' id='word_1_355' title='bbox 691 1394 758 1426; x_wconf 87' lang='lat' dir='ltr'><strong>Quis</strong></span> <span class='ocrx_word' id='word_1_356' title='bbox 775 1394 848 1421; x_wconf 89' lang='lat' dir='ltr'><strong>enim</strong></span> <span class='ocrx_word' id='word_1_357' title='bbox 863 1393 951 1421; x_wconf 85' lang='lat' dir='ltr'><strong>credit</strong></span> 
     </span>
    </p>
   </div>
   <div class='ocr_carea' id='block_1_47' title="bbox 164 1441 951 1476">
    <p class='ocr_par' dir='ltr' id='par_1_47' title="bbox 164 1441 951 1476">
     <span class='ocr_line' id='line_1_47' title="bbox 164 1441 951 1476; baseline -0.004 -5"><span class='ocrx_word' id='word_1_358' title='bbox 164 1443 234 1472; x_wconf 83' lang='lat' dir='ltr'><strong>nihil</strong></span> <span class='ocrx_word' id='word_1_359' title='bbox 254 1447 345 1470; x_wconf 88' lang='lat' dir='ltr'><strong>mente</strong></span> <span class='ocrx_word' id='word_1_360' title='bbox 360 1441 555 1476; x_wconf 86' lang='lat' dir='ltr'><strong>comprehendi</strong></span> <span class='ocrx_word' id='word_1_361' title='bbox 571 1448 663 1476; x_wconf 84' lang='lat' dir='ltr'><strong>posse,</strong></span> <span class='ocrx_word' id='word_1_362' title='bbox 680 1445 725 1467; x_wconf 88' lang='lat' dir='ltr'><strong>aut</strong></span> <span class='ocrx_word' id='word_1_363' title='bbox 743 1441 779 1467; x_wconf 88' lang='lat' dir='ltr'><strong>ita</strong></span> <span class='ocrx_word' id='word_1_364' title='bbox 797 1441 862 1467; x_wconf 88' lang='lat' dir='ltr'><strong>vivit</strong></span> <span class='ocrx_word' id='word_1_365' title='bbox 876 1445 904 1467; x_wconf 90' lang='lat' dir='ltr'><strong>ut</strong></span> <span class='ocrx_word' id='word_1_366' title='bbox 918 1441 951 1468; x_wconf 88' lang='lat' dir='ltr'><strong>de</strong></span> 
     </span>
    </p>
   </div>
   <div class='ocr_carea' id='block_1_48' title="bbox 163 1486 950 1521">
    <p class='ocr_par' dir='ltr' id='par_1_48' title="bbox 163 1486 950 1521">
     <span class='ocr_line' id='line_1_48' title="bbox 163 1486 950 1521; baseline -0.005 -5"><span class='ocrx_word' id='word_1_367' title='bbox 163 1488 245 1517; x_wconf 87' lang='lat' dir='ltr'><strong>rebus</strong></span> <span class='ocrx_word' id='word_1_368' title='bbox 256 1489 392 1519; x_wconf 86' lang='lat' dir='ltr'><strong>omnibus,</strong></span> <span class='ocrx_word' id='word_1_369' title='bbox 405 1495 574 1521; x_wconf 69' lang='lat' dir='ltr'><strong>quaecunque</strong></span> <span class='ocrx_word' id='word_1_370' title='bbox 586 1487 692 1513; x_wconf 87' lang='lat' dir='ltr'><strong>tandem</strong></span> <span class='ocrx_word' id='word_1_371' title='bbox 701 1486 753 1513; x_wconf 70' lang='lat' dir='ltr'><strong>illa:</strong></span> <span class='ocrx_word' id='word_1_372' title='bbox 760 1486 824 1517; x_wconf 88' lang='lat' dir='ltr'><strong>sint,</strong></span> <span class='ocrx_word' id='word_1_373' title='bbox 835 1486 950 1513; x_wconf 82' lang='lat' dir='ltr'><strong>dubitet?</strong></span> 
     </span>
    </p>
   </div>
   <div class='ocr_carea' id='block_1_49' title="bbox 164 1531 948 1568">
    <p class='ocr_par' dir='ltr' id='par_1_49' title="bbox 164 1531 948 1568">
     <span class='ocr_line' id='line_1_49' title="bbox 164 1531 948 1568; baseline -0.005 -5"><span class='ocrx_word' id='word_1_374' title='bbox 164 1535 233 1568; x_wconf 83' lang='lat' dir='ltr'><strong>Quis</strong></span> <span class='ocrx_word' id='word_1_375' title='bbox 247 1542 301 1562; x_wconf 92' lang='lat' dir='ltr'><strong>non</strong></span> <span class='ocrx_word' id='word_1_376' title='bbox 322 1535 446 1568; x_wconf 88' lang='lat' dir='ltr'><strong>increpat</strong></span> <span class='ocrx_word' id='word_1_377' title='bbox 473 1533 603 1560; x_wconf 79' lang='lat' dir='ltr'><strong>famulum</strong></span> <span class='ocrx_word' id='word_1_378' title='bbox 630 1540 690 1559; x_wconf 90' lang='lat' dir='ltr'><strong>cttm</strong></span> <span class='ocrx_word' id='word_1_379' title='bbox 715 1531 852 1566; x_wconf 87' lang='lat' dir='ltr'><strong>peccantis</strong></span> <span class='ocrx_word' id='word_1_380' title='bbox 878 1532 948 1559; x_wconf 85' lang='lat' dir='ltr'><strong>servi</strong></span> 
     </span>
    </p>
   </div>
   <div class='ocr_carea' id='block_1_50' title="bbox 164 1577 948 1614">
    <p class='ocr_par' dir='ltr' id='par_1_50' title="bbox 164 1577 948 1614">
     <span class='ocr_line' id='line_1_50' title="bbox 164 1577 948 1614; baseline -0.003 -7"><span class='ocrx_word' id='word_1_381' title='bbox 164 1580 284 1614; x_wconf 83' lang='lat' dir='ltr'><strong>speciem</strong></span> <span class='ocrx_word' id='word_1_382' title='bbox 300 1579 392 1606; x_wconf 84' lang='lat' dir='ltr'><strong>animo</strong></span> <span class='ocrx_word' id='word_1_383' title='bbox 416 1578 592 1613; x_wconf 83' lang='lat' dir='ltr'><strong>perceperit?</strong></span> <span class='ocrx_word' id='word_1_384' title='bbox 608 1577 672 1610; x_wconf 87' lang='lat' dir='ltr'><strong>Quis</strong></span> <span class='ocrx_word' id='word_1_385' title='bbox 693 1577 777 1604; x_wconf 86' lang='lat' dir='ltr'><strong>ﬁlium</strong></span> <span class='ocrx_word' id='word_1_386' title='bbox 795 1586 848 1606; x_wconf 94' lang='lat' dir='ltr'><strong>non</strong></span> <span class='ocrx_word' id='word_1_387' title='bbox 868 1585 948 1605; x_wconf 89' lang='lat' dir='ltr'><strong>accu-</strong></span> 
     </span>
    </p>
   </div>
   <div class='ocr_carea' id='block_1_51' title="bbox 164 1623 950 1658">
    <p class='ocr_par' dir='ltr' id='par_1_51' title="bbox 164 1623 950 1658">
     <span class='ocr_line' id='line_1_51' title="bbox 164 1623 950 1658; baseline -0.003 -6"><span class='ocrx_word' id='word_1_388' title='bbox 164 1630 209 1652; x_wconf 72' lang='lat' dir='ltr'><strong>sat</strong></span> <span class='ocrx_word' id='word_1_389' title='bbox 223 1624 313 1652; x_wconf 87' lang='lat' dir='ltr'><strong>debita</strong></span> <span class='ocrx_word' id='word_1_390' title='bbox 328 1624 488 1658; x_wconf 88' lang='lat' dir='ltr'><strong>parentibus</strong></span> <span class='ocrx_word' id='word_1_391' title='bbox 499 1624 631 1658; x_wconf 87' lang='lat' dir='ltr'><strong>obsequia</strong></span> <span class='ocrx_word' id='word_1_392' title='bbox 644 1631 697 1651; x_wconf 89' lang='lat' dir='ltr'><strong>non</strong></span> <span class='ocrx_word' id='word_1_393' title='bbox 710 1623 885 1650; x_wconf 86' lang='lat' dir='ltr'><strong>reddentem?</strong></span> <span class='ocrx_word' id='word_1_394' title='bbox 897 1625 950 1650; x_wconf 85' lang='lat' dir='ltr'><strong>Aut</strong></span> 
     </span>
    </p>
   </div>
   <div class='ocr_carea' id='block_1_52' title="bbox 163 1669 948 1704">
    <p class='ocr_par' dir='ltr' id='par_1_52' title="bbox 163 1669 948 1704">
     <span class='ocr_line' id='line_1_52' title="bbox 163 1669 948 1704; baseline -0.003 -6"><span class='ocrx_word' id='word_1_395' title='bbox 163 1677 220 1698; x_wconf 89' lang='lat' dir='ltr'><strong>non</strong></span> <span class='ocrx_word' id='word_1_396' title='bbox 236 1671 360 1704; x_wconf 91' lang='lat' dir='ltr'><strong>queritur</strong></span> <span class='ocrx_word' id='word_1_397' title='bbox 373 1675 401 1697; x_wconf 87' lang='lat' dir='ltr'><strong>et</strong></span> <span class='ocrx_word' id='word_1_398' title='bbox 423 1669 560 1703; x_wconf 88' lang='lat' dir='ltr'><strong>vituperat</strong></span> <span class='ocrx_word' id='word_1_399' title='bbox 584 1669 661 1703; x_wconf 77' lang='lat' dir='ltr'><strong>quasi</strong></span> <span class='ocrx_word' id='word_1_400' title='bbox 687 1670 802 1703; x_wconf 87' lang='lat' dir='ltr'><strong>turpiter</strong></span> <span class='ocrx_word' id='word_1_401' title='bbox 825 1674 948 1704; x_wconf 79' lang='lat' dir='ltr'><strong>agentem</strong></span> 
     </span>
    </p>
   </div>
   <div class='ocr_carea' id='block_1_53' title="bbox 165 1714 950 1749">
    <p class='ocr_par' dir='ltr' id='par_1_53' title="bbox 165 1714 950 1749">
     <span class='ocr_line' id='line_1_53' title="bbox 165 1714 950 1749; baseline 0 -7"><span class='ocrx_word' id='word_1_402' title='bbox 165 1716 309 1743; x_wconf 87' lang='lat' dir='ltr'><strong>mulierem</strong></span> <span class='ocrx_word' id='word_1_403' title='bbox 332 1715 503 1743; x_wconf 78' lang='lat' dir='ltr'><strong>adulteram?</strong></span> <span class='ocrx_word' id='word_1_404' title='bbox 521 1715 579 1741; x_wconf 87' lang='lat' dir='ltr'><strong>Vim</strong></span> <span class='ocrx_word' id='word_1_405' title='bbox 597 1715 668 1741; x_wconf 90' lang='lat' dir='ltr'><strong>enim</strong></span> <span class='ocrx_word' id='word_1_406' title='bbox 685 1714 749 1741; x_wconf 81' lang='lat' dir='ltr'><strong>facit</strong></span> <span class='ocrx_word' id='word_1_407' title='bbox 773 1716 830 1749; x_wconf 87' lang='lat' dir='ltr'><strong>ipsa</strong></span> <span class='ocrx_word' id='word_1_408' title='bbox 849 1715 950 1743; x_wconf 83' lang='lat' dir='ltr'><strong>veritas</strong></span> 
     </span>
    </p>
   </div>
   <div class='ocr_carea' id='block_1_54' title="bbox 165 1760 948 1796">
    <p class='ocr_par' dir='ltr' id='par_1_54' title="bbox 165 1760 948 1796">
     <span class='ocr_line' id='line_1_54' title="bbox 165 1760 948 1796; baseline 0 -8"><span class='ocrx_word' id='word_1_409' title='bbox 165 1767 192 1788; x_wconf 84' lang='lat' dir='ltr'><strong>et</strong></span> <span class='ocrx_word' id='word_1_410' title='bbox 205 1761 288 1795; x_wconf 74' lang='lat' dir='ltr'><strong>cogit.</strong></span> <span class='ocrx_word' id='word_1_411' title='bbox 303 1761 481 1796; x_wconf 87' lang='lat' dir='ltr'><strong>quantumvis</strong></span> <span class='ocrx_word' id='word_1_412' title='bbox 496 1760 618 1788; x_wconf 87' lang='lat' dir='ltr'><strong>cavillari</strong></span> <span class='ocrx_word' id='word_1_413' title='bbox 645 1761 745 1793; x_wconf 85' lang='lat' dir='ltr'><strong>libeat,</strong></span> <span class='ocrx_word' id='word_1_414' title='bbox 762 1761 863 1796; x_wconf 83' lang='lat' dir='ltr'><strong>impetu</strong></span> <span class='ocrx_word' id='word_1_415' title='bbox 878 1768 948 1795; x_wconf 90' lang='lat' dir='ltr'><strong>quo-</strong></span> 
     </span>
    </p>
   </div>
   <div class='ocr_carea' id='block_1_55' title="bbox 166 1806 949 1842">
    <p class='ocr_par' dir='ltr' id='par_1_55' title="bbox 166 1806 949 1842">
     <span class='ocr_line' id='line_1_55' title="bbox 166 1806 949 1842; baseline 0 -8"><span class='ocrx_word' id='word_1_416' title='bbox 166 1808 228 1834; x_wconf 88' lang='lat' dir='ltr'><strong>dam</strong></span> <span class='ocrx_word' id='word_1_417' title='bbox 243 1807 271 1834; x_wconf 92' lang='lat' dir='ltr'><strong>in</strong></span> <span class='ocrx_word' id='word_1_418' title='bbox 286 1806 378 1834; x_wconf 85' lang='lat' dir='ltr'><strong>laudes</strong></span> <span class='ocrx_word' id='word_1_419' title='bbox 393 1812 421 1834; x_wconf 92' lang='lat' dir='ltr'><strong>et</strong></span> <span class='ocrx_word' id='word_1_420' title='bbox 436 1807 463 1833; x_wconf 94' lang='lat' dir='ltr'><strong>in</strong></span> <span class='ocrx_word' id='word_1_421' title='bbox 480 1807 613 1842; x_wconf 87' lang='lat' dir='ltr'><strong>vituperia</strong></span> <span class='ocrx_word' id='word_1_422' title='bbox 628 1807 692 1837; x_wconf 83' lang='lat' dir='ltr'><strong>ferri</strong></span> <span class='ocrx_word' id='word_1_423' title='bbox 703 1826 709 1838; x_wconf 90' lang='grc'><strong>,</strong></span> <span class='ocrx_word' id='word_1_424' title='bbox 737 1807 807 1841; x_wconf 89' lang='lat' dir='ltr'><strong>quod</strong></span> <span class='ocrx_word' id='word_1_425' title='bbox 836 1815 898 1834; x_wconf 87' lang='lat' dir='ltr'><strong>vere</strong></span> <span class='ocrx_word' id='word_1_426' title='bbox 914 1807 949 1834; x_wconf 90' lang='lat' dir='ltr'><strong>sit</strong></span> 
     </span>
    </p>
   </div>
   <div class='ocr_carea' id='block_1_56' title="bbox 165 1853 949 1888">
    <p class='ocr_par' dir='ltr' id='par_1_56' title="bbox 165 1853 949 1888">
     <span class='ocr_line' id='line_1_56' title="bbox 165 1853 949 1888; baseline 0 -8"><span class='ocrx_word' id='word_1_427' title='bbox 165 1853 271 1888; x_wconf 80' lang='lat' dir='ltr'><strong>aliquid</strong></span> <span class='ocrx_word' id='word_1_428' title='bbox 295 1853 321 1880; x_wconf 86' lang='lat' dir='ltr'><strong>in</strong></span> <span class='ocrx_word' id='word_1_429' title='bbox 341 1857 432 1880; x_wconf 84' lang='lat' dir='ltr'><strong>nostra</strong></span> <span class='ocrx_word' id='word_1_430' title='bbox 450 1857 585 1887; x_wconf 89' lang='lat' dir='ltr'><strong>potestate</strong></span> <span class='ocrx_word' id='word_1_431' title='bbox 599 1874 606 1886; x_wconf 96' lang='lat'><strong>,</strong></span> <span class='ocrx_word' id='word_1_432' title='bbox 634 1853 716 1887; x_wconf 89' lang='lat' dir='ltr'><strong>idque</strong></span> <span class='ocrx_word' id='word_1_433' title='bbox 741 1853 783 1879; x_wconf 91' lang='lat' dir='ltr'><strong>vel</strong></span> <span class='ocrx_word' id='word_1_434' title='bbox 808 1853 887 1879; x_wconf 85' lang='lat' dir='ltr'><strong>laude</strong></span> <span class='ocrx_word' id='word_1_435' title='bbox 907 1853 949 1880; x_wconf 85' lang='lat' dir='ltr'><strong>vel</strong></span> 
     </span>
    </p>
   </div>
   <div class='ocr_carea' id='block_1_57' title="bbox 165 1898 948 1934">
    <p class='ocr_par' dir='ltr' id='par_1_57' title="bbox 165 1898 948 1934">
     <span class='ocr_line' id='line_1_57' title="bbox 165 1898 948 1934; baseline -0.001 -8"><span class='ocrx_word' id='word_1_436' title='bbox 165 1898 327 1926; x_wconf 81' lang='lat' dir='ltr'><strong>contumelia</strong></span> <span class='ocrx_word' id='word_1_437' title='bbox 345 1899 467 1934; x_wconf 76' lang='lat' dir='ltr'><strong>dignum.</strong></span> <span class='ocrx_word' id='word_1_438' title='bbox 487 1899 571 1932; x_wconf 73' lang='lat' dir='ltr'><strong>Igitur</strong></span> <span class='ocrx_word' id='word_1_439' title='bbox 593 1898 615 1925; x_wconf 89' lang='lat' dir='ltr'><strong>si</strong></span> <span class='ocrx_word' id='word_1_440' title='bbox 634 1903 757 1925; x_wconf 91' lang='lat' dir='ltr'><strong>nostrum</strong></span> <span class='ocrx_word' id='word_1_441' title='bbox 775 1903 900 1925; x_wconf 88' lang='lat' dir='ltr'><strong>servatur</strong></span> <span class='ocrx_word' id='word_1_442' title='bbox 915 1898 948 1925; x_wconf 91' lang='lat' dir='ltr'><strong>li-</strong></span> 
     </span>
    </p>
   </div>
   <div class='ocr_carea' id='block_1_58' title="bbox 164 1943 948 1978">
    <p class='ocr_par' dir='ltr' id='par_1_58' title="bbox 164 1943 948 1978">
     <span class='ocr_line' id='line_1_58' title="bbox 164 1943 948 1978; baseline -0.003 -6"><span class='ocrx_word' id='word_1_443' title='bbox 164 1945 261 1972; x_wconf 84' lang='lat' dir='ltr'><strong>berum</strong></span> <span class='ocrx_word' id='word_1_444' title='bbox 277 1944 420 1971; x_wconf 88' lang='lat' dir='ltr'><strong>arbitrium</strong></span> <span class='ocrx_word' id='word_1_445' title='bbox 438 1951 493 1978; x_wconf 88' lang='lat' dir='ltr'><strong>quo</strong></span> <span class='ocrx_word' id='word_1_446' title='bbox 511 1944 662 1971; x_wconf 85' lang='lat' dir='ltr'><strong>innumeris</strong></span> <span class='ocrx_word' id='word_1_447' title='bbox 677 1944 765 1971; x_wconf 87' lang='lat' dir='ltr'><strong>modis</strong></span> <span class='ocrx_word' id='word_1_448' title='bbox 784 1943 825 1970; x_wconf 88' lang='lat' dir='ltr'><strong>vel</strong></span> <span class='ocrx_word' id='word_1_449' title='bbox 844 1944 877 1971; x_wconf 87' lang='lat' dir='ltr'><strong>ad</strong></span> <span class='ocrx_word' id='word_1_450' title='bbox 892 1945 948 1970; x_wconf 88' lang='lat' dir='ltr'><strong>vir-</strong></span> 
     </span>
    </p>
   </div>
   <div class='ocr_carea' id='block_1_59' title="bbox 164 1989 948 2024">
    <p class='ocr_par' dir='ltr' id='par_1_59' title="bbox 164 1989 948 2024">
     <span class='ocr_line' id='line_1_59' title="bbox 164 1989 948 2024; baseline 0 -7"><span class='ocrx_word' id='word_1_451' title='bbox 164 1995 236 2018; x_wconf 83' lang='lat' dir='ltr'><strong>tutes</strong></span> <span class='ocrx_word' id='word_1_452' title='bbox 261 1990 302 2017; x_wconf 90' lang='lat' dir='ltr'><strong>vel</strong></span> <span class='ocrx_word' id='word_1_453' title='bbox 320 1990 353 2017; x_wconf 89' lang='lat' dir='ltr'><strong>ad</strong></span> <span class='ocrx_word' id='word_1_454' title='bbox 369 1991 500 2023; x_wconf 78' lang='lat' dir='ltr'><strong>vitia,vel</strong></span> <span class='ocrx_word' id='word_1_455' title='bbox 515 1991 548 2017; x_wconf 91' lang='lat' dir='ltr'><strong>ad</strong></span> <span class='ocrx_word' id='word_1_456' title='bbox 564 1998 597 2017; x_wconf 85' lang='lat' dir='ltr'><strong>ea</strong></span> <span class='ocrx_word' id='word_1_457' title='bbox 612 1997 670 2024; x_wconf 63' lang='lat' dir='ltr'><strong>qua:</strong></span> <span class='ocrx_word' id='word_1_458' title='bbox 685 1990 795 2021; x_wconf 85' lang='lat' dir='ltr'><strong>decent,</strong></span> <span class='ocrx_word' id='word_1_459' title='bbox 811 1989 854 2016; x_wconf 87' lang='lat' dir='ltr'><strong>vel</strong></span> <span class='ocrx_word' id='word_1_460' title='bbox 869 1989 902 2017; x_wconf 93' lang='lat' dir='ltr'><strong>ad</strong></span> <span class='ocrx_word' id='word_1_461' title='bbox 917 1998 948 2017; x_wconf 87' lang='lat' dir='ltr'><strong>ea</strong></span> 
     </span>
    </p>
   </div>
   <div class='ocr_carea' id='block_1_60' title="bbox 164 2036 948 2071">
    <p class='ocr_par' dir='ltr' id='par_1_60' title="bbox 164 2036 948 2071">
     <span class='ocr_line' id='line_1_60' title="bbox 164 2036 948 2071; baseline 0 -9"><span class='ocrx_word' id='word_1_462' title='bbox 164 2043 226 2070; x_wconf 68' lang='lat' dir='ltr'><strong>quae</strong></span> <span class='ocrx_word' id='word_1_463' title='bbox 246 2037 280 2063; x_wconf 90' lang='lat' dir='ltr'><strong>ab</strong></span> <span class='ocrx_word' id='word_1_464' title='bbox 295 2036 380 2063; x_wconf 81' lang='lat' dir='ltr'><strong>oﬂicio</strong></span> <span class='ocrx_word' id='word_1_465' title='bbox 395 2041 458 2064; x_wconf 91' lang='lat' dir='ltr'><strong>sunt</strong></span> <span class='ocrx_word' id='word_1_466' title='bbox 479 2036 620 2068; x_wconf 86' lang='lat' dir='ltr'><strong>aberrant,</strong></span> <span class='ocrx_word' id='word_1_467' title='bbox 633 2037 841 2071; x_wconf 86' lang='lat' dir='ltr'><strong>propendemus,</strong></span> <span class='ocrx_word' id='word_1_468' title='bbox 858 2036 901 2062; x_wconf 90' lang='lat' dir='ltr'><strong>vel</strong></span> <span class='ocrx_word' id='word_1_469' title='bbox 915 2036 948 2063; x_wconf 89' lang='lat' dir='ltr'><strong>ab</strong></span> 
     </span>
    </p>
   </div>
   <div class='ocr_carea' id='block_1_61' title="bbox 165 2081 949 2115">
    <p class='ocr_par' dir='ltr' id='par_1_61' title="bbox 165 2081 949 2115">
     <span class='ocr_line' id='line_1_61' title="bbox 165 2081 949 2115; baseline -0.001 -6"><span class='ocrx_word' id='word_1_470' title='bbox 165 2082 260 2109; x_wconf 86' lang='lat' dir='ltr'><strong>iisdem</strong></span> <span class='ocrx_word' id='word_1_471' title='bbox 286 2082 476 2109; x_wconf 88' lang='lat' dir='ltr'><strong>declinamus:</strong></span> <span class='ocrx_word' id='word_1_472' title='bbox 498 2089 611 2109; x_wconf 86' lang='lat' dir='ltr'><strong>necesse</strong></span> <span class='ocrx_word' id='word_1_473' title='bbox 623 2086 666 2108; x_wconf 91' lang='lat' dir='ltr'><strong>est</strong></span> <span class='ocrx_word' id='word_1_474' title='bbox 682 2083 734 2109; x_wconf 94' lang='lat' dir='ltr'><strong>hoc</strong></span> <span class='ocrx_word' id='word_1_475' title='bbox 757 2089 819 2108; x_wconf 80' lang='lat' dir='ltr'><strong>curn</strong></span> <span class='ocrx_word' id='word_1_476' title='bbox 838 2081 949 2115; x_wconf 90' lang='lat' dir='ltr'><strong>reliquis</strong></span> 
     </span>
    </p>
   </div>
   <div class='ocr_carea' id='block_1_62' title="bbox 164 2127 950 2162">
    <p class='ocr_par' dir='ltr' id='par_1_62' title="bbox 164 2127 950 2162">
     <span class='ocr_line' id='line_1_62' title="bbox 164 2127 950 2162; baseline -0.001 -8"><span class='ocrx_word' id='word_1_477' title='bbox 164 2132 310 2162; x_wconf 74' lang='lat' dir='ltr'><strong>antequam</strong></span> <span class='ocrx_word' id='word_1_478' title='bbox 339 2128 384 2160; x_wconf 83' lang='lat' dir='ltr'><strong>sit,</strong></span> <span class='ocrx_word' id='word_1_479' title='bbox 413 2127 467 2155; x_wconf 90' lang='lat' dir='ltr'><strong>Deo</strong></span> <span class='ocrx_word' id='word_1_480' title='bbox 485 2132 581 2155; x_wconf 92' lang='lat' dir='ltr'><strong>notum</strong></span> <span class='ocrx_word' id='word_1_481' title='bbox 595 2134 655 2155; x_wconf 87' lang='lat' dir='ltr'><strong>esse</strong></span> <span class='ocrx_word' id='word_1_482' title='bbox 666 2135 680 2154; x_wconf 90' lang='lat' dir='ltr'><strong>a</strong></span> <span class='ocrx_word' id='word_1_483' title='bbox 696 2127 833 2155; x_wconf 84' lang='lat' dir='ltr'><strong>creatione</strong></span> <span class='ocrx_word' id='word_1_484' title='bbox 847 2131 874 2154; x_wconf 89' lang='lat' dir='ltr'><strong>et</strong></span> <span class='ocrx_word' id='word_1_485' title='bbox 885 2135 950 2153; x_wconf 90' lang='lat' dir='ltr'><strong>con-</strong></span> 
     </span>
    </p>
   </div>
   <div class='ocr_carea' id='block_1_63' title="bbox 165 2173 949 2207">
    <p class='ocr_par' dir='ltr' id='par_1_63' title="bbox 165 2173 949 2207">
     <span class='ocr_line' id='line_1_63' title="bbox 165 2173 949 2207; baseline -0.004 -6"><span class='ocrx_word' id='word_1_486' title='bbox 165 2174 307 2202; x_wconf 85' lang='lat' dir='ltr'><strong>stitutione</strong></span> <span class='ocrx_word' id='word_1_487' title='bbox 325 2173 418 2200; x_wconf 91' lang='lat' dir='ltr'><strong>mundi</strong></span> <span class='ocrx_word' id='word_1_488' title='bbox 438 2173 518 2207; x_wconf 83' lang='lat' dir='ltr'><strong>quale</strong></span> <span class='ocrx_word' id='word_1_489' title='bbox 533 2173 654 2199; x_wconf 81' lang='lat' dir='ltr'><strong>futurum</strong></span> <span class='ocrx_word' id='word_1_490' title='bbox 666 2173 720 2204; x_wconf 88' lang='lat' dir='ltr'><strong>sit;</strong></span> <span class='ocrx_word' id='word_1_491' title='bbox 735 2177 763 2199; x_wconf 89' lang='lat' dir='ltr'><strong>et</strong></span> <span class='ocrx_word' id='word_1_492' title='bbox 779 2173 805 2199; x_wconf 90' lang='lat' dir='ltr'><strong>in</strong></span> <span class='ocrx_word' id='word_1_493' title='bbox 823 2173 949 2200; x_wconf 87' lang='lat' dir='ltr'><strong>omnibus</strong></span> 
     </span>
    </p>
   </div>
   <div class='ocr_carea' id='block_1_64' title="bbox 165 2218 987 2256">
    <p class='ocr_par' dir='ltr' id='par_1_64' title="bbox 165 2218 987 2256">
     <span class='ocr_line' id='line_1_64' title="bbox 165 2218 987 2256; baseline -0.004 -10"><span class='ocrx_word' id='word_1_494' title='bbox 165 2226 226 2254; x_wconf 69' lang='lat' dir='ltr'><strong>quae</strong></span> <span class='ocrx_word' id='word_1_495' title='bbox 251 2218 446 2253; x_wconf 70' lang='lat' dir='ltr'><strong>praeordinavit</strong></span> <span class='ocrx_word' id='word_1_496' title='bbox 470 2218 539 2245; x_wconf 86' lang='lat' dir='ltr'><strong>Deus</strong></span> <span class='ocrx_word' id='word_1_497' title='bbox 556 2237 563 2249; x_wconf 90' lang='lat'><strong>,</strong></span> <span class='ocrx_word' id='word_1_498' title='bbox 580 2223 779 2252; x_wconf 83' lang='lat' dir='ltr'><strong>consequenter</strong></span> <span class='ocrx_word' id='word_1_499' title='bbox 796 2223 825 2244; x_wconf 90' lang='lat' dir='ltr'><strong>ut</strong></span> <span class='ocrx_word' id='word_1_500' title='bbox 850 2225 947 2243; x_wconf 82' lang='lat' dir='ltr'><strong>unuin-</strong></span> <span class='ocrx_word' id='word_1_501' title='bbox 965 2229 987 2256; x_wconf 72' lang='grc' dir='ltr'>υ</span> 
     </span>
    </p>
   </div>
   <div class='ocr_carea' id='block_1_65' title="bbox 166 2263 949 2298">
    <p class='ocr_par' dir='ltr' id='par_1_65' title="bbox 166 2263 949 2298">
     <span class='ocr_line' id='line_1_65' title="bbox 166 2263 949 2298; baseline -0.001 -7"><span class='ocrx_word' id='word_1_502' title='bbox 166 2265 293 2298; x_wconf 89' lang='lat' dir='ltr'><strong>quodque</strong></span> <span class='ocrx_word' id='word_1_503' title='bbox 307 2263 377 2291; x_wconf 88' lang='lat' dir='ltr'><strong>vidit</strong></span> <span class='ocrx_word' id='word_1_504' title='bbox 397 2264 423 2290; x_wconf 95' lang='lat' dir='ltr'><strong>in</strong></span> <span class='ocrx_word' id='word_1_505' title='bbox 438 2268 531 2290; x_wconf 85' lang='lat' dir='ltr'><strong>nostra</strong></span> <span class='ocrx_word' id='word_1_506' title='bbox 544 2264 665 2290; x_wconf 79' lang='lat' dir='ltr'><strong>futurum</strong></span> <span class='ocrx_word' id='word_1_507' title='bbox 682 2268 828 2298; x_wconf 83' lang='lat' dir='ltr'><strong>potestate,</strong></span> <span class='ocrx_word' id='word_1_508' title='bbox 849 2271 949 2298; x_wconf 75' lang='lat' dir='ltr'><strong>przeor—</strong></span> 
     </span>
    </p>
   </div>
   <div class='ocr_carea' id='block_1_66' title="bbox 165 2308 949 2343">
    <p class='ocr_par' dir='ltr' id='par_1_66' title="bbox 165 2308 949 2343">
     <span class='ocr_line' id='line_1_66' title="bbox 165 2308 949 2343; baseline 0 -8"><span class='ocrx_word' id='word_1_509' title='bbox 165 2308 275 2335; x_wconf 81' lang='lat' dir='ltr'><strong>dinasse</strong></span> <span class='ocrx_word' id='word_1_510' title='bbox 287 2308 366 2335; x_wconf 88' lang='lat' dir='ltr'><strong>etiam</strong></span> <span class='ocrx_word' id='word_1_511' title='bbox 395 2313 476 2342; x_wconf 87' lang='lat' dir='ltr'><strong>prout</strong></span> <span class='ocrx_word' id='word_1_512' title='bbox 501 2309 585 2342; x_wconf 77' lang='lat' dir='ltr'><strong>exigit</strong></span> <span class='ocrx_word' id='word_1_513' title='bbox 600 2309 713 2343; x_wconf 89' lang='lat' dir='ltr'><strong>quilibet</strong></span> <span class='ocrx_word' id='word_1_514' title='bbox 731 2309 814 2336; x_wconf 76' lang='lat' dir='ltr'><strong>nostri</strong></span> <span class='ocrx_word' id='word_1_515' title='bbox 842 2309 949 2335; x_wconf 77' lang='lat' dir='ltr'><strong>arbitrii</strong></span> 
     </span>
    </p>
   </div>
   <div class='ocr_carea' id='block_1_67' title="bbox 165 2353 948 2389">
    <p class='ocr_par' dir='ltr' id='par_1_67' title="bbox 165 2353 948 2389">
     <span class='ocr_line' id='line_1_67' title="bbox 165 2353 948 2389; baseline 0.001 -9"><span class='ocrx_word' id='word_1_516' title='bbox 165 2358 268 2385; x_wconf 83' lang='lat' dir='ltr'><strong>motus,</strong></span> <span class='ocrx_word' id='word_1_517' title='bbox 287 2353 352 2386; x_wconf 91' lang='lat' dir='ltr'><strong>quid</strong></span> <span class='ocrx_word' id='word_1_518' title='bbox 378 2353 428 2387; x_wconf 86' lang='lat' dir='ltr'><strong>ipsi</strong></span> <span class='ocrx_word' id='word_1_519' title='bbox 452 2353 548 2380; x_wconf 85' lang='lat' dir='ltr'><strong>debeat</strong></span> <span class='ocrx_word' id='word_1_520' title='bbox 562 2361 595 2380; x_wconf 79' lang='lat' dir='ltr'><strong>ex</strong></span> <span class='ocrx_word' id='word_1_521' title='bbox 612 2354 787 2387; x_wconf 62' lang='lat' dir='ltr'><strong>providentia:</strong></span> <span class='ocrx_word' id='word_1_522' title='bbox 811 2359 886 2389; x_wconf 88' lang='lat' dir='ltr'><strong>parte</strong></span> <span class='ocrx_word' id='word_1_523' title='bbox 904 2362 948 2381; x_wconf 85' lang='lat' dir='ltr'><strong>re-</strong></span> 
     </span>
    </p>
   </div>
   <div class='ocr_carea' id='block_1_68' title="bbox 166 2397 948 2432">
    <p class='ocr_par' dir='ltr' id='par_1_68' title="bbox 166 2397 948 2432">
     <span class='ocr_line' id='line_1_68' title="bbox 166 2397 948 2432; baseline 0.001 -7"><span class='ocrx_word' id='word_1_524' title='bbox 166 2398 389 2432; x_wconf 87' lang='lat' dir='ltr'><strong>spondere,quid</strong></span> <span class='ocrx_word' id='word_1_525' title='bbox 406 2397 483 2432; x_wconf 77' lang='lat' dir='ltr'><strong>juxta</strong></span> <span class='ocrx_word' id='word_1_526' title='bbox 510 2399 706 2426; x_wconf 84' lang='lat' dir='ltr'><strong>conuexiouem</strong></span> <span class='ocrx_word' id='word_1_527' title='bbox 726 2407 815 2426; x_wconf 85' lang='lat' dir='ltr'><strong>rerum</strong></span> <span class='ocrx_word' id='word_1_528' title='bbox 843 2399 948 2426; x_wconf 78' lang='lat' dir='ltr'><strong>futura-</strong></span> 
     </span>
    </p>
   </div>
   <div class='ocr_carea' id='block_1_69' title="bbox 166 2444 949 2479">
    <p class='ocr_par' dir='ltr' id='par_1_69' title="bbox 166 2444 949 2479">
     <span class='ocr_line' id='line_1_69' title="bbox 166 2444 949 2479; baseline 0.004 -9"><span class='ocrx_word' id='word_1_529' title='bbox 166 2451 226 2470; x_wconf 90' lang='lat' dir='ltr'><strong>rum</strong></span> <span class='ocrx_word' id='word_1_530' title='bbox 238 2444 378 2471; x_wconf 85' lang='lat' dir='ltr'><strong>accidere:</strong></span> <span class='ocrx_word' id='word_1_531' title='bbox 396 2452 446 2471; x_wconf 90' lang='lat' dir='ltr'><strong>nou</strong></span> <span class='ocrx_word' id='word_1_532' title='bbox 465 2445 536 2478; x_wconf 88' lang='lat' dir='ltr'><strong>quod</strong></span> <span class='ocrx_word' id='word_1_533' title='bbox 558 2445 729 2479; x_wconf 57' lang='lat' dir='ltr'><strong>prxscientia</strong></span> <span class='ocrx_word' id='word_1_534' title='bbox 751 2445 797 2472; x_wconf 91' lang='lat' dir='ltr'><strong>Dei</strong></span> <span class='ocrx_word' id='word_1_535' title='bbox 816 2453 897 2473; x_wconf 86' lang='lat' dir='ltr'><strong>causa</strong></span> <span class='ocrx_word' id='word_1_536' title='bbox 913 2447 949 2473; x_wconf 85' lang='lat' dir='ltr'><strong>sit</strong></span> 
     </span>
    </p>
   </div>
   <div class='ocr_carea' id='block_1_70' title="bbox 165 2489 948 2526">
    <p class='ocr_par' dir='ltr' id='par_1_70' title="bbox 165 2489 948 2526">
     <span class='ocr_line' id='line_1_70' title="bbox 165 2489 948 2526; baseline 0.005 -11"><span class='ocrx_word' id='word_1_537' title='bbox 165 2497 260 2516; x_wconf 88' lang='lat' dir='ltr'><strong>eorum</strong></span> <span class='ocrx_word' id='word_1_538' title='bbox 275 2490 396 2516; x_wconf 91' lang='lat' dir='ltr'><strong>omnium</strong></span> <span class='ocrx_word' id='word_1_539' title='bbox 423 2497 484 2524; x_wconf 69' lang='lat' dir='ltr'><strong>quae</strong></span> <span class='ocrx_word' id='word_1_540' title='bbox 510 2489 597 2517; x_wconf 79' lang='lat' dir='ltr'><strong>futura</strong></span> <span class='ocrx_word' id='word_1_541' title='bbox 617 2495 680 2517; x_wconf 89' lang='lat' dir='ltr'><strong>sunt</strong></span> <span class='ocrx_word' id='word_1_542' title='bbox 706 2495 734 2517; x_wconf 88' lang='lat' dir='ltr'><strong>et</strong></span> <span class='ocrx_word' id='word_1_543' title='bbox 751 2498 810 2525; x_wconf 81' lang='lat' dir='ltr'><strong>qua:</strong></span> <span class='ocrx_word' id='word_1_544' title='bbox 838 2493 948 2526; x_wconf 64' lang='lat' dir='ltr'><strong>proprio</strong></span> 
     </span>
    </p>
   </div>
   <div class='ocr_carea' id='block_1_71' title="bbox 185 2544 948 2586">
    <p class='ocr_par' dir='ltr' id='par_1_71' title="bbox 185 2544 948 2586">
     <span class='ocr_line' id='line_1_71' title="bbox 185 2544 948 2586; baseline 0.004 -14"><span class='ocrx_word' id='word_1_545' title='bbox 185 2544 256 2586; x_wconf 50' lang='lat' dir='ltr'><strong>~(M)</strong></span> <span class='ocrx_word' id='word_1_546' title='bbox 285 2545 342 2572; x_wconf 80' lang='grc' dir='ltr'><strong>Ἀπ’</strong></span> <span class='ocrx_word' id='word_1_547' title='bbox 367 2545 470 2572; x_wconf 83' lang='grc' dir='ltr'>αὑτοῦ.</span> <span class='ocrx_word' id='word_1_548' title='bbox 496 2545 568 2580; x_wconf 68' lang='lat' dir='ltr'><strong>Lego</strong></span> <span class='ocrx_word' id='word_1_549' title='bbox 592 2553 652 2572; x_wconf 89' lang='lat' dir='ltr'><strong>cum</strong></span> <span class='ocrx_word' id='word_1_550' title='bbox 679 2545 812 2578; x_wconf 84' lang='lat' dir='ltr'><strong>Bentlcio,</strong></span> <span class='ocrx_word' id='word_1_551' title='bbox 831 2547 879 2574; x_wconf 77' lang='grc' dir='ltr'>ἀπ’</span> <span class='ocrx_word' id='word_1_552' title='bbox 899 2549 948 2575; x_wconf 82' lang='grc' dir='ltr'><strong>αὐ-</strong></span> 
     </span>
    </p>
   </div>
   <div class='ocr_carea' id='block_1_72' title="bbox 163 2587 948 2649">
    <p class='ocr_par' dir='ltr' id='par_1_72' title="bbox 163 2587 948 2649">
     <span class='ocr_line' id='line_1_72' title="bbox 163 2587 948 2649; baseline 0.006 -9"><span class='ocrx_word' id='word_1_553' title='bbox 163 2587 266 2649; x_wconf 55' lang='grc' dir='ltr'>τωῖιίὸ)</span> <span class='ocrx_word' id='word_1_554' title='bbox 288 2615 345 2641; x_wconf 78' lang='grc' dir='ltr'><strong>Ἀπ’</strong></span> <span class='ocrx_word' id='word_1_555' title='bbox 367 2614 460 2642; x_wconf 86' lang='grc' dir='ltr'>αὑτοῦ</span> <span class='ocrx_word' id='word_1_556' title='bbox 485 2615 615 2648; x_wconf 67' lang='grc' dir='ltr'>κίνησιν.</span> <span class='ocrx_word' id='word_1_557' title='bbox 645 2613 693 2642; x_wconf 88' lang='lat' dir='ltr'><strong>llic</strong></span> <span class='ocrx_word' id='word_1_558' title='bbox 724 2615 822 2642; x_wconf 87' lang='lat' dir='ltr'><strong>iterum</strong></span> <span class='ocrx_word' id='word_1_559' title='bbox 854 2617 948 2645; x_wconf 90' lang='lat' dir='ltr'><strong>mallet</strong></span> 
     </span>
    </p>
   </div>
   <div class='ocr_carea' id='block_1_73' title="bbox 165 2647 595 2684">
    <p class='ocr_par' dir='ltr' id='par_1_73' title="bbox 165 2647 595 2684">
     <span class='ocr_line' id='line_1_73' title="bbox 165 2647 595 2684; baseline -0.002 -8"><span class='ocrx_word' id='word_1_560' title='bbox 165 2647 312 2680; x_wconf 73' lang='lat' dir='ltr'><strong>Bentleius,</strong></span> <span class='ocrx_word' id='word_1_561' title='bbox 321 2649 368 2674; x_wconf 72' lang='grc' dir='ltr'>ἀπ’</span> <span class='ocrx_word' id='word_1_562' title='bbox 376 2649 465 2676; x_wconf 78' lang='grc' dir='ltr'>αὐτῶν</span> <span class='ocrx_word' id='word_1_563' title='bbox 479 2649 595 2684; x_wconf 81' lang='grc' dir='ltr'>κίνησιν.</span> 
     </span>
    </p>
   </div>
   <div class='ocr_carea' id='block_1_74' title="bbox 202 2683 944 2719">
    <p class='ocr_par' dir='ltr' id='par_1_74' title="bbox 202 2683 944 2719">
     <span class='ocr_line' id='line_1_74' title="bbox 202 2683 944 2719; baseline 0.004 -10"><span class='ocrx_word' id='word_1_564' title='bbox 202 2683 257 2718; x_wconf 69' lang='grc'>(46)</span> <span class='ocrx_word' id='word_1_565' title='bbox 271 2683 485 2718; x_wconf 72' lang='grc' dir='ltr'>Παραχολουθῇ</span> <span class='ocrx_word' id='word_1_566' title='bbox 506 2683 550 2716; x_wconf 59' lang='grc' dir='ltr'>τις</span> <span class='ocrx_word' id='word_1_567' title='bbox 564 2684 610 2718; x_wconf 77' lang='grc' dir='ltr'>τῇ,</span> <span class='ocrx_word' id='word_1_568' title='bbox 628 2688 681 2710; x_wconf 87' lang='lat' dir='ltr'><strong>etc.</strong></span> <span class='ocrx_word' id='word_1_569' title='bbox 701 2683 776 2718; x_wconf 78' lang='lat' dir='ltr'><strong>Legit</strong></span> <span class='ocrx_word' id='word_1_570' title='bbox 797 2685 944 2719; x_wconf 83' lang='lat' dir='ltr'><strong>Bentleius,</strong></span> 
     </span>
    </p>
   </div>
   <div class='ocr_carea' id='block_1_75' title="bbox 166 2718 946 2779">
    <p class='ocr_par' dir='ltr' id='par_1_75' title="bbox 166 2718 946 2779">
     <span class='ocr_line' id='line_1_75' title="bbox 166 2718 946 2779; baseline 0.005 -35"><span class='ocrx_word' id='word_1_571' title='bbox 166 2719 357 2779; x_wconf 69' lang='grc' dir='ltr'>παρακθολουθῇ</span> <span class='ocrx_word' id='word_1_572' title='bbox 374 2727 400 2744; x_wconf 84' lang='grc' dir='ltr'><strong>τι</strong></span> <span class='ocrx_word' id='word_1_573' title='bbox 411 2720 444 2754; x_wconf 80' lang='grc' dir='ltr'>τῇ</span> <span class='ocrx_word' id='word_1_574' title='bbox 461 2718 514 2754; x_wconf 68' lang='grc' dir='ltr'>ἰδίᾳ</span> <span class='ocrx_word' id='word_1_575' title='bbox 527 2720 642 2754; x_wconf 76' lang='grc' dir='ltr'>κινήσει,</span> <span class='ocrx_word' id='word_1_576' title='bbox 657 2720 717 2746; x_wconf 78' lang='grc' dir='ltr'>ἐπεὶ</span> <span class='ocrx_word' id='word_1_577' title='bbox 727 2719 806 2746; x_wconf 81' lang='grc' dir='ltr'>τοῦτο</span> <span class='ocrx_word' id='word_1_578' title='bbox 819 2721 842 2746; x_wconf 74' lang='grc' dir='ltr'><strong>δ’</strong></span> <span class='ocrx_word' id='word_1_579' title='bbox 856 2722 946 2750; x_wconf 78' lang='grc' dir='ltr'>αὐτῶν</span> 
     </span>
     <span class='ocr_line' id='line_1_76' title="bbox 166 2761 309 2779; baseline 0 0"><span class='ocrx_word' id='word_1_580' title='bbox 166 2761 253 2779; x_wconf 84' lang='grc' dir='ltr'>κινεισ</span> <span class='ocrx_word' id='word_1_581' title='bbox 271 2762 309 2779; x_wconf 84' lang='grc' dir='ltr'>αι.</span> 
     </span>
    </p>
   </div>
   <div class='ocr_carea' id='block_1_76' title="bbox 166 2761 945 2827">
    <p class='ocr_par' dir='ltr' id='par_1_76' title="bbox 166 2761 945 2827">
     <span class='ocr_line' id='line_1_77' title="bbox 166 2761 309 2779; baseline 0 0"><span class='ocrx_word' id='word_1_582' title='bbox 166 2761 288 2779; x_wconf 80' lang='grc' dir='ltr'>κινεισυα</span> <span class='ocrx_word' id='word_1_583' title='bbox 302 2773 309 2779; x_wconf 93' lang='grc'>.</span> 
     </span>
     <span class='ocr_line' id='line_1_78' title="bbox 182 2763 945 2827; baseline 0.005 -14"><span class='ocrx_word' id='word_1_584' title='bbox 182 2821 188 2827; x_wconf 80' lang='lat'>_</span> <span class='ocrx_word' id='word_1_585' title='bbox 203 2787 262 2827; x_wconf 55' lang='grc' dir='ltr'>(ῥ’ἵ)</span> <span class='ocrx_word' id='word_1_586' title='bbox 275 2763 471 2827; x_wconf 59' lang='grc' dir='ltr'>ἦρῷτρνμέις,</span> <span class='ocrx_word' id='word_1_587' title='bbox 491 2792 543 2827; x_wconf 80' lang='lat' dir='ltr'><strong>etc.</strong></span> <span class='ocrx_word' id='word_1_588' title='bbox 556 2787 791 2827; x_wconf 62' lang='lat' dir='ltr'><strong>Bentleiuslocunt</strong></span> <span class='ocrx_word' id='word_1_589' title='bbox 812 2790 945 2827; x_wconf 68' lang='lat' dir='ltr'><strong>integrum</strong></span> 
     </span>
    </p>
   </div>
   <div class='ocr_carea' id='block_1_77' title="bbox 167 2823 945 2860">
    <p class='ocr_par' dir='ltr' id='par_1_77' title="bbox 167 2823 945 2860">
     <span class='ocr_line' id='line_1_79' title="bbox 167 2823 945 2860; baseline 0.004 -12"><span class='ocrx_word' id='word_1_590' title='bbox 167 2823 419 2860; x_wconf 62' lang='lat' dir='ltr'><strong>sic_l_cgit_:_llpt1_r.cv</strong></span> <span class='ocrx_word' id='word_1_591' title='bbox 428 2823 481 2860; x_wconf 12' lang='lat' dir='ltr'><strong>ipsi;</strong></span> <span class='ocrx_word' id='word_1_592' title='bbox 496 2824 536 2860; x_wconf 60' lang='grc' dir='ltr'>ὅτι</span> <span class='ocrx_word' id='word_1_593' title='bbox 548 2824 596 2850; x_wconf 76' lang='grc' dir='ltr'>οὐκ</span> <span class='ocrx_word' id='word_1_594' title='bbox 612 2825 694 2860; x_wconf 67' lang='grc' dir='ltr'>ἐσμὲν</span> <span class='ocrx_word' id='word_1_595' title='bbox 703 2824 808 2857; x_wconf 76' lang='grc' dir='ltr'>λογικὰ,</span> <span class='ocrx_word' id='word_1_596' title='bbox 820 2823 945 2860; x_wconf 66' lang='grc' dir='ltr'>δεύτερον</span> 
     </span>
    </p>
   </div>
   <div class='ocr_carea' id='block_1_78' title="bbox 166 2856 945 2891">
    <p class='ocr_par' dir='ltr' id='par_1_78' title="bbox 166 2856 945 2891">
     <span class='ocr_line' id='line_1_80' title="bbox 166 2856 945 2891; baseline 0.005 -8"><span class='ocrx_word' id='word_1_597' title='bbox 166 2856 196 2884; x_wconf 81' lang='grc' dir='ltr'><strong>δὲ</strong></span> <span class='ocrx_word' id='word_1_598' title='bbox 209 2857 249 2884; x_wconf 79' lang='grc' dir='ltr'>ὅτι</span> <span class='ocrx_word' id='word_1_599' title='bbox 263 2857 322 2884; x_wconf 78' lang='grc' dir='ltr'>οὐδὲ</span> <span class='ocrx_word' id='word_1_600' title='bbox 336 2856 407 2891; x_wconf 69' lang='grc' dir='ltr'>ζῶα,</span> <span class='ocrx_word' id='word_1_601' title='bbox 422 2856 477 2886; x_wconf 78' lang='grc' dir='ltr'>ἀλλ’</span> <span class='ocrx_word' id='word_1_602' title='bbox 492 2856 546 2887; x_wconf 67' lang='grc' dir='ltr'>οἷον</span> <span class='ocrx_word' id='word_1_603' title='bbox 561 2859 612 2886; x_wconf 73' lang='grc' dir='ltr'>ὑπὸ</span> <span class='ocrx_word' id='word_1_604' title='bbox 626 2856 722 2891; x_wconf 72' lang='grc' dir='ltr'>ἔξωθεν</span> <span class='ocrx_word' id='word_1_605' title='bbox 739 2856 885 2891; x_wconf 78' lang='grc' dir='ltr'>κινοῦντος.</span> <span class='ocrx_word' id='word_1_606' title='bbox 898 2856 945 2887; x_wconf 78' lang='grc' dir='ltr'><strong>αὺ-</strong></span> 
     </span>
    </p>
   </div>
   <div class='ocr_carea' id='block_1_79' title="bbox 1002 938 1791 973">
    <p class='ocr_par' dir='ltr' id='par_1_79' title="bbox 1002 938 1791 973">
     <span class='ocr_line' id='line_1_81' title="bbox 1002 938 1791 973; baseline 0.003 -9"><span class='ocrx_word' id='word_1_607' title='bbox 1002 939 1087 964; x_wconf 85' lang='grc' dir='ltr'>ποιεῖν</span> <span class='ocrx_word' id='word_1_608' title='bbox 1099 938 1276 973; x_wconf 75' lang='grc' dir='ltr'><strong>νομιζόμεθα.</strong></span> <span class='ocrx_word' id='word_1_609' title='bbox 1295 938 1398 969; x_wconf 81' lang='grc' dir='ltr'>Ἀλλως</span> <span class='ocrx_word' id='word_1_610' title='bbox 1412 947 1441 964; x_wconf 86' lang='grc' dir='ltr'><strong>τε</strong></span> <span class='ocrx_word' id='word_1_611' title='bbox 1454 939 1500 965; x_wconf 74' lang='grc' dir='ltr'>καὶ</span> <span class='ocrx_word' id='word_1_612' title='bbox 1513 940 1569 970; x_wconf 82' lang='grc' dir='ltr'>τοῖς</span> <span class='ocrx_word' id='word_1_613' title='bbox 1584 939 1659 970; x_wconf 76' lang='grc' dir='ltr'>ἰδίοις</span> <span class='ocrx_word' id='word_1_614' title='bbox 1675 939 1791 966; x_wconf 74' lang='grc' dir='ltr'>πάθεσιν</span> 
     </span>
    </p>
   </div>
   <div class='ocr_carea' id='block_1_80' title="bbox 1002 983 1793 1020">
    <p class='ocr_par' dir='ltr' id='par_1_80' title="bbox 1002 983 1793 1020">
     <span class='ocr_line' id='line_1_82' title="bbox 1002 983 1793 1020; baseline 0.004 -12"><span class='ocrx_word' id='word_1_615' title='bbox 1002 983 1152 1017; x_wconf 76' lang='grc' dir='ltr'>ἐπιστήσας</span> <span class='ocrx_word' id='word_1_616' title='bbox 1164 991 1206 1014; x_wconf 82' lang='grc' dir='ltr'><strong>τις</strong></span> <span class='ocrx_word' id='word_1_617' title='bbox 1221 983 1320 1018; x_wconf 77' lang='grc' dir='ltr'>ὁράτω,</span> <span class='ocrx_word' id='word_1_618' title='bbox 1341 984 1367 1009; x_wconf 86' lang='grc' dir='ltr'>εἰ</span> <span class='ocrx_word' id='word_1_619' title='bbox 1387 983 1424 1018; x_wconf 86' lang='grc' dir='ltr'>μὴ</span> <span class='ocrx_word' id='word_1_620' title='bbox 1447 983 1563 1015; x_wconf 82' lang='grc' dir='ltr'><strong>ἀναιδῶς</strong></span> <span class='ocrx_word' id='word_1_621' title='bbox 1579 985 1637 1019; x_wconf 82' lang='grc' dir='ltr'><strong>ἐρεῖ</strong></span> <span class='ocrx_word' id='word_1_622' title='bbox 1656 984 1694 1020; x_wconf 88' lang='grc' dir='ltr'>μὴ</span> <span class='ocrx_word' id='word_1_623' title='bbox 1712 985 1793 1016; x_wconf 69' lang='grc' dir='ltr'>αὐτὸς</span> 
     </span>
    </p>
   </div>
   <div class='ocr_carea' id='block_1_81' title="bbox 1002 1029 1788 1067">
    <p class='ocr_par' dir='ltr' id='par_1_81' title="bbox 1002 1029 1788 1067">
     <span class='ocr_line' id='line_1_83' title="bbox 1002 1029 1788 1067; baseline 0.003 -11"><span class='ocrx_word' id='word_1_624' title='bbox 1002 1030 1102 1063; x_wconf 78' lang='grc' dir='ltr'>θέλειν,</span> <span class='ocrx_word' id='word_1_625' title='bbox 1118 1030 1163 1056; x_wconf 70' lang='grc' dir='ltr'>καὶ</span> <span class='ocrx_word' id='word_1_626' title='bbox 1179 1029 1216 1065; x_wconf 88' lang='grc' dir='ltr'>μὴ</span> <span class='ocrx_word' id='word_1_627' title='bbox 1227 1030 1308 1060; x_wconf 73' lang='grc' dir='ltr'>αὐτὸς</span> <span class='ocrx_word' id='word_1_628' title='bbox 1321 1029 1430 1062; x_wconf 79' lang='grc' dir='ltr'>ἐσθίειν,</span> <span class='ocrx_word' id='word_1_629' title='bbox 1446 1031 1493 1057; x_wconf 69' lang='grc' dir='ltr'><strong>καὶ</strong></span> <span class='ocrx_word' id='word_1_630' title='bbox 1515 1031 1551 1066; x_wconf 81' lang='grc' dir='ltr'>μὴ</span> <span class='ocrx_word' id='word_1_631' title='bbox 1570 1031 1652 1063; x_wconf 73' lang='grc' dir='ltr'>αὐτὸς</span> <span class='ocrx_word' id='word_1_632' title='bbox 1666 1040 1788 1067; x_wconf 82' lang='grc' dir='ltr'>περιπα-</span> 
     </span>
    </p>
   </div>
   <div class='ocr_carea' id='block_1_82' title="bbox 1001 1076 1793 1113">
    <p class='ocr_par' dir='ltr' id='par_1_82' title="bbox 1001 1076 1793 1113">
     <span class='ocr_line' id='line_1_84' title="bbox 1001 1076 1793 1113; baseline 0.004 -11"><span class='ocrx_word' id='word_1_633' title='bbox 1001 1078 1068 1107; x_wconf 82' lang='grc' dir='ltr'>τεῖν,</span> <span class='ocrx_word' id='word_1_634' title='bbox 1085 1076 1153 1111; x_wconf 80' lang='grc' dir='ltr'><strong>μηδὲ</strong></span> <span class='ocrx_word' id='word_1_635' title='bbox 1169 1076 1249 1107; x_wconf 76' lang='grc' dir='ltr'>αὐτὸς</span> <span class='ocrx_word' id='word_1_636' title='bbox 1266 1076 1511 1110; x_wconf 76' lang='grc' dir='ltr'><strong>συγκατατίθεσθαι</strong></span> <span class='ocrx_word' id='word_1_637' title='bbox 1525 1078 1572 1103; x_wconf 75' lang='grc' dir='ltr'>καὶ</span> <span class='ocrx_word' id='word_1_638' title='bbox 1587 1078 1793 1113; x_wconf 76' lang='grc' dir='ltr'><strong>παραδέχεσθαι</strong></span> 
     </span>
    </p>
   </div>
   <div class='ocr_carea' id='block_1_83' title="bbox 1001 1121 1795 1158">
    <p class='ocr_par' dir='ltr' id='par_1_83' title="bbox 1001 1121 1795 1158">
     <span class='ocr_line' id='line_1_85' title="bbox 1001 1121 1795 1158; baseline 0.005 -11"><span class='ocrx_word' id='word_1_639' title='bbox 1001 1121 1185 1157; x_wconf 81' lang='grc' dir='ltr'>ὁποιαδήποτε</span> <span class='ocrx_word' id='word_1_640' title='bbox 1208 1121 1261 1148; x_wconf 82' lang='grc' dir='ltr'>τῶν</span> <span class='ocrx_word' id='word_1_641' title='bbox 1286 1122 1430 1157; x_wconf 77' lang='grc' dir='ltr'><strong>δογμάτων</strong></span> <span class='ocrx_word' id='word_1_642' title='bbox 1442 1143 1450 1154; x_wconf 87' lang='grc'><strong>,</strong></span> <span class='ocrx_word' id='word_1_643' title='bbox 1477 1123 1544 1158; x_wconf 75' lang='grc' dir='ltr'>μηδὲ</span> <span class='ocrx_word' id='word_1_644' title='bbox 1557 1124 1638 1155; x_wconf 71' lang='grc' dir='ltr'>αὐτὸς</span> <span class='ocrx_word' id='word_1_645' title='bbox 1651 1124 1795 1152; x_wconf 73' lang='grc' dir='ltr'>ἀνανεύειν</span> 
     </span>
    </p>
   </div>
   <div class='ocr_carea' id='block_1_84' title="bbox 1001 1167 1794 1206">
    <p class='ocr_par' dir='ltr' id='par_1_84' title="bbox 1001 1167 1794 1206">
     <span class='ocr_line' id='line_1_86' title="bbox 1001 1167 1794 1206; baseline 0.006 -13"><span class='ocrx_word' id='word_1_646' title='bbox 1001 1168 1070 1203; x_wconf 82' lang='grc' dir='ltr'>πρὸς</span> <span class='ocrx_word' id='word_1_647' title='bbox 1082 1167 1163 1202; x_wconf 71' lang='grc' dir='ltr'>ἔτερα</span> <span class='ocrx_word' id='word_1_648' title='bbox 1176 1168 1213 1199; x_wconf 84' lang='grc' dir='ltr'>ὡς</span> <span class='ocrx_word' id='word_1_649' title='bbox 1226 1168 1322 1203; x_wconf 69' lang='grc' dir='ltr'>ψευδῆ.</span> <span class='ocrx_word' id='word_1_650' title='bbox 1337 1168 1442 1204; x_wconf 80' lang='grc' dir='ltr'>Ὥσπερ</span> <span class='ocrx_word' id='word_1_651' title='bbox 1454 1167 1500 1195; x_wconf 83' lang='grc' dir='ltr'><strong>οὖν</strong></span> <span class='ocrx_word' id='word_1_652' title='bbox 1513 1170 1581 1205; x_wconf 75' lang='grc' dir='ltr'>πρὸς</span> <span class='ocrx_word' id='word_1_653' title='bbox 1592 1179 1653 1197; x_wconf 82' lang='grc' dir='ltr'>τινα</span> <span class='ocrx_word' id='word_1_654' title='bbox 1669 1170 1794 1206; x_wconf 75' lang='grc' dir='ltr'><strong>δόγματα</strong></span> 
     </span>
    </p>
   </div>
   <div class='ocr_carea' id='block_1_85' title="bbox 1001 1212 1794 1251">
    <p class='ocr_par' dir='ltr' id='par_1_85' title="bbox 1001 1212 1794 1251">
     <span class='ocr_line' id='line_1_87' title="bbox 1001 1212 1794 1251; baseline 0.005 -13"><span class='ocrx_word' id='word_1_655' title='bbox 1001 1212 1141 1247; x_wconf 75' lang='grc' dir='ltr'>ἀμήχανον</span> <span class='ocrx_word' id='word_1_656' title='bbox 1155 1212 1336 1239; x_wconf 80' lang='grc' dir='ltr'>διατεθεῖσθαι</span> <span class='ocrx_word' id='word_1_657' title='bbox 1350 1212 1406 1248; x_wconf 69' lang='grc'>(48)</span> <span class='ocrx_word' id='word_1_658' title='bbox 1423 1213 1576 1249; x_wconf 79' lang='grc' dir='ltr'>ἄνθρωπον,</span> <span class='ocrx_word' id='word_1_659' title='bbox 1593 1215 1645 1242; x_wconf 76' lang='grc' dir='ltr'>κᾶν</span> <span class='ocrx_word' id='word_1_660' title='bbox 1661 1217 1794 1251; x_wconf 80' lang='grc' dir='ltr'>μυριάκις</span> 
     </span>
    </p>
   </div>
   <div class='ocr_carea' id='block_1_86' title="bbox 1001 1257 1793 1295">
    <p class='ocr_par' dir='ltr' id='par_1_86' title="bbox 1001 1257 1793 1295">
     <span class='ocr_line' id='line_1_88' title="bbox 1001 1257 1793 1295; baseline 0.006 -12"><span class='ocrx_word' id='word_1_661' title='bbox 1001 1257 1070 1284; x_wconf 76' lang='grc' dir='ltr'>αὐτὰ</span> <span class='ocrx_word' id='word_1_662' title='bbox 1085 1257 1275 1293; x_wconf 73' lang='grc' dir='ltr'><strong>κατασκευάζῃ</strong></span> <span class='ocrx_word' id='word_1_663' title='bbox 1300 1257 1489 1293; x_wconf 80' lang='grc' dir='ltr'>εὐρεσιλογῶν,</span> <span class='ocrx_word' id='word_1_664' title='bbox 1505 1259 1551 1285; x_wconf 73' lang='grc' dir='ltr'><strong>καὶ</strong></span> <span class='ocrx_word' id='word_1_665' title='bbox 1567 1259 1690 1292; x_wconf 80' lang='grc' dir='ltr'>πιθανοῖς</span> <span class='ocrx_word' id='word_1_666' title='bbox 1705 1261 1793 1295; x_wconf 71' lang='grc' dir='ltr'>λόγοις</span> 
     </span>
    </p>
   </div>
   <div class='ocr_carea' id='block_1_87' title="bbox 1001 1303 1793 1342">
    <p class='ocr_par' dir='ltr' id='par_1_87' title="bbox 1001 1303 1793 1342">
     <span class='ocr_line' id='line_1_89' title="bbox 1001 1303 1793 1342; baseline 0.005 -13"><span class='ocrx_word' id='word_1_667' title='bbox 1001 1303 1157 1338; x_wconf 76' lang='grc' dir='ltr'><strong>χρώμενος⁸</strong></span> <span class='ocrx_word' id='word_1_668' title='bbox 1176 1304 1263 1336; x_wconf 72' lang='grc' dir='ltr'>οὕτως</span> <span class='ocrx_word' id='word_1_669' title='bbox 1287 1305 1416 1333; x_wconf 73' lang='grc' dir='ltr'>ἀδύνατον</span> <span class='ocrx_word' id='word_1_670' title='bbox 1440 1305 1620 1332; x_wconf 70' lang='grc' dir='ltr'>διατεθεῖσθαί</span> <span class='ocrx_word' id='word_1_671' title='bbox 1639 1315 1700 1332; x_wconf 79' lang='grc' dir='ltr'>τινα</span> <span class='ocrx_word' id='word_1_672' title='bbox 1730 1307 1793 1342; x_wconf 67' lang='grc' dir='ltr'>περὶ</span> 
     </span>
    </p>
   </div>
   <div class='ocr_carea' id='block_1_88' title="bbox 1001 1348 1791 1387">
    <p class='ocr_par' dir='ltr' id='par_1_88' title="bbox 1001 1348 1791 1387">
     <span class='ocr_line' id='line_1_90' title="bbox 1001 1348 1791 1387; baseline 0.005 -13"><span class='ocrx_word' id='word_1_673' title='bbox 1001 1348 1053 1375; x_wconf 83' lang='grc' dir='ltr'>τῶν</span> <span class='ocrx_word' id='word_1_674' title='bbox 1069 1349 1243 1384; x_wconf 76' lang='grc' dir='ltr'>ἀνθρωπίνων</span> <span class='ocrx_word' id='word_1_675' title='bbox 1261 1350 1299 1382; x_wconf 87' lang='grc' dir='ltr'>ὡς</span> <span class='ocrx_word' id='word_1_676' title='bbox 1317 1351 1450 1386; x_wconf 75' lang='grc' dir='ltr'><strong>μηδαμῶς</strong></span> <span class='ocrx_word' id='word_1_677' title='bbox 1464 1351 1511 1377; x_wconf 74' lang='grc' dir='ltr'>τοῦ</span> <span class='ocrx_word' id='word_1_678' title='bbox 1529 1353 1646 1386; x_wconf 72' lang='grc' dir='ltr'>ἐφ’ὴμίν</span> <span class='ocrx_word' id='word_1_679' title='bbox 1668 1352 1791 1387; x_wconf 76' lang='grc' dir='ltr'>σωζομέ-</span> 
     </span>
    </p>
   </div>
   <div class='ocr_carea' id='block_1_89' title="bbox 1001 1394 1792 1432">
    <p class='ocr_par' dir='ltr' id='par_1_89' title="bbox 1001 1394 1792 1432">
     <span class='ocr_line' id='line_1_91' title="bbox 1001 1394 1792 1432; baseline 0.006 -13"><span class='ocrx_word' id='word_1_680' title='bbox 1001 1402 1056 1420; x_wconf 83' lang='grc' dir='ltr'>νου.</span> <span class='ocrx_word' id='word_1_681' title='bbox 1073 1394 1121 1426; x_wconf 88' lang='grc' dir='ltr'>Τίς</span> <span class='ocrx_word' id='word_1_682' title='bbox 1148 1395 1202 1430; x_wconf 80' lang='grc' dir='ltr'><strong>γὰρ</strong></span> <span class='ocrx_word' id='word_1_683' title='bbox 1220 1396 1353 1422; x_wconf 74' lang='grc' dir='ltr'>διάκειται</span> <span class='ocrx_word' id='word_1_684' title='bbox 1376 1396 1439 1431; x_wconf 71' lang='grc' dir='ltr'>περ).</span> <span class='ocrx_word' id='word_1_685' title='bbox 1454 1396 1500 1423; x_wconf 76' lang='grc' dir='ltr'>τοῦ</span> <span class='ocrx_word' id='word_1_686' title='bbox 1519 1397 1601 1432; x_wconf 73' lang='grc' dir='ltr'>μηδὲν</span> <span class='ocrx_word' id='word_1_687' title='bbox 1617 1395 1686 1423; x_wconf 85' lang='grc' dir='ltr'>εἷναι</span> <span class='ocrx_word' id='word_1_688' title='bbox 1709 1406 1792 1424; x_wconf 85' lang='grc' dir='ltr'>κατα-</span> 
     </span>
    </p>
   </div>
   <div class='ocr_carea' id='block_1_90' title="bbox 1000 1438 1792 1477">
    <p class='ocr_par' dir='ltr' id='par_1_90' title="bbox 1000 1438 1792 1477">
     <span class='ocr_line' id='line_1_92' title="bbox 1000 1438 1792 1477; baseline 0.008 -13"><span class='ocrx_word' id='word_1_689' title='bbox 1000 1438 1100 1474; x_wconf 82' lang='grc' dir='ltr'>ληπτὸν</span> <span class='ocrx_word' id='word_1_690' title='bbox 1111 1459 1118 1470; x_wconf 90' lang='grc'><strong>,</strong></span> <span class='ocrx_word' id='word_1_691' title='bbox 1136 1440 1152 1474; x_wconf 85' lang='grc' dir='ltr'>ἢ</span> <span class='ocrx_word' id='word_1_692' title='bbox 1167 1440 1254 1472; x_wconf 69' lang='grc' dir='ltr'>οὕτως</span> <span class='ocrx_word' id='word_1_693' title='bbox 1277 1441 1329 1476; x_wconf 82' lang='grc' dir='ltr'>βιοῖ</span> <span class='ocrx_word' id='word_1_694' title='bbox 1345 1441 1382 1473; x_wconf 83' lang='grc' dir='ltr'>ὡς</span> <span class='ocrx_word' id='word_1_695' title='bbox 1395 1442 1499 1476; x_wconf 74' lang='grc' dir='ltr'>ἐπέχων</span> <span class='ocrx_word' id='word_1_696' title='bbox 1523 1443 1585 1477; x_wconf 82' lang='grc' dir='ltr'>περὶ</span> <span class='ocrx_word' id='word_1_697' title='bbox 1607 1443 1707 1475; x_wconf 77' lang='grc' dir='ltr'>παντὸς</span> <span class='ocrx_word' id='word_1_698' title='bbox 1721 1444 1792 1470; x_wconf 80' lang='grc' dir='ltr'>οὑτι-</span> 
     </span>
    </p>
   </div>
   <div class='ocr_carea' id='block_1_91' title="bbox 1000 1483 1790 1523">
    <p class='ocr_par' dir='ltr' id='par_1_91' title="bbox 1000 1483 1790 1523">
     <span class='ocr_line' id='line_1_93' title="bbox 1000 1483 1790 1523; baseline 0.006 -14"><span class='ocrx_word' id='word_1_699' title='bbox 1000 1483 1108 1515; x_wconf 76' lang='grc' dir='ltr'>νοσοῦν;</span> <span class='ocrx_word' id='word_1_700' title='bbox 1121 1484 1168 1514; x_wconf 72' lang='lat' dir='ltr'><strong>Ti;</strong></span> <span class='ocrx_word' id='word_1_701' title='bbox 1175 1484 1203 1510; x_wconf 80' lang='grc' dir='ltr'><strong>δὲ</strong></span> <span class='ocrx_word' id='word_1_702' title='bbox 1211 1485 1260 1511; x_wconf 76' lang='grc' dir='ltr'>οὐκ</span> <span class='ocrx_word' id='word_1_703' title='bbox 1271 1485 1439 1521; x_wconf 78' lang='grc' dir='ltr'>ἐπιπλήττει,</span> <span class='ocrx_word' id='word_1_704' title='bbox 1452 1487 1600 1520; x_wconf 77' lang='grc' dir='ltr'>φαντασίαν</span> <span class='ocrx_word' id='word_1_705' title='bbox 1613 1487 1790 1523; x_wconf 79' lang='grc' dir='ltr'>ἁμαρτήσαν-</span> 
     </span>
    </p>
   </div>
   <div class='ocr_carea' id='block_1_92' title="bbox 1001 1529 1786 1566">
    <p class='ocr_par' dir='ltr' id='par_1_92' title="bbox 1001 1529 1786 1566">
     <span class='ocr_line' id='line_1_94' title="bbox 1001 1529 1786 1566; baseline 0.006 -12"><span class='ocrx_word' id='word_1_706' title='bbox 1001 1537 1045 1560; x_wconf 86' lang='grc' dir='ltr'><strong>τος</strong></span> <span class='ocrx_word' id='word_1_707' title='bbox 1058 1529 1161 1555; x_wconf 75' lang='grc' dir='ltr'>οἰκέτου</span> <span class='ocrx_word' id='word_1_708' title='bbox 1184 1529 1284 1562; x_wconf 75' lang='grc' dir='ltr'>λαϐὼν,</span> <span class='ocrx_word' id='word_1_709' title='bbox 1301 1530 1338 1565; x_wconf 80' lang='grc' dir='ltr'>τῷ</span> <span class='ocrx_word' id='word_1_710' title='bbox 1356 1531 1517 1566; x_wconf 80' lang='grc' dir='ltr'>θεράποντι;</span> <span class='ocrx_word' id='word_1_711' title='bbox 1541 1533 1595 1558; x_wconf 73' lang='grc' dir='ltr'><strong>Καὶ</strong></span> <span class='ocrx_word' id='word_1_712' title='bbox 1610 1533 1652 1563; x_wconf 82' lang='grc' dir='ltr'><strong>τίς</strong></span> <span class='ocrx_word' id='word_1_713' title='bbox 1669 1534 1742 1559; x_wconf 71' lang='grc' dir='ltr'>ἐστιν</span> <span class='ocrx_word' id='word_1_714' title='bbox 1757 1533 1786 1564; x_wconf 81' lang='grc' dir='ltr'>ὃς</span> 
     </span>
    </p>
   </div>
   <div class='ocr_carea' id='block_1_93' title="bbox 1003 1574 1790 1613">
    <p class='ocr_par' dir='ltr' id='par_1_93' title="bbox 1003 1574 1790 1613">
     <span class='ocr_line' id='line_1_95' title="bbox 1003 1574 1790 1613; baseline 0.005 -13"><span class='ocrx_word' id='word_1_715' title='bbox 1003 1574 1039 1610; x_wconf 86' lang='grc' dir='ltr'>μὴ</span> <span class='ocrx_word' id='word_1_716' title='bbox 1054 1575 1173 1601; x_wconf 76' lang='grc' dir='ltr'>αἰτιᾶται</span> <span class='ocrx_word' id='word_1_717' title='bbox 1189 1575 1245 1601; x_wconf 81' lang='grc' dir='ltr'>υἱὸν</span> <span class='ocrx_word' id='word_1_718' title='bbox 1261 1576 1291 1602; x_wconf 84' lang='grc' dir='ltr'>τὸ</span> <span class='ocrx_word' id='word_1_719' title='bbox 1307 1577 1374 1611; x_wconf 80' lang='grc' dir='ltr'>πρὸς</span> <span class='ocrx_word' id='word_1_720' title='bbox 1395 1578 1486 1610; x_wconf 78' lang='grc' dir='ltr'>γονεῖς</span> <span class='ocrx_word' id='word_1_721' title='bbox 1500 1577 1619 1612; x_wconf 74' lang='grc' dir='ltr'>καθῆκον</span> <span class='ocrx_word' id='word_1_722' title='bbox 1637 1578 1674 1613; x_wconf 84' lang='grc' dir='ltr'>μὴ</span> <span class='ocrx_word' id='word_1_723' title='bbox 1698 1578 1790 1605; x_wconf 76' lang='grc' dir='ltr'>ἀποδι-</span> 
     </span>
    </p>
   </div>
   <div class='ocr_carea' id='block_1_94' title="bbox 1001 1618 1791 1658">
    <p class='ocr_par' dir='ltr' id='par_1_94' title="bbox 1001 1618 1791 1658">
     <span class='ocr_line' id='line_1_96' title="bbox 1001 1618 1791 1658; baseline 0.006 -14"><span class='ocrx_word' id='word_1_724' title='bbox 1001 1618 1095 1651; x_wconf 83' lang='grc' dir='ltr'>δόντα;</span> <span class='ocrx_word' id='word_1_725' title='bbox 1114 1620 1149 1645; x_wconf 71' lang='grc' dir='ltr'><em>’Ἡ</em></span> <span class='ocrx_word' id='word_1_726' title='bbox 1173 1620 1209 1655; x_wconf 84' lang='grc' dir='ltr'>μὴ</span> <span class='ocrx_word' id='word_1_727' title='bbox 1234 1619 1370 1655; x_wconf 73' lang='grc' dir='ltr'>μέμφεται</span> <span class='ocrx_word' id='word_1_728' title='bbox 1392 1622 1438 1647; x_wconf 77' lang='grc' dir='ltr'>καὶ</span> <span class='ocrx_word' id='word_1_729' title='bbox 1463 1620 1541 1655; x_wconf 63' lang='grc' dir='ltr'>ψέγει</span> <span class='ocrx_word' id='word_1_730' title='bbox 1557 1622 1593 1653; x_wconf 82' lang='grc' dir='ltr'>ὡς</span> <span class='ocrx_word' id='word_1_731' title='bbox 1614 1622 1725 1658; x_wconf 53' lang='grc' dir='ltr'>αἰσχῷν</span> <span class='ocrx_word' id='word_1_732' title='bbox 1743 1630 1791 1649; x_wconf 80' lang='grc' dir='ltr'>πε-</span> 
     </span>
    </p>
   </div>
   <div class='ocr_carea' id='block_1_95' title="bbox 1001 1666 1789 1705">
    <p class='ocr_par' dir='ltr' id='par_1_95' title="bbox 1001 1666 1789 1705">
     <span class='ocr_line' id='line_1_97' title="bbox 1001 1666 1789 1705; baseline 0.008 -15"><span class='ocrx_word' id='word_1_733' title='bbox 1001 1667 1145 1700; x_wconf 85' lang='grc' dir='ltr'>ποιηκυῖαν</span> <span class='ocrx_word' id='word_1_734' title='bbox 1166 1666 1214 1701; x_wconf 78' lang='grc' dir='ltr'>τὴν</span> <span class='ocrx_word' id='word_1_735' title='bbox 1228 1667 1461 1703; x_wconf 77' lang='grc' dir='ltr'>μεμοιχευμένην;</span> <span class='ocrx_word' id='word_1_736' title='bbox 1478 1668 1605 1700; x_wconf 78' lang='grc' dir='ltr'>Βιάζεται</span> <span class='ocrx_word' id='word_1_737' title='bbox 1619 1669 1673 1705; x_wconf 87' lang='grc' dir='ltr'><strong>γὰρ</strong></span> <span class='ocrx_word' id='word_1_738' title='bbox 1689 1671 1706 1704; x_wconf 78' lang='grc' dir='ltr'><strong>ἡ</strong></span> <span class='ocrx_word' id='word_1_739' title='bbox 1721 1669 1789 1705; x_wconf 73' lang='grc' dir='ltr'><strong>ἀλήο</strong></span> 
     </span>
    </p>
   </div>
   <div class='ocr_carea' id='block_1_96' title="bbox 1001 1712 1787 1753">
    <p class='ocr_par' dir='ltr' id='par_1_96' title="bbox 1001 1712 1787 1753">
     <span class='ocr_line' id='line_1_98' title="bbox 1001 1712 1787 1753; baseline 0.008 -15"><span class='ocrx_word' id='word_1_740' title='bbox 1001 1712 1061 1740; x_wconf 71' lang='lat' dir='ltr'><strong>Oeta</strong></span> <span class='ocrx_word' id='word_1_741' title='bbox 1077 1714 1124 1740; x_wconf 75' lang='grc' dir='ltr'><strong>καὶ</strong></span> <span class='ocrx_word' id='word_1_742' title='bbox 1139 1714 1299 1748; x_wconf 76' lang='grc' dir='ltr'>ἀναγκάζει,</span> <span class='ocrx_word' id='word_1_743' title='bbox 1323 1715 1374 1742; x_wconf 79' lang='grc' dir='ltr'>κᾶν</span> <span class='ocrx_word' id='word_1_744' title='bbox 1398 1715 1528 1750; x_wconf 79' lang='grc' dir='ltr'>μυριάκις</span> <span class='ocrx_word' id='word_1_745' title='bbox 1553 1725 1596 1748; x_wconf 83' lang='grc' dir='ltr'><strong>τις</strong></span> <span class='ocrx_word' id='word_1_746' title='bbox 1613 1717 1787 1753; x_wconf 76' lang='grc' dir='ltr'>εὑρεσιλογῇ.</span> 
     </span>
    </p>
   </div>
   <div class='ocr_carea' id='block_1_97' title="bbox 1001 1758 1787 1796">
    <p class='ocr_par' dir='ltr' id='par_1_97' title="bbox 1001 1758 1787 1796">
     <span class='ocr_line' id='line_1_99' title="bbox 1001 1758 1787 1796; baseline 0.005 -12"><span class='ocrx_word' id='word_1_747' title='bbox 1001 1758 1088 1793; x_wconf 77' lang='grc' dir='ltr'>ὁρμᾷν</span> <span class='ocrx_word' id='word_1_748' title='bbox 1103 1759 1148 1785; x_wconf 81' lang='grc' dir='ltr'><strong>καὶ</strong></span> <span class='ocrx_word' id='word_1_749' title='bbox 1163 1760 1283 1786; x_wconf 79' lang='grc' dir='ltr'>ἐπαινεῖν</span> <span class='ocrx_word' id='word_1_750' title='bbox 1300 1760 1346 1786; x_wconf 75' lang='grc' dir='ltr'>καὶ</span> <span class='ocrx_word' id='word_1_751' title='bbox 1362 1759 1455 1794; x_wconf 68' lang='grc' dir='ltr'>ψέγειν</span> <span class='ocrx_word' id='word_1_752' title='bbox 1465 1769 1471 1775; x_wconf 82' lang='grc'><em>’</em></span> <span class='ocrx_word' id='word_1_753' title='bbox 1498 1761 1536 1792; x_wconf 81' lang='grc' dir='ltr'>ὡς</span> <span class='ocrx_word' id='word_1_754' title='bbox 1558 1761 1726 1796; x_wconf 76' lang='grc' dir='ltr'>τηρουμένου</span> <span class='ocrx_word' id='word_1_755' title='bbox 1742 1762 1787 1788; x_wconf 79' lang='grc' dir='ltr'>τοῦ</span> 
     </span>
    </p>
   </div>
   <div class='ocr_carea' id='block_1_98' title="bbox 1000 1803 1788 1841">
    <p class='ocr_par' dir='ltr' id='par_1_98' title="bbox 1000 1803 1788 1841">
     <span class='ocr_line' id='line_1_100' title="bbox 1000 1803 1788 1841; baseline 0.006 -13"><span class='ocrx_word' id='word_1_756' title='bbox 1000 1803 1043 1836; x_wconf 73' lang='grc' dir='ltr'><strong>ἐφ’</strong></span> <span class='ocrx_word' id='word_1_757' title='bbox 1069 1803 1134 1838; x_wconf 81' lang='grc' dir='ltr'>ἡμῖν</span> <span class='ocrx_word' id='word_1_758' title='bbox 1151 1803 1198 1829; x_wconf 80' lang='grc' dir='ltr'><strong>καί</strong></span> <span class='ocrx_word' id='word_1_759' title='bbox 1221 1803 1315 1830; x_wconf 80' lang='grc' dir='ltr'>τούτου</span> <span class='ocrx_word' id='word_1_760' title='bbox 1341 1805 1480 1831; x_wconf 72' lang='grc' dir='ltr'>ἐπαινετοῦ</span> <span class='ocrx_word' id='word_1_761' title='bbox 1496 1805 1511 1840; x_wconf 79' lang='grc' dir='ltr'><strong>ἢ</strong></span> <span class='ocrx_word' id='word_1_762' title='bbox 1526 1805 1625 1840; x_wconf 68' lang='grc' dir='ltr'>ψεκτοῦ</span> <span class='ocrx_word' id='word_1_763' title='bbox 1645 1807 1788 1841; x_wconf 82' lang='grc' dir='ltr'>γινομένου</span> 
     </span>
    </p>
   </div>
   <div class='ocr_carea' id='block_1_99' title="bbox 1001 1849 1790 1887">
    <p class='ocr_par' dir='ltr' id='par_1_99' title="bbox 1001 1849 1790 1887">
     <span class='ocr_line' id='line_1_101' title="bbox 1001 1849 1790 1887; baseline 0.005 -12"><span class='ocrx_word' id='word_1_764' title='bbox 1001 1849 1065 1884; x_wconf 73' lang='grc' dir='ltr'>παρ’</span> <span class='ocrx_word' id='word_1_765' title='bbox 1078 1850 1160 1884; x_wconf 77' lang='grc' dir='ltr'>ἡμᾶς.</span> <span class='ocrx_word' id='word_1_766' title='bbox 1179 1850 1209 1875; x_wconf 78' lang='lat' dir='ltr'><strong>Ei</strong></span> <span class='ocrx_word' id='word_1_767' title='bbox 1231 1849 1263 1885; x_wconf 79' lang='grc' dir='ltr'><strong>δὴ</strong></span> <span class='ocrx_word' id='word_1_768' title='bbox 1279 1850 1308 1876; x_wconf 86' lang='grc' dir='ltr'>τὸ</span> <span class='ocrx_word' id='word_1_769' title='bbox 1328 1851 1370 1885; x_wconf 76' lang='grc' dir='ltr'><strong>ἐφ’</strong></span> <span class='ocrx_word' id='word_1_770' title='bbox 1385 1852 1452 1886; x_wconf 81' lang='grc' dir='ltr'>ἡμῖν</span> <span class='ocrx_word' id='word_1_771' title='bbox 1463 1851 1578 1882; x_wconf 78' lang='grc' dir='ltr'>σώζεται</span> <span class='ocrx_word' id='word_1_772' title='bbox 1599 1853 1699 1887; x_wconf 77' lang='grc' dir='ltr'>μυρίας</span> <span class='ocrx_word' id='word_1_773' title='bbox 1724 1853 1790 1885; x_wconf 76' lang='grc' dir='ltr'>ὅσας</span> 
     </span>
    </p>
   </div>
   <div class='ocr_carea' id='block_1_100' title="bbox 1000 1895 1788 1933">
    <p class='ocr_par' dir='ltr' id='par_1_100' title="bbox 1000 1895 1788 1933">
     <span class='ocr_line' id='line_1_102' title="bbox 1000 1895 1788 1933; baseline 0.004 -12"><span class='ocrx_word' id='word_1_774' title='bbox 1000 1895 1159 1926; x_wconf 75' lang='grc' dir='ltr'>ἀπονεύσεις</span> <span class='ocrx_word' id='word_1_775' title='bbox 1177 1895 1232 1930; x_wconf 64' lang='grc'>(49)</span> <span class='ocrx_word' id='word_1_776' title='bbox 1254 1895 1314 1930; x_wconf 80' lang='grc' dir='ltr'>ἕχον</span> <span class='ocrx_word' id='word_1_777' title='bbox 1338 1897 1406 1932; x_wconf 75' lang='grc' dir='ltr'>πρὸς</span> <span class='ocrx_word' id='word_1_778' title='bbox 1433 1896 1534 1933; x_wconf 82' lang='grc' dir='ltr'>ἀρετὴν</span> <span class='ocrx_word' id='word_1_779' title='bbox 1557 1897 1574 1932; x_wconf 83' lang='grc' dir='ltr'><strong>ἢ</strong></span> <span class='ocrx_word' id='word_1_780' title='bbox 1598 1898 1712 1930; x_wconf 76' lang='grc' dir='ltr'>κακίαν,</span> <span class='ocrx_word' id='word_1_781' title='bbox 1743 1899 1788 1925; x_wconf 82' lang='grc' dir='ltr'>καὶ</span> 
     </span>
    </p>
   </div>
   <div class='ocr_carea' id='block_1_101' title="bbox 1001 1939 1787 1979">
    <p class='ocr_par' dir='ltr' id='par_1_101' title="bbox 1001 1939 1787 1979">
     <span class='ocr_line' id='line_1_103' title="bbox 1001 1939 1787 1979; baseline 0.005 -13"><span class='ocrx_word' id='word_1_782' title='bbox 1001 1939 1080 1967; x_wconf 73' lang='grc' dir='ltr'>πάλιν</span> <span class='ocrx_word' id='word_1_783' title='bbox 1096 1941 1112 1975; x_wconf 85' lang='grc' dir='ltr'>ἢ</span> <span class='ocrx_word' id='word_1_784' title='bbox 1129 1941 1196 1975; x_wconf 82' lang='grc' dir='ltr'>πρὸς</span> <span class='ocrx_word' id='word_1_785' title='bbox 1211 1941 1240 1966; x_wconf 83' lang='grc' dir='ltr'>τὸ</span> <span class='ocrx_word' id='word_1_786' title='bbox 1266 1941 1385 1976; x_wconf 82' lang='grc' dir='ltr'>καθῆκον</span> <span class='ocrx_word' id='word_1_787' title='bbox 1403 1942 1418 1976; x_wconf 87' lang='grc' dir='ltr'>ἢ</span> <span class='ocrx_word' id='word_1_788' title='bbox 1436 1942 1502 1977; x_wconf 87' lang='grc' dir='ltr'>πρὸς</span> <span class='ocrx_word' id='word_1_789' title='bbox 1516 1942 1546 1969; x_wconf 83' lang='grc' dir='ltr'>τὸ</span> <span class='ocrx_word' id='word_1_790' title='bbox 1562 1943 1636 1978; x_wconf 75' lang='grc' dir='ltr'>παρὰ</span> <span class='ocrx_word' id='word_1_791' title='bbox 1650 1944 1681 1969; x_wconf 81' lang='grc' dir='ltr'>τὸ</span> <span class='ocrx_word' id='word_1_792' title='bbox 1702 1944 1787 1979; x_wconf 75' lang='grc' dir='ltr'>καθῆ-</span> 
     </span>
    </p>
   </div>
   <div class='ocr_carea' id='block_1_102' title="bbox 1000 1986 1787 2025">
    <p class='ocr_par' dir='ltr' id='par_1_102' title="bbox 1000 1986 1787 2025">
     <span class='ocr_line' id='line_1_104' title="bbox 1000 1986 1787 2025; baseline 0.005 -14"><span class='ocrx_word' id='word_1_793' title='bbox 1000 1994 1046 2012; x_wconf 86' lang='grc' dir='ltr'><strong>κον</strong></span> <span class='ocrx_word' id='word_1_794' title='bbox 1055 1994 1061 2000; x_wconf 70' lang='grc'><strong>⁸</strong></span> <span class='ocrx_word' id='word_1_795' title='bbox 1075 1986 1231 2019; x_wconf 82' lang='grc' dir='ltr'>ἀναγκαίως</span> <span class='ocrx_word' id='word_1_796' title='bbox 1242 1986 1320 2012; x_wconf 77' lang='grc' dir='ltr'>τοῦτο</span> <span class='ocrx_word' id='word_1_797' title='bbox 1336 1987 1404 2022; x_wconf 81' lang='grc' dir='ltr'>μετὰ</span> <span class='ocrx_word' id='word_1_798' title='bbox 1417 1987 1469 2015; x_wconf 81' lang='grc' dir='ltr'>τῶν</span> <span class='ocrx_word' id='word_1_799' title='bbox 1483 1989 1583 2016; x_wconf 79' lang='grc' dir='ltr'>λοιπῶν</span> <span class='ocrx_word' id='word_1_800' title='bbox 1598 1990 1662 2024; x_wconf 76' lang='grc' dir='ltr'>πρὶν</span> <span class='ocrx_word' id='word_1_801' title='bbox 1676 1990 1787 2025; x_wconf 77' lang='grc' dir='ltr'>γένηται</span> 
     </span>
    </p>
   </div>
   <div class='ocr_carea' id='block_1_103' title="bbox 999 2030 1786 2071">
    <p class='ocr_par' dir='ltr' id='par_1_103' title="bbox 999 2030 1786 2071">
     <span class='ocr_line' id='line_1_105' title="bbox 999 2030 1786 2071; baseline 0.009 -15"><span class='ocrx_word' id='word_1_802' title='bbox 999 2031 1038 2065; x_wconf 78' lang='grc' dir='ltr'>τῷ</span> <span class='ocrx_word' id='word_1_803' title='bbox 1049 2030 1108 2065; x_wconf 82' lang='grc' dir='ltr'>Θεῴ</span> <span class='ocrx_word' id='word_1_804' title='bbox 1118 2031 1249 2064; x_wconf 73' lang='grc' dir='ltr'>ἔγνωσται</span> <span class='ocrx_word' id='word_1_805' title='bbox 1263 2032 1317 2058; x_wconf 77' lang='grc' dir='ltr'>ἀπὸ</span> <span class='ocrx_word' id='word_1_806' title='bbox 1327 2033 1441 2064; x_wconf 79' lang='grc' dir='ltr'>κτίσεως</span> <span class='ocrx_word' id='word_1_807' title='bbox 1454 2034 1499 2060; x_wconf 70' lang='grc' dir='ltr'>καὶ</span> <span class='ocrx_word' id='word_1_808' title='bbox 1510 2035 1662 2070; x_wconf 76' lang='grc' dir='ltr'>καταϐολῆς</span> <span class='ocrx_word' id='word_1_809' title='bbox 1673 2036 1786 2071; x_wconf 80' lang='grc' dir='ltr'>κόσμου.</span> 
     </span>
    </p>
   </div>
   <div class='ocr_carea' id='block_1_104' title="bbox 1000 2075 1788 2115">
    <p class='ocr_par' dir='ltr' id='par_1_104' title="bbox 1000 2075 1788 2115">
     <span class='ocr_line' id='line_1_106' title="bbox 1000 2075 1788 2115; baseline 0.009 -14"><span class='ocrx_word' id='word_1_810' title='bbox 1000 2077 1091 2103; x_wconf 72' lang='grc' dir='ltr'>ὁποῖον</span> <span class='ocrx_word' id='word_1_811' title='bbox 1114 2075 1210 2102; x_wconf 78' lang='grc' dir='ltr'>ἔσται’</span> <span class='ocrx_word' id='word_1_812' title='bbox 1237 2078 1284 2103; x_wconf 76' lang='grc' dir='ltr'>καὶ</span> <span class='ocrx_word' id='word_1_813' title='bbox 1299 2079 1328 2104; x_wconf 79' lang='grc' dir='ltr'>ἐν</span> <span class='ocrx_word' id='word_1_814' title='bbox 1352 2079 1434 2105; x_wconf 79' lang='grc' dir='ltr'>πᾶσιν</span> <span class='ocrx_word' id='word_1_815' title='bbox 1454 2076 1494 2112; x_wconf 74' lang='grc' dir='ltr'>οἷς</span> <span class='ocrx_word' id='word_1_816' title='bbox 1520 2081 1748 2115; x_wconf 81' lang='grc' dir='ltr'>προδιατάσσεται</span> <span class='ocrx_word' id='word_1_817' title='bbox 1774 2083 1788 2108; x_wconf 86' lang='grc' dir='ltr'>ὁ</span> 
     </span>
    </p>
   </div>
   <div class='ocr_carea' id='block_1_105' title="bbox 1000 2121 1787 2163">
    <p class='ocr_par' dir='ltr' id='par_1_105' title="bbox 1000 2121 1787 2163">
     <span class='ocr_line' id='line_1_107' title="bbox 1000 2121 1787 2163; baseline 0.009 -17"><span class='ocrx_word' id='word_1_818' title='bbox 1000 2121 1067 2153; x_wconf 83' lang='grc' dir='ltr'>Θεὸς</span> <span class='ocrx_word' id='word_1_819' title='bbox 1082 2121 1234 2153; x_wconf 72' lang='grc' dir='ltr'>ἀκολούθως</span> <span class='ocrx_word' id='word_1_820' title='bbox 1249 2123 1287 2154; x_wconf 85' lang='grc' dir='ltr'>ὡς</span> <span class='ocrx_word' id='word_1_821' title='bbox 1302 2123 1409 2159; x_wconf 81' lang='grc' dir='ltr'>ἑώρακε</span> <span class='ocrx_word' id='word_1_822' title='bbox 1426 2124 1481 2160; x_wconf 75' lang='grc'>(50)</span> <span class='ocrx_word' id='word_1_823' title='bbox 1498 2126 1561 2160; x_wconf 75' lang='grc' dir='ltr'>περὶ</span> <span class='ocrx_word' id='word_1_824' title='bbox 1577 2126 1693 2153; x_wconf 78' lang='grc' dir='ltr'>ἑκάστου</span> <span class='ocrx_word' id='word_1_825' title='bbox 1706 2127 1787 2163; x_wconf 73' lang='grc' dir='ltr'>ἔργου</span> 
     </span>
    </p>
   </div>
   <div class='ocr_carea' id='block_1_106' title="bbox 1000 2167 1789 2209">
    <p class='ocr_par' dir='ltr' id='par_1_106' title="bbox 1000 2167 1789 2209">
     <span class='ocr_line' id='line_1_108' title="bbox 1000 2167 1789 2209; baseline 0.009 -16"><span class='ocrx_word' id='word_1_826' title='bbox 1000 2167 1053 2194; x_wconf 83' lang='grc' dir='ltr'>τῶν</span> <span class='ocrx_word' id='word_1_827' title='bbox 1077 2168 1119 2202; x_wconf 78' lang='grc' dir='ltr'><strong>ἐφ’</strong></span> <span class='ocrx_word' id='word_1_828' title='bbox 1132 2169 1197 2203; x_wconf 80' lang='grc' dir='ltr'>ἡμῖν</span> <span class='ocrx_word' id='word_1_829' title='bbox 1216 2169 1442 2204; x_wconf 83' lang='grc' dir='ltr'>προδιατέτακται</span> <span class='ocrx_word' id='word_1_830' title='bbox 1456 2171 1516 2198; x_wconf 78' lang='grc' dir='ltr'>κατ’</span> <span class='ocrx_word' id='word_1_831' title='bbox 1536 2171 1612 2203; x_wconf 78' lang='grc' dir='ltr'>ἀξίαν</span> <span class='ocrx_word' id='word_1_832' title='bbox 1626 2173 1736 2209; x_wconf 77' lang='grc' dir='ltr'>ἑκάστῳ</span> <span class='ocrx_word' id='word_1_833' title='bbox 1750 2183 1789 2200; x_wconf 85' lang='grc' dir='ltr'>κι-</span> 
     </span>
    </p>
   </div>
   <div class='ocr_carea' id='block_1_107' title="bbox 1000 2214 1787 2253">
    <p class='ocr_par' dir='ltr' id='par_1_107' title="bbox 1000 2214 1787 2253">
     <span class='ocr_line' id='line_1_109' title="bbox 1000 2214 1787 2253; baseline 0.009 -14"><span class='ocrx_word' id='word_1_834' title='bbox 1000 2214 1099 2249; x_wconf 87' lang='grc' dir='ltr'>νήματι</span> <span class='ocrx_word' id='word_1_835' title='bbox 1125 2214 1178 2242; x_wconf 85' lang='grc' dir='ltr'>τῶν</span> <span class='ocrx_word' id='word_1_836' title='bbox 1198 2216 1240 2250; x_wconf 66' lang='grc' dir='ltr'><strong>ἐφ’</strong></span> <span class='ocrx_word' id='word_1_837' title='bbox 1264 2217 1330 2252; x_wconf 82' lang='grc' dir='ltr'>ἡμῖν</span> <span class='ocrx_word' id='word_1_838' title='bbox 1356 2217 1386 2243; x_wconf 85' lang='grc' dir='ltr'><strong>τὺ</strong></span> <span class='ocrx_word' id='word_1_839' title='bbox 1399 2218 1445 2244; x_wconf 79' lang='grc' dir='ltr'>καὶ</span> <span class='ocrx_word' id='word_1_840' title='bbox 1460 2218 1512 2244; x_wconf 83' lang='grc' dir='ltr'>ἀπὸ</span> <span class='ocrx_word' id='word_1_841' title='bbox 1528 2219 1576 2253; x_wconf 79' lang='grc' dir='ltr'>τῆς</span> <span class='ocrx_word' id='word_1_842' title='bbox 1592 2220 1720 2253; x_wconf 86' lang='grc' dir='ltr'>προνοίας</span> <span class='ocrx_word' id='word_1_843' title='bbox 1737 2221 1787 2246; x_wconf 86' lang='grc' dir='ltr'><strong>αὐ-</strong></span> 
     </span>
    </p>
   </div>
   <div class='ocr_carea' id='block_1_108' title="bbox 999 2257 1787 2299">
    <p class='ocr_par' dir='ltr' id='par_1_108' title="bbox 999 2257 1787 2299">
     <span class='ocr_line' id='line_1_110' title="bbox 999 2257 1787 2299; baseline 0.01 -15"><span class='ocrx_word' id='word_1_844' title='bbox 999 2257 1038 2293; x_wconf 83' lang='grc' dir='ltr'>τῷ</span> <span class='ocrx_word' id='word_1_845' title='bbox 1061 2259 1295 2295; x_wconf 77' lang='grc' dir='ltr'>ἀπαντησόμενον,</span> <span class='ocrx_word' id='word_1_846' title='bbox 1315 2261 1354 2288; x_wconf 76' lang='grc' dir='ltr'>ἔτι</span> <span class='ocrx_word' id='word_1_847' title='bbox 1373 2261 1400 2288; x_wconf 77' lang='grc' dir='ltr'><strong>δὲ</strong></span> <span class='ocrx_word' id='word_1_848' title='bbox 1414 2263 1540 2289; x_wconf 75' lang='grc' dir='ltr'>καὶκατὰ</span> <span class='ocrx_word' id='word_1_849' title='bbox 1556 2263 1600 2290; x_wconf 73' lang='grc' dir='ltr'><strong>τὸν</strong></span> <span class='ocrx_word' id='word_1_850' title='bbox 1622 2264 1718 2299; x_wconf 76' lang='grc' dir='ltr'>εἱρμὸν</span> <span class='ocrx_word' id='word_1_851' title='bbox 1734 2265 1787 2293; x_wconf 84' lang='grc' dir='ltr'>τῶν</span> 
     </span>
    </p>
   </div>
   <div class='ocr_carea' id='block_1_109' title="bbox 1000 2305 1786 2343">
    <p class='ocr_par' dir='ltr' id='par_1_109' title="bbox 1000 2305 1786 2343">
     <span class='ocr_line' id='line_1_111' title="bbox 1000 2305 1786 2343; baseline 0.01 -14"><span class='ocrx_word' id='word_1_852' title='bbox 1000 2305 1136 2339; x_wconf 76' lang='grc' dir='ltr'>ἐσομένων</span> <span class='ocrx_word' id='word_1_853' title='bbox 1163 2307 1382 2342; x_wconf 74' lang='grc' dir='ltr'>συμϐησόμενον·</span> <span class='ocrx_word' id='word_1_854' title='bbox 1403 2309 1464 2343; x_wconf 75' lang='grc' dir='ltr'><strong>οὐχὶ</strong></span> <span class='ocrx_word' id='word_1_855' title='bbox 1479 2309 1529 2343; x_wconf 84' lang='grc' dir='ltr'>τῆς</span> <span class='ocrx_word' id='word_1_856' title='bbox 1544 2309 1724 2343; x_wconf 78' lang='grc' dir='ltr'>προγνώσεως</span> <span class='ocrx_word' id='word_1_857' title='bbox 1740 2311 1786 2338; x_wconf 77' lang='grc' dir='ltr'>τοῦ</span> 
     </span>
    </p>
   </div>
   <div class='ocr_carea' id='block_1_110' title="bbox 1000 2350 1787 2389">
    <p class='ocr_par' dir='ltr' id='par_1_110' title="bbox 1000 2350 1787 2389">
     <span class='ocr_line' id='line_1_112' title="bbox 1000 2350 1787 2389; baseline 0.009 -13"><span class='ocrx_word' id='word_1_858' title='bbox 1000 2350 1066 2377; x_wconf 76' lang='grc' dir='ltr'>Θεοῦ</span> <span class='ocrx_word' id='word_1_859' title='bbox 1082 2351 1169 2383; x_wconf 80' lang='grc' dir='ltr'>αἰτίας</span> <span class='ocrx_word' id='word_1_860' title='bbox 1195 2353 1340 2389; x_wconf 82' lang='grc' dir='ltr'>γινομένης</span> <span class='ocrx_word' id='word_1_861' title='bbox 1365 2356 1420 2385; x_wconf 85' lang='grc' dir='ltr'>τοῖς</span> <span class='ocrx_word' id='word_1_862' title='bbox 1437 2354 1575 2389; x_wconf 75' lang='grc' dir='ltr'>ἐσομένοις</span> <span class='ocrx_word' id='word_1_863' title='bbox 1595 2356 1673 2388; x_wconf 76' lang='grc' dir='ltr'>πᾶσι,</span> <span class='ocrx_word' id='word_1_864' title='bbox 1693 2357 1741 2383; x_wconf 80' lang='grc' dir='ltr'>καὶ</span> <span class='ocrx_word' id='word_1_865' title='bbox 1755 2358 1787 2384; x_wconf 82' lang='grc' dir='ltr'>ὲκ</span> 
     </span>
    </p>
   </div>
   <div class='ocr_carea' id='block_1_111' title="bbox 999 2397 1784 2437">
    <p class='ocr_par' dir='ltr' id='par_1_111' title="bbox 999 2397 1784 2437">
     <span class='ocr_line' id='line_1_113' title="bbox 999 2397 1784 2437; baseline 0.009 -15"><span class='ocrx_word' id='word_1_866' title='bbox 999 2397 1045 2422; x_wconf 81' lang='grc' dir='ltr'>τοῦ</span> <span class='ocrx_word' id='word_1_867' title='bbox 1057 2398 1098 2431; x_wconf 79' lang='grc' dir='ltr'><strong>ἐφ’</strong></span> <span class='ocrx_word' id='word_1_868' title='bbox 1110 2399 1174 2432; x_wconf 80' lang='grc' dir='ltr'>ἡμῖν</span> <span class='ocrx_word' id='word_1_869' title='bbox 1185 2399 1255 2425; x_wconf 81' lang='grc' dir='ltr'><strong>κατά</strong></span> <span class='ocrx_word' id='word_1_870' title='bbox 1266 2399 1313 2434; x_wconf 78' lang='grc' dir='ltr'>τὴν</span> <span class='ocrx_word' id='word_1_871' title='bbox 1326 2400 1413 2435; x_wconf 83' lang='grc' dir='ltr'>ὁρμὴν</span> <span class='ocrx_word' id='word_1_872' title='bbox 1425 2401 1502 2436; x_wconf 73' lang='grc' dir='ltr'>ἡμῶν</span> <span class='ocrx_word' id='word_1_873' title='bbox 1515 2401 1784 2437; x_wconf 77' lang='grc' dir='ltr'>ὲνεργηθησομένοις,</span> 
     </span>
    </p>
   </div>
   <div class='ocr_carea' id='block_1_112' title="bbox 998 2441 1784 2480">
    <p class='ocr_par' dir='ltr' id='par_1_112' title="bbox 998 2441 1784 2480">
     <span class='ocr_line' id='line_1_114' title="bbox 998 2441 1784 2480; baseline 0.01 -13"><span class='ocrx_word' id='word_1_874' title='bbox 998 2441 1029 2467; x_wconf 71' lang='grc' dir='ltr'><strong>ΕΞ</strong></span> <span class='ocrx_word' id='word_1_875' title='bbox 1042 2442 1096 2477; x_wconf 81' lang='grc' dir='ltr'><strong>γὰρ</strong></span> <span class='ocrx_word' id='word_1_876' title='bbox 1111 2444 1156 2469; x_wconf 69' lang='grc' dir='ltr'>καὶ</span> <span class='ocrx_word' id='word_1_877' title='bbox 1168 2443 1226 2469; x_wconf 78' lang='grc' dir='ltr'>καθ’</span> <span class='ocrx_word' id='word_1_878' title='bbox 1240 2444 1364 2471; x_wconf 72' lang='grc' dir='ltr'>ὑπόθεσιν</span> <span class='ocrx_word' id='word_1_879' title='bbox 1383 2445 1420 2480; x_wconf 82' lang='grc' dir='ltr'>μὴ</span> <span class='ocrx_word' id='word_1_880' title='bbox 1434 2446 1560 2480; x_wconf 82' lang='grc' dir='ltr'>γινώσκοι</span> <span class='ocrx_word' id='word_1_881' title='bbox 1573 2447 1586 2472; x_wconf 77' lang='grc' dir='ltr'>ὁ</span> <span class='ocrx_word' id='word_1_882' title='bbox 1598 2447 1664 2478; x_wconf 77' lang='grc' dir='ltr'>Θεὸς</span> <span class='ocrx_word' id='word_1_883' title='bbox 1678 2448 1711 2474; x_wconf 79' lang='grc' dir='ltr'><strong>τά</strong></span> <span class='ocrx_word' id='word_1_884' title='bbox 1727 2449 1784 2475; x_wconf 79' lang='grc' dir='ltr'>ἐσό-</span> 
     </span>
    </p>
   </div>
   <div class='ocr_carea' id='block_1_113' title="bbox 1000 2487 1784 2526">
    <p class='ocr_par' dir='ltr' id='par_1_113' title="bbox 1000 2487 1784 2526">
     <span class='ocr_line' id='line_1_115' title="bbox 1000 2487 1784 2526; baseline 0.009 -14"><span class='ocrx_word' id='word_1_885' title='bbox 1000 2494 1067 2520; x_wconf 84' lang='grc' dir='ltr'>μενα</span> <span class='ocrx_word' id='word_1_886' title='bbox 1081 2507 1088 2519; x_wconf 90' lang='lat'><strong>,</strong></span> <span class='ocrx_word' id='word_1_887' title='bbox 1101 2487 1130 2513; x_wconf 73' lang='grc' dir='ltr'>οὐ</span> <span class='ocrx_word' id='word_1_888' title='bbox 1148 2488 1221 2522; x_wconf 80' lang='grc' dir='ltr'>παρὰ</span> <span class='ocrx_word' id='word_1_889' title='bbox 1238 2487 1315 2514; x_wconf 74' lang='grc' dir='ltr'>τοῦτο</span> <span class='ocrx_word' id='word_1_890' title='bbox 1339 2488 1501 2524; x_wconf 81' lang='grc' dir='ltr'>ἀπειλοῦμεν</span> <span class='ocrx_word' id='word_1_891' title='bbox 1525 2490 1580 2526; x_wconf 79' lang='grc'>(51)</span> <span class='ocrx_word' id='word_1_892' title='bbox 1601 2490 1631 2516; x_wconf 79' lang='grc' dir='ltr'>τὸ</span> <span class='ocrx_word' id='word_1_893' title='bbox 1646 2491 1709 2518; x_wconf 77' lang='grc' dir='ltr'>τάδε</span> <span class='ocrx_word' id='word_1_894' title='bbox 1726 2493 1784 2520; x_wconf 80' lang='grc' dir='ltr'>τινὰ</span> 
     </span>
    </p>
   </div>
   <div class='ocr_carea' id='block_1_114' title="bbox 999 2552 1541 2589">
    <p class='ocr_par' dir='ltr' id='par_1_114' title="bbox 999 2552 1541 2589">
     <span class='ocr_line' id='line_1_116' title="bbox 999 2552 1541 2589; baseline 0.006 -11"><span class='ocrx_word' id='word_1_895' title='bbox 999 2553 1042 2589; x_wconf 22' lang='grc' dir='ltr'>τοὶ,</span> <span class='ocrx_word' id='word_1_896' title='bbox 1082 2552 1131 2589; x_wconf 25' lang='grc' dir='ltr'>,ἀπ’</span> <span class='ocrx_word' id='word_1_897' title='bbox 1146 2552 1233 2589; x_wconf 76' lang='grc' dir='ltr'>αὐτῶν</span> <span class='ocrx_word' id='word_1_898' title='bbox 1244 2553 1367 2589; x_wconf 72' lang='grc' dir='ltr'>οὐδαμῶς</span> <span class='ocrx_word' id='word_1_899' title='bbox 1379 2554 1541 2589; x_wconf 82' lang='grc' dir='ltr'>κινούμενοι.</span> 
     </span>
    </p>
   </div>
   <div class='ocr_carea' id='block_1_115' title="bbox 1034 2587 1779 2622">
    <p class='ocr_par' dir='ltr' id='par_1_115' title="bbox 1034 2587 1779 2622">
     <span class='ocr_line' id='line_1_117' title="bbox 1034 2587 1779 2622; baseline 0.007 -10"><span class='ocrx_word' id='word_1_900' title='bbox 1034 2587 1090 2622; x_wconf 67' lang='grc' dir='ltr'><strong>(άὸ)</strong></span> <span class='ocrx_word' id='word_1_901' title='bbox 1105 2587 1316 2614; x_wconf 49' lang='lat' dir='ltr'><strong>Marsae/hami</strong></span> <span class='ocrx_word' id='word_1_902' title='bbox 1334 2589 1379 2615; x_wconf 85' lang='lat' dir='ltr'><strong>Sic</strong></span> <span class='ocrx_word' id='word_1_903' title='bbox 1395 2587 1473 2615; x_wconf 78' lang='lat' dir='ltr'><strong>habet</strong></span> <span class='ocrx_word' id='word_1_904' title='bbox 1493 2591 1542 2616; x_wconf 85' lang='lat' dir='ltr'><strong>hoc</strong></span> <span class='ocrx_word' id='word_1_905' title='bbox 1571 2589 1630 2617; x_wconf 86' lang='lat' dir='ltr'><strong>loco</strong></span> <span class='ocrx_word' id='word_1_906' title='bbox 1657 2595 1684 2617; x_wconf 89' lang='lat' dir='ltr'><strong>et</strong></span> <span class='ocrx_word' id='word_1_907' title='bbox 1709 2591 1779 2617; x_wconf 81' lang='lat' dir='ltr'><strong>infra</strong></span> 
     </span>
    </p>
   </div>
   <div class='ocr_carea' id='block_1_116' title="bbox 999 2623 1782 2659">
    <p class='ocr_par' dir='ltr' id='par_1_116' title="bbox 999 2623 1782 2659">
     <span class='ocr_line' id='line_1_118' title="bbox 999 2623 1782 2659; baseline 0.008 -12"><span class='ocrx_word' id='word_1_908' title='bbox 999 2623 1083 2659; x_wconf 52' lang='lat' dir='ltr'><strong>cedes</strong></span> <span class='ocrx_word' id='word_1_909' title='bbox 1099 2630 1148 2659; x_wconf 73' lang='lat' dir='ltr'><strong>ms.</strong></span> <span class='ocrx_word' id='word_1_910' title='bbox 1161 2642 1167 2653; x_wconf 91' lang='grc'><strong>,</strong></span> <span class='ocrx_word' id='word_1_911' title='bbox 1195 2631 1335 2659; x_wconf 62' lang='lat' dir='ltr'><strong>perperam</strong></span> <span class='ocrx_word' id='word_1_912' title='bbox 1351 2632 1414 2651; x_wconf 85' lang='lat' dir='ltr'><strong>vero</strong></span> <span class='ocrx_word' id='word_1_913' title='bbox 1431 2625 1575 2659; x_wconf 84' lang='lat' dir='ltr'><strong>utrobique</strong></span> <span class='ocrx_word' id='word_1_914' title='bbox 1601 2625 1684 2652; x_wconf 85' lang='lat' dir='ltr'><strong>editio</strong></span> <span class='ocrx_word' id='word_1_915' title='bbox 1708 2626 1782 2653; x_wconf 60' lang='lat' dir='ltr'><strong>Oxoc</strong></span> 
     </span>
    </p>
   </div>
   <div class='ocr_carea' id='block_1_117' title="bbox 998 2656 1289 2691">
    <p class='ocr_par' dir='ltr' id='par_1_117' title="bbox 998 2656 1289 2691">
     <span class='ocr_line' id='line_1_119' title="bbox 998 2656 1289 2691; baseline 0.003 -9"><span class='ocrx_word' id='word_1_916' title='bbox 998 2656 1110 2687; x_wconf 71' lang='lat' dir='ltr'><strong>niensis,</strong></span> <span class='ocrx_word' id='word_1_917' title='bbox 1126 2657 1289 2691; x_wconf 80' lang='grc' dir='ltr'>διατεθῆναι.</span> 
     </span>
    </p>
   </div>
   <div class='ocr_carea' id='block_1_118' title="bbox 1033 2690 1782 2729">
    <p class='ocr_par' dir='ltr' id='par_1_118' title="bbox 1033 2690 1782 2729">
     <span class='ocr_line' id='line_1_120' title="bbox 1033 2690 1782 2729; baseline 0.005 -11"><span class='ocrx_word' id='word_1_918' title='bbox 1117 2690 1316 2729; x_wconf 47' lang='grc' dir='ltr'>Ἀριφ-εὐσεις.</span> <span class='ocrx_word' id='word_1_919' title='bbox 1350 2693 1516 2724; x_wconf 79' lang='grc' dir='ltr'>Ἔπινεὺσεις</span> <span class='ocrx_word' id='word_1_920' title='bbox 1550 2694 1566 2728; x_wconf 85' lang='grc' dir='ltr'><strong>ἤ</strong></span> <span class='ocrx_word' id='word_1_921' title='bbox 1603 2694 1782 2729; x_wconf 64' lang='grc' dir='ltr'>ἀπονεύσας,</span> 
     </span>
    </p>
   </div>
   <div class='ocr_carea' id='block_1_119' title="bbox 998 2724 1227 2759">
    <p class='ocr_par' dir='ltr' id='par_1_119' title="bbox 998 2724 1227 2759">
     <span class='ocr_line' id='line_1_121' title="bbox 998 2724 1227 2759; baseline -0.004 -7"><span class='ocrx_word' id='word_1_922' title='bbox 998 2724 1062 2759; x_wconf 73' lang='lat' dir='ltr'><strong>legit</strong></span> <span class='ocrx_word' id='word_1_923' title='bbox 1078 2724 1227 2752; x_wconf 71' lang='lat' dir='ltr'><strong>Bentleius.</strong></span> 
     </span>
    </p>
   </div>
   <div class='ocr_carea' id='block_1_120' title="bbox 1033 2760 1780 2796">
    <p class='ocr_par' dir='ltr' id='par_1_120' title="bbox 1033 2760 1780 2796">
     <span class='ocr_line' id='line_1_122' title="bbox 1033 2760 1780 2796; baseline 0.009 -11"><span class='ocrx_word' id='word_1_924' title='bbox 1033 2760 1087 2796; x_wconf 48' lang='lat' dir='ltr'><strong>(fit!)</strong></span> <span class='ocrx_word' id='word_1_925' title='bbox 1102 2760 1283 2796; x_wconf 64' lang='lat' dir='ltr'><strong>’AgcondUwc</strong></span> <span class='ocrx_word' id='word_1_926' title='bbox 1297 2760 1336 2792; x_wconf 87' lang='grc' dir='ltr'>ὡς</span> <span class='ocrx_word' id='word_1_927' title='bbox 1347 2760 1464 2794; x_wconf 72' lang='grc' dir='ltr'>ἑώρακε.</span> <span class='ocrx_word' id='word_1_928' title='bbox 1479 2760 1780 2796; x_wconf 64' lang='grc' dir='ltr'>ιεεὶιῦρῐιῑιθὶυε,ἀκο-</span> 
     </span>
    </p>
   </div>
   <div class='ocr_carea' id='block_1_121' title="bbox 997 2793 1280 2829">
    <p class='ocr_par' dir='ltr' id='par_1_121' title="bbox 997 2793 1280 2829">
     <span class='ocr_line' id='line_1_123' title="bbox 997 2793 1280 2829; baseline -0.004 -9"><span class='ocrx_word' id='word_1_929' title='bbox 997 2794 1098 2826; x_wconf 67' lang='grc' dir='ltr'>λοιῖθως</span> <span class='ocrx_word' id='word_1_930' title='bbox 1112 2793 1151 2826; x_wconf 69' lang='grc' dir='ltr'>οἷς</span> <span class='ocrx_word' id='word_1_931' title='bbox 1166 2794 1280 2829; x_wconf 77' lang='grc' dir='ltr'>ἑώρακε.</span> 
     </span>
    </p>
   </div>
   <div class='ocr_carea' id='block_1_122' title="bbox 1034 2829 1682 2868">
    <p class='ocr_par' dir='ltr' id='par_1_122' title="bbox 1034 2829 1682 2868">
     <span class='ocr_line' id='line_1_124' title="bbox 1034 2829 1682 2868; baseline 0.008 -13"><span class='ocrx_word' id='word_1_932' title='bbox 1034 2830 1088 2864; x_wconf 71' lang='lat' dir='ltr'><strong>(fit)</strong></span> <span class='ocrx_word' id='word_1_933' title='bbox 1112 2829 1313 2863; x_wconf 66' lang='grc' dir='ltr'>Ἀπειλοῧμεν.</span> <span class='ocrx_word' id='word_1_934' title='bbox 1332 2829 1403 2859; x_wconf 85' lang='lat' dir='ltr'><strong>Idem</strong></span> <span class='ocrx_word' id='word_1_935' title='bbox 1420 2831 1500 2866; x_wconf 69' lang='lat' dir='ltr'><strong>legit,</strong></span> <span class='ocrx_word' id='word_1_936' title='bbox 1519 2832 1682 2868; x_wconf 71' lang='grc' dir='ltr'>ἀπολοῦμεν.</span> 
     </span>
    </p>
   </div>
  </div>
