1853 3073
107 148 160 175 457

714 152 880 181 LIBELLUS
896 153 940 180 DE
960 153 1146 181 ORATIONE.

1693 157 1746 187 £38

107 209 267 246 ὲιιεργήσειν
283 211 331 238 καὶ
341 211 403 239 τάδε
416 212 540 249 θελήσειν
549 221 555 227 ·
574 212 654 239 πλέον
665 212 694 239 δὲ
708 213 762 240 ἀπὸ
776 214 824 249 τῆς
842 223 875 249 πρ

960 219 1030 241 motu
1043 214 1213 248 arbitrioque
1230 219 1323 242 nostro
1339 215 1463 243 effecturi
1477 206 1583 244 sumtis.
1595 217 1655 246 Etsi
1672 221 1744 247 enim

107 255 238 288 κενώσεως
253 258 359 292 γίνεται
371 258 401 285 τὸ
417 259 563 292 κατάταξιν
574 259 723 294 λαμϐάνειν
740 260 779 291 εἰς
794 260 842 295 τὴν
857 260 903 286 τοῦ

107 302 209 333 παντὸς
224 303 358 339 διοίκησιν
372 304 488 340 χρειώδη
506 307 539 340 τῇ
556 304 601 332 τοῦ
618 305 724 340 κόσμου
739 306 903 332 καταστάσει

107 346 138 373 τὸ
152 347 270 375 ἑκάστου
292 341 419 385 ἐφ’ἧμῐν.
437 351 468 377 Ει
485 351 575 378 τοίνυν
592 351 621 378 τὸ
637 351 752 378 ἑκάστου
780 353 822 386 ἐφ’
838 353 903 387 ἡμῖν

107 390 183 428 αὐτῷ
205 393 349 428 ἔγνωσται,
367 396 414 423 καὶ
437 396 480 422 διὰ
495 396 573 423 τοῦτο
583 396 794 432 προεωραμένον
809 396 880 432 αὐτῷ
894 417 901 429 ,

107 437 279 466 διατάττεται
294 440 349 477 (52)
361 441 414 468 ἀπὸ
424 441 472 477 τῆς
485 442 611 477 προνοίας
620 442 650 469 τὸ
660 443 720 469 κατ’
728 442 806 476 ἀξίαν
821 443 902 469 παντὶ

106 483 138 510 τὺ
149 483 261 519 εὔλογον
271 495 277 501 ·
296 487 342 513 καὶ
356 486 386 513 τὸ
402 487 428 513 τί
444 487 554 522 εὔξηται
564 496 570 502 ·
593 488 673 515 ποίαν
687 488 806 515 διάθεσιν
831 487 901 522 έχων

105 528 121 555 ὁ
132 529 207 557 δεῖνα
222 531 309 563 οὕτως
320 533 470 560 πιστεύων·
485 533 531 560 καὶ
546 533 571 559 τί
588 533 748 568 βουλόμενος
762 533 837 569 αὐτῷ
852 542 899 568 γε-

104 574 200 602 νέσθαι
213 596 220 609 ,
239 578 486 613 προκατείληπται·
505 576 534 606 οὗ
547 578 836 615 προκαταληφθέντος,
853 580 899 606 καὶ

103 621 228 650 τοιοῦτόν
243 631 269 649 τι
286 615 439 656 ἀκολούθως
457 625 485 652 ὲν
501 626 534 660 τῇ
558 625 678 659 διατάξει
692 625 842 659 τετάξεται,
859 627 898 653 ὅτι

103 667 183 694 τοῦδε
211 669 262 704 μὲν
276 669 464 706 ὲπακούσομαι
480 671 597 703 συνετῶς
613 671 667 707 (55)
683 672 828 708 εὐξομένου
841 692 848 703 ,
864 672 898 699 δι’

102 713 191 749 αὐτὴν
206 714 256 749 τὴν
274 715 357 751 εὐχὴν
375 715 409 751 ἦν
438 716 561 750 εῦξεται·
581 717 658 744 τοῦδε
675 718 703 745 δὲ
717 719 766 745 οὑκ
780 718 897 745 ἐπακού-

103 767 199 793 σομαι,
230 760 289 795 ἦτοι
301 760 345 787 διὰ
358 761 387 788 τὸ
406 762 514 795 ἀνάξιον
534 762 642 789 ἔσεσθαι
658 763 704 789 106
727 765 897 800 ὲπακουσθή-

101 804 217 838 creabat,
245 805 261 841 ἦ
276 805 320 832 διὰ
334 807 364 832 τὸ
380 807 466 834 ταῦτα
480 808 561 835 αὑτὸν
577 808 705 840 εὔξασθαι
719 809 784 845 (54),
798 810 815 836 δι
826 811 895 846 μήτε

99 850 140 885 τῷ
166 851 305 886 εὺχομένῳ
321 851 454 879 λυσιτελεῖ
475 853 585 886 λαϐεῖν,
616 855 684 890 μήτε
706 856 767 890 ἐμοὶ
791 856 894 892 πρέπον

100 904 140 922 πα
145 899 265 931 ρασχεῐν·
274 898 399 925 καὶκατὰ
409 899 486 935 τήνδε
497 900 544 934 μὲν
556 900 604 935 τὴν
614 900 706 936 εὐχὴν,
720 901 785 936 φέρε
796 903 892 935 εἰπεῖν,

98 940 147 966 106
163 941 260 973 δεῖνος,
275 943 324 968 οὐκ
342 943 530 979 ὲπακούσομαι
550 945 648 971 αὐτοῦ’
661 946 731 972 κατὰ
755 946 832 973 τοῦδε
854 947 892 979 δὲ,

78 1022 80 1024 μ
98 986 292 1023 ὲπακοῦσομαι
403 989 466 1016 Ἐὰν
489 990 517 1015 δέ
547 999 588 1021 τις
609 992 778 1027 ταράττηται
801 992 845 1018 διὰ
864 993 893 1019 τὸ

99 1031 139 1067 μὴ
153 1033 184 1058 οὔ
199 1032 353 1067 ψεύσασθαι
365 1034 411 1061 τὸν
423 1035 489 1062 Θεὸν
500 1035 534 1062 τὰ
547 1036 676 1071 μέλλοντα
687 1038 891 1073 προεγνωκότα,

95 1077 136 1108 ὡς
150 1077 205 1104 τῶν
220 1080 390 1114 πραγμάτων
403 1082 674 1118 κατηναγκασμένων
684 1092 691 1098 ν
705 1083 814 1112 λεκτέον
826 1085 892 1119 πρὸς

94 1125 144 1151 τὸν
159 1124 290 1156 τοιοῦτον,
307 1127 348 1153 ὅτι
367 1127 435 1154 αὐτὸ
451 1128 531 1155 τοῦτο
545 1129 583 1165 τῷ
597 1130 657 1165 Θεῷ
673 1129 805 1164 ἔγνωσται
822 1131 890 1166 ἀρα-

96 1171 187 1205 ρότως
202 1171 232 1197 τὸ
251 1171 287 1208 μὴ
304 1173 446 1208 ἀραρότως
461 1175 535 1202 τόνδε
549 1176 609 1202 τινὰ
691 1176 735 1203 τὸν
749 1176 890 1212 ἄνθρωπον

94 1217 144 1243 καὶ
159 1216 275 1251 βεϐαίως
288 1218 472 1253 βούλεσθαιτά
487 1221 638 1257 κρείττονα,
653 1222 752 1257 ἢοῦτω
767 1223 890 1259 Οελήσειν

93 1262 130 1288 τὰ
147 1263 268 1298 χείρονα,
285 1263 355 1291 ὥστε
372 1265 546 1294 ἀνεπίδεκτον
557 1267 638 1294 αὐτὸν
652 1268 760 1295 ἔσεσθαι
775 1269 889 1304 μεταϐο-

92 1305 145 1341 λῆς
157 1307 206 1342 τῆς
217 1309 262 1334 ἐπὶ
275 1308 308 1335 τὰ
322 1310 504 1346 συμφέροντα.
521 1312 575 1338 Καὶ
591 1313 671 1341 πάλιν
685 1314 746 1340 τάδε
764 1314 813 1349 μέν
828 1324 888 1341 τινα

93 1352 204 1386 ποιήσω
222 1352 289 1388 τῷδε
304 1354 439 1390 εὐξομένῳ
457 1356 522 1391 (57),
539 1357 600 1392 ἐμοὶ
619 1358 672 1393 γὰρ
688 1358 767 1385 τοῦτο
784 1359 888 1396 πρέπον

93 1397 186 1429 ἐστὶν,
200 1398 230 1424 οὐ
247 1398 354 1433 ψεκτῶς
382 1410 426 1436 μοι
442 1401 596 1438 εὐξομένῳ,
617 1404 677 1430 οὐδὲ
700 1405 808 1440 ἀμελῶς
825 1407 888 1442 περὶ

92 1442 146 1477 τὴν
163 1443 245 1479 εὐχὴν
259 1445 529 1484 ἀναστραφησομένῳ
542 1457 548 1463 ·
573 1449 612 1484 τῷ
628 1450 656 1476 δὲ
672 1452 718 1477 ἐπὶ
733 1452 813 1478 ποσὸν
831 1452 886 1487 (58)

92 1487 234 1524 εὑξομένῳ
251 1511 259 1522 ,
285 1491 545 1526 ὑπερεκπερισσοῦ
567 1492 610 1521 ὧν
633 1496 754 1523 αἰτεῖται
783 1497 802 1530 ἢ
826 1498 891 1524 νοεῖ

92 1533 253 1570 δωρήσομαι
267 1536 330 1563 τάδε
355 1537 431 1564 τινά’
448 1539 510 1573 ἐμοὶ
525 1539 579 1576 γὰρ
600 1541 675 1568 τόνδε
692 1543 792 1577 πρέπει
808 1544 886 1579 νικᾷν
900 1551 921 1580 C

91 1580 123 1607 ἐν
140 1582 202 1612 ταῖς
216 1582 350 1614 εὐποιίαις
366 1583 414 1610 καὶ
434 1586 562 1619 χορηγεῖν
590 1586 702 1614 πλείονα
717 1585 754 1615 ὧν
775 1590 886 1625 αἰτῆσαι

90 1625 237 1662 κεχώρηκε
250 1636 257 1642 ·
273 1628 321 1655 καὶ
336 1628 405 1664 τῷδε
431 1631 480 1666 μέν
500 1640 552 1658 τινι
568 1632 663 1668 τοιῷδε
677 1634 798 1670 ἐσομένῳ
813 1637 886 1663 τόνδε

91 1673 139 1700 τὸν
155 1673 270 1718 ἄγγελον
285 1674 443 1713 λειτουργὸν
459 1678 624 1714 ὲπιπέμψω,
640 1680 695 1706 ἀπὸ
714 1680 792 1708 τοῦδε
808 1682 887 1718 ἀρξό-

93 1724 176 1752 μενον
205 1717 251 1744 106
267 1719 363 1754 χρόνου
382 1723 523 1756 συνεργεῖν
550 1723 633 1750 αὐτοῦ
650 1726 682 1760 τῇ
703 1717 887 1762 σωτηρίᾳγκαὶ

94 1761 176 1798 μέχρι
189 1763 266 1790 τοῦδε
277 1766 454 1801 συνεσόμενον
464 1775 471 1782 ·
489 1768 557 1803 τῷδε
569 1769 597 1795 δὲ
608 1770 693 1802 τόνδε,
708 1761 885 1807 φέρενείπεῐν,

90 1807 138 1834 τὸν
161 1807 238 1835 τοῦδε
259 1810 425 1847 τιμιώτερον
449 1812 488 1848 τῷ
502 1814 578 1840 τοῦδε
600 1815 721 1852 ἐσομένῳ
734 1819 883 1853 κρείττονι’

90 1851 171 1878 τοῦδε
197 1852 226 1879 δέ
242 1862 314 1886 τινος
332 1856 401 1890 μετὰ
417 1857 448 1884 τὸ
472 1858 665 1887 ἐπιδεδωκέναι
677 1851 773 1889 ἑανυτδν
796 1862 886 1897 λόγοις

91 1899 150 1930 τοῖς
170 1899 344 1935 διαφέρουσιν
360 1902 616 1940 ὑπεκλυοησομένου
631 1907 677 1933 καὶ
700 1908 884 1946 παλινδρομή-

92 1951 187 1975 oin/10;
204 1944 260 1979 (59)
275 1946 321 1972 ἐπὶ
335 1946 368 1972 τὰ
383 1947 535 1984 ὺλικώτερα
545 1971 552 1983 ,
578 1951 727 1986 ἀποστήσω
742 1953 819 1981 τόνδε
833 1944 884 1983 τόν

90 1989 235 2024 κρείττονα
253 1992 382 2026 συνεργόν
395 2001 402 2008 ⁸
420 1990 450 2020 οὗ
473 1994 641 2027 ἀποστάντος
661 1998 722 2024 κατ’
736 1998 814 2032 ἀξίαν
837 2001 884 2027 αὺ-

89 2034 184 2070 τόχειρ
201 2035 240 2062 ὢν
263 2044 305 2068 τις
323 2037 378 2073 (60)
393 2038 442 2073 ἥδε
457 2040 473 2074 ἡ
490 2039 604 2076 δύναμις
631 2043 726 2078 καιρὸν
750 2045 883 2081 εὑρηκυῖα

89 2079 139 2106 τοῦ
154 2081 306 2109 ἐπιϐαίνειν
319 2085 352 2118 τῇ
371 2084 510 2120 ῥαθυμίᾳ,
527 2087 662 2114 ἐπιστᾶσα
685 2090 730 2115 ἐπὶ
746 2079 883 2117 τάδετινὰ

89 2124 126 2151 τὸ.
142 2125 328 2162 ἁμαρτήματα
343 2129 434 2161 αὑτὸν,
445 2130 553 2165 ἕτοιμον
562 2133 659 2160 ἑαυτὸν
674 2135 741 2169 πρὸι²
754 2135 784 2162 τὸ
793 2137 883 2172 ἁμαρ-

89 2171 183 2198 τάνειν
197 2173 342 2206 δεδωκότα,
351 2175 557 2210 προκαλέσεται.
572 2178 665 2211 Οὕτως
678 2178 724 2208 οὖν
736 2181 786 2218 ἤδη
803 2171 882 2210 οἱονεὶ

957 260 966 294 (
983 260 1007 286 id
1026 260 1106 286 modo
1120 266 1273 294 supponere
1291 260 1392 296 liceat)
1410 261 1499 289 futura
1524 263 1595 291 Deus
1619 272 1670 292 non
1699 273 1741 292 co-

955 309 1110 339 gnosceret,
1132 312 1185 332 non
1201 312 1234 332 eo
1253 305 1342 333 minus
1356 306 1413 334 haec
1427 315 1521 336 smnus
1536 308 1672 342 eti'ecturi,
1686 311 1744 339 hinc

956 350 1087 384 volituri;
1103 350 1185 378 rebus
1202 355 1292 378 tamen
1309 352 1334 378 id
1350 353 1450 380 accidit
1465 361 1498 381 ex
1513 356 1682 388 prmscientia
1700 357 1744 383 di-

954 396 1029 428 vina,
1046 400 1074 423 ut
1086 395 1185 423 ordine
1196 397 1228 424 ad
1241 397 1361 424 universi
1376 398 1600 432 gubernationem
1614 402 1744 438 orbisque

953 445 1055 468 statum
1067 441 1214 469 utilissimo
1226 442 1407 477 disponantur
1418 443 1524 479 singula
1536 454 1595 479 quae
1606 447 1632 474 in
1649 453 1742 475 nostra

953 490 1018 513 sunt
1032 489 1179 520 potestate.
1204 486 1234 513 Si
1252 493 1318 522 ergo
1331 487 1447 521 quodvis
1463 496 1557 517 eorum
1571 498 1630 525 quae
1656 494 1741 520 nostri

953 536 1017 558 sunt
1042 531 1151 559 arbitrii
1170 527 1310 568 cognitum
1338 537 1380 560 est
1405 533 1468 568 ipsi.
1483 535 1632 564 ordinaria
1649 539 1741 572 provi-

952 577 1043 605 dentia
1059 579 1124 613 quid
1137 579 1237 613 cuique
1253 586 1302 613 pro
1316 579 1450 614 dignitate
1467 582 1620 615 conveniat,
1640 584 1739 611 rationi

951 624 1086 659 congruit,
1110 628 1137 652 et
1155 624 1220 659 quid
1238 624 1283 652 ille
1300 625 1398 660 aliquis
1421 631 1490 658 oret,
1516 629 1651 662 quomodo
1673 629 1739 658 atie-

950 675 1010 696 etus
1032 670 1075 702 sit,
1107 670 1171 704 quid
1194 671 1295 703 credat,
1317 672 1381 706 quid
1405 672 1456 699 sibi
1490 673 1548 700 ﬁeri
1578 674 1739 710 velit,pr=.e-

952 716 1101 749 cognosci:
1132 724 1185 750 quo
1220 717 1406 751 prmcoguito,
1439 718 1490 745 tale
1519 719 1621 753 aliquid
1644 729 1740 749 conse-

950 767 1065 794 quenter
1091 762 1269 796 providentize
1292 763 1396 793 ordine.
1414 765 1604 799 comprehendi
1625 775 1631 793 :
1661 767 1739 795 llunc

949 812 1072 834 orantem
1090 807 1210 839 assidue,
1225 813 1335 843 propter
1357 808 1430 835 illam
1446 810 1531 844 ipsam
1544 819 1626 845 quam
1642 813 1738 840 fundet

949 852 1111 885 orationem,
1126 854 1273 880 exaudiam
1288 863 1295 886 ;
1313 854 1386 882 bunc
1411 862 1477 882 vero
1500 864 1552 883 non
1570 859 1735 892 exaudiam,

947 903 994 924 aut
1013 898 1085 933 quod
1101 899 1229 933 indignus
1245 900 1280 926 sit
1296 899 1342 934 qui
1359 902 1534 936 exaudiatur,
1551 909 1596 931 aut
1612 905 1685 939 quod
1702 914 1735 933 ea

947 943 1084 977 petiturus
1095 944 1132 971 sit
1147 952 1207 978 quae
1227 952 1278 972 nec
1295 946 1344 980 ipsi
1363 955 1461 981 capere
1485 950 1604 984 expedit,
1622 959 1671 978 nec
1692 959 1735 978 me

945 990 1011 1016 dare
1027 990 1115 1017 decet.
1134 990 1198 1016 Item
1215 995 1325 1025 propter
1341 992 1411 1019 banc
1428 993 1515 1025 istius.
1545 996 1619 1023 verbi
1636 997 1734 1031 gratia,

943 1037 1095 1062 orationem
1111 1037 1198 1071 ipsum
1211 1045 1264 1064 non
1278 1038 1361 1072 208
1371 1040 1523 1072 exaudiam,
1539 1045 1649 1074 propter
1662 1042 1733 1069 illam

944 1081 1098 1108 exaudiam.
1119 1083 1196 1115 Quod
1217 1084 1239 1110 si
1256 1084 1317 1117 quis
1331 1091 1363 1111 eo
1381 1085 1505 1112 turbetur
1522 1087 1669 1120 quodcum
1687 1088 1733 1114 Dei

944 1126 976 1151 de
993 1126 1073 1153 rebus
1088 1126 1187 1154 futuris
1205 1129 1375 1162 prmscieutia
1395 1129 1451 1156 falli
1469 1138 1520 1157 non
1540 1132 1636 1165 possit,
1653 1134 1733 1168 quasi

943 1172 1092 1199 necessitas
1107 1173 1187 1200 rebus
1204 1173 1344 1205 alicratur,
1360 1175 1423 1202 huic
1440 1177 1657 1210 respondendum
1682 1179 1734 1207 hoc

942 1216 1030 1251 ipsum
1049 1226 1063 1245 a
1083 1219 1137 1247 Deo
1152 1221 1307 1248 necessario
1324 1221 1463 1254 cognosri,
1479 1230 1574 1257 nempe
1591 1223 1667 1250 illum
1681 1224 1730 1254 bo-

943 1263 1043 1290 minem
1057 1272 1110 1291 non
1137 1266 1293 1293 necessario
1308 1274 1358 1294 nec
1382 1267 1497 1295 ﬁrmiter
1516 1269 1587 1296 velle
1606 1269 1730 1302 meliora,

941 1313 987 1334 aut
1001 1310 1040 1336 sic
1064 1312 1156 1345 pejora
1174 1312 1332 1344 voliturum,
1356 1317 1385 1340 ut
1403 1315 1562 1342 mutationis
1579 1315 1605 1342 in
1633 1316 1731 1343 melius

941 1353 1056 1389 iueapax
1083 1356 1190 1384 luturus
1210 1358 1255 1384 sit.
1276 1357 1382 1386 Rursus
1408 1359 1464 1387 haec
1494 1361 1551 1395 (ait
1580 1361 1669 1395 Deus)
1687 1362 1731 1388 illo

940 1406 1037 1428 orante
1056 1402 1168 1434 faciam,
1186 1403 1265 1430 decet
1282 1404 1354 1430 enim
1375 1412 1428 1437 me,
1450 1413 1510 1432 cum
1529 1413 1578 1433 nec
1604 1413 1731 1434 oraturus

939 1448 975 1474 sit
988 1447 1108 1482 indigne,
1125 1456 1213 1482 neque
1226 1449 1396 1484 negligenter
1410 1452 1483 1479 circa
1498 1454 1649 1481 orationem
1664 1463 1726 1481 vrr-

939 1498 1058 1520 saturus.
1091 1493 1168 1526 lluic,
1195 1502 1255 1521 cum
1279 1495 1475 1530 aliquantulum
1506 1499 1729 1534 oraverit,supcr-

940 1538 1106 1566 abundanter
1135 1548 1215 1574 quam
1246 1541 1311 1575 petit
1339 1547 1384 1568 aut
1408 1542 1531 1578 intelligit
1555 1544 1587 1576 ιθ,
1604 1544 1648 1571 illa
1671 1545 1728 1571 iar-

939 1584 1016 1619 εἰει-ε
1034 1585 1114 1614 decet
1139 1587 1212 1614 enim
1234 1593 1278 1614 me
1305 1586 1447 1616 beneﬁciis
1472 1589 1545 1616 illum
1567 1591 1676 1618 vincere
1701 1597 1728 1618 et

938 1630 1015 1664 plura
1033 1631 1152 1661 tribuere
1167 1640 1248 1667 quam
1274 1637 1367 1667 petere
1389 1634 1425 1661 sit
1449 1643 1546 1670 capax.
1572 1636 1642 1665 lluic
1666 1645 1726 1664 cum

939 1677 1000 1704 talis
1016 1676 1125 1705 futurus
1140 1679 1186 1710 sit,
1202 1680 1332 1715 angelum
1348 1681 1422 1708 illum
1443 1682 1549 1709 mittam
1571 1683 1725 1711 ministrum

937 1723 983 1756 qui
1000 1723 1033 1750 ab
1047 1723 1099 1751 hoc
1113 1728 1236 1759 tempore
1252 1726 1333 1753 saluti
1347 1727 1407 1761 ejus
1421 1728 1590 1756 collaborare
1603 1729 1724 1764 incipiat,

936 1775 964 1796 et
979 1770 1032 1797 huc
1046 1778 1133 1806 usque
1150 1771 1237 1804 adsit;
1254 1774 1291 1801 illi
1308 1775 1400 1808 istum,
1414 1776 1488 1802 verbi
1504 1777 1602 1811 gratia,
1617 1776 1664 1804 illo
1682 1777 1725 1804 di-

936 1815 1072 1851 gniorem,
1088 1825 1150 1845 cum
1169 1819 1214 1846 ille
1230 1820 1281 1847 hoc
1304 1820 1402 1848 melior
1420 1821 1530 1849 futurus
1547 1823 1591 1850 sit.
1618 1823 1659 1849 Ab
1673 1823 1726 1850 boc

937 1861 991 1888 alio
1016 1863 1061 1897 qui
1076 1882 1084 1895 ,
1101 1868 1246 1898 postquam
1264 1872 1294 1892 se
1310 1866 1500 1894 exeellcntiori
1518 1867 1659 1895 tradiderit
1676 1869 1725 1896 do-

936 1907 1043 1941 ctrinae,
1056 1908 1159 1936 fractus
1171 1910 1224 1936 erit
1237 1914 1264 1937 et
1279 1915 1401 1939 recurret
1412 1913 1444 1939 ad
1460 1917 1578 1945 terrena,
1592 1913 1724 1948 optimum

937 1953 1012 1980 illum
1027 1954 1180 1988 adiutorem
1196 1960 1317 1983 avertam
1328 1966 1350 1990 ;,
1365 1965 1420 1992 quo
1446 1957 1600 1992 recedente,
1623 1963 1652 1985 ut
1665 1967 1724 1986 ruc-

937 2001 1035 2034 ruerit,
1052 2002 1173 2035 pessima
1188 2003 1313 2037 quaedam
1330 2004 1421 2032 biecce
1432 2009 1564 2040 potestas,
1583 2011 1661 2033 nacta
1678 2014 1723 2033 oc-

936 2046 1074 2073 casionem
1102 2051 1132 2073 ut
1152 2047 1238 2081 ipsius
1264 2048 1409 2076 insidietur
1434 2050 1571 2084 ignaviae,
1597 2056 1723 2085 prompta

935 2091 1023 2118 aderit
1036 2096 1062 2119 et
1076 2092 1108 2120 ad
1127 2093 1171 2120 illa
1185 2100 1299 2128 peccata
1327 2095 1508 2129 provocabit,
1531 2103 1593 2123 cum
1620 2103 1649 2123 se
1666 2096 1724 2130 ipse

935 2143 1063 2172 paratum
1090 2139 1123 2166 ad
1153 2139 1322 2174 peccandum
1356 2141 1511 2174 prmbnerit.
1546 2142 1594 2169 Sic
1630 2143 1724 2177 itaque

936 2183 1060 2211 dicturus
1079 2184 1125 2211 ille
1152 2185 1291 2219 putandus
1307 2189 1348 2213 est
1364 2187 1409 2220 qui
1427 2187 1593 2221 prmordinat
1619 2189 1722 2215 omnia.

90 2218 150 2253 ὲρεῖ
162 2218 177 2244 ό
193 2218 456 2255 προδιατασσόμενος
469 2222 502 2248 τὰ
515 2223 563 2249 ὅλα
575 2232 582 2238 ·
595 2225 636 2251 ὅτι
652 2225 742 2260 Ἀμὼς
757 2228 870 2263 γεννήσε

961 2236 1018 2256 mos
1044 2229 1137 2264 giguet
1153 2218 1257 2257 dosialn
1285 2230 1331 2265 qui
1359 2218 1611 2259 non'wmulabitur
1636 2232 1723 2266 patris

89 2264 137 2291 τὸν
179 2264 284 2293 Ἰωσίαν
303 2286 311 2299 ,
341 2267 414 2299 ὅστις
439 2269 469 2295 οὐ
496 2269 611 2304 ζηλώσει
642 2272 676 2297 τὰ
707 2272 754 2299 τοῦ
781 2275 882 2310 πατρὸς

90 2311 262 2346 πταίσματα,
280 2313 347 2339 ἀλλὰ
360 2313 449 2349 τυχὼν
465 2315 546 2350 τῆσδε
567 2317 617 2352 τῆς
637 2317 681 2344 ἐπ’
694 2318 794 2356 ἀρετὴν
816 2330 882 2356 προ-

89 2357 248 2393 τρεπούσης
263 2358 324 2385 όδοῧ
341 2359 385 2385 διὰ.
406 2360 489 2388 τῶνδε
510 2361 564 2389 τῶν
581 2364 783 2399 συνεσομένων,
801 2367 883 2398 καλὸς

90 2401 168 2429 ἔσται
181 2403 228 2429 καὶ
243 2404 353 2438 ἀγαθὸς,
366 2405 441 2437 ὅστις
454 2407 625 2442 κατασκάψει
638 2409 667 2435 τὸ
680 2409 726 2436 τοῦ
741 2411 881 2447 Ἰεροϐοὰμ

90 2450 186 2482 κακῶς
201 2451 377 2488 οἰκοδομηθὲν
399 2452 599 2490 θυσιαστήριον.
614 2453 681 2482 Οἶδα
698 2457 725 2484 δὲ
752 2459 798 2485 καὶ
817 2459 881 2486 Ἰού-

126 2510 150 2526 "
166 2510 266 2545 pres.
287 2519 327 2544 lit,
344 2512 392 2539 20.

126 2567 396 2608 (5ᾷλΔιιιτᾴττεται,
413 2575 466 2608 etc.
481 2570 584 2608 Locum
602 2573 738 2608 integrum
759 2574 798 2601 sit:
815 2574 879 2608 legit

91 2600 244 2643 peiltleius:
264 2600 462 2643 ᾼιατάττεσοαι
485 2607 539 2643 ἀπὸ
559 2608 609 2642 τῆς
626 2600 803 2643 πριόνοίαςντὸ
821 2600 879 2635 κᾶτ’

92 2637 168 2679 ἐξίαν
190 2638 271 2679 παντί
285 2648 324 2679 τῳ
341 2639 467 2679 εὔλογον·
481 2642 533 2679 καὶ
547 2637 775 2679 1o'157sﬁiq1a-t'
803 2644 880 2671 ποίαν

89 2672 210 2714 διάθεσιν
226 2673 296 2714 ἔχων
310 2672 326 2701 ό
342 2672 431 2714 δεῖνα·
455 2676 514 2708 πῶς
546 2672 762 2714 πιστεύῳνῖ”καὶ
777 2679 803 2705 τί
819 2679 880 2714 βου-

89 2706 289 2748 λόμξχρςῌαῦτῷ
298 2710 429 2748 χενέσθαι
440 2731 447 2743 ,
459 2706 706 2748 (προκατειλῆῳοαι.

196 2742 342 2781 {utre-1539.
362 2742 444 2781 Forte
459 2742 613 2781 le'geudum,
624 2742 755 2781 συνεχῶς.

126 2758 182 2778 \uu,
196 2758 342 2777 aurccwy.
362 2758 442 2773 l‘Ut'lc
459 2758 613 2781 Icgelttllllll,
629 2758 690 2775 συνε
708 2758 755 2780 ως.

195 2779 359 2820 Εὕξασθαι.
377 2780 447 2814 Lege
461 2789 523 2809 eum
539 2758 811 2824 Βθηιίρὶοβέξεσθαι.

126 2812 172 2842 (55
200 2815 282 2841 Κατὰ
302 2815 390 2842 τουὸε
403 2815 437 2842 δὲ
450 2817 666 2846 ἑπακούσιῖνιιαι.
688 2819 788 2846 Scribit
804 2819 811 2845 l

126 2812 182 2852 (55)
200 2815 282 2852 Κατὰ
293 2814 390 2852 (τοῦδε
403 2812 437 2842 δὲ
450 2812 669 2852 ἑπακούσιῖμαιξ
688 2812 788 2847 scribit
804 2819 872 2846 lien—

91 2847 181 2886 tleitts,
191 2848 347 2886 xarth-rﬁvoa
364 2850 393 2886 δὲ
405 2852 602 2886 ὲπακούσομαι.

126 2882 182 2919 (56)
200 2882 384 2913 Totos-nni.
402 2886 446 2914 Sic
466 2882 635 2915 recte-habet
650 2889 733 2916 codex
763 2897 814 2917 m4.
846 2891 874 2916 lu

935 2280 1047 2310 peccata
1061 2295 1069 2309 ,
1094 2276 1140 2303 sed
1162 2277 1264 2304 hancce
1288 2267 1359 2304 viam
1374 2278 1408 2305 ad
1421 2277 1549 2305 virtutem
1566 2278 1721 2310 ducentem,

935 2322 1043 2350 illorum
1057 2330 1109 2357 ope
1123 2323 1168 2358 qui
1185 2323 1235 2358 ipsi
1245 2323 1372 2356 aderunt,
1387 2324 1543 2356 nactus,vir
1558 2324 1644 2351 bonus
1659 2324 1722 2357 erit;

935 2367 980 2401 qui
1006 2373 1033 2394 et
1051 2368 1137 2395 altare
1161 2369 1303 2397 subvertet
1320 2378 1334 2397 a
1352 2370 1498 2398 Jeroboam
1518 2370 1588 2397 male
1601 2369 1721 2397 aediﬁca-

936 2418 1003 2440 tum.
1022 2413 1119 2441 Judam
1147 2416 1208 2443 novi
1228 2424 1288 2443 cum
1315 2417 1386 2444 inter
1403 2417 1526 2445 homines
1542 2416 1628 2444 Filius
1645 2423 1721 2443 meus

935 2459 1099 2493 versabitur,
1114 2461 1214 2489 bonum
1227 2463 1304 2492 initio
1318 2464 1438 2492 futurum
1451 2473 1458 2497 ;
1471 2467 1497 2491 at
1513 2471 1672 2499 perversum
1689 2463 1720 2490 iri

935 2577 1074 2616 querna};
1085 2576 1152 2616 legit
1164 2577 1253 2616 editor
1267 2577 1438 2616 onniensis,
1456 2580 1501 2607 τὸν
1514 2580 1545 2616 δή
1560 2588 1630 2607 τινα.

969 2611 1026 2646 (57)
1036 2611 1205 2646 Εὺξομέυνῳ.
1221 2613 1259 2639 ita
1277 2614 1328 2640 hoc
1352 2614 1412 2642 loco
1431 2611 1466 2642 et
1483 2611 1552 2642 intra
1582 2616 1623 2642 bis
1650 2616 1719 2642 scri-

935 2649 1010 2680 ptum
1024 2648 1156 2685 reperitur
1171 2648 1196 2673 in
1217 2648 1523 2685 codiee‘manuscripto,
1539 2650 1564 2677 in
1578 2657 1632 2685 quo
1651 2651 1721 2678 male

934 2682 1128 2719 antealectum
1146 2682 1367 2719 (ιδῃ-εὐξαμένῳ.

970 2716 1027 2750 (58)
1047 2716 1111 2743 Ἐπὶ
1126 2717 1234 2743 ποσόν.
1248 2716 1496 2748 ΜιίΗειΒοηιῐεὶυε.
1509 2720 1555 2746 ἐπὶ
1568 2720 1656 2748 τόσον.

971 2751 1026 2790 (59)
1041 2750 1353 2790 Πίιξλῖινδρομήσυντος.
1367 2753 1437 2781 Male
1450 2755 1532 2782 editio
1545 2755 1718 2790 Oxonieusis,

928 2786 1024 2813 παλινδ
1026 2795 1057 2822 ρο
1060 2788 1095 2822 μή
1100 2795 1204 2817 σαντος.

965 2821 1021 2858 (60)
1042 2821 1244 2858 ’Λῖζοςτιὶιξτος
1259 2822 1321 2858 κατ’
1335 2821 1424 2854 ἀξίαν
1439 2824 1576 2858 αὐτόχειρ
1598 2825 1641 2852 ὢν
1662 2833 1717 2858 τις.

931 2856 1008 2891 Legit
1022 2856 1169 2888 Bentleius,
1180 2857 1344 2888 ἀποστάντος
1358 2858 1418 2884 κατ’
1428 2859 1506 2891 ἀξίαν
1514 2856 1604 2887 ἀὐτοῦ
1617 2856 1718 2898 χείρων

930 2900 980 2922 τις.
