1853 3073
139 135 192 165 439

874 133 1035 162 ORlGENlS

1715 131 1767 158 ΗΟ

141 193 240 221 deinde
255 197 282 221 et
294 192 451 220 inhumana
465 191 620 219 decisurum
635 196 757 227 peccata,
771 199 850 226 quem
865 200 872 227 ι

1049 191 1270 227 ἐπιδημήσαντός
1286 198 1336 226 μου
1353 189 1399 216 τοῦ
1415 189 1480 216 Υἰοῦ
1495 189 1532 225 τῷ
1548 198 1601 217 των
1613 189 1766 224 ἀνθρώπων

140 245 234 274 pterea
254 245 359 272 mquum
375 237 429 264 erit
446 237 510 264 talia
536 238 659 271 quaedam
674 238 741 272 pati.
757 237 832 264 Hanc
857 245 925 272 pra:-

141 284 284 312 scientiam
299 282 370 309 forte
390 282 423 309 de
439 282 578 316 omnibus,
596 288 671 310 certe
686 283 719 311 de
740 283 806 310 Juda
825 288 852 310 et
866 291 926 319 my-

141 329 232 356 steriis
246 327 308 354 aliis
324 327 406 354 etiam
425 327 471 354 Dei
486 327 572 354 Filius
589 327 681 360 habet,
698 328 743 362 qui
761 336 852 355 rerum
882 327 925 355 lu-

141 379 264 402 tnrarum
280 373 464 400 ovolutionem
488 373 666 407 perspiciens,
688 374 760 400 videt
777 372 884 405 ludam.
899 378 928 401 et

141 427 200 454 quae
218 419 389 446 admissurus
415 423 458 446 est
484 423 614 453 peccata;
642 418 677 445 ita
703 423 730 444 ut
751 418 811 446 htec
836 419 928 446 animo

141 462 383 498 comprehendens.
398 463 481 490 etiam
494 467 557 488 ante
573 467 665 489 natum
681 461 778 490 ludam
792 470 839 497 per
853 463 928 490 Davi-

141 509 203 536 dem
217 508 337 536 dixerit:
354 507 424 534 Deus
438 506 545 534 Iaudem
560 515 645 533 meum
661 516 693 534 ue
710 509 825 535 tacueris
851 508 884 542 δ’,
901 512 928 535 et

141 553 258 588 reliqua.
274 553 370 580 Sciens
389 552 481 587 itaque
496 551 587 578 futura
604 553 676 580 Deus
695 560 722 581 et
738 553 846 588 qualem
863 561 930 581 con-

143 599 292 626 tentionem
317 597 459 626 habiturus
473 596 510 623 sit
524 597 558 623 ad
583 598 710 631 pietatem
728 597 844 625 Paulus:
859 598 928 632 apud

141 644 273 678 mcipsum
289 643 298 680 (
312 641 421 678 inquit)
437 649 501 670 ante
517 643 624 670 initium
650 650 739 670 rerum
761 651 822 671 cum
836 644 928 671 mundi

141 689 279 725 opiﬁcium
296 689 448 724 aggrediar,
477 689 563 723 ipsum
587 688 669 724 209
683 689 807 724 suligam,
823 694 850 717 et
869 689 930 717 istis

141 735 280 762 hominum
296 734 391 762 salutis
407 734 595 770 adjutricibus,
624 735 703 761 simul
721 743 752 761 ac
767 739 846 762 natus
860 736 927 767 erit,

141 780 323 814 potestatibus
336 779 541 811 commendabo,
557 786 705 815 segregans
718 780 791 807 illum
804 787 836 808 ex
853 785 931 808 utero

141 826 255 853 matris:
273 826 481 860 permittamque
493 827 571 853 initio
587 826 612 853 in
625 826 770 860 juventute
795 826 855 854 zelo
869 834 929 854 cum

975 238 1066 272 γένει,
1081 237 1151 264 κατὰ
1170 237 1219 271 μὲν
1237 236 1286 268 τὰς
1300 236 1386 271 ἀρχὰς
1398 235 1526 270 ἐσόμενον
1542 235 1626 263 καλὸν
1641 235 1690 262 καὶ
1701 237 1766 270 ἀ-γαι

977 283 1022 310 θὸν
1035 302 1042 314 ,
1066 282 1178 318 ὕστερον
1195 282 1223 308 δὲ
1244 283 1485 319 ἐκτραπησόμενον
1496 282 1544 309 καὶ
1558 283 1600 314 είς
1613 282 1647 309 τὰ
1659 282 1767 318 ἀνθρώ-

977 337 1042 355 πινα
1056 328 1243 363 ἁμαρτήματα
1256 328 1371 354 ὲκπεσού
1376 337 1455 363 μενον
1464 336 1471 343 ⁶
1489 328 1580 355 ὅντινα
1592 327 1638 354 ἐπὶ
1661 327 1767 360 τούτοις

977 373 1086 407 εὔλογον
1115 373 1190 400 ἔσται
1220 373 1315 400 παθεῖν
1330 373 1392 400 τάδε
1415 373 1485 400 τινά.
1505 373 1536 399 Ἡ
1564 372 1593 399 δὲ
1610 372 1767 408 πρόγνωσις

977 419 1046 454 αὕτη
1059 419 1128 454 τάχα
1144 419 1193 454 μὲν
1211 419 1257 445 ἐπὶ
1282 419 1407 451 πάντων,
1430 418 1538 449 πάντως
1562 417 1590 443 δὲ
1615 417 1661 444 ἐπὶ
1682 418 1768 444 Ἰούδα

977 465 1025 491 καὶ
1037 464 1137 499 ἑτέρων
1155 464 1321 499 μυστηρίων,
1333 463 1380 489 καὶ
1391 464 1419 489 ἐν
1432 462 1470 498 τῷ
1479 462 1536 497 Υίῷ
1552 462 1599 488 τοῦ
1610 462 1678 488 Θεοῦ
1696 463 1768 496 γίνε-

977 519 1038 543 ται,
1053 510 1185 545 ἑωρακότι
1200 511 1232 545 τῇ
1247 510 1407 544 κατανοήσει
1422 508 1467 536 τοῦ
1481 507 1627 543 ὲξελεγμοῦ
1640 507 1696 544 (61)
1714 509 1768 536 τῶν

978 555 1114 590 ἐσομένων
1129 555 1174 582 τὸν
1195 552 1295 581 Ἰούδαν
1311 554 1358 580 καὶ
1373 553 1406 580 τὰ
1420 553 1609 589 ἁμαρτήματα
1627 553 1661 580 τὰ
1674 553 1767 589 ἁμαρ-

978 601 1150 637 τηοησόμενα
1164 599 1238 634 αὺτῷ
1259 599 1329 625 ὥστε
1351 598 1420 634 μετὰ
1432 599 1611 634 καταλήψεως
1627 599 1711 626 αὐτὸν
1723 599 1770 626 καὶ

979 647 1044 682 πρὶν
1055 646 1181 680 γενέσθαι
1193 645 1238 672 τὸν
1253 644 1351 671 Ἰούδαν
1361 644 1405 671 διὰ
1414 643 1460 670 τοῦ
1472 643 1552 670 Δαυὶδ
1563 643 1705 679 εἷρηκέναι
1715 652 1721 658 ·
1738 643 1769 670 '0

981 692 1053 725 Θεὸς
1066 692 1124 725 τὴν
1137 691 1256 718 αἵνεσίν
1268 700 1327 725 μου
1340 690 1384 725 μὴ
1400 688 1641 723 παρασιωπήσῃς
1651 710 1658 722 ,
1674 689 1722 715 καὶ
1736 689 1769 716 τὰ

980 735 1054 771 ἑξῆς.
1066 735 1150 766 Είδὼς
1159 735 1187 762 δὲ
1198 735 1231 762 τὰ
1243 735 1383 770 μέλλοντα,
1393 734 1440 760 καὶ
1449 734 1539 761 ὁποῖον
1551 733 1626 760 τόνον
1637 734 1693 767 ἕξει
1702 734 1769 769 πρὸς

979 781 1028 816 τὴν
1044 781 1198 808 Θεοσέϐειαν
1221 782 1234 807 ὁ
1250 780 1354 811 Παῦλος
1366 788 1372 795 ·
1394 781 1422 807 ὲν
1445 778 1553 814 ἐμαυτῷ
1575 779 1623 814 μὲν
1634 780 1699 815 πρὶν
1711 779 1769 806 κτί-

982 836 1025 854 σαι
1041 827 1086 854 τὺν
1114 827 1216 862 κόσμον
1240 825 1451 860 ἐπιϐαλλόμενος
1473 825 1505 859 τῇ
1520 824 1589 859 ἀρχῇ
1605 824 1655 859 τῆς
1669 833 1770 860 κοσμο-

141 869 295 904 iguorantia
311 870 453 904 conjuncta
466 871 608 906 agitatum,
620 871 729 906 pietatis
739 874 871 905 prtetexlu

1038 873 1075 904 lat;
1091 871 1174 899 αὐτὸν
1193 871 1368 906 ὲπιλέξομαι·
1394 870 1441 897 καὶ
1466 868 1557 896 ταῖσδε
1577 869 1769 906 συνεργούσαις

140 916 270 951 persequi
285 916 330 950 qui
345 916 370 943 in
387 917 527 944 Christum
544 925 632 945 meum
646 917 825 950 crediderint,
841 922 868 945 et
881 926 928 945 cu-

143 961 247 988 stodire
269 961 433 989 vestimenta
455 962 634 996 lapidantium
653 969 762 995 servum
783 970 872 990 meum
900 968 929 990 et

141 1007 238 1030 testem
249 1004 419 1038 Stephanum
430 1005 465 1039 ⁸⁰;
475 1010 503 1032 ιιι
512 1005 725 1040 postjuvenilem
738 1006 928 1041 petulantiam,

140 1047 270 1083 deinceps
290 1050 438 1077 occasione
460 1056 539 1084 capta
563 1052 591 1078 in
615 1051 727 1079 meliora
742 1056 860 1080 mutatus
876 1061 929 1080 non

141 1093 272 1129 glorietur
280 1102 371 1122 coram
381 1103 434 1127 me.
445 1096 494 1124 sed
504 1097 592 1124 dicat:
606 1097 668 1124 Non
675 1106 730 1124 sum
742 1098 835 1133 dignus
844 1100 931 1127 vacari

141 1138 273 1173 apostolus
283 1160 289 1171 ,
301 1140 425 1174 quoniam
438 1145 588 1176 persecutus
597 1150 654 1169 sum
665 1141 812 1169 Ecclesium
826 1143 875 1170 Dei
891 1143 930 1175 ";

140 1185 319 1219 sentiensque
335 1185 424 1212 futura
448 1186 474 1213 in
490 1194 552 1213 eum
576 1186 706 1215 beneﬁcia
721 1196 779 1215 mea
794 1196 854 1223 post
868 1197 932 1216 suos

141 1229 169 1256 in
179 1229 323 1262 juventute
334 1231 445 1265 pietatis
454 1233 544 1266 specie
554 1232 658 1267 lapsus,
672 1233 754 1260 addat
765 1241 772 1260 :
783 1235 870 1269 gratia
882 1243 931 1261 att-

143 1279 193 1301 tem
206 1274 253 1301 Dei
265 1283 323 1302 sum
336 1275 363 1302 id
375 1277 444 1310 quod
455 1285 511 1303 sum
523 1277 563 1311 ⁸¹;
577 1278 780 1313 prohibitusque
792 1279 931 1306 conscien-

142 1318 179 1345 tia
193 1326 287 1346 eorum
300 1327 359 1354 qua:
375 1328 435 1347 cum
458 1321 548 1349 adhuc
566 1321 672 1356 juvenis
688 1327 777 1355 esset,
800 1323 931 1350 adversus

142 1364 280 1392 Christum
296 1367 425 1400 patravit,
439 1375 491 1394 non
504 1367 648 1394 extollatur
661 1368 846 1403 magnitudine
858 1376 933 1395 reve-

143 1411 273 1438 latiouum
295 1419 363 1446 quas
379 1420 438 1439 meo
462 1412 593 1440 beneﬁcio
610 1418 771 1447 accepturus
783 1419 825 1441 est
840 1413 873 1440 ⁵⁸.

981 916 1132 952 ἀνθρώπων
1141 916 1262 952 σωτηρίᾳ
1270 915 1414 951 δυνάμεσιν
1427 915 1484 950 ἅμα
1497 915 1535 950 τῷ
1546 915 1709 950 γεννηθῆναι
1720 923 1771 940 πα-

983 963 1137 999 ραθήσομαι
1149 981 1156 994 ,
1172 961 1310 997 ἀφορίζων
1331 961 1412 988 αὑτὸν
1427 962 1459 987 ὲκ
1475 961 1578 992 κοιλίας
1595 961 1708 996 μητρὸς,
1724 960 1771 986 καὶ

983 1007 1136 1043 ἐπιτρέπων
1151 1006 1220 1033 κατὰ
1245 1005 1294 1037 τὰς
1309 1004 1405 1041 ἀρχὰς,
1423 1006 1451 1032 ὲν
1462 1005 1586 1041 νεότητι,
1610 1004 1683 1040 ζήλῳ
1704 1003 1772 1039 μετὰ

983 1055 1094 1088 ἀγνοίας
1121 1052 1303 1088 ὲγγινομένῳ,
1329 1053 1463 1088 προφάσει
1489 1051 1643 1083 Θεοσεϐείας
1664 1051 1772 1078 διώκειν

984 1101 1047 1132 τοὺς
1060 1100 1099 1132 είς
1112 1099 1158 1126 τὸν
1173 1099 1290 1134 Χριστόν
1304 1107 1354 1133 μου
1369 1097 1600 1128 πεπιστευκότας,
1616 1097 1664 1123 καὶ
1678 1097 1772 1132 τηρεῖν

984 1145 1017 1172 τὰ
1029 1145 1124 1180 ἱμάτια
1138 1145 1191 1171 τῶν
1201 1143 1408 1171 λιθοϐολούντων
1420 1143 1465 1170 τὸν
1476 1143 1645 1178 Θεραπευτήν
1658 1152 1709 1178 μου
1725 1144 1772 1169 καὶ

985 1191 1112 1226 μάρτυρα
1123 1189 1264 1224 Στέφανον·
1275 1189 1318 1216 ἵνα
1329 1189 1561 1223 νεανιευσάμενος,
1573 1188 1683 1223 ὕστερον
1692 1188 1773 1223 ἀφορ-

985 1236 1038 1272 μῆς
1056 1235 1203 1270 λαϐόμενος
1218 1235 1264 1261 καὶ
1280 1233 1512 1269 μεταϐαλλόμενος
1527 1234 1572 1259 ἐπὶ
1588 1233 1621 1260 τὰ
1635 1233 1771 1268 βέλτιστα,

985 1281 1022 1316 μὴ
1034 1282 1202 1316 καυχήσηται
1218 1279 1330 1306 ἐνώπιον
1343 1279 1408 1314 ἐμοῦ
1419 1299 1427 1311 ,
1451 1279 1519 1305 ἀλλὰ
1531 1278 1603 1313 λέγει
1619 1278 1673 1314 (62)
1683 1287 1690 1293 ’
1712 1279 1772 1305 οὐκ

983 1327 1040 1361 είμὶ
1057 1325 1160 1358 ἱκανὸς
1184 1325 1339 1352 καλεῖσθαι
1360 1325 1543 1357 ἀπόστολος,
1569 1323 1643 1351 διότι
1664 1323 1773 1356 ἐδίωξα

984 1371 1042 1405 τὴν
1058 1371 1243 1404 Ἐκκλησίαν
1256 1369 1309 1397 τοῦ
1322 1369 1394 1396 Θεοῦ
1404 1378 1410 1384 ·
1423 1370 1469 1396 καὶ
1482 1369 1642 1405 αἰσθόμενος
1654 1370 1703 1404 τῆς
1713 1370 1772 1395 ἐσο-

987 1414 1071 1451 μένης
1089 1423 1138 1450 μου
1151 1415 1191 1446 είς
1207 1415 1287 1441 αὐτὸν
1305 1414 1464 1449 εὐεργεσίας
1486 1414 1553 1450 μετὰ
1572 1414 1606 1440 τὰ
1619 1416 1647 1441 ὲν
1664 1414 1772 1449 νεότητι

142 1459 277 1494 προφάσει
291 1459 445 1492 θεοσεϐείας
462 1460 619 1495 πταίσματα
629 1480 637 1492 ,
651 1460 716 1497 εἴπῃ
731 1460 796 1497 (65)·
813 1460 912 1496 Χάριτι
927 1462 961 1489 δὲ
974 1462 1047 1490 Θεοῦ
1056 1464 1114 1498 ειμι
1130 1463 1147 1489 ὅ
1161 1463 1234 1497 εἰμι·
1253 1462 1300 1489 καὶ
1312 1462 1484 1498 κωλυόμενος
1513 1462 1542 1488 δὲ
1566 1462 1618 1488 ὑπὸ
1640 1462 1686 1488 τοῦ
1710 1470 1774 1489 συν-

142 1507 243 1539 ειδότος
265 1507 308 1534 διὰ
322 1508 355 1535 τὰ
368 1508 421 1534 ὑπὸ
436 1508 541 1536 νεανίου
565 1508 646 1534 αὐτοῦ
672 1508 712 1535 ἔτι
736 1509 913 1544 τυγχάνοντος
942 1509 1122 1545 πεπραγμένα
1149 1509 1219 1535 κατὰ
1243 1508 1379 1545 Χριστοῦ,
1408 1509 1457 1544 οὐχ
1474 1508 1775 1544 ὑπερεπαρθήσεταιτῇ

143 1553 278 1589 ὑπερϐολῇ
293 1553 345 1580 τῶν
357 1554 399 1580 ἐπ’
407 1553 551 1589 εὐεργεσίᾳ
566 1553 832 1590 φανερωϐησομένων
845 1554 918 1590 αὐτῷ
932 1555 1136 1590 ἀποκαλύψεων.

179 1601 206 1627 7.
225 1601 265 1627 Ad
286 1607 318 1628 ea
335 1604 423 1627 autem
443 1608 503 1634 qua:
515 1601 619 1636 objecta
634 1605 697 1628 sunt
712 1601 746 1628 de
762 1602 886 1629 oratione
900 1611 910 1629 ι

1042 1602 1069 1629 αὶ
1087 1602 1153 1638 πρὸς
1172 1603 1202 1629 τὺ
1219 1603 1282 1638 περὶ
1298 1602 1348 1638 τῆς
1364 1603 1410 1629 ἐπὶ
1432 1601 1470 1638 τῷ
1484 1602 1639 1636 ἀνατέλλειν
1656 1603 1711 1639 (64)
1727 1604 1771 1630 τὸν

143 1646 185 1674 sol
195 1646 309 1679 oriatur,
323 1646 381 1673 hare
392 1646 517 1673 dicenda.
530 1645 578 1673 Est
589 1653 666 1673 suum
678 1647 762 1675 etsoli
775 1647 931 1680 arbitrium,

144 1692 366 1726 quandoquidem
396 1691 454 1726 ipse
480 1692 564 1719 Deum
591 1700 652 1719 cum
674 1692 736 1719 luna
764 1693 865 1720 laudat.
886 1693 932 1720 Ait

144 1737 216 1763 enim
234 1745 240 1763 :
257 1736 375 1764 Laudate
390 1744 460 1770 eum,
476 1737 514 1764 sol
529 1742 552 1763 et
567 1737 631 1764 [una
644 1737 677 1764 “.
694 1738 739 1765 Sic
750 1743 778 1765 et
790 1738 931 1765 arbitrium

145 1782 237 1809 lunam
253 1786 281 1808 et
294 1787 495 1816 consequenter
511 1782 604 1810 stellas
617 1790 714 1811 omnes
730 1783 829 1811 habere
845 1784 933 1810 maui-

144 1826 244 1853 l'estum
259 1831 302 1854 est
317 1834 324 1853 :
342 1825 463 1854 Laudare
477 1826 549 1854 enim
563 1835 632 1860 eum,
648 1829 730 1855 uella:
745 1834 769 1856 at
784 1829 882 1858 lumen.
900 1831 934 1859 Ut

144 1871 230 1907 igitur
245 1871 364 1900 diximus
377 1878 471 1900 nostro
483 1873 653 1909 singulorum
669 1874 714 1908 qui
735 1874 763 1901 in
781 1880 854 1903 terra
871 1884 933 1904 ver-

143 1923 238 1943 samur
250 1917 365 1944 arbitrio
382 1917 419 1944 uti
434 1916 528 1950 Deum,
545 1921 572 1944 et
586 1917 613 1945 in
629 1917 748 1953 aliquam
763 1923 932 1948 terrenarum

144 1970 236 1989 rerum
261 1964 407 1991 utilitatem
433 1965 628 1992 convenienter
650 1965 694 1992 Illa
716 1966 867 1998 ordinasse.
892 1969 934 1996 sic

144 2008 226 2036 etiam
238 2009 447 2036 existimandum
463 2014 513 2041 est,
529 2010 644 2037 arbitrio
656 2011 721 2038 solis
729 2017 756 2038 et
773 2011 844 2040 luna;
857 2015 932 2040 etsi-

143 2055 248 2088 derum,
263 2056 417 2083 necessario
432 2055 478 2083 illo
489 2061 516 2084 et
533 2055 610 2082 tirmo
619 2059 646 2082 et
661 2056 752 2084 stabili
762 2061 789 2083 et
807 2060 931 2094 sapiente

142 2107 235 2132 usum,
249 2100 392 2128 ordinasse
405 2105 530 2128 ornatum
541 2109 648 2128 omnem
661 2101 722 2129 (καθιί
739 2107 935 2136 congruentes-

144 2151 198 2179 que
219 2145 347 2172 universo
363 2146 483 2172 siderum
501 2147 704 2174 conversiones.
723 2146 799 2179 Quod
814 2147 836 2174 si
854 2147 887 2174 de
901 2148 935 2175 iis

144 2196 204 2224 quae
226 2196 242 2216 a
263 2194 356 2217 nostro
383 2190 497 2217 arbitrio
518 2191 649 2224 pendent,
674 2198 727 2218 non
750 2190 850 2218 frustra
873 2199 933 2226 oro,

982 1648 1057 1684 ἥλιον
1074 1648 1156 1684 εὐχῆς
1170 1648 1256 1675 ταῦτα
1269 1648 1387 1674 λεκτέον·
1402 1648 1459 1674 ἔστι
1475 1657 1501 1675 τι
1518 1648 1564 1674 καὶ
1578 1647 1624 1674 τοῦ
1642 1648 1716 1684 ἡλίου
1728 1648 1771 1683 ἐφ’

982 1696 1065 1730 ἡμῖν,
1092 1694 1138 1721 καὶ
1162 1694 1243 1721 αὑτοῦ
1265 1693 1403 1726 αἰνοῦντας
1425 1694 1494 1730 μετὰ
1517 1695 1566 1730 τῆς
1592 1693 1706 1729 σελήνης
1727 1694 1773 1720 τὸν

982 1740 1057 1767 Θεόν·
1071 1739 1183 1767 Αἰνεῖτε
1193 1739 1249 1775 γὰρ
1261 1739 1362 1771 αὐτὸν,
1377 1739 1468 1775 φησὶν,
1482 1739 1568 1773 ἥλιος
1579 1739 1627 1765 καὶ
1643 1738 1770 1772 σελήνη.

982 1786 1064 1822 Δῆλον
1087 1786 1109 1813 δ’
1124 1787 1164 1812 ὅτι
1187 1786 1234 1812 καὶ
1253 1785 1303 1820 τῆς
1323 1785 1436 1820 σελήνης
1459 1785 1506 1812 καὶ
1528 1784 1681 1815 ἀκολούθως
1701 1784 1766 1810 πάνυ

981 1841 1035 1859 των
1058 1832 1110 1858 τῶν
1135 1831 1266 1867 ἀστέρων·
1294 1830 1408 1858 Αἰνεῖτε
1427 1830 1481 1866 γὰρ
1503 1830 1598 1857 αὐτὸν
1619 1829 1718 1856 πάντα
1736 1829 1773 1856 τὰ

982 1878 1076 1912 ἄστρα
1101 1878 1149 1904 καὶ
1176 1878 1208 1904 τὸ
1233 1877 1305 1912 φῶς.
1331 1877 1436 1912 Ὥσπερ
1455 1874 1501 1902 οὖν
1519 1875 1712 1912 είρήκαμεντδ
1728 1876 1772 1910 ἐφ’

982 1923 1115 1959 ἡμῖν
1129 1923 1244 1950 ἑκάστου
1266 1923 1320 1949 τῶν
1343 1922 1390 1949 ἐπὶ
1416 1921 1468 1956 γῆς
1494 1920 1704 1956 καταχρώμενον
1727 1921 1773 1947 τδν

982 1969 1058 2002 Θεὸν,
1076 1968 1115 2000 εἷς
1127 1977 1188 1995 τινα
1203 1968 1295 2003 χρείαν
1309 1967 1362 1994 τῶν
1378 1968 1422 1993 ἐπὶ
1437 1967 1488 2001 γῆς
1504 1967 1716 2001 κατατεταχέναι
1732 1967 1773 1997 εἰς

982 2014 1042 2040 δέον
1052 2014 1130 2041 αὐτά·
1151 2013 1237 2045 οὕτως
1254 2013 1421 2048 ὑποληπτέον
1436 2012 1474 2047 τῷ
1490 2012 1532 2046 ἐφ’
1549 2013 1615 2047 ἡμῖν
1631 2011 1706 2047 ἡλίου
1723 2011 1771 2038 καὶ

984 2059 1099 2094 σελήνης
1111 2060 1156 2086 καὶ
1166 2059 1283 2095 ἄστρων,
1291 2059 1456 2095 ἀραρότικαὶ
1465 2058 1565 2093 βεϐαίῳ
1577 2058 1633 2085 ὄντι
1645 2057 1693 2084 καὶ
1707 2065 1774 2083 στα-

983 2105 1058 2140 θηρῷ
1075 2105 1121 2131 καὶ
1137 2105 1221 2140 σοφῷ,
1229 2104 1412 2140 διατεταχέναι
1435 2104 1521 2130 πάντα
1542 2104 1585 2130 τὸν
1605 2103 1707 2138 κόσμον
1723 2102 1771 2129 τοῦ

983 2150 1097 2186 οὐρανοῦ
1114 2151 1161 2177 καὶ
1176 2150 1223 2186 τὴν
1238 2150 1292 2177 τῶν
1309 2150 1415 2185 ἄστρων
1425 2149 1559 2186 ἁρμονίως
1572 2148 1625 2184 (66)
1639 2148 1677 2183 τῷ
1690 2148 1772 2174 παντὶ

984 2196 1096 2232 πορείαν
1113 2197 1159 2222 καὶ
1180 2196 1295 2232 κίνησιν.
1319 2196 1373 2222 Καὶ
1392 2196 1415 2221 εί
1433 2195 1496 2230 περὶ
1511 2194 1557 2221 τοῦ
1576 2195 1617 2228 ἐφ’
1634 2195 1699 2229 ἡμῖν
1712 2193 1772 2220 ἑτέ-

144 2236 229 2263 multo
242 2236 332 2263 minus
348 2235 381 2262 de
393 2234 427 2262 iis
442 2242 501 2269 qua:
519 2235 544 2262 in
562 2235 675 2262 arbitrio
695 2240 758 2262 sunt
780 2237 875 2264 coclest

1046 2241 1099 2277 (67)
1118 2242 1154 2277 μὴ
1179 2242 1268 2277 μάτην
1289 2241 1413 2276 εὔχομαι,
1436 2240 1524 2275 πολλῷ
1542 2240 1620 2267 πλέον
1640 2240 1703 2275 περὶ
1723 2239 1770 2265 τοῦ

144 2281 250 2308 illorum
280 2281 398 2307 siderum
420 2287 535 2314 quorum
560 2281 702 2308 ordinatus
730 2288 828 2310 cursus
852 2291 875 2310 re

1040 2289 1103 2323 ἡμῖν
1120 2287 1173 2314 τῶν
1185 2288 1213 2313 ὲν
1230 2286 1336 2322 οὐρανῷ
1354 2286 1494 2321 σωτηρίως
1508 2285 1546 2320 τῷ
1555 2285 1636 2311 παντὶ
1647 2286 1771 2320 χορευόν-

144 2326 219 2352 utilis
233 2330 274 2352 est
294 2325 440 2352 universis.
457 2325 618 2360 Quanquam
637 2327 669 2354 de
687 2329 804 2356 terrenis
821 2329 875 2363 quit

1053 2332 1183 2368 ἀστέρων·
1213 2332 1334 2366 καίτοιγε
1357 2331 1429 2357 ἔστιν
1450 2331 1536 2356 εἰπεῖν
1555 2330 1620 2365 περὶ
1651 2330 1708 2356 τῶν
1724 2329 1770 2356 ἐπὶ

144 2372 226 2399 rebus
241 2371 292 2398 dici
304 2375 401 2405 potest,
416 2375 505 2398 certas
516 2372 646 2406 quasdam
662 2381 676 2399 a
690 2375 875 2402 circulustanti

1050 2378 1089 2404 ὅτι
1106 2377 1205 2404 τοιαίδε
1229 2377 1300 2408 τινὲς
1319 2377 1516 2412 προγενόμεναι
1533 2375 1586 2411 (68)
1604 2377 1636 2401 ἐκ
1650 2375 1704 2401 τῶν
1721 2384 1769 2401 πε-

144 2416 250 2449 species
265 2415 372 2442 immitti
390 2423 452 2450 quae
464 2421 612 2450 provocent
627 2417 651 2444 id
667 2418 739 2452 quod
756 2418 783 2445 in
795 2420 872 2446 nobis

1038 2421 1134 2448 ττώτων
1168 2421 1312 2455 φαντασίαι
1350 2419 1547 2456 προκαλοῦνται
1585 2418 1613 2445 τὸ
1643 2418 1769 2444 ἀϐέϐαιον

144 2461 254 2488 ﬁrmum
270 2464 323 2493 est,
339 2465 385 2487 aut
402 2468 516 2495 pronum
539 2461 572 2488 ad
596 2463 747 2496 deteriora,
771 2468 801 2491 ut
818 2465 875 2492 haec

1038 2466 1070 2499 ἂν,
1085 2467 1102 2502 ἢ
1119 2467 1148 2493 τὸ
1158 2467 1203 2493 ἐπὶ
1218 2466 1247 2492 τὸ
1263 2467 1383 2502 κρεῖττον
1399 2465 1451 2500 (69)
1469 2465 1596 2501 ρεπτικὺν
1612 2464 1689 2500 ἡμῶν
1701 2465 1769 2500 πρὸς

179 2515 309 2545 "Psalm.
322 2524 396 2550 CVIII,
410 2517 437 2544 4.
475 2517 498 2533 '°
516 2517 578 2546 Act.
594 2519 716 2552 xxtt,20.
754 2520 776 2535 “
790 2519 799 2545 l
812 2521 874 2548 Cor.
890 2529 935 2553 xv,
948 2521 975 2548 9.
1014 2523 1036 2538 "
1050 2523 1128 2556 lbid.,
1139 2523 1183 2549 10.
1220 2522 1242 2538 ⁵⁸
1258 2522 1277 2548 ll
1289 2522 1352 2548 Cor.
1370 2529 1418 2553 λιι,
1431 2522 1458 2548 7.
1496 2521 1520 2536 ⁸⁸
1535 2520 1603 2548 Psal.
1614 2527 1726 2551 cxt.vtu,
1739 2519 1765 2545 3.

258 2599 522 2637 'Eﬁeryyoildeui
541 2599 615 2637 legit,
627 2598 784 2637 egi-imponi.

1034 2609 1051 2629 Β
1065 2602 1203 2637 Stellisque
1221 2603 1346 2630 omnibus
1357 2604 1474 2630 animam
1487 2603 1646 2630 rationalem
1661 2602 1765 2631 tribuit.

179 2609 235 2633 (οι)
265 2609 521 2661 ιςενιείμου.ι‹ιιξηι
541 2609 615 2638 tegtt,
632 2609 784 2634 εςεΑιγμου.
982 2609 1051 2629 tuna:
1065 2609 1203 2637 Stetltsqtte
1221 2609 1346 2630 omnibus
1357 2609 1474 2630 animum
1487 2609 1626 2630 rationatet

251 2633 347 2673 Αξγει.
369 2633 595 2673 "egit‘Bentlctus,
604 2634 680 2670 λέγῃ.
742 2668 765 2673 __
788 2668 793 2673 _
982 2635 1286 2673 Vitle‘Origeniauorum
1305 2638 1351 2664 lib.
1371 2647 1400 2671 ιι,
1415 2647 1442 2673 q.
1458 2639 1484 2666 8.
1621 2644 1626 2649 '

178 2668 339 2709 (φήμῃ).
367 2670 413 2709 sm
440 2669 522 2709 habet
547 2670 631 2697 codex
658 2668 712 2696 ius.
742 2668 811 2696 Male
837 2674 908 2697 ante:

1017 2671 1073 2709 (σε)
1096 2668 1130 2709 re
1144 2672 1190 2706 ἐφ’
1205 2672 1286 2709 ἡμῖνἶ
1305 2668 1535 2708 Legiiiseiiuetus,
1547 2673 1584 2709 τῷ
1599 2673 1642 2707 ἐφ’
1654 2674 1729 2709 ἡμῖν.

142 2703 227 2743 editio
241 2701 416 2743 Qsou'iensis,
427 2701 507 2743 ἐῐπεπ
519 2740 527 2743 Δ
539 2740 547 2743 _
631 2737 657 2743 Μ
735 2739 740 2743 _
859 2739 869 2743 _

874 2739 882 2743 _
903 2740 908 2743 _
1100 2701 1262 2743 Ἀριξονίῶς.
1279 2701 1442 2742 Ιιίειιῖιεξζιίξ
1455 2701 1601 2743 ἁρμοδίως.

180 2738 237 2771 (64)
261 2738 323 2764 Ἐπὶ
350 2738 389 2770 τῷ
416 2737 606 2765 ἀνατέλλειν.
630 2737 676 2764 Sic
691 2739 776 2766 codex
793 2747 844 2766 ms.
859 2739 927 2767 Male

1099 2741 1224 2776 'Erépou.
1244 2743 1315 2769 Idem
1332 2741 1410 2778 rlegit’,
1423 2741 1566 2778 ἡμετέρου.

143 2779 214 2813 vero
229 2773 313 2813 editio
338 2772 438 2813 Oxouz,
460 2773 505 2813 ἐπί
517 2774 548 2799 τὸ
564 2773 726 2813 ἀνατέλλειν.
741 2774 821 2813 Quod
837 2781 870 2813 att

1090 2772 1312 2813 Προῇενόμενᾳι.
1331 2772 1488 2813 Ιιίέιιιίἐέςίι,
1501 2772 1728 2813 παραγενόμεναι.

144 2779 208 2798 vero
229 2776 313 2798 editio
338 2776 438 2804 Uxou.,
460 2776 505 2799 ἐπὶ
517 2776 548 2799 τὸ
564 2776 726 2800 ἀνατέλλειν.
745 2776 821 2805 Quod
837 2781 870 2800 au

144 2807 255 2849 Iubjicit
267 2807 445 2849 Qi'igenes'tle
457 2808 521 2836 solis
532 2809 684 2849 etaliarum
696 2808 875 2848 stellarumlilt

1019 2776 1071 2846 [68)
1090 2778 1312 2817 Προγενόμενᾳι.
1331 2776 1402 2804 111ιῇιῖ
1414 2776 1488 2813 legit,
1501 2776 1729 2818 παραγενόμεναι.

1019 2811 1060 2846 [69
1097 2812 1157 2838 Ἐπὶ
1176 2812 1207 2838 τὸ
1224 2820 1365 2846 mecstor.
1381 2812 1453 2840 ldetn
1470 2813 1532 2847 legit
1544 2813 1591 2839 ἐπὶ
1606 2812 1637 2839 τὸ
1653 2814 1750 2849 χεῖρον.

145 2842 270 2876 arbitrio,
282 2842 310 2870 id
320 2849 374 2870 non
385 2842 520 2878 discrepat
536 2845 568 2871 ali
579 2845 637 2878 ejus
652 2844 786 2871 sententia
799 2851 852 2877 qua
867 2844 927 2875 soli,
