1853 3073
69 143 117 173 ιιι

676 140 845 170 LIBELLUS
859 140 903 167 DE
919 139 1105 168 ORATIONE.

1652 142 1704 170 “3

73 203 100 230 τὸ
114 211 229 237 ποιησαι
242 203 260 238 ἢ
275 203 362 229 εἰπεῖν
372 202 434 230 τάδε
449 203 521 237 τινὰ,
536 203 553 239 ἢ
572 202 644 230 τάδε·
659 202 706 229 ἐπὶ
721 202 748 229 δὲ
763 201 816 228 τῶν
834 202 862 228 ὲν

952 200 1088 226 uliramns
1097 202 1142 225 aut
1149 198 1280 226 faciamus
1288 207 1296 232 ;
1305 198 1330 225 in
1341 199 1498 227 coelestibus
1507 206 1571 226 vero
1580 207 1704 234 quaenam

73 248 176 283 οὐρανῷ
194 249 261 275 ποία
272 248 382 276 δύναται
398 249 564 285 ἐγγενομένη
582 249 714 283 φαντασία
731 247 862 282 ἐκστῆσαι

74 294 118 320 καὶ
143 294 326 329 μετακινῆσαι
349 293 403 320 ἀπὸ
418 295 468 330 τῆς
487 294 623 329 ὠφελίμου
640 293 678 329 τῷ
699 293 793 328 κόσμῳ
812 301 862 319 πο-

77 340 167 376 ρείας;
184 340 302 366 ἕκαστον
320 340 376 366 τῶν
397 340 525 376 τοιαύτην
543 340 597 375 (ῖο)
614 340 702 375 ψυχὴν
719 340 771 366 ὑπὸ
784 339 862 373 λόγου

74 384 296 420 κατηρτισμένην
315 384 439 420 καὶπερὶ
455 385 504 420 τὴν
525 384 613 410 αὐτῶν
638 376 726 411 αἰτίαν
737 383 861 418 ἑχόντων,

75 431 119 457 καὶ
136 430 252 466 τοιούτῳ
268 430 374 466 σώματι
390 429 503 465 αἰθερίῳ
523 430 570 456 καὶ
590 429 775 465 καθαρωτάτῳ
792 437 864 463 χρω-

76 477 175 512 μένων.

110 563 174 589 Ἔτι
190 561 221 589 δὲ
236 562 286 589 οὐκ
298 562 394 597 ἄλογον
410 563 457 590 καὶ
472 563 584 598 τοιούτῳ
596 563 649 590 τινὶ
666 562 865 598 παραδείγματι

75 608 232 644 χρήσασθαι
255 609 323 644 πρὸς
345 609 376 635 τὺ
395 608 599 645 προτρέψασθαι
623 609 669 635 ἐπὶ
690 608 720 634 τὺ
737 608 867 641 εὔξασθαι

75 654 122 680 καὶ
152 654 359 689 ἀποτρέψασθαι
390 654 438 681 τοῦ
473 654 584 689 ἀμελεῖν
608 654 658 689 τὴν
688 654 770 689 εὐχήν
800 653 865 689 (Ἡ).

77 699 184 734 ’Ὠσπερ
194 699 246 725 οὐκ
258 699 314 725 ἔστι
328 698 573 734 παιδοποιήσασθαι
586 698 670 734 χωρὶς
682 697 809 732 γυναικὸς
821 697 867 724 καὶ

75 744 125 779 τῆς
151 746 193 776 είς
224 744 394 771 παιδοποιίαν
421 745 556 780 χρησίμου
587 743 868 779 παραλαμϐανομένης

75 791 229 826 ἐνεργείας·
253 790 338 821 οὕτως
362 789 446 816 τῶνδε
473 789 552 815 τινῶν
569 789 619 815 οὐκ
637 789 669 815 ἄν
686 797 726 820 τις
743 788 816 823 τύχοι
832 788 868 823 μὴ

75 835 162 867 οὕτως
179 835 337 871 εὐξάμενος,
356 835 425 871 μετὰ
442 834 587 866 διαθέσεως
602 835 718 866 τοιᾶσδε,
735 833 867 860 πιστεύων

74 882 174 913 οὕτως,
196 882 226 908 οὐ
243 882 297 917 πρὸ
313 882 361 916 τῆς
381 882 462 916 εὐχῆς
483 881 556 907 τόνδε
576 880 676 916 βιώσας
692 880 865 921 τὺνπρόπον.
884 876 905 906 Β

76 928 114 954 Οὐ
141 927 352 963 βαττολογητέον
376 925 432 959 οὖν,
459 927 520 953 οὐδὲ
546 926 631 962 μικρὰ
654 926 787 961 αίτητέον,
810 926 869 952 οὐδὲ

76 975 142 1010 περὶ
165 974 294 1008 ἐπιγείων
326 974 518 1010 προσευκτέον,
547 973 606 999 οὐδὲ
629 972 698 1008 μετά
720 972 803 1008 ὀργῆς
823 972 869 998 καὶ

74 1020 287 1055 τεταραγμένων
301 1019 439 1055 λογισμῶν
449 1019 495 1045 ἐπὶ
510 1018 560 1054 τὴν
573 1017 725 1053 προσευχὴν
738 1017 867 1043 ὲλθετέοψ

75 1066 133 1093 ἀλλ’
142 1066 204 1092 οὐδὲ
217 1066 300 1100 χωρὶς
311 1064 504 1101 καθαρεύσεως
519 1065 593 1091 ἔστιν
609 1064 752 1098 ἐπινοῆσαι
766 1063 869 1098 γινομέ-

76 1120 126 1148 νην
141 1113 176 1147 τῇ
196 1113 333 1147 προσευχῇ
352 1111 460 1147 σχολήνο
482 1111 538 1138 ἀλλ’
562 1111 623 1138 οὐδὲ
642 1110 765 1145 ἀφέσεως
781 1109 871 1144 ἀμαρ-

75 1158 208 1192 τημάτων
226 1153 282 1183 οἷόν
303 1165 332 1183 τε
356 1158 447 1192 τυχεῖν
469 1156 515 1183 τὸν
530 1156 685 1192 εὐχόμενον,
705 1155 741 1191 μὴ
756 1155 809 1182 ἀπὸ
821 1155 869 1189 τῆς

76 1203 192 1238 καρδίας
209 1203 321 1237 ἀφιέντα
336 1202 375 1237 τῷ
392 1202 634 1238 πεπλημμεληκὰτι
651 1202 696 1228 καὶ
707 1200 869 1236 συγγνώμης

76 1250 168 1284 τυχεῖν
183 1248 301 1280 ἀξιοῦντι
322 1248 438 1283 ἀδελφῷ.
466 1248 604 1283 Ὠφέλειαν
621 1247 649 1274 δὲ
666 1247 819 1281 ἐγγίνεσθαι
832 1247 870 1282 τῷ

76 1295 106 1322 ὃν
116 1295 158 1321 δεῖ
166 1295 266 1330 τρόπον
280 1293 429 1329 εὐχομένῳ,
443 1294 460 1330 ἢ
475 1294 521 1320 ἐπὶ
535 1293 613 1320 τοῦτο
628 1293 698 1320 κατὰ
713 1294 743 1319 τὸ
759 1292 870 1319 δυνατὸν

76 1340 265 1376 ἐπειγομένῳ,
293 1340 434 1375 πολλαχῶς
463 1340 583 1376 ἠγοῦμαι
617 1339 784 1374 συμϐαίνειν.
816 1339 870 1365 Καὶ

77 1387 187 1422 πρῶτον
203 1395 234 1420 γε
251 1387 360 1418 πάντως
375 1386 462 1413 ῶνατὸ
474 1395 500 1412 τι
517 1386 530 1412 ὁ
545 1385 612 1421 πρὸς
625 1386 654 1412 τὺ
674 1384 802 1418 εὔξασθαι
814 1384 869 1420 (72)

76 1431 170 1463 ταθεὶς
187 1431 259 1459 κατὰ
273 1432 319 1458 τὸν
335 1431 407 1464 νοῦν,
420 1431 453 1458 δι’
469 1431 553 1466 αὐτῆς
576 1431 625 1466 τῆς
645 1432 673 1457 ὲν
690 1430 728 1465 τῷ
744 1430 870 1466 εὔχεσθαι

77 1477 273 1510 καταστάσεως
303 1477 362 1512 Θεῷ
387 1477 556 1512 παρεστάναι
580 1476 675 1503 ἑαυτὸν
702 1476 749 1503 καὶ
774 1476 871 1512 ἐκείνῳ

76 1524 170 1558 λέγειν
183 1523 363 1559 σχηματίσας,
381 1523 418 1555 ὡς
430 1522 561 1558 ὲφορῶντι
579 1523 625 1549 καὶ
638 1523 761 1557 παρόντι·
775 1522 869 1558 ὥσπερ

76 1569 131 1605 γὰρ
148 1563 179 1596 ai
191 1569 290 1595 τοιαίδε
307 1569 451 1603 φαντασίαι
467 1569 514 1595 καὶ
530 1569 706 1604 ὑπομνήσεις,
727 1568 808 1594 τῶνδέ
826 1577 868 1594 τι-

77 1624 131 1642 νων
149 1615 214 1651 περὶ
230 1614 265 1641 τὰ
278 1611 314 1641 ὧν
330 1614 473 1649 γεγόνασιν
490 1615 518 1640 αἱ
532 1615 709 1650 ὑπομνήσεις,
730 1615 870 1650 μολύνουσι

76 1662 140 1692 τοὺς
151 1661 298 1696 λογισμοὺς
313 1661 376 1693 τοὺς
394 1662 422 1687 ὲν
435 1660 524 1687 ταῖσδε
541 1662 600 1692 ταῖς
617 1661 776 1695 φαντασίαις
790 1668 870 1694 γεγε-

76 1709 221 1744 νημένους·
250 1709 295 1735 τὸν
320 1709 400 1735 αὐτὸν
428 1708 527 1744 τρόπον
550 1707 684 1739 πειστέον,
712 1708 871 1743 ὀνησιφόρον

77 1754 148 1782 εἶναι
170 1756 280 1790 μνήμην
298 1753 515 1789 πεπιστευμένου
527 1753 581 1789 (75)
598 1753 645 1780 τοῦ
659 1753 737 1786 Θεοῦ,
755 1754 802 1779 καί
819 1761 870 1780 κα-

76 1800 237 1832 τανοοῦντος
262 1800 297 1827 τὰ
314 1800 342 1826 ὲν
360 1799 399 1835 τῷ
421 1800 510 1834 ἀδύτῳ
536 1800 586 1835 τῆς
611 1799 699 1834 ψυχῆς
722 1800 869 1835 κινήματα”

78 1844 265 1880 ρυθμιζούσης
291 1845 390 1880 ἑαυτὴν
413 1844 541 1879 ἀρέσκειν
559 1844 596 1876 ὡς
615 1844 728 1879 παρόντι
746 1845 793 1870 καὶ
809 1845 872 1871 ἐπο-

77 1890 206 1917 πτεύοντι
223 1890 271 1917 καὶ
292 1889 418 1924 φθάνοντι
431 1890 477 1916 ἐπὶ
496 1890 585 1917 πάντα
602 1889 675 1922 νοῦν,
692 1890 731 1925 τῷ
748 1890 870 1922 ἐτάζοντι

76 1936 192 1973 καρδίας
209 1936 256 1962 καὶ
271 1935 415 1972 ὲρευνῶντι
431 1935 556 1971 νεφρούς.
584 1937 642 1962 ’Ἰνα
658 1936 712 1972 γὰρ
732 1936 793 1963 καθ’
805 1937 871 1964 ὑπό-

77 1982 153 2008 θεσιν
171 1981 292 2017 μηδεμία
315 1981 355 2008 ἔτι
366 1981 440 2018 παρὰ
457 1981 557 2017 ταύτην
574 1981 690 2016 ὠφέλεια
707 1982 816 2018 γένηται
833 1982 871 2017 τῷ

76 2027 280 2063 καταστήσαντι
293 2026 374 2053 αὑτοῦ
390 2027 435 2053 τὸν
451 2027 581 2062 λογισμὸν
597 2028 636 2059 εἰς
651 2027 680 2053 τὸ
693 2027 829 2062 εὔχεσθαι,
840 2028 870 2054 οὐ

76 2071 107 2098 τὸ
123 2072 206 2106 τυχὸν
216 2070 355 2106 ἐννοητέον
364 2070 458 2097 λαϐεῖν
483 2071 527 2097 τὸν
542 2070 626 2102 οὕτως
639 2070 759 2102 εὐλαϐῶς
776 2071 870 2096 ἑαυτὸν

77 2117 251 2153 ῥυθμίσαντα
272 2118 301 2143 έν
317 2116 355 2151 τῷ
368 2117 418 2152 τῆς
441 2117 524 2152 εὐχῆς
537 2115 635 2152 καιρῷ.
655 2116 739 2142 Τοῦτο
749 2116 778 2142 δὲ
795 2116 870 2150 γινό-

77 2171 160 2199 μενον
184 2162 313 2194 πολλάκις
335 2163 405 2189 ὅσων
428 2162 572 2197 ἀφίστησιν
589 2161 805 2197 ἁμαρτημάτων,
824 2161 870 2188 καὶ

914 251 1002 282 potest
1015 246 1134 273 immissa
1148 245 1253 278 species
1267 245 1301 273 ab
1314 252 1347 272 eo
1363 253 1444 273 cursu
1459 245 1506 280 qni
1520 246 1620 273 mundo
1630 246 1705 273 utilis

913 298 956 320 est
969 297 1091 319 avertere
1103 299 1136 319 ac
1151 290 1312 318 dimorere?
1334 299 1394 318 cum
1411 292 1516 326 singula
1535 293 1616 319 etiam
1635 292 1704 319 citra

914 339 1043 366 harumce
1062 338 1213 373 specierum
1238 345 1348 364 causam
1371 337 1503 372 ejusmodi
1522 338 1639 365 animam
1656 338 1704 364 ha-

916 384 997 412 beant
1020 384 1127 411 ratione
1153 383 1343 418 compositam,
1374 387 1401 410 et
1427 382 1559 417 ejusmodi
1590 391 1704 418 corpore

915 429 1031 457 :ethereo
1043 430 1243 464 purissimoque
1262 434 1385 456 utantur.

950 475 976 502 8.
1004 475 1139 502 Prteterea
1162 482 1215 501 non
1243 475 1391 501 absurdum
1415 474 1469 501 erit
1495 474 1533 501 uti
1551 474 1704 509 hujusmodi

915 521 1031 553 quodam
1048 519 1172 554 exemplo
1187 524 1216 546 ut
1232 519 1356 546 homines
1373 520 1407 545 ad
1430 519 1562 546 orandum
1583 519 1705 554 impella—

918 572 986 596 tuus.
1002 569 1029 592 et
1043 569 1197 592 avertamus
1211 564 1245 590 ab
1256 564 1381 591 oratione
1394 564 1566 599 negligenda.
1578 563 1614 591 Ut
1625 565 1704 592 liberi

917 611 1055 645 procreari
1070 617 1122 637 non
1139 610 1219 644 210
1239 614 1353 644 possttnt
1380 609 1431 636 nisi
1452 609 1575 636 adhibita
1591 610 1705 636 muliere

917 664 1004 690 eoque
1024 661 1085 683 actu
1109 656 1154 689 qui
1174 655 1206 682 ad
1225 663 1284 682 eam
1301 663 1358 682 rem
1375 655 1450 682 utilis
1464 660 1523 688 est;
1540 654 1579 681 sic
1595 654 1640 680 ille
1653 654 1704 681 ali-

919 702 978 736 quis
994 701 1050 728 hzec
1067 700 1108 728 vel
1128 701 1171 728 illa
1186 709 1239 728 non
1253 701 1368 735 accipiet
1392 700 1442 726 nisi
1466 699 1506 726 sic
1520 700 1639 726 oraverit
1654 700 1705 728 hoc

919 747 1030 774 allectus
1045 747 1136 779 modo,
1151 747 1201 774 bac
1216 747 1277 780 ﬁde,
1291 750 1316 773 et
1332 746 1382 774 nisi
1396 746 1465 773 hanc
1479 750 1541 773 ante
1555 746 1705 773 orationem

920 794 1002 820 vitam
1015 792 1133 819 duxerit.
1150 792 1244 826 Itaque
1260 799 1312 819 non
1335 796 1376 819 est
1400 791 1513 818 multum
1530 791 1704 825 loquendum,

921 846 973 866 non
990 837 1086 871 exigua
1099 838 1227 872 petenda,
1243 845 1291 865 nec
1307 838 1339 864 de
1352 838 1468 864 terrenis
1483 838 1642 872 rogandum,
1657 845 1706 865 uec

919 891 979 911 cum
997 883 1036 910 ira
1054 888 1101 910 aut
1123 883 1214 910 animo
1239 882 1399 917 perturbato
1416 882 1448 909 ad
1465 882 1614 909 orationem
1629 889 1706 910 acce-

919 928 1048 956 dendum.
1070 928 1123 956 Sed
1149 936 1236 963 neque
1260 929 1318 955 sine
1342 928 1460 963 puritate
1476 927 1627 963 intelligere
1643 928 1706 955 licet

919 974 1056 1008 quomodo
1069 974 1131 1008 quis
1146 974 1265 1001 orationi
1281 980 1380 1001 vacare
1395 973 1492 1008 possit,
1507 981 1558 1000 nec
1569 973 1706 1000 remissio-

919 1026 982 1046 nem
995 1024 1170 1053 peccatorum
1182 1023 1270 1052 potest
1281 1026 1362 1046 orans
1375 1018 1503 1053 consequi
1517 1018 1567 1045 nisi
1579 1025 1610 1045 ex
1624 1019 1707 1045 corde

918 1065 1057 1093 remiserit
1074 1065 1154 1092 fratri
1178 1065 1260 1093 illata:
1289 1065 1396 1093 veniam
1419 1065 1526 1100 injuria:
1547 1065 1704 1100 postulanti.

918 1110 977 1138 Jam
996 1111 1067 1144 quod
1082 1115 1206 1138 orantem
1222 1118 1255 1138 eo
1272 1118 1326 1145 quo
1346 1114 1453 1145 oportet
1472 1111 1552 1137 modo
1573 1110 1613 1137 vel
1626 1111 1658 1137 ad
1680 1111 1706 1138 id

919 1164 970 1192 pro
994 1157 1097 1184 viribus
1119 1160 1309 1191 properantem
1333 1156 1451 1190 adjuvet,
1476 1156 1568 1183 multis
1589 1156 1707 1184 arbitror

920 1203 1008 1230 modis
1024 1203 1133 1230 evenire
1159 1209 1247 1237 posse.
1272 1203 1311 1230 Ac
1335 1203 1451 1237 primum
1475 1203 1581 1237 quidem
1596 1203 1707 1230 omnino

919 1248 986 1276 utile
1008 1249 1060 1276 erit
1079 1249 1101 1275 si
1121 1249 1182 1283 quis
1197 1249 1230 1275 ad
1247 1249 1378 1276 orandum
1394 1254 1483 1276 mente
1504 1250 1634 1280 intentus,
1659 1256 1707 1282 per

920 1296 1007 1330 ipsum
1024 1304 1103 1330 quem
1126 1296 1198 1323 inter
1215 1296 1348 1323 orandum
1366 1296 1476 1323 habebit
1493 1301 1593 1323 statum
1617 1296 1652 1322 ita
1677 1304 1708 1323 se

918 1341 1103 1376 composuerit
1116 1341 1195 1376 quasi
1205 1341 1251 1376 qui
1269 1341 1324 1368 Deo
1340 1347 1411 1369 astet
1427 1347 1524 1369 etcum
1542 1342 1600 1376 ipso
1615 1343 1708 1376 loqua-

919 1391 963 1414 tur
977 1391 1103 1421 tauquam
1122 1387 1283 1422 inspiciente
1306 1394 1338 1415 ac
1361 1391 1506 1422 praesente.
1534 1387 1609 1414 Sicut
1633 1387 1705 1414 enim

919 1436 999 1459 certae
1017 1434 1138 1467 quzedam
1159 1433 1291 1467 imagines
1316 1440 1405 1460 rerum
1434 1433 1564 1460 memoria
1587 1433 1707 1467 repetita:

919 1485 966 1505 eas
980 1478 1125 1512 inquinant
1136 1479 1318 1513 cOgitationes
1332 1486 1391 1513 qua:
1405 1478 1565 1506 oboriuntur
1579 1486 1638 1506 cum
1655 1479 1707 1505 illa

920 1523 1024 1557 species
1040 1524 1131 1551 animo
1153 1524 1346 1557 obversantur,
1367 1525 1461 1551 eodem
1483 1523 1563 1551 modo
1577 1523 1707 1550 credibile

921 1574 964 1597 est
980 1570 1072 1598 utilem
1089 1578 1151 1598 esse
1172 1571 1386 1599 recordationem
1405 1571 1451 1598 Dei
1466 1571 1510 1606 qui
1523 1578 1642 1605 praesens
1655 1575 1706 1601 est.

921 1615 1022 1649 quique
1040 1619 1129 1642 motus
1141 1616 1239 1643 animae
1251 1623 1347 1644 omnes
1362 1616 1445 1643 etiam
1461 1616 1646 1651 penitissimos
1660 1616 1708 1642 de-

920 1660 1063 1694 prehendit
1077 1670 1084 1688 :
1100 1661 1161 1688 dum
1179 1669 1208 1688 se
1227 1661 1271 1688 illa
1288 1662 1437 1697 componit,
1455 1666 1484 1688 ut
1501 1666 1628 1696 tanquam
1642 1667 1709 1695 pra:-

920 1706 1002 1738 seuti,
1013 1706 1179 1740 inspicienti,
1192 1711 1219 1734 et
1231 1707 1264 1734 ad
1277 1714 1385 1734 omnem
1402 1713 1519 1734 tuentem
1538 1706 1707 1739 pervenienti

921 1751 1024 1785 placeat
1041 1751 1064 1778 ei
1082 1752 1128 1786 qui
1145 1752 1283 1778 examinat
1304 1753 1386 1779 corda
1408 1757 1436 1779 et
1457 1756 1595 1779 scrutatur
1615 1759 1706 1780 rencs.

922 1795 958 1822 Ut
969 1796 1040 1822 enim
1053 1803 1238 1831 supponamus
1251 1797 1351 1824 nullam
1367 1797 1446 1824 aliam
1461 1797 1604 1825 utilitatem
1613 1804 1708 1825 acces-

921 1847 1012 1867 suram
1027 1841 1051 1868 ei
1067 1841 1112 1875 qui
1125 1841 1165 1868 sic
1179 1846 1295 1868 mentem
1306 1841 1337 1868 ad
1351 1843 1502 1869 orationem
1513 1843 1707 1877 composuerit,

921 1893 974 1912 non
991 1886 1126 1913 modicum
1146 1886 1267 1914 fructum
1285 1895 1386 1921 capere
1402 1887 1593 1921 intelligendus
1607 1889 1707 1921 estqui

921 1930 979 1965 ipso
990 1931 1122 1959 orationis
1140 1936 1261 1966 tempore
1281 1932 1319 1960 ita
1336 1939 1365 1959 se
1382 1932 1425 1966 pie
1442 1933 1636 1967 composuerit.
1652 1933 1708 1961 Hoc

920 1984 987 2005 vero
998 1979 1019 2004 si
1035 1977 1193 2012 frequenter
1207 1978 1266 2010 ﬁat,
1280 1983 1345 2012 quot
1359 1987 1373 2005 a
1385 1979 1505 2013 peccatis
1517 1983 1631 2011 avertat,
1643 1983 1709 2013 quot

922 2023 955 2050 ad
973 2023 1089 2050 virtutes
1103 2023 1234 2058 impellat,
1251 2024 1419 2058 experientia
1434 2029 1534 2051 norunt
1551 2024 1567 2050 ii
1586 2024 1631 2058 qui
1646 2031 1709 2051 ora-

922 2068 987 2096 tioni
1003 2077 1032 2097 se
1048 2069 1155 2097 assidue
1168 2070 1341 2098 dediderunt.
1355 2069 1384 2097 Si
1399 2070 1472 2097 enim
1483 2070 1587 2097 cordati
1600 2070 1708 2103 sapien-

922 2114 1011 2148 tisque
1028 2114 1077 2141 viri
1099 2115 1237 2142 recordari
1253 2115 1365 2150 ejusque
1382 2116 1500 2150 speciem
1515 2120 1604 2143 mente
1619 2116 1708 2142 revol—

922 2167 994 2193 vere,
1011 2160 1183 2187 aemulatione
1198 2168 1247 2188 nos
1259 2166 1399 2196 provocat,
1412 2166 1575 2196 nostrosque
1590 2161 1616 2192 in
1635 2162 1708 2188 dete-

75 2209 120 2243 ὲφ“
134 2209 186 2235 ὅσα
202 2208 278 2243 φέρει
294 2207 348 2234 τῶν
368 2207 598 2243 κατορθωμάτων,
618 2207 691 2233 ἴσασι
705 2208 738 2242 τῇ
750 2207 832 2243 πείρᾳ
846 2207 866 2233 οι

952 2212 994 2231 ora
1016 2204 1134 2239 impetus
1161 2213 1232 2239 saape
1255 2207 1376 2233 retardat
1395 2215 1402 2233 :
1418 2210 1520 2241 quanto
1548 2205 1632 2239 magis
1660 2205 1707 2232 Dei

77 2253 272 2289 συνεχέστερον
288 2252 327 2287 τῷ
343 2252 469 2288 εὔχεσθαι
490 2253 602 2284 ἑαυτοὺς
620 2252 822 2283 ὲπιδεδωκότες.
838 2252 869 2277 Εἰ

75 2298 132 2334 γὰρ
157 2297 310 2333 ὑπόμνησις
335 2297 383 2324 καὶ
412 2296 578 2332 ἀναπόλησις
610 2296 751 2331 ἐλλογίμου
775 2295 871 2332 ἀνδρὸς

75 2344 124 2371 καὶ
138 2343 313 2378 ὠφελημένου
331 2344 360 2369 ἐν
377 2342 468 2378 σοφίᾳ,
478 2342 524 2368 ἐπὶ
536 2341 615 2376 ζῆλον
628 2343 700 2377 ἡμᾶς
711 2341 792 2368 αὑτοῦ
804 2350 871 2377 προ-

923 2252 1043 2280 omnium
1063 2253 1184 2287 parentis
1195 2254 1313 2280 orationi
1331 2253 1474 2288 conjuncta
1491 2253 1644 2280 recordatio
1661 2259 1708 2278 eos

924 2298 1032 2332 adjuvat
1058 2299 1103 2333 qui
1126 2299 1177 2327 sibi
1199 2305 1393 2334 persuaserunt
1408 2299 1535 2334 praesenti
1554 2306 1584 2327 se
1606 2307 1637 2326 ac
1658 2306 1707 2325 au-

926 2344 1008 2371 dienti
1024 2344 1078 2372 Deo
1094 2350 1120 2372 et
1134 2350 1224 2373 astare
1238 2349 1264 2372 et
1278 2345 1360 2380 loqui.

75 2390 211 2421 καλεῖται,
233 2389 281 2415 καὶ
304 2388 431 2420 πολλάκις
452 2387 591 2423 ἐμποδίζει
611 2387 698 2422 ὁρμὰς
711 2387 761 2418 τὰς
780 2388 825 2413 ἐπὶ
845 2387 875 2414 τὸ
893 2390 994 2424 χεῖρον·
1012 2390 1088 2424 πόσῳ
1111 2390 1190 2417 πλέον
1215 2390 1282 2417 Θεοῦ
1299 2390 1344 2417 τοῦ
1361 2390 1414 2417 τῶν
1431 2390 1498 2417 ὅλων
1513 2388 1620 2425 Πατρός
1640 2387 1706 2415 ὑπό-

77 2445 178 2472 μνησις
196 2435 267 2470 μετὰ
281 2435 330 2470 τῆς
351 2435 419 2470 πρὸς
440 2435 519 2462 αὐτὸν
541 2435 623 2470 εὐχῆς
647 2434 751 2470 ὀνίνησι
769 2434 832 2466 τοὺς
858 2435 1003 2469 πείσαντας
1028 2438 1149 2470 ἑαυτοὺς,
1171 2439 1211 2465 ὅτι
1232 2438 1343 2474 παρόντι
1364 2439 1410 2465 καὶ
1427 2437 1551 2465 ἀκούοντι
1569 2435 1706 2471 παρεστή-

75 2491 144 2510 κασι
161 2482 208 2509 καὶ
224 2481 333 2516 λέγουσι
350 2481 424 2516 Θεῷ.

112 2530 356 2556 Κατασκευαστέον
371 2530 399 2556 δὲ
415 2529 469 2556 ἀπὸ
485 2529 538 2556 τῶν
555 2529 634 2556 θείων
648 2530 764 2564 Γραφῶν
780 2530 812 2556 τὰ
829 2530 869 2556 εί-

77 2574 195 2609 ρημένα,
217 2574 311 2600 τοῦτον
328 2575 373 2601 τὸν
396 2574 511 2610 τρόπον·
531 2575 654 2610 ἐπαίρειν
670 2575 710 2601 δεῖ
723 2575 798 2607 ὁσίας
813 2575 869 2611 (74)

76 2620 170 2654 χεῖρας
195 2619 240 2645 τὸν
264 2620 420 2655 εὐχόμενον,
437 2619 481 2647 διὰ
496 2619 544 2646 τοῦ
562 2620 671 2655 ἀφιέναι
693 2621 799 2656 ὲκάστῳ
816 2620 870 2647 τῶν

123 2709 341 2747 τολᾝκαστον
359 2709 582 2747 τῶν-τοιαύτηιὶρ.
609 2712 681 2739 Idem
704 2712 784 2747 legit,
802 2713 867 2740 ἑκά-

78 2752 144 2785 circa
152 2744 243 2804 αὐτίὦῖ
255 2744 392 2780 τοιαύτην,
414 2745 496 2773 Paulo
511 2744 571 2781 post
583 2747 655 2782 lego,
668 2748 716 2774 καὶ
728 2744 803 2783 παρά
819 2748 867 2784 τὴν

78 2788 165 2804 αυτων
179 2787 197 2804 α
208 2788 223 2804 τ
236 2788 279 2804 αν.

77 2780 165 2806 αὐτῶν
179 2780 279 2805 αἰτίαν.
512 2780 518 2781 “
612 2780 622 2782 ἡ

112 2813 169 2884 ἵ]ίέ
192 2814 253 2847 Τὴν
268 2814 374 2857 soluit:
388 2814 460 2841 Idem
475 2815 548 2849 legit,
558 2817 606 2858 τῆς
616 2817 708 2859 εὐχῆς.

124 2849 158 2876 72
190 2849 269 2883 Πρὸς
286 2850 318 2877 τὸ
336 2850 489 2882 ευξίισθαι.
501 2851 708 2884 chttuenttetu:

124 2849 169 2884 72)
190 2849 269 2883 Πρὸς
286 2850 318 2877 τὸ
336 2849 489 2882 εὔξασθαι.
501 2849 730 2889 chitttent'teius,
745 2852 812 2887 πρὸς
829 2852 866 2887 τῷ

955 2529 981 2557 9.
996 2529 1095 2556 Verum
1112 2537 1143 2556 ea
1167 2537 1228 2564 quae
1248 2530 1319 2557 dicta
1343 2534 1415 2561 sunt,
1436 2528 1535 2555 divinis
1557 2528 1706 2562 Scripturis

921 2575 1061 2609 probanda
1077 2579 1139 2602 sunt
1155 2576 1207 2603 hoc
1227 2576 1306 2602 modo
1323 2583 1329 2601 :
1343 2578 1450 2609 oportet
1470 2577 1592 2600 orantem
1615 2573 1706 2601 levare

920 2628 1002 2655 puras
1016 2628 1123 2654 manus,
1133 2626 1257 2656 acceptas
1269 2621 1395 2648 omnibus
1406 2619 1519 2654 injurias
1531 2619 1705 2652 remittendo,

920 2710 1060 2744 εὔξασθαι.
1071 2710 1251 2737 Scribendum
1271 2710 1330 2737 aliis
1349 2710 1465 2743 videtur,
1492 2709 1546 2744 πρὸ
1562 2709 1608 2736 τοῦ
1625 2709 1705 2744 εὖξα-

922 2746 1012 2818 έθῗίὲ)
1031 2779 1282 2818 Πεπιστειξμέννου.
1299 2779 1452 2818 Legendum
1466 2781 1710 2818 videtutBentleio,

921 2816 1101 2851 ἐφισταμένου
1115 2815 1361 2851 νιιιέπισταμένου.

957 2850 1025 2886 (74)
1041 2852 1146 2884 Ὀσίας.
1162 2850 1263 2878 Textus
1278 2851 1408 2883 vulgatus,
1422 2850 1522 2882 ὁσίους.
