1853 3073
151 135 202 163 633

886 136 1047 165 ORIGENIS

1726 137 1787 164 ﬁt“

152 201 314 230 omnemque
328 202 360 222 ex
379 194 470 221 animo
488 193 524 222 ita
545 193 778 228 perturbationem
795 193 938 228 ejiciendo,

1016 203 1030 225 ς
1055 194 1136 221 αὐτὸν
1156 194 1436 230 πεπλημμεληκότων,
1464 193 1494 220 τὺ
1515 193 1564 229 τῆς
1586 193 1671 229 ὀργῆς
1697 193 1788 225 πάθος

153 248 184 270 ut
197 241 296 268 nemini
312 240 346 267 sit
362 240 459 267 iratus.
483 239 556 267 ltem’
571 247 605 266 ne
623 239 717 267 alienis
730 239 941 274 cogitationibus

155 295 232 315 mens
248 285 417 316 obfuscetur,
435 288 544 319 oportet
560 285 694 312 orationis
712 290 832 320 tempore
847 293 940 312 eorum

153 332 273 359 omnium
285 330 410 359 oblivisci
422 337 482 364 qua:
493 330 527 357 ab
539 330 662 357 oratione
675 331 762 358 aliena
772 336 843 359 sunt.
856 331 939 364 Quem

153 378 238 405 animi
259 381 358 404 statum
381 376 443 410 quis
457 376 535 410 211
550 375 654 403 dubitet
670 376 854 404 felicissimum
868 384 939 409 esse,

154 423 277 450 utdocet
292 422 389 449 Paulus
412 421 438 447 in
454 421 539 455 prima
562 421 595 448 ad
618 421 791 448 Timotheum
819 422 940 456 Epistola

154 471 248 497 dicens
264 478 271 496 :
294 468 359 495 Volo
373 476 433 502 ergo
449 468 517 494 viros
533 475 611 494 orare
626 468 652 494 in
667 468 815 501 atnniloco,
829 469 941 496 levantes

154 524 237 551 puras
252 523 348 542 ntattas
363 515 420 540 sine
435 514 474 539 ira
497 517 520 540 et
537 513 727 548 disreplatione
738 515 773 540 ⁸⁵.
799 514 940 542 Mulierem

155 566 299 596 przelerea,
312 560 430 587 maxime
445 567 505 586 cum
520 563 596 590 orat,
623 563 731 594 oportet
758 562 940 594 compositam

155 612 184 635 et
194 612 319 646 ornatam
335 614 395 634 esse
410 607 500 633 animo
516 611 542 633 et
559 613 684 640 corpore,
697 611 788 641 atque,
807 607 942 641 imprimis

156 660 218 679 cum
226 657 297 685 orat,
311 651 394 679 Deum
409 652 538 684 revereri,
551 659 583 678 ac
594 659 700 679 omnem
718 651 942 687 intemperantem

157 696 372 730 muliebremque
388 696 604 724 recordationem
624 703 658 723 ex
684 696 783 724 animte
804 698 942 731 praecipua

158 745 235 775 parte
251 741 406 775 expellere;
421 742 512 768 ornari
525 748 589 768 vero
605 748 659 768 non
677 741 702 768 in
725 742 803 769 tortis
824 742 943 770 crinibus

157 791 184 813 et
199 794 265 814 auro
277 793 304 814 et
321 787 479 822 margaritis
491 792 538 814 aut
553 792 629 815 veste
640 788 770 822 pretiosa,
786 787 833 816 scd
845 788 942 822 quibus

156 833 235 859 decet
264 832 407 859 mulierem
433 834 562 867 pietatem
599 834 801 867 promittentem
835 833 939 860 ornari.

157 877 241 905 Miror
255 884 346 905 autctn
362 879 383 905 si
398 878 461 912 quis
474 878 579 906 dubitet
594 879 701 907 beatam
716 879 758 906 vel
775 886 808 906 ex
823 879 868 906 illa
883 879 941 906 sola
959 863 980 890 Β

158 923 261 951 tuentis
279 924 435 951 habitudine
452 925 600 959 praedicare
615 925 757 953 mulierem
777 933 837 960 qum
851 933 880 953 se
902 930 942 953 ta-

158 970 209 997 lem
222 970 254 997 ad
268 971 420 998 orationem
438 971 595 998 exhibuerit
611 972 702 1006 :quod
720 972 747 998 in
769 972 864 999 eadem
879 972 943 1006 Epi-A

157 1015 228 1042 Stola
240 1015 440 1042 docuitPaulus
451 1016 494 1042 his
509 1015 623 1042 verbis:
641 1015 770 1043 Similiter
786 1020 809 1042 et
821 1015 943 1042 mulieres

158 1061 186 1087 in
205 1061 296 1087 habitu
320 1065 412 1087 ornato
430 1069 488 1087 cum
509 1061 664 1088 verecundia
686 1065 709 1088 et
733 1061 873 1088 sobrietate
898 1069 943 1087 or-

157 1111 249 1134 nantes
264 1115 300 1140 se,
313 1115 363 1133 non
382 1107 408 1132 in
427 1107 501 1133 tortis
512 1107 628 1133 crinibus
645 1112 690 1133 aut
706 1115 772 1133 auro
793 1111 817 1134 et
837 1115 943 1142 marga-

160 1151 219 1177 ritis
234 1156 256 1177 et
271 1156 340 1178 veste
353 1152 487 1186 pretiosa;
507 1152 551 1178 sed
566 1152 636 1186 quod
653 1152 724 1178 decet
743 1152 866 1179 mulieres
883 1161 945 1186 pro-

157 1197 288 1224 mittentes
304 1197 425 1231 pietatem
442 1206 488 1232 per
500 1198 567 1225 bona
583 1206 661 1234 opera
671 1198 705 1225 5".
725 1197 794 1231 Quin
816 1202 844 1226 et
861 1199 944 1226 David

159 1243 292 1278 propheta
309 1243 392 1269 multa
412 1243 466 1270 alia
493 1244 561 1271 dicit
580 1243 683 1271 habere
703 1249 829 1271 sanctum
855 1246 943 1272 virum

158 1292 282 1315 orantem
296 1297 303 1316 :
316 1296 377 1323 qua:
390 1296 443 1315 non
456 1288 610 1323 importune
625 1297 803 1324 apponcmus,
819 1298 873 1325 quo
888 1299 946 1318 ma-

159 1335 200 1369 gis
215 1339 346 1369 appareat
359 1335 521 1362 utilissitnus
534 1343 605 1369 esse,
630 1336 673 1363 vel
698 1336 720 1363 si
748 1337 822 1364 solus
849 1337 945 1364 adesse

158 1380 335 1416 intelligatur,
351 1381 459 1409 habitus
471 1387 499 1409 et
514 1383 547 1408 ad
560 1382 693 1409 orandum
708 1386 857 1416 apparatus
872 1382 945 1410 illius

158 1425 204 1460 qui
221 1433 250 1453 se
265 1431 350 1453 totum
367 1426 423 1454 Deo
442 1427 621 1454 commiserit.
642 1427 687 1453 Ait
706 1434 771 1462 ergo
789 1436 796 1455 :
815 1427 856 1454 All
872 1432 896 1454 te
909 1427 946 1455 le-

157 1472 216 1499 vavi
233 1472 321 1500 oculos
344 1481 414 1499 meos
430 1474 474 1507 qui
489 1474 595 1499 habitas
612 1474 640 1499 in
661 1473 732 1499 cmlis
741 1473 781 1506 θ”ς
797 1477 825 1500 et
864 1473 905 1499 ΛιΙ
922 1478 946 1499 te

993 240 1192 274 ὲξαφανίσαντα
1207 240 1261 267 ἀπὸ
1278 241 1327 275 τῆς
1347 239 1435 275 ψυχῆς
1454 240 1501 266 καὶ
1524 239 1619 275 μηδενὶ
1643 239 1790 274 θυμούμεο

993 293 1053 311 νον*
1072 285 1152 312 πάλιν
1167 293 1197 311 τε
1212 285 1252 311 δεῖ
1264 285 1333 320 ὑπὲρ
1348 285 1395 311 τοῦ
1410 285 1447 320 μὴ
1459 284 1648 311 ὲτιιθολοῦσθαι
1663 284 1711 310 τὸν
1722 283 1788 310 νοῦν

993 331 1045 357 ὑπὸ
1061 326 1161 366 ἐτέρων
1182 330 1329 366 λογισμῶν,
1341 332 1449 358 πάντων
1469 330 1643 365 ἐπιλελῆσθαι
1659 329 1716 356 τῶν
1733 329 1790 362 ἔξω

992 377 1041 411 τῆς
1055 376 1137 412 εὐχῆς
1151 376 1221 403 κατὰ
1232 377 1278 403 τὸν
1289 377 1382 412 καιρὸν
1392 378 1420 403 ὲν
1467 386 1509 408 τις
1523 375 1640 412 εὒχεται.
1655 375 1789 402 Τοιοῦτον

991 423 1020 449 δὲ
1037 421 1118 455 εἶναι,
1136 422 1194 455 πῶς
1211 423 1261 449 οὐκ
1280 422 1335 449 ἔστι
1356 421 1575 458 μακαριώτατον,
1602 421 1640 452 ὡς
1659 421 1789 447 διδάσκει

993 467 1098 499 Παῦλος
1114 468 1142 494 ὲν
1158 469 1191 503 τῇ
1209 470 1328 503 προτέρᾳ
1349 468 1417 504 πρὸς
1433 467 1562 502 Τιμόθεον
1572 486 1579 498 ,
1597 467 1694 500 λέγων·
1708 467 1792 492 Βού-

992 515 1081 548 λομαι
1104 511 1161 541 οὖν
1184 514 1405 548 προσεύχεσθαι
1422 513 1493 545 τοὺς
1505 512 1616 546 ἄνδρας
1638 512 1673 538 ἐν
1694 511 1791 538 παντὶ

992 559 1081 591 τόπῳ,
1088 559 1266 593 ἐπαίροντας
1273 559 1360 591 ὁσίας
1366 559 1421 594 (75)
1428 558 1528 594 χεῖρας
1536 558 1626 592 χωρὶς
1635 557 1728 592 ὀργῆς
1737 557 1791 583 καὶ

993 605 1204 639 διαλογισμῶν.
1226 604 1306 631 Ἀλλὰ
1321 605 1389 640 πρὸς
1400 605 1504 636 τούτοις
1517 604 1566 638 τὴν
1587 600 1705 637 Ῠυναῖκα
1732 603 1789 639 χρὴ

993 651 1075 685 ἔχειν,
1091 651 1207 686 μάλιστα
1228 650 1387 686 εὐχομένην,
1403 650 1434 676 τὸ
1446 649 1660 684 κατεσταλμένον
1684 649 1734 675 καὶ
1756 648 1792 675 τὸ

993 697 1105 732 κόσμιον
1119 696 1190 732 ψυχῇ
1205 697 1252 723 καὶ
1265 696 1380 732 σώματι,
1392 696 1500 723 πάντων
1517 695 1619 731 μᾶλλον
1635 695 1790 730 ἐξαιρέτως

994 743 1040 769 καὶ
1052 744 1096 769 ὅτε
1111 742 1219 778 εὔχεται
1233 742 1394 778 αἰδουμένην
1405 742 1450 768 τὸν
1462 741 1528 769 Θεὸν
1545 741 1591 768 xui.
1609 741 1699 768 πᾶσαν
1717 740 1788 766 ἀκό-

993 788 1090 814 λαστον
1105 788 1151 814 καὶ
1165 787 1323 822 γυναικείαν
1335 787 1487 822 ὑπόμνησιν
1504 786 1663 822 ὲξορίσασαν
1677 785 1788 813 ἀπὸτοῦ

995 833 1170 869 ἡγεμονικοῦ,
1187 833 1234 860 καὶ
1250 833 1462 868 κεκοσμημένην
1474 832 1524 858 οὐκ
1538 833 1567 859 ἐν
1583 832 1723 866 πλέγμασι
1738 832 1789 858 καὶ

996 879 1087 914 χρυσῷ
1108 879 1124 915 ἢ
1146 878 1360 914 μαργαρίταιςῆ
1383 877 1522 914 ἱματισμῷ
1543 877 1698 910 πολυτελεῖ,
1727 877 1789 904 ἀλλ’

995 923 1035 957 οἷς
1046 926 1150 961 πρέπον
1163 925 1219 960 (76)
1233 925 1290 952 ἐστὶ
1303 924 1488 961 κεκοσμῆσθαι
1503 925 1619 959 γυναῖκα
1631 924 1791 950 θεοσέϐειαν

996 971 1242 1007 ὲπαγγελλομένην.
1257 971 1394 1006 Θαυμὰςω
1409 970 1439 997 δὲ
1457 971 1480 996 εἰ
1493 969 1615 1003 διατάξαι
1628 978 1669 1001 τις
1685 970 1716 996 ἂν
1735 977 1791 1005 μα-

995 1017 1092 1053 καρίαν
1103 1017 1135 1043 ἐκ
1151 1017 1234 1052 μόνης
1246 1017 1295 1051 τῆς
1306 1016 1432 1051 τοιαύτης
1444 1015 1637 1047 καταστάσεως
1649 1015 1791 1050 ἀποφῆνα-

996 1064 1057 1090 σθαι
1075 1063 1123 1098 τὴν
1139 1063 1178 1093 εἰς
1190 1062 1220 1088 τὸ
1234 1061 1358 1097 εὔχεσθαι
1375 1061 1503 1096 τοιαύτην
1524 1060 1622 1096 ὲαὺτὴν
1643 1060 1790 1096 παραστή-

996 1108 1134 1141 σασαν,ὼς
1150 1107 1266 1140 ἐδίδαξεν
1280 1109 1308 1134 ἐν
1321 1109 1353 1143 τῇ
1369 1108 1436 1143 αὐτῇ
1446 1107 1587 1143 Ἐπιστολῇ
1599 1109 1613 1134 ὁ
1622 1107 1729 1138 Παῦλος
1742 1106 1788 1133 λέ-

996 1161 1062 1188 γων’
1102 1153 1254 1186 Γυναῖκας
1289 1153 1431 1186 ὡσαύτως
1458 1153 1492 1179 ἐν·
1523 1151 1698 1186 καταστολῇ
1737 1160 1789 1177 κο-

996 1199 1090 1232 σμίως
1113 1198 1168 1233 (77)
1175 1197 1249 1232 μετὰ
1262 1197 1365 1230 αἰδοῦς
1377 1197 1426 1223 καὶ
1440 1197 1640 1231 σωφροσύνης
1661 1195 1790 1230 κοσμεῖν

996 1243 1114 1277 ἑαυτάς
1127 1243 1169 1279 μὴ
1183 1244 1218 1270 ἐν
1231 1244 1391 1278 πλέγμασι,
1407 1243 1456 1270 καὶ
1473 1242 1591 1278 χρυσῷ,
1612 1243 1631 1276 ἢ
1643 1241 1790 1276 μαργαρί-

996 1299 1070 1323 ταις,
1085 1290 1104 1323 ἣ
1123 1289 1268 1324 ἱματισμῷ
1289 1289 1459 1316 ποιὶυτελεῖι
1483 1289 1551 1316 ἀλλ’
1568 1289 1583 1315 ὃ
1609 1289 1714 1322 πρέπει
1736 1298 1788 1323 γυ-

996 1335 1096 1367 ναιξὶν
1127 1334 1401 1370 ἐπαγγελλομέναις
1425 1334 1594 1361 θεοσέϐειαν
1623 1335 1660 1360 δι’
1691 1334 1787 1369 5pm-

996 1380 1124 1415 ἀγαθῶν.
1140 1381 1195 1406 Καὶ
1218 1381 1232 1406 ὁ
1248 1381 1390 1415 προφήτης
1415 1380 1442 1406 δὲ
1461 1380 1541 1406 Δαυὶδ
1562 1379 1647 1406 πολλὰ
1671 1379 1719 1414 μὲν
1741 1380 1789 1405 καὶ

997 1426 1063 1453 ἄλλα
1077 1427 1158 1462 φησιν
1176 1426 1248 1461 ἔχειν
1260 1426 1405 1461 εὐχόμενον
1424 1425 1469 1452 τὸν
1486 1425 1571 1460 ἅγιον·
1589 1425 1637 1452 καὶ
1653 1425 1740 1452 ταῦτα
1759 1425 1786 1450 δὲ

997 1473 1046 1499 οὐκ
1059 1473 1178 1508 ἀκαίρως
1192 1472 1368 1508 παραθετέον,
1382 1472 1425 1499 ἴνα
1439 1474 1543 1507 φανερὰ
1552 1473 1617 1507 ἡμῖν
1629 1471 1741 1507 γένηται
1753 1470 1788 1497 τὰ

158 1519 242 1545 ιοναυί
260 1519 375 1545 animam
397 1527 493 1552 meam,
514 1519 583 1545 Dens
594 1520 627 1546 ⁵⁸.
653 1518 721 1546 Cum
745 1520 818 1546 enim
847 1519 945 1546 mentis

1014 1519 1114 1552 ιέγιστα
1129 1517 1280 1552 ὠφελοῦσα,
1299 1518 1350 1544 κᾶν
1366 1517 1432 1553 μόνη
1447 1517 1565 1552 νοηθῇ,ὴ
1584 1517 1676 1552 σχέσις
1692 1517 1738 1543 καὶ
1749 1518 1788 1548 εἰς

160 1564 231 1591 oculi
247 1565 286 1591 sic
298 1564 395 1592 elevati
413 1569 475 1592 sunt
489 1570 518 1592 ut
533 1565 589 1600 iam
603 1566 717 1592 terrenis
731 1573 784 1593 non
797 1566 947 1593 immoren-

159 1614 214 1642 tur,
235 1617 284 1638 nec
298 1617 391 1637 eorum
414 1618 473 1645 qua:
494 1611 607 1638 materia
626 1616 773 1644 constant,
803 1612 948 1646 speciebus

159 1656 336 1691 impleantur,
365 1662 482 1692 suntque
507 1659 574 1685 adeo
590 1658 733 1692 sublimes,
760 1664 788 1686 ut
806 1660 946 1694 corrupti-

160 1702 226 1730 bilia
240 1710 355 1738 quaeque
367 1704 529 1738 despiciant,
544 1704 624 1738 eique
638 1705 684 1731 uni
704 1709 801 1732 vacent
814 1709 844 1731 ttt
864 1705 948 1733 Deum

160 1748 291 1783 cogitent,
305 1749 515 1784 audientemque
531 1755 686 1778 reverenter
699 1757 732 1778 ac
747 1751 869 1778 modeste
884 1751 949 1778 allo—

160 1798 307 1828 quantur:
335 1795 429 1828 quidni
459 1795 605 1830 pluritnutn
629 1796 685 1830 jam
713 1796 881 1830 profecerim
908 1797 947 1824 illi

159 1839 244 1873 oculi,
260 1840 373 1867 ret'elata
387 1840 457 1874 faeie
474 1840 587 1874 gloriam
610 1840 718 1867 Domini
742 1842 908 1876 speculantes
924 1847 948 1868 et

161 1887 190 1912 in
216 1887 333 1914 eamdem
352 1887 494 1922 imaginem
518 1886 706 1921 trans/armati
732 1895 748 1913 a
772 1886 894 1914 claritate
922 1889 948 1914 iu

159 1933 358 1960 claritatem"?
385 1932 462 1960 Tunc
485 1934 558 1960 enitn
574 1933 718 1960 divinioris
741 1933 883 1969 cujusdam
909 1933 949 1961 el"-

160 1978 263 2005 iiuxum
281 1978 465 2013 intelligentitu
477 1979 660 2014 participant,
681 1984 710 2006 ut
723 1986 756 2005 cx
774 1979 817 2006 his
838 1979 924 2013 liquet
941 1988 947 2006 :

161 2021 303 2056 Signinum
314 2028 350 2049 est
368 2031 446 2056 super
460 2031 506 2050 nos
519 2023 607 2050 lumen
620 2023 706 2050 vultus
727 2024 776 2056 tui,
791 2024 902 2051 Domine
912 2025 948 2051 σθ.

159 2067 220 2096 lam
240 2077 305 2096 vero
322 2069 411 2095 anima
429 2068 532 2096 elevata
545 2089 553 2102 ,
569 2068 699 2103 Spiritum
720 2074 811 2096 secuta
824 2091 831 2103 ,
851 2078 865 2097 a
887 2078 948 2097 cor-

161 2122 227 2149 pore
236 2119 387 2149 segregata,
402 2122 451 2142 ncc
466 2121 558 2142 secuta
580 2120 684 2143 tantum
699 2115 842 2150 Spiritum,
858 2116 905 2143 sed
921 2121 950 2142 et

162 2161 188 2187 itt
204 2161 292 2196 ipsum
305 2164 408 2187 mtttata
424 2161 507 2195 (quod
524 2161 568 2188 illa
578 2162 676 2188 docent
690 2171 697 2188 :
710 2161 751 2187 Ad
766 2166 789 2188 te
800 2161 881 2188 levavi
895 2162 950 2188 Imi-

999 1565 1029 1591 τὸ
1039 1564 1164 1599 εὔχεσθαι
1183 1564 1345 1599 παρασκευὴ
1359 1563 1405 1590 τοῦ
1420 1564 1625 1595 ἀνατεθεικότος
1643 1563 1738 1590 ἑαυτὸν
1751 1564 1787 1598 τῷ

998 1608 1066 1644 Θεῷ.
1083 1609 1165 1644 Φησὶν
1175 1607 1230 1636 οὖν·
1247 1609 1325 1643 Πρὸς
1340 1608 1377 1635 σὲ
1387 1607 1444 1644 ἦρα
1457 1609 1527 1642 τοὺς
1546 1609 1718 1643 ὀφθαλμούς
1728 1617 1786 1643 μοι·

999 1655 1052 1681 τὸν
1068 1655 1263 1682 κατοικοῦντα
1278 1655 1312 1681 ἐν
1326 1655 1366 1688 τῷ
1379 1655 1507 1689 οιῖψανῷ·
1520 1655 1575 1681 καί·
1588 1654 1667 1688 Πρὸς
1682 1655 1720 1681 σὲ
1732 1653 1787 1689 ἦρα

999 1701 1055 1734 τὴν
1063 1700 1232 1735 ψυχήνμου
1239 1721 1245 1731 ,
1253 1702 1269 1727 ὁ
1278 1700 1553 1734 Θεὸς-Ἐπαιρόμενοι
1561 1701 1615 1735 γὰρ
1623 1700 1648 1725 οἱ
1655 1699 1788 1734 ὀφθαλμοὶ

999 1746 1045 1773 τοῦ
1062 1745 1232 1781 διανοητικοῦ
1250 1746 1304 1772 ἀπὸ
1318 1746 1364 1772 τοῦ
1387 1745 1606 1782 προσδιατρίϐειν
1617 1748 1674 1778 τοῖς
1685 1747 1789 1781 γηῖνοις

1000 1793 1047 1819 καὶ
1061 1791 1230 1828 πληροῦσθαι
1243 1791 1392 1826 φαντασίας
1402 1792 1453 1826 τῆς
1464 1792 1517 1818 ἀπὸ
1532 1792 1586 1818 τῶν
1599 1792 1771 1828 ὑλικωτέρων
1780 1813 1787 1825 ,

1000 1839 1048 1866 καὶ
1062 1839 1108 1865 ἐπὶ
1129 1838 1254 1865 τοσοῦτον
1270 1837 1415 1873 ύψούμενοι
1439 1837 1509 1864 ὥστε
1535 1838 1582 1864 καὶ
1604 1839 1790 1874 ὑπερκύπτειν

1000 1884 1033 1910 τὰ
1043 1883 1159 1918 γεννητὰ
1175 1883 1222 1910 καὶ
1235 1883 1302 1918 πρὸς
1322 1883 1394 1918 μόνῳ
1409 1882 1448 1917 τῷ
1470 1884 1570 1910 ἐννοεῖν
1591 1883 1636 1909 τὸν
1649 1883 1727 1914 Θεὸν,
1741 1885 1789 1910 κὰ-

1001 1929 1082 1965 κείνῳ
1100 1929 1207 1965 σεμνῶς
1226 1929 1274 1955 καὶ
1287 1929 1447 1964 πρεπόντως
1471 1929 1509 1964 τῷ
1537 1929 1663 1956 ἀκούοντι
1687 1929 1788 1965 ὁμιλεῖν

1000 1976 1134 2009 γίνεσθαι,
1149 1975 1207 2007 πῶς
1223 1976 1283 2010 οὐχ).
1298 1976 1332 2002 τὰ
1354 1975 1469 2010 μέγιστα
1491 1976 1541 2011 ἤδη
1561 1976 1670 2011 ὤνησαν
1693 1977 1788 2008 αὐτοῦς

1000 2021 1063 2052 τοὺς
1088 2019 1242 2055 ὀφθαλμοὺς
1258 2020 1312 2055 (78)
1340 2018 1614 2054 ἀνακεκαλυμμένῳ
1642 2019 1789 2054 προσώπῳ

1000 2066 1057 2100 τὴν
1069 2065 1163 2098 δόξαν
1175 2067 1285 2101 Κυρίου
1298 2066 1591 2101 κατοπτριζομένους,
1607 2066 1657 2093 καὶ
1672 2066 1730 2100 τὴν
1741 2067 1790 2093 αὑ-

1001 2113 1166 2146 rip-eludare:
1169 2112 1454 2147 μεταμορφουμένην
1461 2111 1516 2148 (79)
1525 2112 1583 2139 ἀπὸ
1592 2111 1685 2145 δόξης
1695 2113 1738 2144 εἰς
1745 2112 1790 2138 δύο

1001 2160 1076 2192 (far;
1091 2159 1229 2196 ἀπορροῆς
1241 2160 1295 2195 γὰρ
1306 2159 1401 2194 νοητοῦ
1417 2167 1489 2190 τινος
1502 2158 1639 2194 θειοτέρου
1654 2158 1789 2193 μεταλαμ-

160 2214 232 2233 mam
247 2206 358 2241 nteant),
373 2206 477 2241 quidni,
487 2206 608 2240 deposita
623 2208 723 2234 animo:
739 2211 849 2240 natura,
866 2208 948 2242 spiri-

1014 2206 1113 2232 ίὰνουσι
1129 2206 1199 2232 τότε·
1222 2206 1290 2241 ὅπερ
1308 2205 1433 2241 δηλοῦται
1459 2204 1491 2231 ὲκ
1517 2203 1574 2236 τοῦ,
1609 2205 1788 2239 Ἐσημειὼθη

163 2253 244 2279 tualis
256 2252 409 2279 eiliciatur?
422 2252 500 2285 Quod
515 2253 538 2279 si
555 2254 688 2287 praeclara
711 2261 756 2280 res
773 2258 814 2280 est
834 2253 948 2287 injuria-

162 2308 221 2327 rum
234 2299 344 2331 oblivio,
361 2299 430 2327 adeo
444 2304 473 2326 ut
483 2300 573 2327 omnis
588 2300 615 2328 in
628 2309 660 2328 ea
673 2301 716 2328 lex
728 2300 807 2336 quasi
823 2308 950 2334 compen-

161 2347 207 2374 dio
217 2346 392 2373 contineatur
414 2347 490 2382 juxta
518 2347 666 2375 Jeremiam
693 2346 868 2382 prophetam,
887 2353 948 2373 cum

161 2394 201 2421 ait
219 2402 225 2419 :
245 2393 309 2421 Non.
325 2394 380 2421 luvc
399 2394 523 2421 mandavi
541 2394 661 2428 patribus
685 2393 777 2420 vestris
794 2393 950 2420 eaeunlibus

159 2439 192 2466 de
208 2439 342 2474 [Egi/pta,
365 2440 409 2467 sed
427 2440 474 2466 hoc
495 2440 620 2466 ntandavi
636 2448 644 2467 :
667 2439 748 2474 212
762 2438 945 2474 Unusquisque

160 2486 280 2518 proximo
291 2494 339 2512 suo
352 2485 379 2512 in
394 2486 472 2512 corde
488 2486 617 2520 injuria":
631 2494 682 2512 non
694 2484 889 2516 recordetur“;
914 2485 946 2512 ad

160 2532 310 2558 orationem
325 2539 390 2559 vero
407 2540 469 2559 cum
484 2532 642 2567 injuriarum
660 2532 798 2559 oblivione
812 2532 946 2559 acceden-

210 2591 254 2618 ⁸⁵1
272 2591 343 2618 Tim.
359 2592 431 2623 ",8.
480 2591 502 2606 "
545 2587 612 2619 Ibid.
643 2590 671 2620 ς.

160 2634 196 2659 ιν,
214 2627 240 2654 7.
279 2627 299 2642 ⁸⁵
313 2626 414 2654 Jerem.
433 2626 537 2658 “1.29,
554 2626 588 2652 25
602 2633 609 2658 ;
621 2626 704 2654 Zach.
723 2634 770 2658 vit,
787 2626 814 2654 9.

197 2672 252 2714 (75)
273 2674 381 2714 'Qo’lac.
406 2674 452 2701 Sic
478 2675 558 2702 habet
580 2678 664 2701 codex
692 2682 743 2701 ms.
762 2674 852 2702 Editio
877 2675 951 2703 Oxo-

161 2709 274 2741 niensis,
290 2709 387 2741 ὁσίους.

200 2743 255 2778 (76)
274 2744 349 2771 Ἀλλ’
367 2742 410 2776 οἷς
427 2744 551 2777 πρέπον.
566 2744 602 2771 Ita
615 2749 700 2771 codex
719 2752 770 2771 ms.
799 2744 862 2772 Male
884 2753 948 2772 vero

163 2777 251 2816 editio
260 2778 442 2816 Quonieusis,
450 2779 506 2806 ἀλλ’
522 2780 559 2811 ὡς
572 2780 684 2816 πρέπον.

185 2813 256 2853 ,(77)
270 2814 416 2853 Κοσμιῳς.
435 2815 471 2842 lta
490 2816 574 2844 codex
592 2813 642 2843 ius.
665 2815 756 2842 Edilio
769 2819 858 2843 autem
874 2815 945 2843 Oxo-

165 2849 278 2881 niensis,
295 2849 408 2884 κοσμίῳ.

710 2591 753 2619 lO.
791 2591 813 2606 '”
829 2591 900 2618 l’sal.
920 2600 1004 2624 cxxtt,
1024 2593 1048 2620 1.

999 2252 1044 2287 ἐφ’
1058 2251 1137 2287 ἡμᾶς
1150 2252 1183 2278 τὸ
1199 2252 1261 2286 φῶς
1276 2251 1328 2278 τοῦ
1345 2251 1506 2286 προσώπου
1519 2258 1587 2283 σου,
1598 2252 1697 2285 Κύριε.
1708 2252 1787 2286 Rati}

998 2299 1071 2336 ψυχὴ
1087 2299 1115 2326 δὲ
1129 2298 1295 2334 ὲπαιρομένη
1309 2298 1356 2325 καὶ
1369 2298 1408 2333 τῷ
1429 2297 1567 2333 Πνεῦματι
1587 2297 1708 2333 ἑπομένη
1721 2318 1729 2329 ,
1744 2297 1788 2324 τοῦ

1000 2353 1029 2371 τε
1045 2344 1169 2379 σώματος
1182 2343 1351 2379 χωριζομένη
1362 2363 1368 2374 ,
1388 2343 1435 2369 καὶ
1451 2343 1482 2370 οὐ
1500 2343 1580 2378 μόνον
1606 2343 1730 2378 ἑπομένη
1752 2342 1784 2377 τᾷ

1000 2391 1148 2425 Πνεύματι,
1167 2390 1234 2416 ἀλλὰ
1250 2390 1296 2416 καὶ
1309 2390 1337 2416 ὲν
1351 2389 1425 2424 αὐτῷ
1444 2389 1583 2424 γινομένη”
1603 2389 1682 2424 (ὅπερ
1696 2389 1786 2424 δηλοῖμ-

999 2445 1043 2463 ται
1062 2436 1093 2462 ἐκ
1108 2434 1166 2467 τοῦ,
1183 2435 1261 2469 Πρὸς
1285 2435 1322 2462 σὲ
1338 2433 1395 2469 ἦρα
1413 2434 1471 2469 τὴν
1493 2434 1600 2470 ⁴ψὐχήν
1624 2440 1707 2471 μων)
1733 2436 1787 2467 πῶς

1001 2483 1060 2518 οὐχὶ
1071 2483 1120 2518 ἤδη
1131 2481 1314 2517 ἀποτιθεμένη
1325 2481 1355 2507 τὸ
1365 2478 1523 2517 εἷναιψυχὴ,
1534 2483 1706 2517 πνευματικὴ
1718 2482 1786 2516 γίνεσ-

1001 2542 1045 2560 ται
1055 2533 1108 2568 (80)
1118 2540 1125 2563 ;
1135 2533 1166 2558 Et
1174 2532 1202 2558 δὲ
1216 2531 1341 2566 μέγιστόν
1349 2532 1406 2558 ἐστι
1415 2531 1580 2568 κατόρθωμα
1591 2532 1784 2568 ἁμνησικακία,

1095 2592 1118 2608 ⁵⁸
1135 2591 1206 2619 Psal.
1224 2598 1298 2624 μιν,
1311 2591 1338 2618 l.
1376 2591 1397 2606 ⁵⁵
1415 2589 1436 2617 ll
1454 2589 1515 2617 Cor.
1531 2598 1571 2622 tu,
1593 2591 1636 2618 18.
1676 2591 1698 2606 ⁶⁰
1715 2591 1784 2618 Psal.

1010 2701 1013 2704 ,
1041 2674 1096 2709 (78)
1123 2673 1240 2707 Αὐτοὺς
1269 2673 1340 2706 τοὺς
1360 2674 1542 2709 ὀφθαλμούς.
1564 2671 1704 2699 Bentleius
1719 2674 1784 2701 delet

1003 2708 1066 2739 τοὺς
1083 2709 1247 2744 ὀφθαλμούς,
1267 2715 1293 2735 et
1310 2717 1358 2744 pro
1375 2708 1483 2744 αὐτούς,
1499 2709 1564 2742 legit
1579 2710 1701 2741 ἑαυτούς.

1025 2745 1094 2793 ‘09)
1106 2743 1406 2778 Μετὰμορφοιιμέτην.
1419 2743 1491 2770 Idem
1503 2743 1552 2778 legi
1559 2748 1580 2775 ι,
1598 2752 1782 2781 μεταμορφῡυε

1004 2788 1187 2849 μ’ἴὲδῖ.ὶ”ἰιιο.
1205 2815 1221 2842 ι.
1237 2823 1254 2842 ιι
1275 2813 1442 2849 0rigeniun.,
1460 2819 1556 2848 quatst.
1570 2814 1599 2842 6.
