1853 3073
92 117 146 144 ΗΟ

692 112 859 140 LlBE-LLUS
878 112 919 140 DE
936 112 1120 141 ORATIONE.

1667 117 1719 145 l50

93 175 151 209 τὴν
169 174 283 206 δεξιὰν,
297 174 511 208 παραδιδόντος
525 181 556 199 τε
570 172 610 206 τῷ
626 172 723 206 Ἰούδᾳ
730 173 873 207 ῥομφαίαι

996 173 1029 199 ⁷⁸.
1045 172 1150 199 Etenim
1169 172 1315 200 absurdum
1340 176 1382 201 est
1399 180 1462 201 cum
1487 174 1512 201 in
1538 174 1587 201 hac
1602 174 1656 201 vita
1673 182 1720 209 per

93 219 217 254 χρυσῆν
226 228 232 233 ·
246 216 268 252 ᾦ
281 218 430 254 ἐμαρτύρει
442 218 519 249 ἄλλος
536 217 612 252 ἅγιος
627 217 883 254 προκεκοιμηνένος,

93 266 181 300 λέγων
190 274 197 281 ·
224 262 320 297 οὗτός
337 266 422 292 ἐστιν
431 266 447 292 d
456 265 698 299 προσευχόμενος
707 263 807 291 πολλὰ
818 263 885 297 περὶ

92 311 148 338 τοῦ
160 310 249 342 λαοῦ,
259 310 308 336 καὶ
326 309 381 344 τῆς
395 309 481 344 ἁγίας
494 310 619 342 πόλεως.
641 309 782 343 Ἱερεμίας
798 309 814 335 ό
830 308 884 335 τοῦ

95 356 171 383 Θεοῦ
188 355 352 390 προφήτης.
371 356 426 381 Καὶ
446 354 499 389 γὰρ
512 355 621 385 ἄτοπον,
640 354 690 389 τῆς
709 353 834 388 γνώσεως
851 353 884 380 δι’

93 401 228 435 ισόπτρου
252 402 300 427 καὶ
321 402 350 427 ὲν
372 400 513 435 αἰνίγματι
611 399 657 426 ἐπὶ
680 399 727 425 τοῦ
753 398 885 434 παρόντος

93 449 150 479 τοῖς
174 447 259 481 ἀξίοις
283 447 504 482 φανερουμένης,
523 446 581 472 τότε
604 446 632 472 δὲ
652 445 796 481 πρόσωπον
818 444 885 479 πρὸς

94 494 242 530 πρόσωπον
263 493 539 528 ἀποκαλυπτομένης,
564 491 601 527 μὴ
631 491 661 518 τὺ
686 491 815 525 ἀνάλογον
839 491 885 517 καὶ

95 540 143 565 ἐπὶ
166 539 220 565 τῶν
239 539 339 565 λοιπῶν
354 538 458 574 ἀρετῶν
471 540 549 569 νοεῖν,
567 538 626 563 τότε
642 537 743 573 κυρίως
754 537 808 563 τῶν
823 545 886 571 προ-

94 584 386 619 παρασκευασαμένων
405 583 433 609 ὲν
454 583 493 617 τῷ
513 582 561 618 βίῳ
580 582 666 617 τούτῳ
682 581 884 616 τελειουμὲνων.

93 628 153 654 Μία
177 627 205 653 δὲ
229 627 403 661 κυριωτάτων
422 627 526 662 ἀρετῶν
549 626 618 653 κατὰ
640 626 686 652 τὸν
713 626 783 653 θεῖον
808 625 886 659 λόγον

95 673 172 698 ἐστὶν
187 673 204 707 ἡ
219 672 286 708 πρὸς
296 671 342 698 τὸν
359 672 472 706 πλησίον
487 670 595 706 ἀγάπη,
618 671 651 706 ἢν
674 671 764 706 πολλῷ
786 670 885 706 μᾶλλον

95 721 240 754 προσεῖναι
256 720 312 750 τοῖς
335 718 596 754 προκεκοιμημένοις
622 718 709 752 ἁγίοις
733 711 885 753 πρὸςίτοὺς

95 766 126 791 ἐν
141 764 192 799 βίῳ
205 764 429 803 ἀγωνίζομένους,
441 764 588 797 ἀναγκαῖον
604 765 684 796 νοεῖν,
694 763 767 799 παρὰ
780 763 842 795 τοὺς
857 764 885 789 ἐν

95 811 130 845 τῇ
145 810 304 846 ἀνθρωπίνῃ
319 809 445 844 ἀσθενείᾳ
459 809 654 844 τυγχάνοντας,
674 809 720 835 καὶ
738 817 886 844 συναγωνι-

96 855 229 891 ζομένους
241 857 296 887 τοῖς
312 855 515 891 ὑποδεεστέροις
525 863 531 869 ·
550 855 579 881 οὺ
602 855 680 890 μόνον
698 854 814 881 ἐνταῦθα
827 854 883 885 τοῦ,

96 902 133 927 El
143 901 254 934 πάσχει
258 900 351 935 μέλος
361 899 583 934 ἐφ’,συμπάσχει
592 898 689 927 πάντα
696 900 731 926 τὰ
738 901 826 934 μέλη,
837 901 885 927 καὶ

97 946 124 971 ει
140 944 293 976 δοξάζεται
306 944 400 979 μέλος
413 945 457 976 ἒν,
470 946 624 980 συγχαίρει
634 946 732 972 πάντα
748 946 783 972 τὰ
796 945 884 979 μέλη,

97 991 157 1020 τοῖς
177 990 346 1025 φιλαδέλφοις
369 991 557 1026 ἐγγινομένου·
578 991 681 1026 πρέπον
693 991 746 1026 γάρ
764 992 820 1017 ἐστι
841 991 887 1017 καὶ

97 1037 132 1070 τῇ
149 1035 204 1062 τῶν
222 1035 274 1068 ἔξω
290 1036 339 1071 τῆς
350 1037 490 1072 παρούσης
506 1036 578 1072 ζωῆς
598 1037 691 1072 ἀγάπῃ
706 1036 795 1070 λέγειν
812 1036 865 1072 (96)
879 1045 885 1051 ·

105 1082 142 1107 ’11
152 1081 280 1116 μέριμνα
297 1083 403 1109 πασῶν
417 1082 477 1109 τῶν
492 1083 661 1116 ἐκκλησιῶν
670 1091 676 1097 ·
695 1083 741 1115 Τίς
755 1082 886 1115 ἀσθενεῖ,

99 1126 150 1152 καὶ
167 1127 223 1152 οὐκ
231 1126 359 1158 deder-<1);
380 1127 427 1160 Τίς
440 1126 678 1159 σκανδαλίζὶςται,
697 1127 746 1154 καὶ
760 1128 815 1153 οὐκ
831 1125 888 1161 ἐγὼ

98 1172 251 1206 πυροῦμαι
274 1181 281 1205 ;
305 1173 359 1199 Καὶ
383 1173 468 1199 ταῦτα
490 1173 536 1200 τοῦ
558 1172 676 1209 Χριστοῦ
695 1172 888 1208 ὁμολογοῦντος

99 1217 164 1244 καθ’
191 1217 306 1244 ἕκαστον
336 1218 390 1245 τῶν
419 1218 601 1245 ἀσθενούντων
628 1219 711 1253 ἁγίων
744 1218 885 1245 ἀσθενεῖν·

99 1261 204 1296 ὁμοίως
226 1263 272 1288 καὶ
292 1263 320 1288 ἐν
343 1263 447 1298 φυλακῇ
463 1261 532 1290 εἶναι
544 1284 551 1295 ,
569 1263 614 1289 καὶ
637 1261 889 1298 γυμνιίεεύεινμξενι-

99 1309 192 1335 τεύειν
209 1317 238 1335 τε
253 1309 299 1335 καὶ
315 1310 420 1345 πεινᾷν,
432 1309 479 1335 καὶ
495 1309 573 1344 διψᾷν
584 1317 590 1324 ’
606 1310 648 1340 τίς
663 1309 718 1344 γὰρ
731 1309 822 1343 ἀγνοεῖ
834 1308 888 1335 τῶν

100 1354 320 1388 ἐντυγχανόντων
344 1354 384 1390 τῷ
402 1354 560 1390 Εὐαγγελίῳ
585 1356 616 1390 τῇ
643 1355 684 1388 ἐφ’
710 1355 804 1381 ἑαυτὸν
824 1354 889 1380 ἀνα-

101 1401 174 1436 φορᾷ
189 1400 243 1426 τῶν
261 1399 460 1435 συμϐαινόντων
476 1402 530 1431 τοῖς
545 1399 701 1427 πιστεύουσι
717 1399 888 1435 λογιζόμενον

101 1447 148 1472 τὸν
163 1446 279 1482 Χριστὸν
294 1447 347 1473 tam
362 1444 432 1473 εἶναι
443 1446 610 1482 amomum;
626 1447 657 1473 Ol
668 1446 696 1472 δὲ
704 1446 822 1481 ἄγγελοι
833 1446 887 1481 (97)

936 216 1072 252 speculum
1089 221 1193 243 tantum
1209 221 1235 244 ct
1248 218 1275 243 in
1293 217 1439 253 muigmate
1452 218 1540 246 sancti
1556 219 1678 252 videam,
1693 219 1719 246 itt

936 262 1024 288 futura
1040 267 1129 289 autem
1150 261 1219 290 facie
1233 263 1266 289 ad
1283 263 1378 290 faciem
1394 264 1447 291 sint
1459 264 1559 296 visuri,
1577 272 1631 292 non
1648 265 1719 292 idem

931 307 1111 341 proportione
1132 308 1248 341 quadam
1263 308 1296 335 de
1311 307 1424 342 reliquis
1438 309 1596 336 existimare
1611 309 1721 337 virtuti-

936 353 996 384 bus,
1010 353 1127 380 maxime
1139 360 1199 380 cum
1213 353 1247 380 ibi
1265 352 1441 387 perﬁciantur
1454 361 1512 389 qua:
1527 361 1722 390 comparantur

936 398 962 424 itt
976 398 1028 426 hac
1041 399 1106 425 vita.
1118 398 1175 426 Una
1192 403 1282 426 autem
1298 406 1313 426 e
1331 399 1475 433 prtecipuis
1488 400 1633 428 virtutibus
1644 401 1720 435 juxta

936 444 1056 470 divinum
1074 451 1228 471 sermonem
1240 448 1281 471 est
1290 444 1409 471 charitas
1425 444 1450 470 in
1465 445 1627 479 proximum,
1639 453 1720 480 quam

936 489 954 515 ii
976 489 1020 524 qui
1041 489 1096 522 jam
1123 489 1291 516 dormierunt
1313 489 1400 515 sancti
1428 489 1512 516 tnulto
1529 490 1615 525 magis
1631 490 1658 517 in
1673 498 1721 518 eos

936 536 980 569 qui
999 536 1025 561 in
1043 535 1097 561 vita
1113 534 1241 566 militant,
1266 534 1367 561 habere
1385 535 1496 569 putandi
1513 539 1586 567 sunt,
1603 543 1683 569 quam
1703 536 1721 562 ii

935 582 981 616 qui
996 582 1144 608 etiamnum
1160 581 1186 607 in
1203 581 1321 608 humana
1337 586 1400 608 sunt
1418 581 1577 608 inﬁrmitate
1599 581 1722 608 imbecil-

937 628 1088 662 liurumqne
1104 634 1222 662 pugnant
1242 626 1369 661 adjuvant
1383 634 1391 659 ;
1409 634 1495 661 nequc
1515 627 1587 654 enim
1603 627 1647 654 hic
1663 631 1723 653 tan-

938 679 992 701 tum
1011 673 1075 700 illud
1100 681 1148 708 per
1164 672 1312 700 fraternam
1329 673 1488 700 charitatctn
1511 673 1640 708 impletur
1661 682 1668 701 :
1692 673 1722 701 Si

936 719 999 754 quid
1021 719 1122 754 patitur
1146 726 1226 745 unum
1246 721 1409 751 membrum,
1422 719 1619 753 compatiuntur
1633 720 1722 745 omnia

936 765 1071 797 membra;
1086 766 1139 792 sive
1154 765 1284 800 gloriatur
1300 772 1381 790 unum
1392 765 1546 797 membrum,
1556 765 1722 800 congaudent

939 811 1027 837 omnia
1043 811 1157 837 membra
1173 811 1215 843 ’9;
1236 818 1298 837 nam
1314 815 1340 837 et
1357 818 1451 838 eorum
1469 811 1547 838 decet
1561 811 1720 838 charitatcm

938 858 1027 892 quiex
1047 857 1096 883 hac
1112 857 1165 883 vita
1177 860 1355 883 excesserunt
1368 856 1457 883 dicere
1471 865 1478 883 :
1493 855 1650 883 Sollicitudo
1666 865 1723 883 om-

938 903 1010 929 nium
1024 901 1213 928 Erclesiarum.
1231 901 1296 933 Quis
1312 901 1480 935 inﬁrmatur,
1499 906 1522 928 et
1541 910 1587 936 ego
1608 910 1659 928 non
1679 903 1722 928 in-

937 948 1050 982 ﬁrmor?
1072 947 1131 981 quis
1156 947 1372 981 scandalizatur,
1394 951 1418 974 et
1440 955 1487 982 ego
1516 955 1567 974 non
1589 955 1653 974 uror
1672 947 1695 963 ⁸⁸
1713 947 1725 974 2

937 994 1056 1020 maxime
1073 1000 1134 1020 cum
1150 992 1275 1019 Christus
1289 992 1427 1027 professus
1450 992 1486 1020 sit
1506 993 1533 1018 in
1558 993 1680 1027 quolibet
1693 1000 1722 1019 se

938 1042 1091 1066 sanctorum
1108 1038 1217 1065 inﬁrmo
1230 1037 1368 1064 inﬁrmum
1381 1044 1458 1069 esse;
1475 1037 1633 1072 pariterque
1650 1042 1678 1065 et
1693 1038 1720 1064 in

939 1092 1050 1112 carcere
1068 1092 1127 1112 esse
1139 1089 1167 1111 et
1181 1084 1281 1110 nttdum
1295 1087 1323 1110 et
1335 1083 1468 1117 hospitem
1485 1088 1512 1110 et
1527 1083 1632 1112 esurire
1644 1088 1671 1111 et
1687 1086 1724 1111 si-

940 1132 1002 1157 tire.
1017 1130 1082 1164 Quis
1094 1130 1166 1158 enim
1184 1130 1309 1164 ignorat,
1326 1129 1372 1164 qui
1395 1129 1475 1156 modo
1489 1129 1663 1164 Evangelium
1682 1130 1722 1158 le-

938 1177 1018 1210 gerit,
1036 1176 1069 1203 ad
1085 1183 1114 1203 se
1130 1176 1232 1203 referre
1245 1175 1455 1209 Christumque:
1468 1175 1642 1202 credentibus
1653 1177 1725 1203 acci-

938 1222 1006 1250 dunt
1020 1226 1047 1248 et
1061 1221 1168 1256 propria
1185 1220 1334 1255 reputare?
1350 1220 1378 1247 Si
1392 1221 1477 1254 angeli
1495 1221 1539 1248 Dei
1559 1227 1724 1248 accesserunt

939 1268 971 1294 ad
985 1266 1094 1299 Jesum,
1114 1271 1138 1293 et
1159 1266 1345 1293 ministrabant
1358 1266 1437 1299 ei“;
1458 1273 1508 1294 nec
1532 1267 1583 1293 hoc
1601 1267 1725 1294 ministe—

939 1314 1013 1340 rium
1039 1313 1073 1339 ad
1099 1312 1180 1340 breve
1196 1316 1301 1346 tempus
1323 1319 1459 1345 corporea:
1473 1312 1572 1339 Christi
1590 1313 1660 1339 inter
1673 1312 1725 1340 lto-

939 1357 1025 1384 tnines
1042 1356 1257 1384 conversationis
1269 1376 1277 1388 ,
1297 1361 1324 1384 et
1341 1364 1402 1384 cum
1416 1357 1505 1384 adhuc
1522 1362 1582 1384 erat
1595 1357 1621 1384 in
1636 1358 1727 1385 medio

939 1402 1115 1434 credentium,
1133 1409 1186 1430 non
1202 1403 1465 1434 utrecumbens,sed
1479 1407 1508 1429 ut
1522 1403 1723 1436 ministram",

940 1450 1052 1484 angelos
1065 1449 1226 1484 praestitisse
1240 1449 1386 1484 putandum
1399 1453 1457 1476 est:
1473 1454 1538 1484 quot
1552 1449 1662 1484 angelos
1676 1456 1724 1476 ve-

101 1492 157 1519 τοῦ
186 1491 260 1518 Θεοῦ
284 1492 501 1525 προσελθόντες
533 1491 574 1524 τῷ
601 1491 699 1525 Ἰησοῦ
728 1492 873 1526 διηκόνοικ

987 1494 1056 1521 ηιιὶίίθ
1075 1497 1117 1520 est
1142 1493 1193 1527 ipsi
1216 1493 1343 1527 colligere
1362 1492 1432 1520 ﬁlios
1456 1493 1538 1520 Israel
1565 1492 1722 1526 singillatim

102 1537 194 1570 αὐτῷ,
211 1538 259 1564 καὶ
273 1537 309 1572 μὴ
331 1537 436 1573 πρέπον
451 1537 524 1563 ἐστὶν
542 1538 616 1572 ἡμᾶς
630 1537 698 1571 πρὸς
715 1537 804 1571 ὀλίγον
817 1539 887 1564 νοεῖν

102 1583 246 1617 γεγονέναι
262 1583 311 1618 τὴν
325 1583 378 1608 τῶν
394 1582 515 1617 ἀγγέλων
535 1583 602 1618 πρὸς
616 1583 661 1609 τὸν
686 1582 788 1618 Ἰησοῦν
803 1583 890 1609 διακο-

102 1628 165 1655 νίαν
177 1648 184 1660 ,
200 1628 249 1663 τῆς
265 1628 422 1663 σωματικῆς
445 1627 527 1655 αὐτοῦ
545 1627 620 1664 παρὰ
634 1627 786 1663 ἀνθρώποις
801 1628 890 1663 ἐπιδη-

104 1673 188 1708 μίας,
213 1674 260 1700 tta.)
283 1674 364 1700 αὑτοῦ
385 1673 424 1699 ἔτι
441 1674 470 1700 ἐν
487 1674 561 1708 μέσῳ
574 1673 628 1700 τῶν
646 1673 825 1700 πιστευόντων
841 1674 889 1708 οὺχ

103 1719 143 1750 ὡς
157 1719 345 1754 ἀνακειμένου,
359 1719 415 1746 ἀλλ’
437 1719 474 1751 ὡς
498 1719 682 1751 διακονοῦντος
693 1727 700 1735 ο
719 1720 817 1751 πόσους
835 1719 889 1755 (98)

104 1764 182 1796 εἰκὸς
198 1763 340 1798 ἀγγέλους,
355 1764 545 1797 διακονοῦντας
567 1765 606 1800 τῷ
627 1765 712 1800 Ἰησοῦ
738 1764 890 1800 βουλομένῳ

105 1809 236 1844 συνάγειν
249 1811 312 1841 τοὺς
324 1810 398 1842 υἱοὺς
416 1811 524 1847 Ἰσραὴλ
536 1811 606 1838 κατὰ
617 1812 665 1838 ἕνα
680 1811 728 1838 ἕνα
743 1811 789 1838 καὶ
804 1811 892 1846 ἀθροί-

105 1856 165 1888 ζειν
185 1857 248 1887 τοὺς
267 1856 320 1883 ἀπὸ
342 1856 392 1891 τῆς
407 1856 570 1892 διασπορᾶς,
589 1857 651 1888 τούς
666 1866 696 1883 τε
711 1857 891 1892 φοϐουμένους

105 1902 154 1928 καὶ
169 1902 399 1937 ἐπικαλουμένους
414 1902 537 1934 σώζοντι,
563 1903 661 1938 μᾶλλον
671 1903 724 1929 τῶν
736 1903 892 1930 ἀποστόλων

107 1949 249 1983 συνεργεῖν
265 1950 297 1983 τῇ
313 1948 424 1984 αὐξήσει
439 1949 486 1975 καὶ
497 1948 536 1984 τῷ
552 1948 701 1983 πληθυσμῷ
712 1949 762 1984 τῆς
783 1949 893 1984 Ἐκκλη-

108 1995 180 2026 σίας,
194 1994 232 2026 ὡς
244 1995 290 2021 καὶ
311 1994 483 2029 προεστῶτας
496 2002 572 2026 τινας
590 1994 644 2020 τῶν
668 1994 832 2030 Ἑκκλησιῶν
845 1995 893 2029 ἀγ-

106 2041 204 2076 γέλους
212 2041 339 2076 λέγεσθαι
350 2042 424 2077 παρὰ
432 2041 470 2076 τῷ
477 2042 587 2078 Ἰωάννῃ
595 2043 623 2068 ἐν
675 2043 874 2077 Ἀποκαλύψει
884 2051 893 2074 ;

108 2085 149 2114 Οὐ
166 2087 221 2122 γὰρ
246 2087 333 2121 μάτην
347 2087 371 2113 οἱ
386 2087 494 2121 ἄγγελοι
514 2087 561 2114 τοῦ
578 2087 642 2114 Θεοῦ
661 2088 832 2115 ἀναϐαίνουσι
848 2089 894 2116 καὶ

108 2132 304 2160 καταϐαίνουσι
323 2132 370 2159 ἐπὶ
383 2132 426 2159 τὸν
443 2133 506 2159 Υἱὺν
518 2132 565 2159 τοῦ
584 2133 726 2168 ἀνθρώπου
737 2155 744 2165 ,
762 2134 894 2170 ὁρώμενοι

939 1540 1040 1567 volenti
1059 1544 1086 1567 et
1106 1547 1154 1567 eos
1170 1546 1338 1574 congregare
1359 1538 1402 1572 qui
1417 1546 1451 1565 ex
1464 1537 1631 1572 dispersione
1646 1541 1720 1569 sunt,

940 1585 1117 1620 servantique
1130 1585 1256 1613 timentes
1270 1589 1351 1619 atque
1373 1583 1545 1614 invocantes,
1566 1582 1724 1610 ministrare

940 1637 968 1659 et
989 1631 1106 1666 amplius
1127 1631 1208 1657 etiam
1225 1637 1305 1664 qttam
1331 1629 1469 1663 apostolos
1489 1627 1659 1655 collaborare
1674 1635 1724 1654 au-

941 1675 1034 1711 gendae
1055 1675 1183 1703 Ecclesiae
1198 1677 1226 1701 et
1239 1674 1467 1708 multiplicandae;
1484 1673 1552 1700 adeo
1567 1677 1597 1700 ut
1613 1673 1725 1708 angelos

940 1722 1068 1750 Ecclesiis
1089 1723 1221 1756 quosdam
1244 1727 1360 1755 praeesse
1381 1719 1498 1747 Joannes
1513 1719 1539 1746 in
1564 1718 1726 1754 Apocalypsi

941 1768 1069 1796 dicat"?
1084 1768 1173 1802 Neque
1187 1767 1259 1795 enim
1285 1767 1386 1793 frustra
1404 1765 1492 1800 angeli
1509 1765 1556 1791 Dei
1573 1765 1725 1792 ascendunt

943 1822 970 1842 et
986 1814 1155 1843 descendunt
1176 1820 1258 1848 super
1281 1812 1378 1839 Filium
1393 1811 1510 1838 hominis
1525 1810 1568 1843 ⁸⁸,
1586 1810 1728 1837 illustratio

942 1863 1063 1891 scientiae
1083 1862 1143 1889 luce
1156 1861 1242 1888 oculis
1256 1859 1402 1895 perspicui.
1422 1858 1461 1885 Illi
1485 1858 1567 1893 igitur
1583 1858 1640 1892 ipso
1661 1865 1727 1884 ora-

943 1909 1025 1936 tionis
1051 1911 1191 1942 tempore,
1207 1905 1241 1932 ab
1264 1913 1297 1932 eo
1311 1905 1356 1939 qui
1382 1909 1443 1931 orat
1456 1905 1554 1939 quibus
1578 1904 1636 1938 ipse
1657 1903 1730 1930 indi-

943 1959 1005 1990 geat
1020 1953 1161 1986 admoniti,
1177 1958 1237 1986 quae
1251 1954 1372 1984 possunt,
1385 1950 1466 1977 veluti
1479 1949 1599 1984 generali
1615 1954 1727 1983 accepto

945 2000 1081 2031 mattdato,
1094 1998 1248 2033 perﬁciunt.
1264 1996 1399 2023 Utendum
1414 1997 1496 2023 etiam
1505 1995 1636 2029 ejusmodi
1650 1995 1728 2021 sinti-

944 2045 1058 2072 litudine
1070 2051 1124 2078 quo
1138 2044 1339 2071 demonstretur
1356 2041 1441 2077 magis
1456 2041 1521 2076 quid
1535 2040 1726 2075 intelligamus.

945 2091 1094 2126 Fingamus
1114 2095 1216 2124 aegroto
1235 2097 1284 2124 pro
1306 2088 1393 2116 salute
1411 2085 1567 2118 deprecanti
1594 2084 1727 2112 medicum

947 2135 1160 2171 adessejuslititc
1171 2136 1322 2162 studiosum
1333 2143 1340 2160 :
1352 2133 1484 2160 scientem
1492 2132 1574 2159 etiam
1586 2139 1639 2165 qtto
1652 2137 1730 2164 pacto

108 2180 167 2210 τοῖς
180 2178 220 2214 τῷ
235 2178 303 2212 φωτὶ
319 2178 367 2214 τῆς
377 2177 502 2212 γνώσεως
514 2179 726 2214 πεφωτισμένοις
736 2168 873 2216 ὀφθαλμοῖς

987 2168 1189 2215 ιιιειιῖοροιιοοι
1204 2180 1310 2212 morbo,
1324 2179 1402 2214 cujus
1418 2185 1499 2206 causa
1514 2177 1559 2204 ilic
1577 2176 1657 2212 215
1671 2176 1732 2203 fun—

109 2225 167 2252 Καὶ
182 2224 247 2260 παρ’
266 2224 347 2250 αὑτὸν
359 2223 404 2250 οὖν
418 2224 463 2251 τὸν
479 2224 572 2260 καιρὸν
583 2225 633 2260 τῆς
647 2225 727 2261 εὐχῆς
744 2226 895 2262 ὑπομιμνη-

111 2270 240 2304 σκόμενοι
257 2269 310 2296 ὑπὸ
323 2269 369 2295 τοῦ
386 2269 531 2304 εὐχομένου
548 2267 585 2297 ὧν
602 2271 684 2297 δεῖται
706 2272 720 2298 ό
739 2272 893 2307 εὐχόμενος,

110 2316 128 2343 ἆ
147 2315 274 2342 δύνανται
290 2315 328 2347 ὡς
353 2315 498 2351 καθολικὴν
514 2316 653 2351 εἰληφότες
675 2317 782 2353 ἐντολὴν
810 2319 896 2345 ἐπιτε-

110 2362 197 2388 λοῦσι.
213 2361 351 2397 Χρηπέον
366 2361 398 2396 δὴ
417 2361 499 2388 εἰκόνι
520 2362 572 2388 τινὶ
586 2362 697 2398 τοιαύτῃ
709 2364 749 2394 είς
760 2363 804 2389 τὸν
819 2364 896 2397 λόγον

111 2405 206 2432 τοῦτον
217 2405 285 2440 πρὸς
292 2404 322 2431 τὺ
333 2413 369 2431 πσ
374 2404 530 2440 ραδέξασθαι
539 2406 591 2440 (99)
605 2407 635 2433 τὸ
646 2407 805 2443 νενοημένον
819 2410 894 2444 ἡμῖν.

112 2450 244 2486 Παρέστω
262 2459 304 2482 τις
321 2449 411 2486 ἰατρὸς
427 2450 597 2486 δικαιοσύνης
616 2453 801 2491 πεφροντικὼς
821 2455 896 2489 εὐχο-

149 2522 173 2537 ⁷³
186 2521 206 2548 ll
223 2521 293 2548 illac.
318 2529 363 2556 xv,
380 2521 423 2548 ll.
452 2520 476 2536 7’
489 2519 497 2546 Ι
511 2521 573 2548 Cor.
585 2529 638 2554 ιιιι,
651 2522 696 2549 26.
734 2524 757 2539 ¹¹⁰
771 2523 791 2550 ll
801 2524 863 2551 Cor.
879 2532 919 2556 xi,
935 2523 980 2552 58.
1019 2524 1041 2540 ⁸¹
1057 2523 1151 2551 Matth.
1167 2531 1205 2555 tv,
1223 2523 1266 2550 Η.

113 2556 187 2583 ilet
200 2564 217 2582 ιι
244 2559 270 2583 1.
309 2556 332 2571 ⁸⁵
346 2555 423 2583 Jaan.
440 2564 458 2589 t,
473 2555 517 2583 32.

151 2625 208 2661 (95)
234 2627 396 2660 Αἰνίγματι.
423 2625 468 2652 Sic
501 2625 582 2652 habet
612 2626 700 2661 codex
728 2632 779 2651 ms.
812 2624 899 2661 Edilio

115 2659 205 2688 auletti
222 2659 402 2692 Olonicnsis,
430 2660 580 2694 αἰνίγμασι.
612 2659 711 2686 Ibidem
733 2661 788 2691 τοῖς
805 2659 898 2692 ἀξίοις,

117 2697 250 2723 Dutninus
264 2695 394 2722 Claudius
411 2693 512 2729 Fleury’
523 2695 639 2729 legebat,
656 2695 820 2728 τοῖςὰγίοις.

151 2731 207 2766 (96)
230 2730 296 2757 Post
313 2730 424 2766 verbum
449 2730 538 2766 λέγειν
552 2749 560 2760 ,
585 2730 667 2766 editio
681 2729 843 2766 Oxruniettsis
858 2729 900 2766 in-

117 2763 160 2793 Ira'
177 2763 262 2792 uncos
283 2765 384 2794 habet,
406 2764 423 2798 ἡ
442 2764 617 2796 ὲπισύστασίς
636 2773 684 2799 μου
710 2765 726 2799 ή
747 2763 807 2790 καθ’
829 2763 899 2798 ὴμέ-

117 2809 174 2837 ραν.
190 2802 244 2828 Scd
261 2800 326 2827 illutl
342 2807 402 2826 cum
419 2799 487 2837 absit
506 2800 539 2826 ab
555 2800 679 2834 ()rigeuis
695 2799 789 2827 codice
803 2806 899 2825 mattu-

115 2834 226 2872 seripto,
243 2843 259 2863 e
277 2840 353 2863 textu
368 2834 559 2872 expunximus.

949 2228 988 2254 dit
1003 2234 1107 2261 preces.
1126 2226 1298 2260 Perspicuum
1322 2229 1363 2252 est
1380 2231 1441 2252 cum
1467 2224 1499 2250 ad
1517 2223 1589 2249 illum
1608 2223 1653 2257 qui
1670 2227 1732 2249 mat

948 2273 1098 2300 sattattdunt
1126 2271 1268 2304 impulsum
1290 2270 1344 2303 iri,
1372 2270 1557 2303 suspicantem
1585 2267 1654 2295 forte
1678 2275 1732 2294 tton

949 2327 1028 2351 vane,
1042 2319 1094 2346 hoc
1109 2318 1195 2353 ipsum
1209 2316 1264 2344 Deo
1279 2316 1306 2342 in
1320 2315 1411 2342 animo
1422 2321 1494 2346 esse,
1512 2321 1573 2340 cum
1587 2313 1657 2340 illius
1673 2320 1733 2346 pre-

950 2372 995 2392 ces
1016 2364 1168 2391 cxaudierit
1191 2362 1236 2397 qui
1258 2369 1273 2388 a
1296 2364 1390 2388 morbo
1408 2360 1519 2387 liberari
1533 2359 1662 2394 postulat.
1680 2358 1734 2384 Ant

951 2418 1044 2437 eorutn
1062 2409 1161 2444 aliquis
1172 2408 1217 2442 qui
1236 2409 1315 2434 rebus
1328 2407 1360 2433 ad
1373 2406 1456 2432 vitattt
1472 2404 1635 2432 necessariis
1650 2403 1734 2430 abun-

951 2456 1035 2487 dant,
1066 2454 1142 2488 isque
1167 2454 1299 2485 liberalis,
1320 2452 1445 2487 pauperis
1468 2449 1618 2477 orationem
1644 2449 1735 2475 audiat

1305 2521 1328 2537 ⁸³
1343 2521 1408 2548 an.
1421 2527 1489 2552 χχιι,
1504 2519 1549 2545 27.
1587 2517 1701 2551 “Apoc.
1714 2525 1734 2550 ι,

986 2624 1040 2659 (97)
1056 2625 1088 2650 οι
1104 2622 1138 2649 δὲ
1149 2622 1278 2657 ἄγγελοι.
1303 2621 1374 2656 Lego
1387 2620 1589 2653 ctthentleio,
1601 2621 1625 2648 εἰ
1642 2620 1670 2647 δὲ
1684 2621 1733 2655 ἅγ-

970 2659 1034 2685 ελοι.

951 2667 1185 2730 75851160qu
1205 2691 1250 2730 §ic
1265 2691 1433 2730 recteltabet
1447 2690 1531 2717 codex
1550 2698 1600 2717 ms.
1617 2699 1623 2722 ;
1642 2697 1736 2724 perpe-

951 2725 1011 2755 rant
1026 2725 1089 2754 vero
1105 2728 1188 2753 editio
1203 2725 1377 2755 Oxoniensis,
1393 2725 1478 2759 πόσῳ.

989 2762 1044 2797 (99)
1060 2760 1296 2795 Παραδέξασθαι.
1320 2759 1358 2797 Ita
1373 2760 1482 2792 quidem
1508 2759 1638 2797 scriptum
1654 2766 1692 2785 εει
1712 2760 1736 2786 in

953 2794 1046 2824 codice
1072 2794 1272 2830 tnanuscripto,
1296 2795 1342 2821 sed
1366 2801 1471 2830 sensus
1490 2794 1627 2828 postulat,
1650 2802 1738 2830 παρα-

952 2830 1100 2864 δείξασθαι,
1117 2836 1147 2858 ut
1162 2828 1274 2865 scripsit
1287 2830 1376 2858 editor
1387 2828 1560 2857 Olonicnsts.
