1853 3073
63 99 111 127 ὅῦὂ

632 103 799 133 LIBELLUS
819 105 863 132 DE
881 106 1068 135 ()RATIONE.

1641 112 1695 140 154

63 156 132 184 ἐστιν
145 156 179 183 ἐκ
197 157 251 183 τῶν
266 158 337 185 κατὰ
351 158 395 185 τὸν
410 158 683 195 Δανιὴλ,τηλικούτου
698 162 829 198 ἐπηρτημη

907 165 977 192 riora
1001 171 1028 192 ut
1049 171 1134 192 oraret
1153 166 1222 193 circa
1241 167 1332 194 horam
1354 172 1472 201 sextam,
1493 177 1554 196 eum
1573 170 1640 197 vidit
1661 179 1696 198 ex

62 211 104 229 νου
119 202 195 237 αὐτῷ
212 203 344 236 κινδύνου,
356 204 512 239 εὐχόμενον,
526 206 585 241 τρὶς
601 206 651 241 τῆς
664 208 778 244 ἡμέρας.
797 210 852 236 Καὶ

62 249 74 274 ὁ
88 248 191 284 Πέτρος
203 249 232 274 δὲ
245 249 415 276 ἀναόαίνων
427 251 471 283 εἰς
484 251 517 277 τὸ
529 251 612 286 δῶμα
623 252 680 286 τὴν
696 253 786 287 ἕκτην
795 254 851 290 (10)

64 294 295 328 προσεύξασθαι,
319 295 369 322 ὅτε
393 297 443 323 καὶ
464 296 525 331 ὥρα
546 297 601 333 (11)
625 298 658 324 τὸ
677 298 710 331 ἐξ
722 300 851 333 οὐρανοῦ

64 340 236 374 καθιέμενον
250 341 361 375 σκεῦος
376 342 515 376 τέτρασιν
533 343 555 378 (1
561 344 588 379 2)
603 343 710 378 ἀρχαῖς
720 345 853 380 καθιέμε-

63 395 122 417 νον,
137 386 287 422 παρίστησι
304 388 354 424 τὴν
372 388 458 424 μέσην
473 389 526 415 τῶν
541 389 625 425 τριῶν
638 390 720 426 εὐχὴν
735 391 784 426 τὴν
799 391 852 426 πρὸ

63 432 138 459 αὑτοῦ
153 433 201 460 καὶ
217 434 293 470 παρὰ
306 435 353 461 τοῦ
369 435 451 461 Δαυὶό
468 434 524 471 (15)
540 435 689 471 λεγομένην
700 444 706 451 ·
727 436 763 463 Τὸ
777 437 853 471 πρωῒ

63 480 223 514 εισακούσῃ
251 480 306 515 τῆς
320 481 494 515 προσευχῆς
515 490 589 516 μου·
611 481 644 508 τὸ
661 482 737 516 πρωῒ
757 489 851 516 παρα-

61 525 208 560 στήσομαι
225 534 275 553 σοι
296 527 346 554 καὶ
359 527 525 562 ἐπόψομαι·
548 528 595 554 καὶ
618 528 668 563 τῆς
691 529 850 561 τελευταίας

61 571 223 607 δηλουμένης
252 573 296 600 διὰ
321 573 384 599 τοῦ·
408 574 556 607 Ἔπαρσις
576 574 635 601 τῶν
661 574 769 609 χειρῶν
788 583 848 609 μου

61 617 145 644 θυσία
157 618 315 652 ἑσπερινή.
340 618 409 645 Ἀλλ’
425 619 485 645 οὐδὲ
504 620 549 646 τὸν
567 620 617 654 τῆς
640 619 737 652 νυκτὸς
753 620 848 656 καιρὸν

60 663 137 698 χωρὶς
148 663 254 699 ταύτης
263 664 313 700 τῆς
328 664 409 700 εὐχῆς
423 665 596 700 καθηκόντως
607 666 767 701 διανύσομεν
780 666 847 702 (My),

59 708 101 734 τοῦ
128 709 177 744 μὲν
200 710 284 736 Δαυὶδ
308 710 446 744 λέγοντος·
476 712 680 738 Μεσονύκτιον
706 712 851 746 ἐξεγειρό-

904 211 967 237 cazlo
981 211 1138 238 descendens
1155 220 1200 239 vas
1221 218 1332 247 quatuor
1354 214 1436 242 initiis
1452 215 1619 249 submitti”;
1635 224 1693 244 nte-

904 256 976 283 diam
988 264 1002 284 e
1016 257 1103 285 tribus
1117 258 1267 286 orationem
1279 260 1388 288 exhibet
1406 269 1487 296 quam
1502 266 1528 289 et
1540 266 1604 289 ante
1617 262 1692 290 illum

905 301 988 329 David
1019 309 1281 332 commemoraverat
1305 313 1313 333 :
1345 306 1425 334 Mane
1455 308 1579 335 exaudies
1607 315 1694 335 vocem

904 354 1006 378 meum;
1021 355 1096 374 mane
1117 349 1207 375 astabo
1227 349 1273 376 tibi
1288 355 1312 376 et
1324 351 1414 378 videbo
1426 351 1463 378 ’⁸.
1477 351 1575 379 Ultima
1586 360 1694 388 quoque

904 392 1060 420 ostenditur
1082 394 1124 421 his
1150 393 1240 421 verbis
1256 404 1262 421 :
1278 394 1397 423 Elevatio
1421 405 1546 424 manuum
1573 406 1692 425 mearum

905 439 1066 473 sacriﬁcium
1086 441 1262 474 vespertinum
1279 441 1314 467 οι.
1337 441 1390 469 Sed
1410 450 1497 477 neque
1521 445 1608 471 noctis
1627 449 1691 472 tem.

904 491 954 518 pus
976 484 1034 512 sine
1062 485 1114 512 hoc
1128 487 1258 514 orationis
1281 494 1381 521 genere
1404 493 1478 515 recte
1497 490 1689 524 transigetnus,

904 537 965 555 cum
983 529 1066 557 David
1083 531 1156 558 dicat
1171 541 1178 559 :
1198 532 1289 560 Media
1307 537 1382 559 nocte
1402 533 1540 567 surgebam
1560 535 1594 560 ad
1609 537 1690 570 conﬁ-

902 575 1009 602 tendum
1025 576 1072 603 tibi
1087 585 1164 611 super
1176 577 1280 611 judicia
1288 579 1461 612 justitimtuw
1471 579 1512 612 υς
1523 579 1691 608 etPaulusin

902 620 1014 648 Actibus
1027 622 1212 656 apostolorum
1226 623 1332 651 dicatur
1347 623 1481 658 Philippis
1506 625 1594 651 media
1615 632 1692 653 nocte

904 673 963 692 cum
979 666 1034 693 Sila
1051 675 1144 695 orasse
1159 673 1187 695 et
1202 668 1329 696 laudasse
1347 669 1442 702 Deum,
1457 669 1494 696 ita
1516 674 1544 696 ut
1566 671 1693 697 audirent

904 718 951 738 eos
962 712 1008 746 qui
1027 713 1051 739 in
1067 713 1192 740 custodia
1210 719 1286 741 erant
1300 715 1336 742 ⁸³.

58 763 114 789 μην
131 755 183 781 τοῦ
203 755 450 790 ἐξομολογεῖσθαι
465 765 514 783 σοι
527 757 577 783 ἐπὶ
596 757 631 784 τὰ
649 758 775 793 κρίματα
790 758 844 792 τῆς
866 757 1060 792 δικαιοσύνης
1075 767 1146 786 σου·
1178 759 1226 786 τοῦ
1247 761 1275 787 δὲ
1294 760 1412 793 Παύλου,
1437 762 1474 794 ὡς
1499 763 1526 788 ἐν
1546 764 1605 795 ταῖς
1619 763 1692 798 Πράη

60 803 112 835 ξεσι
136 803 188 830 τῶν
214 803 372 830 ἀποστόλων
399 804 515 840 εἴρηται,
547 805 618 832 κατὰ
636 806 666 832 τὸ
690 806 865 841 μεσονύκτιον
891 807 948 840 ἆμα
976 806 1015 841 τῷ
1035 807 1100 843 Σίλᾳ
1123 808 1153 834 ἐν
1173 808 1315 840 Φιλίπποις
1339 810 1554 845 προσευχομένου
1576 810 1622 838 καὶ
1638 811 1692 845 ὑμ-

60 849 159 881 νοῦντος
174 850 219 889 τον
234 850 310 883 Θεὸν,
327 850 398 877 ὥστε
414 851 600 887 ἐπακροᾶσθαι
618 852 706 879 αὐτῶν
722 853 768 879 καὶ
782 853 845 885 τοὺς
864 852 1001 888 δεσμίους.

90 897 120 923 El
138 896 165 923 δὲ
187 896 294 932 Ἰησοῦς
319 898 509 933 προσεύχεται,
526 899 573 926 καὶ
594 899 630 934 μὴ
653 901 739 935 μάτην
761 908 829 935 προσ

933 900 975 927 15.
989 899 1067 933 Quod
1084 900 1106 927 si
1122 899 1203 928 Jesus
1216 906 1276 927 orat
1297 908 1347 928 nec
1368 895 1428 928 orat
1447 901 1559 931 frustra.
1576 901 1622 929 sed
1641 908 1691 936 per

60 942 160 978 εύχεται
175 944 319 979 τυγχάνων
341 941 378 971 ὧν
400 945 471 971 αἰτεῖ
493 945 537 972 διὰ
555 945 602 972 τοῦ
625 945 761 981 εὔχεσθαι,
776 947 846 980 τάχα

60 989 105 1015 οὐκ
116 989 147 1016 ἂν
161 989 229 1017 αὐτὰ
251 990 370 1026 εἰληφὼς
386 991 470 1026 χωρὶς
492 992 586 1027 εὐχῆς,
602 991 644 1023 τίς
660 991 737 1027 ἡμῶν
758 991 845 1027 ἀμελῇ

60 1033 102 1060 τοῦ
121 1033 263 1069 εὖχεσθαι;
283 1036 396 1071 Μάρκος
414 1036 462 1071 μὲν
478 1036 532 1072 γάρ
549 1045 640 1071 φησιν,
652 1037 692 1063 ὅτι
708 1037 786 1070 IIpr
799 1037 847 1063 ἕν-

61 1089 148 1114 νυχον
157 1081 228 1108 λίαν
243 1082 378 1114 ἀναστὰς
393 1082 503 1116 ἐξῆλθε
519 1083 568 1109 καὶ
585 1082 704 1117 ἀπῆλθε
718 1084 761 1116 εὶς
777 1083 845 1117 ἕρη-

59 1134 112 1159 μον
125 1126 226 1160 τόπον,
244 1127 334 1154 κάκεῖ
350 1129 555 1162 προσηύχετο·
574 1128 588 1154 ὁ
607 1128 635 1154 δὲ
655 1129 778 1161 Λουκᾶς·
791 1129 845 1156 Καὶ

61 1171 169 1205 ἐγένετο
184 1172 219 1198 ἐν
237 1172 278 1205 τῷ
295 1171 369 1200 εἶναι
390 1174 483 1200 αὐτὸν
501 1174 536 1200 ἐν
551 1174 631 1206 τόπῳ
649 1175 705 1201 τινὶ
717 1181 846 1208 προσευ-

61 1217 190 1252 χόμενον,
214 1219 256 1252 ὡς
282 1219 445 1253 ἐπαύσατο,
470 1218 536 1247 εἶπέ
558 1229 603 1253 τις
625 1220 684 1247 τῶν
706 1221 846 1255 μαθητῶν

61 1262 145 1289 αὑτοῦ
160 1263 234 1297 πρὸς
257 1265 366 1290 αὐτόν·
393 1265 440 1291 καὶ
465 1265 494 1290 ὲν
516 1265 623 1296 ἄλλοις·
641 1265 696 1292 Καὶ
722 1264 761 1300 ἦν
782 1265 845 1292 δια-

61 1310 280 1343 νιικτερεύιιη”ἐν
291 1309 327 1344 τῇ
343 1310 498 1345 προσευχῇ
510 1311 561 1337 τοῦ
577 1310 661 1337 Θεοῦ.
677 1311 705 1337 '0
716 1311 744 1337 δὲ
760 1311 846 1338 Ἰωάν-

60 1364 103 1391 νης
115 1357 193 1392 εὐχὴν
209 1357 292 1384 αὐτοῦ
303 1357 456 1392 ἀναγράφει
469 1358 553 1392 λέγων
566 1366 572 1372 ·
589 1358 683 1385 Ταῦτα
692 1357 846 1391 ἐλάλησεν

61 1404 74 1429 ὁ
87 1403 209 1436 Ἰησοῦς,
226 1403 278 1430 καὶ
293 1400 405 1437 ἐπάρας
420 1404 491 1437 τοὺς
505 1403 677 1438 ὀφθαλμοὺς
696 1403 789 1431 αὑτοῦ
802 1405 845 1437 εἰς

61 1447 107 1475 τὸν
117 1449 253 1482 οὐρανὸν,
264 1448 342 1476 εἷπε·
353 1450 449 1484 Πάτερ
458 1471 465 1482 ,
478 1450 628 1483 ἐλήλυθεν
642 1451 661 1484 ἡ
673 1450 743 1483 ὦριι,
757 1450 845 1483 δόξα-

60 1495 112 1521 σίν
120 1503 174 1522 σου
184 1496 238 1522 τὸν
255 1496 332 1527 Υῐὸν,
351 1496 401 1522 ἵνα
415 1495 462 1522 καὶ
480 1497 496 1522 ὁ
511 1496 576 1528 Υἱός
589 1503 646 1522 σου
656 1495 772 1530 δοξάσῃ
789 1503 842 1522 σε·

60 1542 101 1567 καὶ
112 1541 147 1568 τό·
156 1541 258 1577 ’ᾙδειν
268 1541 302 1568 δὲ
315 1541 359 1567 ὅτι
371 1540 497 1568 πάντοτέ
507 1550 562 1575 μου
575 1541 703 1574 ἀκούεις,
719 1540 793 1577 παρὰ
804 1541 843 1576 τῷ

898 946 1048 974 orationem
1072 947 1154 980 petita
1180 947 1372 981 consequitur,
1392 948 1450 974 sine
1475 947 1599 974 oratione
1620 947 1690 974 forte

898 999 951 1019 non
968 997 1133 1026 accepturus
1148 1001 1154 1019 :
1171 993 1232 1026 quis
1249 999 1371 1020 nostrum
1389 1001 1468 1020 orare
1487 993 1625 1028 negligat?
1644 993 1689 1019 Ait

897 1037 970 1064 cnim
992 1037 1166 1076 Ma_rcus:Et
1186 1037 1305 1065 diluculo
1329 1039 1403 1066 valde
1424 1047 1543 1073 surgens,
1570 1047 1688 1073 egressus

898 1084 960 1110 abiit
978 1085 1004 1111 in
1024 1085 1155 1112 desertum
1170 1085 1269 1118 locum,
1287 1087 1374 1121 ibique
1386 1087 1478 1114 orabat
1492 1087 1527 1115 ³⁸.
1540 1086 1625 1114 Lucas
1640 1093 1689 1112 au—

899 1134 952 1157 tem
967 1139 973 1157 :
988 1130 1021 1156 Et
1037 1131 1135 1165 factum
1155 1137 1191 1158 est
1213 1139 1272 1158 cum
1282 1137 1347 1159 esset
1360 1132 1387 1159 in
1400 1134 1514 1167 quatiant
1527 1131 1686 1162 loco’orans,

898 1180 924 1201 ut
938 1176 1059 1208 cessat-it,
1076 1176 1142 1202 dixit
1163 1183 1230 1202 unus
1249 1184 1281 1203 ex
1296 1177 1433 1211 discipulis
1450 1178 1507 1210 ejus
1523 1177 1556 1203 ad
1572 1185 1630 1204 eum
1644 1176 1686 1209 ";

897 1228 924 1247 et
955 1221 1044 1248 alibi:
1070 1221 1104 1248 Ει
1132 1227 1189 1249 erat
1214 1227 1368 1256 pernoctans
1396 1223 1423 1248 in
1448 1223 1565 1249 oratione
1589 1222 1636 1248 Dei
1650 1222 1686 1249 ⁸⁵.

897 1266 1014 1294 Joannes
1039 1274 1105 1295 vero
1131 1268 1280 1295 orationem
1307 1268 1365 1302 ejus
1391 1269 1520 1295 describit
1541 1275 1604 1296 cum
1621 1268 1684 1295 ait:

897 1311 962 1339 Han:
979 1311 1082 1340 locutus
1095 1317 1133 1340 est
1148 1313 1235 1347 Jestts,
1252 1318 1275 1340 et
1292 1313 1432 1340 sublevati:
1451 1313 1532 1341 oculis
1551 1314 1579 1340 in
1593 1314 1688 1340 caelum

897 1358 963 1385 dixit
978 1366 987 1385 .'
1004 1357 1096 1392 Pater,
1108 1361 1175 1386 venit
1191 1359 1268 1392 hora,
1290 1358 1409 1392 clariﬁca
1433 1358 1531 1386 Filium
1556 1363 1642 1392 tuum,
1658 1364 1686 1385 ut

896 1403 984 1431 Filius
1007 1409 1068 1431 tuus
1091 1404 1215 1438 elari/ieet
1232 1409 1256 1430 te
1278 1404 1314 1432 θ’.
1327 1404 1357 1430 Et
1380 1404 1463 1431 illud:
1492 1402 1608 1430 Sciebant
1621 1403 1685 1438 quia

896 1457 997 1483 semper
1014 1458 1055 1476 me
1069 1450 1146 1476 audis
1162 1449 1197 1483 ³⁸,
1217 1457 1231 1476 a
1246 1449 1361 1476 Domino
1376 1450 1475 1477 dictum
1491 1454 1518 1476 et
1536 1450 1570 1476 ab
1591 1449 1684 1476 eodem

896 1495 1065 1530 evangelista
1085 1496 1281 1529 conscriptum,
1298 1495 1418 1523 ostendit
1431 1503 1492 1522 eum
1513 1495 1558 1529 qui
1576 1502 1685 1528 semper

896 1544 964 1572 orat,
982 1547 1090 1575 semper
1100 1541 1232 1567 exaudiri.
1250 1540 1319 1573 Quid
1340 1545 1382 1567 est
1398 1545 1489 1567 autem
1513 1547 1623 1566 necesse
1636 1547 1685 1568 eos

60 1586 124 1621 αὐτῷ
140 1586 398 1622 ἀναγεγραμμένον,
420 1585 471 1612 ὑπὸ
494 1585 541 1612 τοῦ
564 1585 667 1621 Κυρίου
687 1585 829 1621 εἰρημένον

906 1593 1039 1614 'ecensere
1052 1586 1099 1620 qui
1120 1586 1190 1620 quod
1212 1590 1242 1613 ut
1265 1590 1372 1620 oportet
1389 1590 1510 1618 orarent,
1531 1585 1646 1612 maxima
1669 1593 1684 1612 ιι

59 1629 125 1665 δηλοῖ
136 1631 175 1657 ὅτι
189 1631 305 1658 πάντοτε
323 1630 467 1665 εὐχόμενος
485 1630 598 1657 πάντοτε
619 1630 793 1656 ὲπακούεται.
808 1630 840 1656 Τί

59 1675 83 1701 δὲ
95 1676 131 1702 δεῖ
145 1677 304 1711 καταλέγειν
316 1677 379 1708 τοὺς
394 1675 438 1702 διὰ
456 1675 502 1702 τοῦ
521 1676 550 1702 ὂν
575 1676 615 1703 δεῖ
634 1676 734 1711 τρόπον
755 1684 839 1712 προσ-

59 1721 186 1755 εύξασθαι,
213 1722 350 1758 μεγίστων
371 1722 563 1757 ὲπιτετυχότας
590 1722 644 1748 ἀπὸ
664 1721 750 1754 Θεοῡ;
768 1730 840 1757 παρ-

59 1767 83 1793 ὸν
99 1768 150 1803 (15)
178 1769 287 1804 ἑκάστῳ
311 1769 366 1795 τῶν
384 1769 489 1796 ἑαυτῶν
507 1768 560 1795 ἀπὸ
574 1767 627 1794 τῶν
643 1767 760 1803 Γραφῶν
772 1760 838 1794 ἀναν-

59 1813 175 1846 λέξασθαι
189 1815 310 1841 πλείονα.
332 1815 416 1842 ’Λννα
432 1815 487 1851 γὰρ
508 1814 663 1850 ὑπηρέτησε
683 1816 714 1849 τῇ
729 1814 838 1849 γενήσει

58 1859 173 1896 Σαμουὴλ
185 1860 223 1896 τῷ
241 1862 348 1897 Μωῦσῇ
365 1860 622 1896 συναριθμηθέντος,
647 1860 708 1887 ἐπεὶ
734 1859 771 1895 μὴ
796 1860 838 1886 τί-

59 1912 159 1936 κτουσα,
173 1905 342 1933 πιστεύσασα
357 1905 528 1942 προσηύξατο
543 1906 611 1941 πρὸς
626 1904 737 1940 Κύριον.
766 1904 838 1936 Ἐζε-

58 1950 112 1982 κίας
124 1952 150 1977 δὲ
163 1952 202 1978 ἑτι
216 1953 303 1984 ἄπαις
321 1952 469 1988 τυγχάνων,
487 1951 579 1987 μαθὼν
592 1951 646 1978 ἀπὸ
657 1951 704 1977 τοῦ
726 1951 836 1977 Ἡσαΐου

57 1996 220 2032 τεθνήξεσθαι
235 1997 304 2034 (16),
321 1998 540 2034 προσευξάμενος
555 1999 594 2030 εἰς
613 1998 663 2034 τὴν
678 1998 724 2024 τοῦ
744 1994 837 2032 Σωτῆ-

58 2046 98 2073 ρος
121 2041 292 2075 γενεαλογίαν
315 2042 484 2078 ἀνείληπται.
503 2043 570 2078 Ἤδη
586 2042 612 2068 δὲ
638 2043 681 2077 ὑφ’
703 2042 729 2069 ἓν
753 2043 837 2078 πρόσ-

57 2092 140 2120 ταγμα
154 2086 182 2119 ἐξ
195 2087 341 2123 ἐπιϐουλῆς
360 2088 408 2114 τοῦ
422 2077 530 2124 Ἀμμὰν
544 2077 709 2115 ἀπόλλυσθαι
726 2077 835 2124 μέλλον-

57 2137 97 2161 τος
109 2131 152 2157 τοῦ
172 2132 248 2165 λαοῦ,
265 2134 404 2169 προσευχὴ
422 2134 489 2169 μετὰ
513 2134 639 2169 νηστείας
663 2135 834 2170 Μαρδοχαίου

57 2175 98 2201 καὶ
125 2177 221 2214 Ἐσθὴρ
236 2179 448 2212 ὲπακουσθεῐσα,
469 2179 538 2214 πρὸς
558 2181 618 2211 ταῖς
643 2179 713 2206 κατὰ
733 2180 835 2208 Μωσέα

57 2219 164 2258 ἑορταῖς,
177 2224 226 2259 τὴν
240 2224 433 2260 Μαρδοχαῖκὴν
449 2225 593 2260 ἐγέννησεν
610 2225 778 2260 εὐφροσύνης
795 2225 833 2260 τῷ

895 1631 949 1659 Deo
966 1631 1097 1659 beneﬁcia
1115 1632 1254 1659 consecuti
1267 1631 1351 1658 sunt?
1365 1639 1427 1658 cum
1443 1631 1523 1658 facile
1537 1631 1635 1665 cuique
1649 1630 1684 1657 sit

893 1675 971 1710 plura
1000 1676 1051 1703 sibi
1084 1684 1099 1704 e
1129 1675 1280 1710 Scripturis
1298 1676 1423 1710 seligere.
1448 1675 1523 1702 Anna
1544 1676 1615 1702 enim
1635 1669 1684 1702 Sit-

893 1721 989 1748 muelis
999 1721 1069 1749 illius
1082 1721 1126 1756 qui
1147 1721 1231 1756 Moysi
1248 1727 1460 1749 connumeratus
1470 1726 1512 1747 est
1526 1721 1682 1756 ",genera-

893 1767 958 1794 tioni
985 1767 1170 1800 ministravit,
1196 1769 1259 1802 quia
1288 1775 1350 1795 cum
1377 1775 1429 1794 non
1461 1772 1591 1800 pareret.
1621 1774 1682 1794 cre-

892 1812 959 1840 didit
981 1817 1008 1840 et
1025 1814 1113 1840 oravit
1131 1813 1164 1840 ad
1181 1812 1342 1844 Dominum;
1368 1813 1497 1839 Ezechias
1514 1817 1602 1838 autent
1619 1819 1681 1838 cum

892 1858 985 1885 liberis
1015 1859 1104 1886 adhuc
1132 1863 1240 1885 careret
1267 1858 1469 1892 accepissctque
1499 1857 1533 1884 ab
1560 1857 1625 1883 lsaia
1653 1863 1683 1883 se

891 1905 1073 1938 moriturum,
1098 1905 1190 1931 oravit
1208 1909 1235 1931 et
1258 1905 1285 1931 in
1313 1903 1467 1931 Servaloris
1496 1901 1680 1936 genealogiam

892 1951 1027 1977 admissus
1048 1955 1089 1978 est
1102 1951 1122 1978 ί.
1149 1951 1208 1978 Jam
1237 1959 1289 1978 uno
1311 1950 1400 1977 edicto
1420 1949 1577 1982 insidiisque
1600 1948 1680 1983 217

890 1996 978 2022 Aman
1008 1997 1145 2030 periturus
1163 2003 1221 2023 erat
1240 1996 1370 2031 populus,
1392 2003 1452 2022 cum
1473 1995 1634 2022 Mardochmi
1653 1998 1681 2021 et

891 2043 988 2069 Esther
1021 2043 1110 2070 oratio
1145 2043 1248 2076 jejunio
1282 2043 1426 2077 conjuncta
1462 2041 1589 2068 exaudita
1616 2044 1679 2073 est,

890 2092 919 2114 et
945 2092 1047 2121 prseter
1064 2087 1132 2114 festa
1159 2095 1174 2114 a
1201 2087 1294 2122 Moyse
1318 2088 1480 2120 constituta,
1503 2086 1679 2114 Mardocltai-

889 2141 949 2160 cum
978 2133 1076 2168 populo
1106 2133 1212 2168 peperit
1238 2133 1338 2161 lmtitire
1360 2134 1447 2161 'diem.
1467 2132 1558 2160 Juilith
1579 2132 1680 2160 sanctis

888 2178 992 2213 oblatis]
1014 2179 1142 2213 precibus
1165 2179 1367 2214 llolophernem
1394 2180 1448 2206 Dco
1468 2179 1611 2214 adjuvante
1633 2186 1680 2205 stt-

888 2225 1012 2259 peravit,
1037 2230 1065 2252 et
1092 2234 1146 2253 una
1172 2225 1349 2254 Hebraeorum
1385 2226 1486 2253 femina
1512 2226 1599 2253 labem
1630 2226 1679 2252 do-

57 2264 106 2301 λαῷ
119 2268 230 2304 ἡμέραν.
251 2270 332 2297 Ἀλλὰ
356 2270 403 2297 καὶ
423 2270 523 2306 Ἰουδὴο
549 2270 629 2304 ἁγίαν
654 2270 829 2304 ἀνενεγκοῦσι]

906 2271 944 2297 iui
959 2270 1235 2300 Nabuchodonosoris
1250 2272 1348 2299 inussit
1361 2273 1383 2299 ¹,
1413 2272 1549 2305 Ananias,
1564 2272 1677 2298 Azarias

58 2315 214 2350 προσευχὴν,
240 2316 289 2342 τοῦ
320 2316 479 2352 Ὀλοφέρνου
505 2317 573 2352 μετὰ
599 2317 666 2343 Θεοῦ
699 2317 835 2351 περιγίνε-

57 2364 96 2384 ται
125 2360 196 2397 (17).
225 2363 274 2389 καὶ
301 2363 349 2398 μισ.
376 2363 446 2399 γυνὴ
473 2364 527 2390 τῶν
546 2362 678 2399 Ἐϐραίων
704 2363 834 2398 αἰσχύνην

889 2322 918 2344 et
934 2316 1026 2344 Misael
1046 2318 1165 2345 exauditi
1184 2322 1261 2351 sunt,
1281 2322 1495 2352 merueruntque
1510 2321 1614 2344 ventum
1634 2325 1677 2343 ro-

889 2364 925 2390 ris
941 2363 1048 2397 [tantem
1070 2364 1195 2398 ignisque
1213 2363 1286 2391 vires
1311 2364 1486 2391 cohibentem
1507 2358 1630 2397 accipere
1654 2362 1676 2389 ⁸.

87 2413 108 2453 ξ’
124 2415 180 2442 Act.
203 2425 237 2449 Χ,
253 2418 287 2453 ί9.
326 2418 348 2434 ⁹⁰
362 2418 434 2447 Psal.
453 2427 484 2450 ν,
503 2419 529 2445 4.
568 2419 590 2434 ⁹¹
611 2419 681 2446 Psal.
700 2427 767 2450 CXL.
790 2418 816 2446 2.

906 2418 967 2446 ’sal.
984 2426 1081 2452 cxvnt,
1096 2419 1140 2446 6'2.
1179 2420 1202 2435 ⁸³
1217 2419 1277 2447 Act.
1294 2428 1354 2452 xvt,
1370 2420 1416 2446 25.
1454 2419 1478 2436 ἰ
1493 2419 1574 2446 Marc.
1594 2426 1612 2450 ι,
1628 2419 1676 2447 55.

59 2446 150 2487 ξἰιιιε.
164 2460 200 2486 χι,
214 2446 241 2481 1.
253 2446 260 2453 ’
279 2453 302 2469 ’⁸
317 2453 383 2480 Luc.
400 2446 443 2485 vi,
463 2446 506 2481 i2.
544 2454 567 2470 ’7
581 2453 658 2481 Joan.
673 2462 742 2487 xvu,
760 2446 786 2481 1.
825 2455 829 2470 ¹

906 2463 938 2482 ιιι.
954 2461 996 2485 ιι,
1015 2454 1060 2481 42.

59 2482 160 2513 ’Judith
187 2482 250 2520 tm,
267 2487 295 2515 9.
334 2489 345 2504 ³
361 2482 493 2523 υιιιι.”ιιι,
518 2489 564 2516 50.

88 2543 137 2581 (l0)
154 2546 215 2581 Τὴν
236 2548 339 2582 ἕκτην.
367 2548 404 2575 Ita
430 2549 515 2576 codex
547 2555 598 2576 ms.
624 2548 713 2576 Editio
742 2554 831 2576 autem

59 2575 148 2619 Οξοιιξ,
158 2575 227 2619 περὶ
237 2585 293 2619 τὴν
301 2575 403 2619 ιὲκτην.

61 2615 138 2653 ε,(11)
152 2615 206 2644 Kal
229 2615 300 2653 ὥρα.
320 2615 471 2645 Ιιιιόοιῖει
497 2624 547 2653 ms.
569 2617 650 2653 habet
669 2627 675 2644 :
694 2617 764 2653 lege,
784 2619 833 2645 καὶ

60 2652 131 2687 εωρα.
147 2653 184 2678 vel
200 2661 260 2680 cum
277 2654 383 2680 edilure
396 2652 556 2684 Oxoniensi,
573 2652 681 2687 θεωρεῖ.

80 2686 141 2724 ’(12)
158 2687 307 2721 Τέτρασιν.
321 2688 359 2715 lla
373 2689 460 2716 codex
476 2689 528 2714 ins.
543 2686 636 2714 Editio’
652 2693 744 2715 autem
761 2686 833 2715 Oxo-

61 2723 163 2753 niensis,
174 2723 329 2757 τέσσαρσιν.

89 2757 387 2792 (13)11αρὰτοῦΔαυιδ.
395 2759 517 2788 Bentleio
528 2757 698 2785 scribendum
710 2757 826 2792 videtur,

60 2791 125 2826 παρὰ
138 2793 174 2826 τῷ
186 2791 275 2819 Δαυίδ.

82 2827 340 2862 ι(14)Διανύσομεγ-.
364 2827 410 2855 Sic
426 2827 507 2855 habet
527 2826 611 2854 codex
627 2827 828 2862 manuscriptus

1115 2455 1137 2472 "
1150 2453 1252 2482 Jerem.
1277 2463 1321 2487 xv,
1345 2457 1369 2482 1.
1424 2455 1433 2469 ¹
1451 2453 1484 2480 ιν
1496 2453 1562 2488 Reg.
1580 2461 1630 2485 xx,
1646 2454 1674 2481 2.

881 2549 908 2576 in
922 2556 977 2586 quo
989 2548 1179 2586 malelegebat
1194 2549 1283 2586 editor
1296 2547 1467 2586 Osoniensis.
1482 2546 1673 2586 διανρσσομεν.

918 2584 975 2619 (15)
989 2584 1098 2617 Παρόν.
1114 2584 1150 2619 ita
1164 2584 1250 2611 codex
1266 2591 1316 2610 ms.
1332 2583 1421 2610 Editio
1436 2587 1525 2619 autem
1540 2583 1674 2619 Oxonielta

882 2615 930 2654 sis,
951 2615 1092 2654 πάρεστιν.
1112 2618 1250 2654 [ntegrum
1274 2619 1361 2654 locum
1382 2618 1421 2654 sic
1437 2617 1500 2654 lego
1516 2625 1576 2654 cuin
1594 2615 1674 2654 Bent-

880 2651 935 2689 leio
947 2660 954 2678 :
964 2651 1054 2689 Παρὺν
1066 2651 1222 2688 ὲκάστιεῖτὰ
1241 2652 1330 2688 ἑαυτῷ
1346 2653 1399 2679 ἀπὸ
1415 2652 1470 2679 τῶν
1482 2651 1596 2688 Γραφῶν
1608 2651 1674 2677 dvas

881 2688 1013 2721 λέξασθαι
1024 2689 1073 2714 πλε
1078 2688 1143 2715 iuva.
1688 2695 1693 2706 ³

918 2724 980 2760 (16).
990 2723 1197 2760 Τεθνήεεσθαι.
1224 2722 1263 2760 ita
1290 2728 1367 2760 recte
1388 2723 1575 2760 liabetcodcx
1599 2729 1672 2755 nis.;

883 2756 1027 2793 perperam
1045 2766 1109 2785 vero
1122 2758 1206 2785 editio
1223 2758 1395 2789 Oxoniensis,
1410 2756 1599 2793 τεθνήξασθαι.

919 2793 973 2827 (17)
989 2793 1080 2820 Codex
1095 2801 1159 2826 ms.,
1181 2792 1352 2827 περιγίνεται
1365 2800 1372 2823 ;
1391 2793 1460 2819 male
1475 2793 1557 2820 editio
1571 2793 1646 2820 Oxon

919 2793 973 2828 (17)
989 2793 1080 2820 Codex
1095 2801 1159 2826 ms.,
1181 2793 1352 2827 περιγίνεται
1365 2800 1372 2823 ;
1391 2793 1460 2819 male
1475 2793 1557 2820 editio
1571 2793 1672 2826 θεοῦ..

883 2828 1066 2864 περιγένηται.
