1853 3073
151 94 204 122 455

901 90 979 119 ORIG
984 90 1062 119 ENIS

1731 89 1784 116 656

153 150 181 176 In
203 148 368 184 Babylonico
396 147 456 174 laeo
486 146 592 174 leonum
609 154 657 174 ora
675 147 794 175 Danielis
809 146 921 182 precibu

1021 146 1102 181 τοίησε
1126 145 1165 181 τῷ
1188 145 1254 180 οἴκῳ
1274 145 1320 171 τοῦ
1345 143 1591 180 Ναϐουχοδονόσορ·
1614 144 1742 175 Ἀνανίας
1753 153 1785 172 τε

153 193 316 221 obluranlnr
328 193 349 218 ⁸.
365 191 449 219 Jonas
466 212 473 224 ,
492 200 552 219 cum
570 200 585 219 e
603 197 698 220 ventre
721 193 772 220 ceti
793 200 807 219 a
824 200 877 227 quo
893 192 941 219 de-

154 238 266 274 glutitus
290 243 350 265 erat
373 238 495 265 exaudiri
520 245 572 264 non
600 239 790 273 desperasset,
815 245 939 274 egressus

155 283 234 314 inde,
252 282 436 316 propheticum
460 282 492 309 ad
514 282 651 309 Ninivitas
677 282 849 317 legationem‘
862 282 939 317 prius

163 326 319 352 itu-beatam
335 325 452 353 feliciter
466 326 593 354 absolvit.
605 327 712 359 Quanta
727 335 792 354 vero
805 331 867 354 sunt
881 334 940 362 qum

161 371 347 405 unusquisque
364 376 497 404 nostrum,
509 373 532 399 si
546 373 626 399 modo
639 376 716 407 grato
731 373 820 399 animo
838 380 940 399 memor

155 423 329 452 acceptorum
353 418 558 452 betteliciorum,
577 419 672 446 laudes
688 419 742 445 Deo
760 426 808 453 pro
830 419 872 445 bis
894 426 938 446 re-

155 464 227 490 ferre
238 463 319 496 velit,
337 464 437 498 poterit
451 464 604 491 enarrare?
617 465 719 491 Anime
734 465 805 491 enim
820 472 879 498 qua:
893 464 938 491 diu

155 510 216 536 sine
232 510 309 543 prole
326 514 485 536 manserunt
497 529 504 541 ,
523 510 694 544 deprehensa
710 509 769 544 ejus
784 511 868 545 partis
883 515 940 538 ste-

156 555 256 581 rilitate
270 562 330 588 quae
345 555 472 589 princeps
487 555 515 582 in
534 555 599 588 ipsis
624 562 683 582 esse
705 555 803 589 debet,
827 556 940 582 mentis-

157 607 209 634 que
224 600 360 630 orbitate,
378 607 392 625 a
407 599 508 633 Spiritu
532 604 626 626 sancto
646 607 695 634 per
717 600 855 627 assiduam
877 608 939 627 ora-

159 646 259 673 tionem
276 645 360 672 veluti
377 645 540 680 gravidulae,
555 645 692 672 salutares
708 653 848 673 sermones
864 646 938 673 veri-

157 692 274 725 tatisque
288 691 440 725 cognitione
453 691 546 725 plenos
560 696 737 725 generarnnl.
751 691 825 725 Quot
845 692 938 723 etiam,

157 736 371 771 oppugnantibus
387 743 437 763 nos
451 743 524 770 sirpe
539 736 632 763 multis
649 737 769 764 adversa:
792 736 938 770 potestatis

160 780 287 811 millibus,
303 780 444 813 divinaque
461 788 509 807 nos
524 780 639 813 dejicere
655 787 704 814 spe
713 780 875 813 volentibus,
887 781 938 806 Im-

993 193 1041 219 καὶ
1061 191 1188 228 Ἀζαρίας
1207 191 1253 218 καὶ
1267 191 1376 226 Μισαὴλ
1395 191 1512 224 πνεῦμα
1524 190 1637 224 δρόσου
1651 189 1787 224 διασυρί-

993 238 1042 267 ζον
1058 238 1108 264 οὐκ
1131 237 1182 264 ὲῶν
1200 238 1321 272 ἐνεργεῖν
1345 236 1394 270 τὴν
1416 236 1502 270 φλόγα
1524 235 1571 261 τοῦ
1602 235 1689 271 πυρὸς
1714 235 1785 268 ἄξιοι

992 282 1134 317 γεγόνασιν
1147 281 1361 312 ἐπακουσοέντες
1374 281 1466 307 λαὸεῖν
1476 289 1483 295 ·
1505 281 1529 307 οἱ
1549 280 1576 307 δὲ
1590 282 1618 307 ἐν
1633 280 1672 316 τῷ
1689 281 1785 316 λάκκῳ

993 327 1169 355 Βαϐυλωνίων
1190 327 1296 358 λέοντες
1313 326 1459 361 φιμοῦνται
1486 326 1529 352 διὰ
1547 326 1596 357 τὰς
1612 325 1661 352 τοῦ
1684 326 1784 361 Δανιὴλ

993 374 1145 410 προσευχάς
1155 383 1161 389 ·
1177 375 1224 400 καὶ
1244 375 1333 405 Ἰωνᾶς
1348 373 1386 405 δὲ,
1403 373 1454 399 οὐκ
1469 372 1604 410 ἀπογνοὺς
1622 372 1652 398 τὸ
1665 373 1785 398 ἐπακου-

993 420 1140 456 σΟήσεσθαι
1154 420 1186 446 ἐκ
1202 419 1306 452 κοιλίας
1323 418 1369 446 τοῦ
1387 418 1564 449 καταπιόντος
1579 418 1660 445 αὑτὸν
1672 419 1784 453 κήτους,

991 467 1021 494 τὸ
1034 467 1142 498 ἐλλιπὲς
1155 466 1206 500 τῆς
1220 465 1289 501 πρὸς
1307 465 1371 496 τοὺς
1388 465 1531 495 Νινευῖτας
1546 463 1725 499 προφητείας,
1740 462 1785 495 ἐξ·

993 512 1077 539 ελῦὼν
1092 512 1140 547 τὴν
1154 511 1201 538 τοῦ
1216 512 1315 547 κήτους
1341 510 1473 545 γαστέρα,
1490 510 1651 545 ἀναπληροῖ.
1667 510 1737 536 Ὅσα
1754 509 1783 535 δὲ

996 556 1043 582 καὶ
1056 556 1171 586 ἕκαστος
1188 555 1276 590 ἡμῶν,
1291 554 1349 588 ἐὰν,
1363 554 1530 590 εὐχαρίστως
1542 554 1716 589 μεμνημένος
1729 553 1784 580 τῶν

992 603 1032 633 εἰς
1047 601 1127 628 αὑτὸν
1138 601 1311 636 εὐεργεσιῶν,
1321 600 1496 636 περὶτούτων
1505 599 1596 631 αῖνους
1607 600 1783 635 ἀναπέμπειν

992 646 1031 682 τῷ
1045 646 1104 681 Θεῷ
1127 645 1265 682 βούληται,
1289 645 1345 680 ἔχει
1365 644 1595 680 ἐκδιηγήσασθαι;
1617 644 1727 678 Ἀγονοί
1750 653 1782 671 τε

991 692 1046 728 γὰρ
1071 691 1185 718 ἐπιπολὺ
1212 690 1394 726 γεγενημέναι
1422 689 1522 725 ψυχαὶ,
1550 690 1703 726 ῂσθημέναι
1730 691 1782 726 τῆς

992 737 1161 772 στειρώσεως
1179 736 1233 763 τῶν
1255 736 1326 762 ἰδίων
1345 736 1516 771 ἡγεμονικῶν
1532 737 1579 763 καὶ
1601 736 1650 770 τῆς
1670 735 1782 769 ἀγονίας

991 782 1038 808 τοῦ
1054 782 1100 808 νοῦ
1118 781 1222 809 ἑαυτῶν
1236 781 1301 816 (18),
1317 781 1370 807 ἀπὸ
1392 780 1439 807 τοῦ
1466 781 1544 815 ἁγίου
1565 781 1726 816 Πνεύματος
1738 780 1782 807 διὰ

160 830 217 852 stes
239 825 367 858 prostrati
395 825 480 852 sunt?
503 824 671 852 Conlidimus
689 825 759 852 enim
778 825 840 860 quia
864 825 890 851 Ιιὶ
912 825 921 851 i

1021 826 1119 861 τιμόνου
1133 826 1216 861 εὐχῆς
1235 826 1381 861 κυήσασαι,
1400 825 1549 861 σωτηρίους
1565 825 1660 860 λόγους
1675 825 1782 860 Θεωρη-

156 871 278 896 curribns
296 875 319 896 et
336 871 363 896 hi
385 870 414 896 in
432 871 520 905 equis,
542 879 588 897 nos
605 875 692 898 autent
712 871 740 898 in
760 871 864 898 nomine
884 871 939 898 Do-

156 916 221 942 mini
239 915 385 942 Dei-noslri
401 916 410 932 ⁸
429 917 586 944 invocantes
604 917 725 944 videmus
739 917 802 944 illud
823 925 914 944 verntn
931 926 938 944 :

156 960 256 988 Fallax
271 970 351 996 equus
369 961 403 987 ad
419 962 536 988 salutent
551 963 570 988 ⁵.
592 962 644 989 Sed
660 967 687 989 et
703 963 852 997 principem
869 964 939 990 mili-

158 1007 202 1034 lire
216 1007 378 1039 adversarii,
403 1007 525 1034 fallacem
545 1013 571 1035 et
586 1008 753 1042 probabilem
775 1016 939 1042 sermonem,

156 1052 201 1086 qui
214 1052 303 1079 multis
315 1053 395 1079 etiam
408 1060 501 1080 eorum
513 1054 558 1087 qui
575 1055 722 1082 credidisse
734 1059 873 1090 putantur,
886 1060 940 1082 ter-

157 1104 246 1122 rorem
263 1096 365 1130 injicit,
384 1097 431 1124 ille
450 1097 557 1131 jugulat
578 1106 649 1132 stupe
669 1100 715 1133 qui
740 1100 789 1126 Dei
815 1100 941 1128 laudibus

156 1141 288 1168 conlidit:
304 1141 398 1169 Juditlt
412 1144 483 1169 enim
506 1143 611 1170 laudem
628 1136 850 1179 interpretantur.
870 1146 941 1179 Quot

158 1191 222 1213 sunt
243 1186 300 1220 qui,
322 1194 382 1213 cum
409 1186 434 1212 in
451 1188 613 1214 tentationes
636 1188 795 1215 incidissent
814 1193 943 1223 superata

157 1230 278 1258 diiiieiles
298 1235 326 1258 et
348 1231 452 1258 ﬂamma
476 1232 595 1266 qualibet
618 1232 799 1265 ardentiores,
819 1233 887 1259 nihil
908 1234 942 1261 ab

157 1275 223 1310 ipsis
238 1276 309 1311 passi
324 1281 398 1309 sunt,
411 1278 457 1304 sed
471 1277 544 1305 illaesi
556 1282 699 1305 evaserunt
712 1279 832 1311 omnino,
846 1287 880 1306 ne
895 1280 942 1314 mi-

155 1323 230 1350 nimo
246 1324 355 1358 quidem
374 1325 407 1351 ab
423 1324 505 1352 odore
522 1324 625 1352 inimici
641 1326 711 1360 ignis
733 1331 843 1361 accepto
864 1327 941 1353 dam-

156 1377 192 1397 no
205 1369 216 1396 ?
229 1370 297 1402 Quid
314 1377 424 1397 necesse
437 1374 513 1397 estet
522 1370 573 1397 alia
587 1378 811 1404 commemorare,
821 1376 941 1407 quotque

157 1415 253 1443 belluis
273 1416 299 1442 in
323 1423 372 1442 nos
391 1415 532 1451 elTvralis‘,
556 1417 682 1451 malignis
706 1417 816 1451 inquam
838 1418 940 1452 spiriti-

156 1461 222 1493 bus,
240 1461 448 1495 hominibusque
463 1461 541 1489 saevis
554 1467 729 1489 occurrentes
739 1483 746 1495 ,
760 1470 854 1490 eorum
869 1471 940 1498 smpe

155 1506 280 1540 precibus
299 1506 356 1533 suis
371 1512 418 1532 ora
434 1506 647 1538 obstruxerunt,
665 1514 726 1545 cum
744 1515 778 1534 ne
794 1508 939 1535 admovere

154 1551 264 1584 quidem
289 1551 383 1578 dentes
410 1550 549 1585 potuerint
574 1551 618 1578 his
642 1551 813 1588 (membris)
839 1553 940 1580 nostris

154 1595 257 1622 Christi
275 1596 406 1622 membris
423 1595 535 1622 ell‘ectis.
554 1595 632 1631 Saepe
654 1597 726 1624 enim
749 1605 798 1632 pro
819 1598 940 1632 Quolibet

154 1647 311 1669 sanctorum
329 1642 413 1668 ntolus
432 1641 535 1667 leonum
557 1642 686 1677 confregit
702 1643 848 1677 Dominus,
866 1649 888 1672 et
904 1645 938 1671 ad

155 1687 266 1714 nihilum
281 1688 437 1714 devenerunt
453 1694 576 1723 tanquam
590 1697 657 1724 aqua
672 1690 813 1716 decurrens
825 1691 846 1716 ⁷.
862 1689 939 1724 Saepe

154 1733 236 1760 etiam
260 1734 384 1761 novimus
404 1735 559 1762 divinorum
582 1736 770 1763 mandatorum
790 1736 936 1772 fugitivos,

155 1786 170 1805 a
191 1782 280 1805 morte
296 1778 431 1812 principio
447 1778 570 1806 devictos
587 1784 615 1806 et
631 1779 792 1814 deglutitos,
816 1788 863 1814 per
879 1788 938 1815 pm-

155 1824 297 1851 nitentiam
314 1825 397 1860 218
413 1832 428 1852 a
451 1829 524 1852 tanto
543 1831 667 1853 servatos
691 1833 751 1859 esse
767 1827 855 1860 malo,
875 1834 937 1854 eum

155 1871 207 1897 etsi
225 1870 281 1905 jam
302 1878 350 1898 eos
369 1876 462 1898 ventre
482 1878 556 1898 mors
581 1872 755 1904 contineret,
777 1871 875 1899 salvari
897 1877 938 1899 ta-

153 1924 214 1944 men
231 1924 309 1951 posse
324 1925 376 1943 non
393 1917 596 1952 desperaverth
610 1926 616 1943 :
632 1917 770 1944 Devoravi!
785 1918 852 1945 enim
866 1926 937 1944 mors

153 1962 317 1996 prwvalens;
337 1967 362 1988 et
383 1971 490 1989 rursum
509 1961 618 1989 abstulit
639 1963 710 1989 Deus
728 1971 830 1989 onmem
851 1963 938 1998 [αργυ-

153 2015 223 2034 mam
239 2009 271 2034 al)
288 2009 358 2034 (ηιιηὶ
377 2007 443 2041 facie
461 2009 482 2034 ⁸.
497 2008 559 2035 llaec
576 2014 636 2042 post
647 2016 740 2034 eorum
755 2009 938 2035 eimmeratin-

154 2061 214 2080 nem
233 2054 331 2087 quibus
349 2054 467 2088 profecit
489 2054 594 2087 oratio,
617 2053 682 2080 milii
707 2053 820 2079 dicenda
841 2060 936 2079 neces-

154 2099 228 2126 sario
248 2100 305 2126 visa
329 2105 409 2133 sunt,
434 2100 564 2126 avet-lenti
592 2107 639 2126 eos
664 2099 709 2134 qui
726 2099 892 2132 spiritualem
910 2099 936 2125 in

154 2145 265 2171 Christo
294 2145 376 2171 vitam
404 2145 558 2171 desiderant
581 2145 614 2170 ab
637 2145 741 2179 exiguis
765 2151 791 2170 et
820 2144 936 2170 terrenis

155 2189 236 2216 rebus
259 2190 381 2216 oratione
408 2190 548 2223 petendis,
577 2195 601 2215 et
628 2190 661 2216 ad
685 2190 798 2224 mystica
820 2196 935 2223 quorum

156 2234 213 2260 limo
227 2241 288 2268 qua:
302 2234 414 2267 prmdixi
431 2235 564 2268 imagines
579 2239 673 2266 erant,
688 2235 845 2268 scriptionis
860 2234 937 2261 istius

156 2279 274 2307 lectores
292 2280 459 2307 adhortanti.
479 2279 574 2308 Omnis
589 2281 661 2307 enim
680 2281 714 2307 de
731 2280 868 2314 pra-dictis
883 2280 938 2314 spi-

155 2325 298 2353 ritualibus
315 2325 488 2360 mysticisque
505 2326 584 2352 rebus
608 2327 696 2353 oratio
719 2332 827 2359 semper
848 2325 881 2352 ab
905 2333 937 2352 eo

155 2371 295 2404 perﬁcitur
311 2371 355 2405 qui
371 2380 421 2398 non
435 2374 577 2399 secundum
601 2379 706 2398 carnem
722 2372 732 2387 ν
755 2370 872 2401 militat,
889 2371 936 2397 sed

153 2414 248 2447 spiritu
266 2415 335 2448 facta
353 2417 442 2442 carnis
459 2416 479 2432 ¹⁰
499 2417 655 2447 mortilieat,
672 2415 809 2450 plurisque
825 2415 889 2442 facit
903 2423 935 2442 ea

190 2470 202 2486 ι
216 2471 283 2498 Dan.
299 2479 341 2504 vr,
364 2472 408 2500 ‘22.
462 2473 472 2488 '
489 2473 560 2500 Psal.

155 2505 177 2521 “
191 2505 270 2532 “om.
287 2515 344 2540 vui,
360 2508 402 2535 i5.

201 2551 243 2587 18)
257 2553 346 2580 Codex
361 2562 423 2586 ms.,
441 2553 560 2586 ἐαυτῶν;
583 2554 665 2581 editio
678 2554 775 2587 0mm,
797 2554 895 2582 αὐτῶν.

204 2587 242 2622 19)
263 2587 352 2624 Codex
378 2598 440 2621 ms.,
474 2589 707 2624 καυστικωτέροις.
736 2590 808 2617 Edit.
835 2591 932 2623 Oxum,

153 2623 383 2658 καυᾼστικωτέρας.

188 2656 242 2692 (ἓο)
255 2656 359 2691 Λέγέιν
371 2658 459 2689 ἄλλα,
475 2658 524 2686 καὶ
536 2659 570 2685 ἐν
584 2658 676 2691 ὅσοις.
698 2659 742 2686 Sic
758 2659 836 2687 liabet
849 2661 932 2686 codex

153 2693 353 2725 manuscriptus
382 2698 409 2719 et
439 2697 526 2725 recte,
556 2694 634 2720 modo
662 2694 752 2722 deleas
777 2695 815 2721 ἐν.
846 2695 932 2722 Editio

152 2726 253 2761 Oxum,
268 2726 368 2761 λέγειν,
381 2727 448 2754 ἀλλά
467 2728 514 2753 καὶ
527 2729 555 2754 ἐν
571 2728 651 2760 ὅσοις.

188 2760 241 2798 (ει)
253 2760 366 2798 Αὐτοὺς
383 2762 531 2798 πολλάκις
546 2763 709 2798 ἑφίμωσαν,
723 2765 758 2790 οὺ
772 2763 932 2798 δεδυνημέ-

151 2801 213 2822 rw
224 2797 373 2830 ἐγχρίψαι.
391 2797 427 2825 ita
448 2799 532 2825 codex
552 2797 602 2826 ms}
618 2798 707 2826 Editio
727 2804 818 2826 autem
833 2799 932 2832 Oxum,

616 2481 674 2506 xtx,
689 2473 716 2501 8.

992 874 1085 909 μάτων
1098 873 1226 908 ἀληθείας
1240 872 1471 908 πεπληρωμένους
1486 873 1692 908 γεγεννήκασιν.
1702 872 1782 898 Ὅσοι

989 919 1028 953 δὲ,
1042 918 1120 954 ἡμῶν
1135 918 1264 950 πολλάκις
1281 918 1417 954 μυριάδων
1431 917 1622 953 ἀντικειμένης
1641 917 1782 953 δυνάμεως

993 963 1288 999 καταστρατευομένων
1313 963 1361 990 καὶ
1383 962 1541 997 ἐξαφανίσαι
1560 961 1614 989 ἀπὺ
1637 963 1686 998 τῆς
1704 962 1783 995 Θείας

990 1010 1063 1044 ἡμᾶς
1074 1010 1191 1041 πίστεως
1205 1009 1374 1044 βουλομένων
1384 1008 1510 1044 πολέμιοι
1521 1008 1696 1044 διελύθησαν;
1709 1009 1784 1044 Θαρ-

992 1055 1131 1090 ρησάντων
1153 1055 1241 1090 ἡμῶν,
1259 1054 1300 1080 ὅτι
1318 1051 1400 1081 οὗτοι
1420 1053 1455 1080 ἐν
1478 1053 1625 1088 ἅρμασιν,
1647 1052 1731 1081 οὗτοι
1748 1053 1784 1080 δὲ

990 1099 1024 1125 ἐν
1040 1100 1151 1132 ἵπποις,
1173 1099 1253 1126 ἀλλὰ
1273 1099 1358 1133 ἡμεῖς
1381 1099 1415 1125 ὲν
1440 1099 1560 1133 ὀνόματι
1587 1098 1698 1132 Κυρίου
1722 1100 1783 1124 ὲπι-

990 1144 1152 1180 καλούμενοι
1170 1144 1278 1181 ὁρῶμεν
1302 1145 1343 1171 ὅτι
1360 1144 1477 1178 ἀληθῶς
1494 1143 1612 1178 ’ψευδὴς
1628 1144 1720 1177 ἵππος
1738 1145 1783 1176 εὶς

990 1189 1151 1223 σωτηρίαν.
1175 1188 1255 1215 Ἀλλά
1277 1188 1381 1215 καὶτὸν
1398 1188 1613 1223 ἀρχιστράτηγον
1637 1187 1685 1214 τοῦ
1708 1187 1783 1213 ἀντι-

991 1234 1129 1269 κειμένου,
1143 1233 1281 1269 ἀπατηλὺν
1294 1235 1341 1262 καὶ
1357 1233 1468 1261 πιθανὸν
1483 1234 1562 1267 λόγον
1576 1233 1783 1268 καταπτήσσειν

991 1279 1119 1306 ποιοῦντα
1135 1279 1248 1311 πολλοὺς
1266 1280 1311 1306 καὶ
1326 1279 1379 1305 τῶν
1404 1279 1612 1305 πεπιστευκέναι
1632 1276 1783 1312 νομιζομέ-

990 1333 1053 1357 νων,
1066 1326 1080 1351 ὁ
1093 1324 1134 1359 τῷ
1145 1324 1212 1360 πρὸς
1224 1324 1288 1351 Θεὸν
1300 1325 1366 1359 αἴνῳ
1380 1323 1518 1356 πεποιθὼς
1531 1323 1672 1350 διακόπτει
1685 1322 1785 1350 πολλὰ·

990 1378 1044 1401 κις⁸
1058 1370 1158 1405 Ἰουδὴο
1170 1370 1225 1405 γὰρ
1236 1369 1416 1405 ἑρμηνεύεται
1426 1370 1552 1403 αἷνεσις.
1565 1369 1642 1395 Ὅσοι
1652 1376 1683 1394 τε
1692 1368 1784 1404 πάσης

991 1415 1088 1450 φλογὸς
1112 1415 1341 1450 καυστικωτέροις
1359 1414 1413 1450 (19)
1429 1414 1624 1450 περιπεσόντες
1650 1414 1782 1448 δυσπερι-

990 1461 1113 1496 γενήτοις
1143 1460 1272 1492 πολλάκις
1303 1461 1480 1496 πειρασμοῖς,
1507 1460 1581 1486 οὐδὲν
1613 1460 1660 1486 ὑπ’
1692 1454 1782 1486 αὗτῶν

993 1506 1167 1539 πεπόνθασιν,
1191 1505 1260 1533 ἀλλά
1282 1505 1370 1541 πάντη
1392 1505 1518 1537 ἀϐλαϐεῖς
1533 1505 1643 1537 τούτους
1660 1504 1783 1540 διεξελη-

992 1548 1113 1583 meum;
1130 1551 1190 1578 οὐδὲ
1210 1551 1240 1577 τὸ
1262 1551 1342 1586 τυχὸν
1364 1551 1451 1587 ὀσμῆς
1477 1551 1524 1578 τοῦ
1548 1551 1679 1586 πολεμίου
1697 1550 1784 1586 πυρὸς

993 1595 1094 1631 βλάϐην
1111 1595 1266 1630 ἐσχηκότες.
1290 1595 1322 1621 Τί
1346 1595 1386 1621 δεῖ
1405 1596 1452 1621 καὶ
1475 1595 1565 1630 λέγειν
1583 1595 1661 1628 ἄλλα,
1682 1596 1730 1622 κα)⁸
1754 1596 1784 1622 ὲν

992 1641 1064 1672 ὅσοις
1078 1641 1133 1677 (20)
1161 1641 1265 1676 θηρίοις
1285 1640 1346 1667 καθ’
1360 1641 1438 1676 ἡμῶν
1459 1640 1682 1676 ὲξηγριωμὲνοις,
1699 1649 1783 1677 πονη-

993 1690 1050 1724 ροῖς
1068 1687 1202 1723 πνεύμασι
1220 1687 1266 1714 καὶ
1284 1687 1437 1723 ἀνθρώποις
1456 1687 1542 1722 ὠμοῖς
1567 1687 1781 1723 παρατυχόντες,

992 1735 1050 1765 ταῖς
1064 1733 1158 1767 εὐχαῖς
1181 1733 1278 1766 αὐτοὺς
1301 1733 1430 1764 πολλάκις
1453 1733 1604 1768 ὲφίμωσαν,
1621 1733 1651 1759 οὐ
1670 1733 1782 1769 δεδυνη-

994 1779 1081 1814 μένων
1103 1778 1228 1814 ὲγχρίψαι
1247 1778 1301 1814 (21)
1318 1778 1382 1810 τοὺς
1401 1778 1508 1810 ὀδόντας
1525 1778 1614 1805 αὐτῶν
1629 1779 1686 1810 τοῖς
1703 1787 1783 1813 γεγε-

991 1825 1117 1860 νημένοις
1133 1824 1210 1860 ἡμῶν
1227 1824 1319 1859 μέλεσι
1346 1823 1392 1850 τοῦ
1414 1823 1554 1859 Χριστσῦ;
1575 1823 1710 1855 Πολλάκις
1728 1824 1783 1859 γὰρ

991 1869 1050 1895 καθ’
1073 1869 1187 1896 ἕκαστον
1212 1868 1266 1895 τῶν
1290 1868 1375 1902 ἁγίων
1395 1867 1448 1899 τὰς
1460 1869 1561 1902 μύλας
1575 1867 1634 1894 τῶν
1649 1868 1782 1894 λεόντων

991 1916 1161 1943 συνέθλαοέ
1180 1917 1295 1950 Κύριος,
1318 1915 1367 1942 καὶ
1383 1914 1628 1948 ἐξουδενώθησαν
1642 1914 1683 1947 ὡς
1702 1914 1782 1948 ὔὸωρ

991 1961 1279 1994 παραπορευόμενον.
1309 1961 1402 1996 Ἴσμεν
1434 1961 1463 1987 δὲ
1498 1960 1627 1991 πολλάκις
1658 1960 1781 1994 φυγάδας

991 2006 1208 2041 προσταγμάτων
1230 2006 1308 2038 Θεοῦ,
1331 2006 1534 2038 καταποθέντας
1557 2006 1609 2032 ὑπὸ
1623 2005 1670 2032 τοῦ
1698 2006 1781 2032 θανά-

989 2058 1036 2076 του
1052 2050 1105 2084 (22)
1129 2051 1259 2086 πρότερον
1284 2052 1343 2078 κατ’
1361 2051 1449 2078 αὐτῶν
1476 2051 1643 2086 ἰσχύσαντος,
1666 2051 1710 2078 διὰ
1731 2051 1780 2086 τὴν

992 2095 1136 2130 μετάνοιαν
1150 2095 1285 2127 σωθέντας
1304 2096 1358 2123 ἀπὸ
1374 2096 1421 2124 τοῦ
1434 2097 1591 2132 τηλικούτου
1614 2097 1711 2128 κακοῦ,
1729 2097 1780 2123 οὐκ

990 2141 1181 2174 ἀπεγνωκότας
1203 2140 1257 2176 (25)
1276 2142 1306 2168 τὺ
1330 2142 1462 2174 σώζεσθαι
1477 2142 1605 2169 δύνασθαι
1626 2142 1677 2177 ἤδη
1699 2143 1728 2168 ὲν

991 2186 1078 2221 κοιλίᾳ
1092 2186 1138 2212 τοῦ
1159 2186 1273 2213 θανάτου
1290 2187 1511 2222 κεκρατημένους
1521 2195 1527 2202 ι
1547 2186 1675 2214 Κατέπιε
1691 2187 1746 2221 γὰρ
1761 2188 1779 2213 ὁ

988 2230 1117 2264 θάνατος
1133 2232 1275 2266 ἰσχύσας·
1293 2232 1342 2258 καὶ
1359 2232 1452 2259 πάλιν
1463 2233 1587 2266 ἀφεῖλεν
1599 2233 1615 2258 ό
1632 2232 1704 2264 Θεὸς
1717 2232 1778 2259 πᾶν

989 2277 1120 2311 δάκρυον
1143 2277 1201 2304 ἀπὸ
1223 2277 1335 2310 παντὸς
1359 2277 1530 2311 προσώπου.
1559 2277 1652 2303 Ταῦτα
1677 2277 1705 2303 δέ
1732 2286 1776 2312 μοι

989 2323 1199 2358 ἀναγκαιότατον
1221 2323 1289 2358 μετὰ
1311 2323 1356 2350 τὸν
1379 2323 1528 2358 κατάλογον
1547 2323 1601 2349 τῶν
1619 2323 1775 2358 ὠφεληθέν-

989 2379 1041 2397 των
1052 2371 1095 2398 διά
1105 2371 1256 2406 προσευχῆς
1268 2371 1391 2406 είρῆσθαι
1403 2371 1513 2406 νομίζω,
1526 2372 1707 2406 ἀποτρέποντι
1719 2368 1774 2406 (24)

987 2416 1036 2451 τὴν
1052 2417 1237 2452 πνευματικὴν
1256 2417 1302 2443 καὶ
1325 2416 1375 2452 τὴν
1391 2418 1420 2443 ὲν
1434 2417 1544 2453 Χριστῷ
1565 2417 1638 2452 ζωὴν
1662 2417 1774 2444 ποθοῦν-

770 2473 780 2488 ⁶
793 2472 864 2500 Psal.
891 2480 977 2505 xxx",
995 2473 1037 2500 ΓΙ.
1075 2477 1085 2492 ⁷
1098 2473 1167 2500 Psal.
1183 2481 1247 2505 Lvn,
1264 2475 1290 2500 7.
1329 2474 1340 2490 ⁸
1354 2473 1404 2501 lsa.
1417 2481 1479 2508 xxv,
1494 2474 1520 2501 8.
1558 2474 1568 2489 '
1585 2474 1607 2500 ll
1620 2474 1685 2502 Cor.
1700 2483 1726 2506 κ,
1744 2475 1771 2501 3.

985 2555 1102 2616 3:!
1125 2537 1253 2586 πολλάκις
1274 2555 1423 2590 ὲφίμωσαν,
1453 2556 1483 2582 οὐ
1513 2555 1702 2592 δεδυνημένοις
1728 2557 1772 2590 ἐγ-

985 2599 1171 2665 “figam
1191 2625 1404 2665 rodaagdnrov:
1428 2626 1464 2652 Ita
1493 2626 1577 2653 codex
1603 2634 1654 2653 ms.
1684 2625 1770 2653 Editio

985 2665 1075 2686 autem
1092 2660 1190 2692 Oxum,
1206 2660 1260 2686 ἀπὸ
1272 2660 1319 2686 τοῦ
1338 2660 1461 2687 Θανάτου.

1021 2694 1075 2730 ('25)
1093 2695 1317 2729 Ἀπεγνωκότίις.
1341 2695 1407 2722 Male
1427 2695 1509 2722 editio
1532 2695 1619 2722 0x0".
1649 2695 1771 2729 ἀπεγνω-

1100 2763 1312 2796 Ἀποτρέποντι.
1333 2764 1370 2790 lla
1389 2764 1472 2791 codex
1499 2772 1547 2792 ins.
1571 2764 1661 2792 Edilio
1682 2770 1768 2792 autem

987 2797 1074 2826 Oxon;
1093 2806 1247 2833 perperam,
1266 2799 1474 2834 ἀποτρέπονται.
