1853 3073
92 118 144 146 489

90 223 210 257 «omne
232 224 295 250 ὅσον
319 225 363 250 ἐπ’
378 225 480 256 αὐτοῖς,
507 225 597 261 μικρῷ
622 225 670 251 καὶ
686 225 783 261 βραχεῖ
806 226 881 261 τόπῳ

89 268 384 303 ἐμπεριλαμϐανόντων
398 270 443 296 τὸν
456 270 502 296 ἐπὶ
520 270 627 297 πάντων
643 271 719 298 Θεόν.
736 273 792 299 Καὶ
806 272 881 308 πρῶ-

88 313 133 339 τόν
152 321 183 346 γε
196 314 226 339 ὲν
239 316 271 350 τῇ
285 315 417 349 Γενέσει,
434 315 519 350 Ἀδὰμ
533 317 666 349 καὶεῦα,
682 318 774 353 φησὶν,
789 318 880 352 ἤκου-

89 365 151 384 σαν
175 358 230 392 τῆς
256 359 358 393 φωνῆς
375 361 485 394 Κυρίου
509 361 562 388 τοῦ
587 363 661 389 Θεοῦ
687 364 882 397 περιπατοῦν-

89 411 141 435 τος
168 403 201 430 τὸ
226 404 358 431 δειλινὸν
381 406 416 432 ἐν
443 405 484 438 τῷ
506 407 696 441 παραδείσῳ-
724 409 774 435 καὶ
796 409 881 443 ἐκρύ-

88 447 199 481 ΰιισαν,
221 448 238 474 ὅ
252 457 284 475 τε
305 449 395 484 Ἀδὰμ
409 450 456 476 καὶ
472 451 491 484 ἡ
510 450 587 485 γυνὴ
603 451 697 478 αὐτοῦ
711 451 770 478 ἀπὸ
785 460 879 486 προσ-

86 490 171 517 ώπου
194 493 304 525 Κιιρίου
324 494 376 520 τοῦ
394 494 467 521 Θεοῦ
483 494 518 520 ἐν
530 494 614 529 μέσῳ
633 496 686 523 τοῦ
702 495 799 528 ξύλου
825 496 879 523 τοῦ

87 537 284 571 παραδείσου.
307 539 436 574 Ἐροῦμεν
453 540 521 576 πρὸς
546 540 609 572 τοὺς
629 541 668 572 είς
691 541 754 572 τοὺς
777 541 878 576 θησαυ-

87 584 153 618 ροὺς
165 584 216 619 τῆς
232 584 331 617 λέξεως
352 585 439 611 ἐλθεῖν
457 586 494 621 μὴ
511 586 700 621 βουλομένους,
720 587 788 614 ἀλλὰ
812 587 878 623 μηδὲ

85 631 137 666 τὴν
154 631 241 666 ἀρχὴν
258 631 405 666 κρούοντας
420 632 469 667 τὴν
484 632 568 668 θύραν
587 633 686 668 αὐτῆς,
703 634 729 659 εί
752 633 878 660 δύνανται

87 677 265 712 παραστῆσαι
280 676 380 712 Κύριον
396 678 441 703 τὸν
455 678 520 704 Θεὸν
538 678 692 713 πληροῦντσ.
707 678 752 705 τὸν
766 679 878 714 οὐρανὸν

86 722 133 749 καὶ
144 722 193 757 τὴν
206 723 267 757 γῆν,
278 723 334 755 τὸν,
347 723 383 755 ὡς
395 724 470 750 αὐτοὶ
485 724 713 759 ὑπολαμϐάνουσι,
723 724 879 759 σωματικά»

84 776 166 803 τερον
182 768 289 803 οὐρανῷ
310 768 395 804 θρόνῳ
412 769 561 805 χρώμενον,
577 769 625 796 καὶ
638 771 672 805 τῇ
689 771 723 805 γῇ
740 770 877 805 ὑποποδίῳ

84 813 139 839 τῶν
156 814 244 840 ποδῶν
259 815 351 846 αὑτοῦ,
371 816 422 842 ὑπὸ
438 816 507 842 οὕτω
525 815 638 851 βραχείᾳ
655 815 710 850 (45)
732 815 877 851 συγκρίσει

84 858 132 885 τοῦ
150 859 249 891 παντὸς
265 861 379 895 οὐρα-νοῦ
397 862 443 887 καὶ
458 861 508 896 τῆς
523 862 573 896 γῆς
590 860 763 896 περιέχεσθαι
782 861 873 892 τόπου,

83 904 156 930 ὥστε
178 905 208 931 ὃν
228 905 446 940 ὑπολαμϐάνουσι
476 906 629 941 σωματικὸν
651 906 813 941 παράδεισον
837 906 874 942 μὴ

84 951 289 987 ὲκπληροῦσθαι
312 952 364 978 ὑπὸ
385 953 431 979 τοῦ
456 952 533 984 Θεοῦ,
556 953 623 979 ἀλλὰ
645 952 763 987 τοσούτῳ
791 952 874 979 αὑτοῦ

83 995 154 1022 εἶναι
172 996 211 1031 τῷ
228 997 337 1032 μεγέθει
354 998 473 1033 μείζονα,
488 998 526 1029 ὡς
542 999 589 1025 καὶ
604 998 805 1033 περιπατοῦντα
826 1007 875 1032 χω-

84 1044 144 1077 ρεῖν
166 1043 257 1074 αὐτὸν,
277 1044 445 1079 ἀκουομένης
460 1044 551 1080 φωνῆς
566 1044 620 1070 ἀπὸ
635 1044 685 1078 τῆς
703 1044 806 1079 βάσεως
820 1044 873 1070 τῶν

82 1089 172 1116 ποδῶν
187 1090 279 1117 αὑτοῦ.
296 1091 356 1117 Ἔτι
373 1091 403 1117 δὲ
423 1091 482 1116 κατ’
502 1089 620 1121 ἐκείνους
639 1089 810 1124 ἀτοπώτερον
832 1090 871 1120 τὸ,

82 1135 262 1170 αἰδουμένους
275 1135 319 1162 τὸν
334 1136 399 1162 Θεὸν
417 1135 461 1162 διὰ
474 1130 704 1171 τῆν’παράῦασιν,
722 1135 767 1161 τὸν
789 1135 873 1170 Ἀδὰμ

82 1180 132 1207 καὶ
152 1182 201 1216 τὴν
222 1181 294 1207 Εὔαν
315 1181 480 1217 κρύπτεσθαι
503 1182 558 1208 ἀπὺ
574 1180 719 1216 προσώπου
738 1180 785 1207 τοῦ
805 1180 872 1207 Θεοῦ

81 1227 112 1252 ὲν
125 1226 202 1261 μέσῳ
214 1227 261 1253 τοῦ
275 1227 352 1259 ξύλου
372 1227 418 1253 τοῦ
433 1227 606 1262 παραδείσου·
625 1227 684 1253 οὐδὲ
697 1228 749 1263 γὰρ
763 1228 872 1262 λέγεται

79 1271 123 1298 ὅτι
147 1272 206 1306 (44)
228 1271 316 1304 οὕτως
341 1272 475 1307 ἠθέλησαν
502 1272 684 1308 κρύπτεσθαι,
706 1273 763 1299 ἀλλ’
789 1273 872 1305 ὅντως

79 1317 249 1353 ὲκρύϐησαν.
275 1317 337 1349 Πῶς
362 1318 391 1344 δὲ
417 1318 476 1344 κατ’
500 1318 598 1349 αὐτοὺς
632 1318 794 1345 πυνθάνεται
824 1319 870 1345 τοῦ

87 1363 176 1396 Ἀδὰμ
188 1363 203 1388 ὁ
218 1362 294 1394 Θεὸς,
309 1362 406 1397 λέγων,
421 1363 482 1389 Ποῦ
503 1361 544 1394 εἷ;
561 1363 628 1398 Περὶ
648 1363 750 1390 τούτων
769 1363 797 1390 δὲ
812 1364 871 1390 ἐπι-

79 1408 174 1435 πλεῑον
190 1408 375 1444 διειλήφαμεν,
387 1408 555 1441 ἐξετάζοντες
568 1409 601 1435 τὰ
615 1410 654 1440 είς
666 1409 715 1444 τὴν
728 1409 868 1436 Γένεσιν·

78 1454 154 1490 πλὴν
175 1454 222 1480 καὶ
244 1454 303 1486 νῦν,
327 1454 370 1480 ἵνα
387 1453 424 1489 μὴ
448 1454 538 1481 τέλεον
562 1455 817 1490 παρασιωπήσωμεν
841 1453 871 1480 τδ

78 1499 240 1534 τηλικοῦτον
266 1498 421 1534 πρόϐλημα,
440 1500 585 1533 αὐτάρκως
607 1499 870 1534 ὰναμνησθησόμεθα

77 1545 140 1576 τοῦ,
163 1545 322 1577 Ἐνοικήσω
345 1545 380 1571 ἐν
394 1544 496 1577 αὐτοῖς
512 1545 560 1571 καὶ
585 1544 813 1579 ἐμπεριπατήσω
835 1545 869 1571 ἐν

77 1590 196 1623 αὐτοῖς,
209 1590 355 1625 λεγομένου
372 1591 401 1616 ὲν
420 1590 636 1624 Δευτερονομίῳ
648 1590 701 1616 ὑπὸ
722 1589 768 1616 τοῦ
789 1590 866 1617 Θεοῦ.

83 1637 196 1667 ὐποῐος
217 1635 270 1671 γὰρ
286 1634 368 1661 αὑτοῦ
384 1636 399 1661 ὁ
414 1635 562 1670 περίπατος
581 1636 610 1661 ὲν
623 1636 679 1666 τοῖς
699 1635 796 1669 ἁγίοις,
812 1632 868 1661 τοι-

77 1682 159 1713 οῦτός
172 1690 214 1713 τις
234 1681 281 1708 καὶ
295 1682 323 1707 ὲν
342 1680 380 1716 τῷ
406 1680 573 1716 παραδείσῳ,
589 1680 777 1715 κρυπτομένου
803 1680 868 1707 Θεὸν

77 1727 127 1753 καὶ
154 1726 300 1761 φεύγοντος
320 1726 368 1761 τὴν
397 1725 548 1760 ἐπισκοπὴν
565 1724 657 1758 αὑτοῦ,
682 1726 728 1752 καὶ
753 1725 867 1759 ἀφιστα-

79 1772 166 1808 μένου
186 1772 234 1807 τῆς
252 1771 408 1807 παρρησίας
431 1771 488 1806 (45)
510 1771 609 1802 παντὸς
633 1770 680 1797 τοῦ
700 1770 868 1806 ἁμαρτάνον-

76 1827 124 1849 τος
134 1826 142 1833 ”
158 1817 230 1844 οὕτω
244 1817 298 1852 γὰρ
322 1818 369 1843 καὶ
384 1816 460 1843 Κάϊν
474 1816 603 1851 ἐξῆλθεν
623 1815 681 1843 ἀπὸ
707 1815 868 1850 προσώπου

76 1863 132 1890 τοῦ
164 1862 249 1894 Θεοῦ,
278 1863 326 1889 καὶ
345 1862 464 1896 ᾤκησεν
485 1862 521 1888 ἐν
549 1861 586 1896 γῇ
612 1861 686 1888 Nam
712 1861 868 1888 κατέναντι

83 1908 180 1944 Ἐδέμ.
200 1909 243 1940 Ὡς
257 1907 303 1935 οὖν
315 1909 344 1935 ὲν
356 1910 412 1940 τοῖς
437 1908 524 1943 ἁγίοις
539 1909 648 1939 ἐνοικεῖ,
663 1907 748 1939 οὕτως
770 1908 816 1934 καὶ
839 1908 868 1934 ὲν

75 1956 199 1992 οὐρανῷ,
220 1956 280 1991 ἦτοι
298 1956 378 1981 παντὶ
396 1955 466 1990 ἁγίῳ
487 1955 533 1981 καὶ
558 1954 684 1990 φοροῦντι
705 1953 753 1989 τὴν
767 1954 869 1980 εἰκόνα

76 2002 131 2028 τοῦ
148 2001 340 2035 ἐπουρανίου,
355 2001 371 2036 ἢ
392 2000 430 2035 τῷ
443 2000 552 2035 Χριστῷ
572 2001 600 2026 ὲν
616 1997 638 2033 ᾧ
656 2001 708 2026 εισι
730 1999 828 2030 πάντες
843 1999 867 2025 οἱ

75 2047 228 2082 σωζόμενοι
257 2046 399 2081 φωστῆρες
419 2047 466 2072 καὶ
491 2046 605 2081 ἀστέρες
627 2046 672 2072 τοῦ
692 2045 824 2081 οὐρανοῦ·
851 2045 867 2080 ἢ

75 2094 124 2120 καὶ
137 2092 182 2119 διὰ
206 2092 270 2123 τοὺς
289 2091 343 2127 (46)
358 2092 387 2117 ὲν
400 2090 505 2126 οὐρανῷ
518 2091 611 2125 ἁγίους
633 2091 763 2118 κατοικεῖ.
779 2090 816 2116 Τὸ
830 2091 869 2117 ει-

77 2139 211 2175 ρημένον·
238 2138 317 2172 Πρὸς
340 2137 378 2164 σὲ
393 2134 451 2172 ᾗρα
469 2135 540 2169 τοὺς
555 2136 726 2170 ὀφθαλμούς
743 2144 799 2166 μου
816 2135 869 2163 τὸν

713 119 881 148 LIBELLUS
900 119 944 147 DE
962 119 1147 147 ORATIONE.

89 186 122 203 τα
138 178 333 213 περισπασμὸν
353 178 462 213 ἀφελεῖν
486 178 540 206 ἀπὸ
559 179 612 206 τῶν
636 179 680 206 διὰ
711 182 757 208 τὸν
786 182 858 208 ἱδιωτ

990 190 993 207 ι
1024 182 1052 209 in
1082 180 1180 209 Genesi
1211 180 1310 208 dicitur
1337 190 1343 208 :

1663 123 1716 152 L90

1371 181 1456 208 Adam
1484 185 1508 208 et
1538 180 1595 209 Eva
1624 183 1718 210 audis.

932 231 993 253 runt
1019 234 1105 253 uocem
1124 226 1231 253 Domini
1251 226 1298 253 Dei
1327 226 1518 253 deambulantis
1544 228 1571 253 in
1592 228 1717 260 paradiso

931 273 966 297 ad
983 279 1134 305 uesperam;
1159 275 1184 297 et
1209 271 1399 298 absconderant
1424 280 1451 298 se
1474 270 1559 298 Adam
1581 277 1605 299 et
1623 272 1718 300 mulier

931 316 1010 351 235
1026 316 1083 351 ejus
1094 324 1110 342 α
1128 316 1196 350 facie
1212 316 1318 342 Domini
1335 316 1382 343 Dei
1399 317 1426 343 in
1447 317 1532 344 medio
1552 317 1619 351 ligni
1634 326 1717 351 para-

931 363 982 388 disi
993 362 1026 387 9‘.
1043 361 1271 396 Interrogabimus
1287 368 1352 396 ergo
1366 369 1413 388 eos
1427 362 1472 396 qui
1492 362 1640 396 Scriptura!
1657 362 1713 390 thc-
1747 370 1751 374 ·

930 414 1027 435 sauros
1043 407 1146 442 ingredi
1169 407 1278 438 nolunt,
1298 411 1326 434 et
1344 407 1456 441 januam
1480 414 1513 434 ne
1535 407 1641 441 pulsam.
1655 408 1713 442 qui-

930 452 1002 484 dem,
1018 452 1158 486 possinlnc
1172 451 1286 484 probare
1301 451 1443 478 Dominum
1457 451 1541 479 Dcum
1555 453 1600 486 qui
1617 453 1714 481 coelum

929 502 956 525 et
973 502 1072 525 terram
1095 497 1206 532 implet,
1223 497 1283 529 cui,
1305 501 1334 523 ut
1354 497 1403 532 ipsi
1422 498 1592 530 existimant,
1611 500 1713 526 caelum

929 543 1079 577 corporalis
1104 543 1217 570 thronus
1241 547 1283 570 est
1301 547 1328 570 et
1352 547 1423 569 terra
1448 543 1596 571 scabellum
1616 545 1713 579 pedum

928 589 1002 623 ejus,
1025 594 1078 616 tam
1104 590 1195 621 brevi,
1221 590 1242 615 si
1264 597 1326 616 cum
1351 589 1479 616 universo
1501 590 1571 617 coelo
1594 595 1621 617 et
1642 595 1714 618 terra

928 635 1093 667 conferatur,
1110 634 1169 662 loco
1185 635 1331 665 contineri,
1346 634 1383 660 ita
1400 639 1430 660 ut
1443 642 1523 668 quem
1540 635 1591 662 sibi
1609 635 1715 670 tingunt

928 687 1086 715 corporeum
1110 681 1284 713 paradisum,
1309 680 1378 707 Deus
1403 688 1456 706 non
1478 681 1606 715 implent.
1628 682 1673 707 se.l
1692 681 1715 708 is

929 729 1033 752 tantum
1059 725 1244 760 magnitudine
1267 725 1397 757 excedat,
1422 730 1451 752 ιιι
1472 726 1554 753 etiam
1582 726 1714 753 deambu-

928 771 1029 799 lantem
1044 771 1191 802 contineat,
1207 778 1346 805 sonusque
1363 770 1460 805 planta:
1477 772 1575 805 pedum
1588 771 1648 805 ejus
1665 779 1713 798 au-

927 817 1028 844 diatur.
1044 817 1113 844 lllud
1130 818 1241 851 insuper
1262 816 1289 844 in
1304 823 1398 843 eorum
1410 817 1549 851 sententia
1565 817 1713 844 absurdius

926 866 969 890 est
992 862 1125 889 Adamum
1149 867 1176 889 et
1202 862 1283 889 Evam
1316 862 1400 889 Deum
1433 866 1544 897 propter
1570 859 1711 897 peccatum

926 915 1004 934 suum
1032 907 1212 935 formidantes
1239 907 1407 935 abscondere
1431 915 1460 935 se
1476 915 1491 935 ιι
1515 907 1585 935 facie
1609 908 1656 935 Dei
1684 909 1711 935 in

926 953 1013 980 medio
1033 952 1098 987 ligni
1115 953 1254 987 paradisi:
1272 960 1324 980 non
1343 954 1416 980 enim
1440 954 1570 980 dicuntur
1590 954 1711 981 voluisse

925 1005 955 1025 se
969 999 1009 1025 sic
1026 998 1201 1030 abscondere,
1217 999 1266 1025 sed
1284 1006 1378 1025 revera
1399 999 1574 1025 abscondisse
1590 1005 1628 1025 se.
1642 997 1709 1025 Item

924 1043 1059 1078 quomodo
1079 1042 1156 1077 juxta
1178 1043 1237 1070 illos
1256 1044 1408 1078 interrogat
1423 1043 1556 1070 Adamum
1575 1044 1643 1070 Deus
1666 1043 1708 1070 tli—

924 1096 989 1115 cens
1009 1097 1016 1115 :
1039 1087 1089 1115 Ubi
1113 1090 1161 1116 es?
1189 1088 1252 1116 Haec
1280 1089 1460 1116 tractavimus
1485 1089 1623 1124 copiosius
1647 1097 1708 1116 cum

923 1140 1115 1160 enarraremus
1140 1134 1287 1166 Geuesim;
1314 1142 1386 1161 nunc
1410 1141 1443 1162 ne
1470 1138 1572 1161 tantam
1599 1135 1708 1163 silentio

924 1178 1102 1213 qutestionem
1125 1179 1237 1205 omnino
1257 1183 1464 1213 prwtereamus,
1478 1179 1593 1207 suﬂicict
1613 1181 1634 1207 si
1654 1187 1709 1207 me-

924 1224 1083 1252 minerimus
1100 1225 1181 1258 hujus
1205 1225 1349 1252 sententiae
1370 1233 1377 1251 :
1396 1225 1528 1252 Habitabo
1546 1226 1573 1251 in
1596 1226 1660 1259 ipsis
1683 1231 1708 1252 et

923 1271 1090 1298 inambulabo
1113 1272 1139 1297 in
1161 1271 1224 1305 ipsis
1234 1271 1269 1303 θ’,
1281 1278 1343 1305 qum
1359 1278 1373 1297 a
1390 1271 1444 1298 Deo
1461 1272 1487 1298 in
1507 1272 1707 1300 Deuleronomio

923 1317 1068 1351 profertur.
1083 1316 1176 1350 Qualis
1192 1316 1264 1343 enim
1284 1317 1342 1351 ejus
1358 1317 1543 1344 deambulatio
1561 1318 1587 1344 in
1602 1319 1707 1346 sanctis

921 1367 974 1395 est,
997 1363 1058 1390 talis
1079 1368 1107 1390 et
1124 1363 1150 1390 in
1166 1363 1309 1397 paradiso;
1328 1370 1388 1389 cum
1410 1369 1425 1388 a
1443 1362 1496 1389 Deo
1512 1363 1660 1390 abscondat
1678 1371 1708 1391 se

920 1408 1035 1443 ejusque
1059 1409 1256 1444 inspectionem
1274 1408 1361 1442 fugiat
1382 1412 1410 1435 et
1432 1408 1466 1435 ab
1481 1409 1539 1442 ejus
1559 1409 1704 1443 prmsentia

922 1456 1029 1493 recedat
1039 1455 1193 1489 quicunque
1206 1458 1309 1489 peccat.
1323 1454 1369 1481 Sic
1382 1454 1454 1481 enim
1466 1459 1493 1481 et
1505 1453 1573 1481 Cain
1586 1463 1704 1489 egressus

922 1505 959 1527 est
973 1491 1079 1533 ἰι-[πίε
1103 1498 1150 1525 Dei
1172 1504 1195 1525 et
1221 1499 1348 1526 habitavit
1374 1499 1401 1526 in
1423 1505 1494 1526 terra
1517 1498 1586 1526 Nwd
1611 1504 1703 1525 contra

923 1546 1004 1572 Edem
1013 1546 1046 1572 ".
1066 1545 1099 1573 Ut
1114 1546 1195 1580 igitur
1207 1545 1233 1572 in
1247 1546 1350 1572 sanctis
1363 1545 1477 1577 habitat,
1493 1546 1532 1572 sic
1543 1550 1570 1572 ct
1584 1545 1609 1572 in
1625 1545 1704 1578 coelo,

920 1591 978 1618 sive
1000 1591 1062 1617 illud
1080 1591 1115 1618 sit
1129 1591 1243 1624 quilibet
1262 1595 1372 1618 sanctus
1388 1595 1416 1618 et
1430 1596 1543 1625 portans
1563 1591 1705 1626 imaginem

920 1634 1040 1667 ctrlestis,
1061 1636 1118 1662 sive
1141 1635 1266 1662 Christus
1283 1636 1310 1662 in
1332 1642 1386 1670 quo
1408 1635 1553 1662 luminaria
1577 1640 1604 1661 cl.
1630 1640 1704 1663 astra

919 1680 980 1707 coeli
998 1685 1062 1707 sunt
1078 1688 1174 1708 omnes
1185 1682 1228 1715 qui
1247 1680 1385 1707 salvantur
1399 1689 1406 1708 :
1423 1688 1468 1708 seu
1486 1681 1558 1713 quod
1575 1682 1660 1709 sancti
1677 1682 1704 1708 in

919 1726 989 1753 coelo
1006 1726 1140 1753 habitent.
1162 1725 1238 1758 Quod
1261 1730 1350 1753 autem
1377 1726 1476 1753 dicitur
1494 1734 1500 1752 :
1520 1726 1561 1752 Ad
1580 1731 1603 1753 te
1624 1726 1704 1754 levavi

919 1770 1009 1798 oculos
1024 1779 1093 1797 meos
1115 1771 1159 1805 qui
1175 1771 1279 1797 habitas
1294 1772 1321 1797 in
1337 1770 1400 1797 uelo
1412 1771 1450 1803 ";
1471 1776 1496 1797 et
1510 1772 1580 1805 quod
1604 1772 1629 1798 in
1654 1772 1705 1798 Ec—

919 1817 1044 1845 clesiasle
1068 1817 1183 1844 habetur
1200 1826 1206 1843 :
1229 1816 1294 1843 Noli
1319 1817 1445 1850 festinare
1464 1817 1498 1843 ad
1518 1817 1703 1851 proferendum

919 1864 1021 1889 verbum
1037 1862 1064 1890 in
1078 1867 1215 1897 conspectu
1227 1862 1291 1894 Dei;
1309 1863 1370 1897 quia
1384 1862 1452 1888 Deus
1465 1863 1491 1888 in
1510 1861 1572 1888 melo
1585 1870 1702 1894 sursum,

918 1914 942 1934 et
959 1913 987 1934 tu
1005 1916 1083 1942 super
1103 1913 1200 1934 terram
1215 1907 1336 1934 deorsum
1347 1908 1380 1939 ⁸⁸,
1397 1907 1518 1934 indicare
1535 1906 1589 1933 vult
1603 1913 1703 1940 quanta

918 1954 955 1981 sit
975 1954 1008 1981 ab
1031 1954 1064 1981 iis
1087 1954 1133 1988 qui
1161 1957 1226 1981 sunt
1250 1953 1278 1980 in
1298 1960 1405 1986 corpore
1438 1951 1598 1978 humilitatis
1615 1952 1638 1968 ”
1661 1953 1703 1979 diu

919 2000 1019 2026 stantia
1035 1999 1067 2027 ad
1083 1999 1158 2026 illum
1184 1999 1231 2033 qui
1252 2003 1294 2026 est
1311 2000 1381 2032 apud
1404 1998 1514 2031 angelos
1534 1997 1580 2032 qui
1604 2001 1631 2024 et
1652 1998 1702 2032 ipsi

919 2046 999 2073 Verbi
1011 2045 1110 2072 auxilio
1121 2045 1286 2075 exaltantur.
1298 2048 1323 2071 et
1338 2045 1406 2077 apud
1421 2049 1528 2070 sanctas
1543 2046 1701 2078 potestates,

918 2091 959 2119 vel
978 2091 1047 2126 apud
1067 2091 1152 2125 ipsum
1175 2090 1323 2118 Christum.
1346 2089 1436 2122 Neque
1461 2089 1534 2115 enim
1555 2089 1701 2115 absurdum

918 2143 960 2166 est
976 2138 1051 2165 illum
1067 2145 1127 2165 esse
1151 2137 1261 2172 proprie
1286 2136 1415 2163 thronum
1440 2134 1538 2165 Patris,
1558 2133 1701 2169 allegoria-

75 2184 276 2212 κατοικοῦντα
286 2183 320 2210 ἐν
333 2183 373 2215 τῷ
385 2181 516 2216 οὐρανῷ·
535 2182 582 2209 καὶ
597 2181 627 2208 τὸ
644 2182 672 2208 ὲν
687 2181 725 2217 τῷ
747 2182 859 2215 Ἐκκλη-

998 2183 1094 2217 majori
1117 2183 1215 2210 caelum
1239 2182 1313 2213 dici;
1341 2180 1491 2208 Ecclesium
1514 2187 1578 2207 vero
1599 2184 1700 2206 terram

75 2230 192 2264 σιαστῇ
207 2230 252 2256 δέ·
271 2229 320 2263 Μὴ
347 2229 486 2263 σπεύσῃς
500 2228 668 2262 ἐξενεγκεῖν
691 2229 784 2263 λόγον
807 2228 863 2262 πρὸ

75 2276 242 2314 προσώπου
254 2276 306 2302 τοῦ
320 2275 393 2302 Θεοῦ
402 2283 409 2289 υ
418 2274 461 2300 ὅτι
472 2275 487 2300 ό
499 2273 570 2306 Θεὸς
580 2273 661 2305 ἐντῷ
667 2272 782 2307 οὐρανῷ
792 2273 863 2305 ἅνω,

75 2325 125 2350 καὶ
143 2323 185 2350 σὺ
199 2323 249 2349 ἐπὶ
271 2322 327 2356 γῆς
342 2321 435 2347 κάτω·
453 2320 590 2354 διάστημα
605 2319 726 2354 βούλεται
746 2319 865 2355 δηλῶσαι

76 2369 132 2395 ἀπὸ
147 2368 203 2395 τῶν
218 2368 301 2394 ὅντων
322 2368 350 2393 ὲν
365 2366 404 2401 τῷ
423 2365 527 2401 σώματι
541 2366 590 2401 τῆς
607 2364 793 2397 ταπεινώσεως
813 2365 866 2397 ἕως

74 2415 124 2441 τοῦ
138 2413 217 2449 παρὰ
231 2414 286 2444 τοῖς
301 2412 460 2447 ὑψουμένοις
473 2411 524 2437 ὑπὸ
538 2411 587 2446 τῆς
604 2411 736 2445 ὡφελείας
755 2411 800 2437 καὶ
818 2411 864 2437 τοῦ

76 2460 165 2494 Λόγου
181 2458 306 2492 ἀγγέλοις
322 2457 369 2484 καὶ
380 2456 524 2492 δυνάμεσιν
534 2456 624 2490 ἁγίαις
639 2456 656 2492 ἢ
671 2456 742 2491 αὐτῷ
758 2456 812 2491 (47)
828 2456 865 2491 τῷ

76 2505 206 2541 Χριστῷ’
227 2504 257 2530 οὐ
272 2504 325 2539 γὰρ
339 2503 436 2530 ἄτοπον
452 2502 532 2529 αὑτὸν
546 2503 594 2537 μὲν
609 2500 678 2528 εἶναι
693 2502 793 2538 κυρίως
809 2502 867 2538 θρόη

76 2562 122 2581 νον
137 2552 186 2579 τοῦ
211 2551 327 2586 Πατρὸς,
350 2548 601 2585 ἀλληγορικώτερον
626 2548 739 2584 οὐρανὸν
766 2548 864 2574 καλού-

113 2600 135 2615 "
151 2599 220 2626 ῦνη.
242 2605 289 2628 ιιι,
312 2596 338 2623 8.
377 2596 400 2611 ν’
417 2596 493 2623 Dent.
520 2602 607 2627 xxtu,
627 2594 680 2627 i4;

90 2642 119 2667 ν,
144 2635 168 2660 1.
209 2633 232 2648 ⁹⁶
253 2632 349 2665 Philip.
366 2639 411 2661 ιιι,
426 2631 471 2657 21.

113 2680 171 2713 (45)
194 2679 332 2713 Βραχείςι.
348 2677 420 2715 Lego
433 2684 493 2715 cum
504 2672 767 2715 Bentlcio,§paxéo;.

113 2712 172 2749 (44)
193 2712 283 2741 codex
299 2720 361 2749 In‘s.,
375 2713 425 2749 ὅτι.
444 2712 514 2739 Ειιὶῑ.
529 2712 628 2749 Oxon:

114 2744 171 2785 (45]
192 2747 374 2782 Παρῤησίας.
409 2747 481 2781 Lego
507 2753 566 2773 cum
602 2744 736 2774 Bentleio,
757 2750 859 2776 παρου-

79 2786 173 2857 σισῧίὶ)
194 2817 247 2846 Διὰ
268 2818 348 2849 τούς,
364 2822 417 2844 ctc.
435 2813 715 2849 Bentleiuslegendum
740 2809 861 2844 coniicit,

231 2867 369 2895 PATBOL.
385 2863 443 2894 Gn.
459 2862 513 2892 ΧΙ.

717 2591 739 2619 ll
753 2593 815 2621 Cor.
831 2601 856 2619 vi
869 2614 876 2626 ,
898 2593 940 2621 16.

919 2229 1009 2256 vocari
1032 2234 1060 2255 et
1079 2228 1223 2255 scabellum
1240 2234 1299 2254 esse
1314 2227 1410 2261 pedum
1427 2225 1521 2260 ipsius.
1539 2225 1600 2252 [hec
1616 2232 1701 2259 pauca

917 2283 951 2303 ex
974 2275 1064 2302 Veteri
1090 2274 1264 2302 Testamento
1292 2272 1440 2307 adjocimus
1466 2271 1540 2301 loca.
1564 2278 1623 2305 qua:
1650 2278 1700 2305 pn-

919 2324 1009 2347 tantur
1027 2320 1109 2347 Deum
1126 2320 1152 2345 in
1169 2318 1227 2345 loco
1247 2317 1428 2347 constituere,
1447 2320 1476 2342 ut
1500 2316 1582 2350 236
1604 2315 1698 2342 lectori

918 2365 1074 2394 omnimodo
1098 2372 1146 2398 pro
1170 2370 1300 2391 concessa
1327 2362 1406 2388 nobis
1432 2360 1562 2387 facultate
1589 2367 1701 2394 persua-

918 2411 1030 2439 deamus
1052 2410 1139 2437 alliori
1155 2414 1183 2437 et
1207 2407 1341 2443 spirituali
1371 2407 1456 2440 magis
1481 2412 1560 2432 sensu
1594 2411 1699 2431 sacram

918 2458 1041 2492 accipere
1056 2456 1237 2490 Scripturam,
1260 2461 1319 2481 cum
1338 2451 1473 2478 videbitur
1489 2451 1514 2476 in
1534 2450 1593 2475 loco
1615 2448 1698 2474 Deum

918 2510 979 2530 esse
1007 2503 1115 2529 docere.
1144 2500 1207 2528 Ησεο
1231 2506 1273 2527 me
1303 2499 1393 2525 decuit
1428 2496 1566 2529 disputare
1589 2494 1622 2520 ad
1655 2493 1698 2520 illa

918 2548 1021 2575 verba:
1041 2546 1120 2573 Pater
1146 2550 1244 2577 noster,
1261 2545 1307 2580 qui
1332 2552 1359 2570 es
1376 2543 1405 2569 in
1427 2541 1507 2572 caelis,
1530 2544 1559 2566 ut
1583 2538 1628 2565 Dci
1656 2546 1698 2565 es-

990 2594 1013 2610 "
1031 2593 1100 2620 Gen.
1115 2600 1152 2625 IV,
1178 2592 1222 2619 16.
1276 2591 1298 2606 ⁵⁸
1315 2588 1386 2617 Psal.
1402 2594 1492 2618 cun,
1510 2586 1536 2612 1.
1576 2583 1693 2610 l"'Ecclc.

914 2673 958 2700 διὰ
984 2676 1013 2700 τὸ
1037 2674 1065 2700 ὲν
1089 2672 1196 2708 οὐρανῷ
1222 2670 1315 2704 ἁγίους
1344 2670 1489 2696 κατοικεῖν.
1515 2667 1552 2694 Τὸ
1575 2666 1597 2693 δ’
1620 2666 1694 2701 clm-

1029 2743 1063 2770 Ἠ
1074 2742 1161 2774 αὐτῷ.
1178 2741 1223 2769 Sic
1238 2740 1322 2768 codex
1336 2746 1385 2766 ms.
1399 2739 1487 2766 Editio
1505 2743 1593 2765 autem
1610 2735 1696 2763 Oxon.

916 2779 1016 2810 omisit,
1030 2778 1058 2812 ἥ.

1503 2849 1539 2879 16
