1853 3073
195 114 244 142 491
920 114 1090 142 οιιιειῖΝιδ
1766 120 1812 146 to}

195 173 312 201 sentiam
342 178 356 198 a
387 170 468 197 rebus
501 169 626 197 omnibus
661 170 760 203 genitis
797 178 966 198 secernerem

1032 180 1121 207 μενον,
1143 173 1190 208 τὴν
1207 173 1234 200 δὲ
1257 174 1417 209 Ἐκκλησίαν
1439 174 1521 201 αὐτοῦ
1544 175 1595 210 γῆν
1614 174 1813 211 ὀνομαζομένην

194 220 299 253 Quibus
315 218 385 245 enim
408 225 460 245 non
479 218 673 250 communicat,
694 217 719 244 iu
736 225 783 244 eos
807 217 890 252 gloria
909 226 966 251 «ιιιιε

1032 218 1176 245 ὑποπόδιον
1196 221 1341 254 τυγχάνειν
1365 221 1417 246 τῶν
1438 220 1524 247 ποδῶν
1542 220 1632 248 αὑτοῦ.
1656 221 1814 255 Πρω-τεθεί-

194 267 256 293 dam
277 265 322 292 Dei
342 270 368 292 et
389 265 476 292 virtus
494 264 552 298 ejus
565 269 609 296 et,
634 267 663 290 ut
684 264 719 290 ita
738 263 838 294 dicam,
863 262 966 289 eliluxu:

1031 272 1118 298 καμεν
1132 264 1163 300 δὴ
1187 265 1265 299 ὀλίγα
1287 266 1398 301 καὶτῆς
1421 266 1539 298 παλαιᾶς
1568 265 1708 301 Διαθήκης
1735 266 1812 301 ῥητὰ,

193 310 343 338 divinitatis
357 310 506 337 derivatur.

1031 309 1194 344 νομιζόμενα
1209 311 1237 337 ἐν
1251 311 1326 346 τόπῳ
1341 311 1516 346 παριστάνειν
1529 312 1583 347 (48)
1596 312 1644 338 τὸν
1657 312 1734 342 Θεὸν,
1750 312 1813 347 ὑάρ

191 357 237 383 τοῦ
259 356 389 382 πάντοθεν
416 355 486 382 κατὰ
515 355 564 390 τὴν
587 354 726 389 διδομένην
755 354 820 388 ἡμῖν
842 353 956 388 δύναμιν
983 355 1075 380 πεῖσαι
1099 355 1144 381 τον
1167 355 1372 391 ἐντυγχάνοντα,
1395 357 1558 392 ὑψηλότερον
1568 357 1613 383 καὶ
1624 356 1814 391 πνευματικώ-

189 412 268 440 τερον
285 403 393 430 ἀκούειν
407 403 456 438 τῆς
478 402 552 433 θείας
566 401 691 437 Γραφῆς,
711 401 774 427 ὅταν
789 401 853 436 δοκῇ
868 402 896 427 ἐν
920 401 995 435 τόπῳ
1011 401 1143 429 διδάσκειν
1161 401 1230 429 εἶναι
1243 404 1288 430 τὸν
1317 403 1392 430 Θεὸν.
1409 404 1532 439 Ἔπρεπε
1540 403 1569 428 δὲ
1577 403 1664 429 ταῦτα
1678 403 1813 435 συνεξετα-

190 450 285 486 σθῆναι
311 448 360 484 τῷ,
381 447 476 481 Πάτερ
497 447 589 481 ἡμῶν,
611 449 626 473 ὁ
649 447 684 472 ὲν
710 445 772 478 τοῖς
788 445 941 479 οϊιρανοῖς·
968 447 1049 473 οἱονεὶ
1076 447 1191 481 ἀφιστὰς
1217 448 1267 482 τὴν
1294 448 1386 474 οὐσίαν
1406 447 1453 474 τοῦ
1478 447 1544 474 Θεοῦ
1562 447 1615 474 ἀπὸ
1639 448 1750 474 πάντων
1765 447 1814 473 τῶν

188 494 324 531 γεννητῶν
334 503 340 510 '
356 492 395 525 οἷς
411 493 464 529 γὰρ
477 494 507 520 οὺ
522 493 656 524 κοινωνεῖ,
671 492 762 523 αὐτοῖς
783 491 844 523 δόξα
860 500 901 524 τις
923 492 991 518 Θεοῦ
1005 493 1051 520 καὶ
1065 493 1178 529 δύναμις
1197 494 1288 527 αὑτοῦ,
1304 495 1365 527 καὶ,
1386 495 1417 521 ἵν’
1434 494 1520 526 οὕτως
1536 495 1615 526 εἴπω,
1631 494 1758 529 ἀπορροὴ
1770 495 1813 528 τῆς

188 541 311 576 θεότητο,³
330 540 464 574 ἐγγίνεται
484 540 582 570 αὐτοῖς.

203 597 206 600 ·
222 587 268 614 Ἡ.
287 586 472 621 εαιισιίῇεειιιν
487 594 579 613 nomen
595 590 679 614 tuum.
695 585 756 613 Sive
772 586 891 613 declaret
905 593 972 612 non-

189 633 252 668 dum
267 633 398 667 obtigisse
412 632 463 659 sibi
486 632 512 658 id
528 639 576 666 pro
592 639 646 666 quo
661 637 731 664 orat,
747 632 804 659 sive
819 632 874 658 voti
897 639 972 659 com-

188 684 249 710 pos,
266 677 290 702 id
307 677 376 710 quod
391 683 442 702 nou
459 680 610 710 permanet,
635 681 709 710 petat
725 677 896 708 conservari,
914 684 973 703 ma-

189 721 317 748 nifestum
331 726 372 747 est
394 726 524 756 quantum
540 722 573 748 ad
590 729 670 748 voces
690 721 807 753 attinet,
826 729 875 749 uos
895 722 972 756 quasi

188 768 305 794 nondum
320 767 516 794 sanctiﬁcatum
532 767 566 793 sit
583 774 679 794 nomen
704 766 802 799 Patris,
822 767 910 800 juberi
931 775 974 794 se-

187 814 305 839 cundum
325 813 476 839 Mattbaetuu
491 817 517 839 et
531 813 633 840 Lucam
653 813 743 840 dicere
760 821 767 840 :
784 813 973 847 Sanctiﬁcatu-

187 866 279 884 nonuu
294 863 378 884 tuum.
394 859 439 890 At,
454 859 571 893 inquies,
586 858 721 892 quomodo
735 859 802 894 petit
816 859 897 886 homo
912 866 972 886 san-

187 904 299 930 ctiticari
316 911 413 931 nomen
433 904 494 937 Dei,
516 904 596 938 quasi
618 903 818 931 sanctiﬁcatum
837 912 890 930 non
917 904 971 930 sit?

187 949 255 982 Quid
271 950 306 976 sit
326 957 424 977 nomen
447 950 546 982 Patris,
569 954 593 977 et
612 949 676 984 quid
692 950 728 976 sit
750 950 835 984 ipsum
852 950 972 977 sanctiﬁ-

185 996 253 1028 cari,
269 996 474 1030 perspiciamus.
497 995 601 1023 Nomen
618 996 700 1030 igitur
713 1000 754 1023 est
777 995 970 1030 compendiosa

186 1043 379 1075 deuomiuatio,
401 1050 462 1076 qua;
485 1042 621 1076 propriam
639 1041 677 1068 rei
694 1041 840 1068 nominata:
856 1041 970 1076 qualita-

185 1092 239 1115 tem
260 1088 395 1115 exbibeat.
413 1088 494 1116 Verbi
521 1087 624 1122 gratia,
646 1091 688 1114 est
713 1087 834 1121 qturdam
861 1087 969 1121 propria

184 1134 301 1168 qualitas
329 1133 403 1160 Pauli
433 1133 570 1167 apostoli;
600 1132 651 1158 alia
685 1133 785 1159 anima:
820 1133 969 1159 secundutu

185 1188 267 1215 quam
283 1179 344 1207 talis
368 1184 425 1211 est;
445 1179 496 1206 alia
521 1179 630 1210 mentis,
653 1185 704 1211 qua
732 1178 794 1204 talia
817 1177 889 1204 valet
905 1186 971 1205 con-

185 1227 328 1261 templari;
344 1226 398 1252 alia
422 1225 544 1260 corporis
560 1226 643 1260 ipsius
665 1232 717 1259 qua
733 1223 786 1251 tale
813 1230 865 1252 est.
890 1224 968 1257 Quod

185 1272 267 1307 igitur
281 1272 376 1298 barum
392 1271 553 1305 qualitatum
570 1271 709 1306 proprium
727 1274 779 1302 est,
795 1277 845 1298 nec
861 1270 906 1296 ulli
923 1270 969 1298 alii

184 1319 331 1346 convenire
349 1322 437 1352 potest
459 1316 539 1353 (alius
553 1318 626 1345 enim
646 1318 726 1345 homo
741 1325 793 1344 non
817 1321 860 1344 est
883 1317 909 1344 in
930 1324 970 1344 re-

184 1373 244 1391 rtun
269 1369 363 1390 natura
382 1363 427 1397 qui
446 1371 459 1389 a
485 1363 568 1390 Paulo
590 1363 744 1390 nullatenus
770 1361 903 1397 tliﬂ'erat),
919 1363 970 1390 hoc

185 1411 306 1442 nomine,
323 1409 435 1443 Paulus,
457 1409 629 1443 exprimitur.
644 1408 712 1436 Cum
733 1412 822 1434 autem
838 1408 864 1434 in
883 1407 970 1434 Inomi-

185 1458 264 1485 nibus
274 1457 422 1492 qualitates
436 1457 487 1483 illre
502 1456 619 1490 propritn
641 1455 841 1490 quodammodo
864 1460 967 1482 muten-

1066 587 1244 622 Ἁγιασθήτω
1259 587 1293 614 τὸ
1316 587 1410 622 ὄνομά
1435 594 1501 626 σουἶ
1519 587 1582 613 Ὅτε
1601 586 1651 622 μὲν
1667 585 1724 621 (ιο)
1740 586 1812 622 περί-

1026 641 1103 668 στησι
1118 633 1148 660 τὸ
1171 634 1207 669 μὴ
1227 634 1366 668 γεγονέναι
1391 642 1433 660 πω
1453 632 1517 669 περὶ
1532 629 1562 659 οὗ
1583 632 1711 667 εὔχεται,
1726 632 1769 657 ὅτε
1787 631 1811 657 δὲ

1024 678 1118 704 τούτου
1136 679 1216 714 τυχὸν
1234 679 1264 705 τὸ
1282 679 1319 714 μὴ
1340 679 1496 714 παρειμένον
1517 678 1582 704 αὐτὸ
1603 678 1652 703 καὶ
1677 676 1812 711 τηρεῖσθαι

1027 723 1111 756 ἀξιοῖ,
1134 725 1250 760 φανερὸν
1271 725 1332 751 ὅσον
1353 725 1399 751 ἐπὶ
1420 725 1454 759 τῇ
1474 723 1544 755 λέξει
1565 721 1685 753 ἐνταῦθ’,
1708 721 1745 752 ὡς
1765 729 1810 756 μη-

1026 769 1100 796 δέπω
1115 770 1289 804 ἁγιασθὲντος
1309 770 1355 797 τοῦ
1372 770 1501 805 ὀνόματος
1513 768 1558 794 τοῦ
1576 767 1696 803 Πατρὸς,
1712 767 1812 793 κελεύε-

1027 816 1088 842 σθαι
1112 816 1201 850 λέγειν
1225 817 1299 851 ἡμᾶς
1329 816 1400 843 κατά
1421 824 1452 850 γε
1474 815 1518 841 τὸν
1541 814 1682 840 Ματθαὶρν
1705 813 1752 839 καὶ
1773 813 1811 838 τὸν

1024 862 1131 888 Λουκᾶν
1149 862 1194 888 τό·
1222 861 1398 896 Ἁγιασθήτω
1422 861 1454 887 τὸ
1471 859 1564 895 ὀνομά
1581 868 1651 886 σου.
1671 860 1727 886 Καὶ
1747 859 1810 890 πῶς.

1023 908 1094 934 εἴποι
1105 917 1147 940 τις
1161 908 1204 939 ἂν,
1216 908 1357 944 ἄνθρωπος
1374 907 1445 939 ἀξιοῖ
1461 906 1619 940 ἁγιάζεσθαι
1632 907 1665 932 τὸ
1675 906 1760 940 ὄνομα
1770 905 1810 932 τοῦ

1022 952 1099 984 Θεοῦ,
1114 952 1151 984 ὡς
1174 951 1210 987 μὴ
1230 952 1409 987 ἠγιασμένον;
1428 951 1460 977 Τί
1475 951 1505 977 τὸ
1527 951 1612 986 ὄνομα
1626 951 1676 976 τοῦ
1700 951 1808 986 Πατρὸς,

1023 998 1068 1024 καὶ
1087 998 1112 1024 τί
1135 997 1165 1024 τὸ
1189 997 1349 1031 ἁγιάξεσθαι
1371 997 1436 1023 αὐτὸ
1467 997 1694 1032 κατανοήσωμεν.
1713 997 1809 1030 ’Ὁνομα

1021 1044 1111 1070 τοίνυν
1126 1043 1184 1069 ἐστὶ
1197 1042 1385 1077 κεφαλαιώδης
1407 1042 1575 1078 προσηγορία
1595 1043 1645 1077 τῆς
1664 1042 1732 1074 ἰδίας
1754 1051 1806 1068 ποι-

1021 1090 1116 1126 ότητος
1138 1089 1183 1116 τοῦ
1205 1090 1404 1125 ὀνομαζομένου
1439 1089 1648 1124 παραστατική·
1675 1085 1730 1115 οἷόν
1757 1089 1807 1114 ἐστί

1021 1144 1062 1167 τις
1081 1136 1132 1162 ἰδία
1149 1136 1259 1171 ποιότης
1279 1135 1383 1162 Παύλου
1403 1136 1449 1162 τοῦ
1471 1135 1619 1161 ἀποστόλου
1631 1143 1638 1150 ·
1661 1135 1677 1169 η
1703 1134 1751 1170 μέν
1771 1143 1805 1165 τις

1020 1182 1070 1216 τῆς
1092 1182 1179 1217 ψυχῆς
1193 1182 1253 1208 καθ’
1276 1182 1309 1217 ἢν
1323 1182 1412 1208 τοιάδε
1431 1181 1519 1208 ἐστίν·
1535 1182 1551 1216 ἡ
1574 1181 1602 1207 δέ
1625 1190 1670 1212 τις
1687 1181 1733 1207 τοῦ
1754 1180 1803 1210 νοῦ,

1021 1227 1081 1254 καθ’
1095 1229 1127 1263 ἣν
1145 1228 1257 1254 τοιῶνδὲ
1279 1229 1335 1254 ἐστι
1364 1227 1517 1263 θεωρητική
1534 1227 1600 1262 (50)·
1619 1228 1637 1262 ὴ
1652 1227 1682 1253 δέ
1702 1236 1743 1258 τις
1761 1226 1801 1252 τοῦ

1022 1272 1145 1308 σώματος
1163 1273 1255 1305 αὑτοῦ,
1271 1273 1330 1299 καθ’
1343 1273 1375 1308 ἢν
1389 1273 1488 1299 τοιόνδε
1503 1273 1571 1300 ἐστί.
1585 1273 1622 1299 Τὸ
1641 1273 1731 1299 τοίνυν
1749 1273 1802 1299 τού-

1020 1328 1074 1357 των
1095 1319 1148 1346 τῶν
1172 1320 1322 1355 ποιοτήτων
1340 1319 1405 1345 ἴδιον
1428 1319 1475 1345 καὶ
1501 1319 1721 1354 ἀσυντρόχαστον
1745 1318 1804 1353 πρὸς

1020 1366 1113 1401 ἕτερον
1133 1365 1221 1400 (ἄλλος
1239 1366 1293 1400 γάρ
1316 1374 1357 1396 τις
1370 1364 1576 1400 ἀπαράλλακτος
1595 1364 1705 1391 Παύλου
1719 1365 1746 1390 ὲν
1757 1365 1802 1394 τοῖς

1020 1410 1095 1438 οὖσιν
1112 1412 1162 1438 οὐκ
1177 1411 1245 1446 ἔστι)
1260 1410 1385 1445 δηλοῦται
1396 1410 1440 1436 διὰ
1454 1410 1502 1445 τῆς
1517 1410 1639 1442 Παῦλος
1653 1408 1799 1444 ὀνομασίας.

1026 1457 1094 1484 Ἀλλ’
1107 1457 1152 1483 ἐπὶ
1167 1452 1329 1492 ανθρώπων,
1343 1456 1423 1482 οἱονεὶ
1438 1455 1647 1490 ἀλλασσομένων
1668 1454 1722 1481 τῶν
1740 1454 1800 1480 ἰδίων

186 1509 241 1536 tur,
266 1509 339 1530 recte
354 1503 432 1538 juxta
461 1502 629 1535 Scripturam
655 1506 795 1528 mutantur
811 1501 892 1528 etiam
919 1508 966 1527 no-

1031 1503 1183 1538 τοιοτήτων,
1200 1502 1283 1537 ὑγιῶς
1301 1502 1371 1529 κατὰ
1388 1501 1436 1537 τὴν
1457 1501 1567 1537 Γραφὴν
1582 1500 1746 1527 ἀλλάσσεται
1762 1499 1799 1525 καὶ

185 1550 268 1577 mina.
283 1549 393 1575 Abrami
409 1548 480 1575 enim
497 1548 638 1575 immutata
650 1547 789 1582 qualitate,
803 1551 914 1574 vocatus
929 1554 969 1573 esu.

183 1595 338 1626 Abraham;
365 1599 392 1621 et
417 1593 535 1620 Simonis
557 1601 688 1620 conversa
705 1593 848 1628 qualitate,
871 1591 969 1619 Petrus

184 1641 340 1668 nominatus
357 1644 412 1670 est;
431 1640 494 1666 item
512 1639 700 1674 persequentis
715 1639 854 1666 Clu-istum
879 1637 969 1664 Saulis

184 1687 328 1714 immutata
346 1685 487 1720 qualitate,
512 1685 662 1719 appellatus
679 1689 720 1711 est
744 1684 853 1711 Paulus.
869 1683 897 1710 lu
914 1683 969 1711 Deo

184 1739 249 1760 vero
268 1731 313 1766 qui
340 1731 508 1758 iuvariabilis
533 1730 762 1764 imtmttabilisque
783 1737 890 1764 semper
909 1735 968 1762 est,

183 1785 266 1804 unum
283 1777 408 1810 idemque
422 1783 529 1810 semper
553 1779 592 1802 est
610 1775 691 1801 veluti
713 1783 820 1806 nomen,
846 1774 897 1807 Qui
918 1779 967 1806 est,

183 1823 254 1858 quod
271 1823 296 1850 iu
313 1823 406 1850 Exodo
421 1822 531 1853 dicitur,
546 1825 592 1847 attt
609 1821 630 1848 si
647 1821 711 1854 quid
727 1820 817 1847 simile
835 1821 888 1847 dici
905 1828 969 1854 pos-

182 1871 229 1897 sit.
252 1868 478 1902 Quaudoquidetu
499 1867 581 1901 igitur
604 1866 710 1902 quoties
736 1866 768 1894 de
793 1866 847 1893 Deo
866 1865 968 1900 aliquid

183 1915 345 1950 cogitamus,
358 1914 474 1948 aliquam
489 1910 566 1939 de‘eo
581 1913 718 1940 notionem
734 1911 812 1938 nobis
828 1911 966 1945 ﬁngimus,

181 1962 229 1989 sed
246 1969 300 1988 nou
317 1968 411 1988 omnes
428 1960 492 1994 quid
516 1959 560 1986 ille
577 1966 669 1985 revera
686 1958 731 1989 sit,
754 1958 857 1984 scimus
878 1956 966 1991 (pauci

182 2007 265 2039 cuitu,
281 2011 318 2038 et,
337 2011 367 2033 ιιι
385 2006 421 2032 ita
445 2005 544 2037 dicam,
567 2004 711 2038 pauciores
729 2002 821 2036 paucis
836 2006 899 2028 sunt
921 2001 966 2035 qui

181 2054 286 2088 possint
301 2052 359 2086 ejus
381 2052 408 2078 in
430 2051 558 2078 omnibus
579 2049 771 2083 proprietatem
789 2047 967 2081 comprehen-

182 2099 268 2133 dere),
291 2097 386 2125 merito
403 2097 532 2124 docemur
548 2095 594 2121 Dei
621 2094 755 2121 notiOnem
775 2092 801 2118 in
821 2093 899 2118 nobis
924 2098 966 2117 sa-

182 2153 245 2173 nam
263 2152 322 2172 esse
336 2145 357 2170 si
374 2143 521 2169 viderimus
539 2140 733 2176 proprietatem
750 2138 822 2164 illius
836 2137 965 2166 creantis.

1020 1546 1054 1573 τὰ
1066 1546 1199 1581 ὀνόματα*
1219 1545 1420 1581 μεταϐαλούσης
1431 1545 1484 1582 γὰρ
1497 1546 1545 1581 τῆς
1560 1545 1606 1572 τοῦ
1620 1545 1729 1580 ’Λεράμ
1742 1544 1800 1570 ποιό-

1020 1600 1100 1627 τητος
1119 1591 1219 1628 ἐκλήθη
1237 1591 1372 1627 Ἀϐραὰμ,
1388 1593 1435 1618 καὶ
1449 1592 1498 1626 τῆς
1515 1592 1560 1618 τοῦ
1578 1592 1712 1627 Σίμωνος,
1725 1592 1738 1617 ό
1756 1589 1798 1616 Πέ-

1020 1647 1084 1673 τρος
1105 1638 1265 1673 ὠνομάσθη,
1284 1639 1331 1665 καὶ
1351 1638 1400 1672 τῆς
1420 1637 1466 1664 τοῦ
1483 1637 1625 1668 διώκοντος
1642 1638 1688 1664 τὸν
1710 1636 1798 1671 Ἰησοῦν

1021 1684 1118 1715 Σαοὺλ,
1135 1683 1341 1719 προσηγορεύθη
1357 1684 1371 1709 ό
1388 1683 1502 1714 Παῦλος.
1523 1683 1584 1709 Ἐπὶ
1597 1683 1626 1709 δὲ
1642 1683 1721 1714 Θεοῦ,
1735 1683 1797 1712 ὅστις

1020 1729 1100 1760 αὐτός
1122 1730 1194 1755 ἐστιν
1214 1729 1361 1764 ἄτρεπτος,
1378 1729 1426 1755 καὶ
1450 1729 1628 1759 ἀναλλοίωτος
1644 1729 1687 1755 ἀεὶ
1707 1728 1795 1762 τυγχά-

1020 1783 1083 1806 νων,
1098 1774 1127 1801 ’ἐν
1144 1776 1217 1801 ἐστιν
1233 1774 1289 1810 (51)
1305 1774 1347 1801 ἀεὶ
1360 1774 1389 1800 τὺ
1400 1774 1480 1801 οἱονεὶ
1493 1775 1539 1800 καὶ
1556 1775 1598 1800 ἐπ’
1616 1775 1701 1801 αὐτοῦ
1713 1775 1794 1809 ονομα,

1020 1819 1064 1851 τὸ,
1087 1819 1138 1850 ὢν,
1156 1820 1185 1845 ὲν
1208 1820 1239 1854 τῇ
1264 1818 1370 1850 Ἐξόδφ
1396 1820 1548 1854 εἰρημένον,
1571 1820 1587 1854 ἧ
1611 1827 1638 1845 τι
1664 1819 1746 1850 οὕτως
1768 1818 1794 1844 ἂν

1019 1861 1224 1898 λεχθησόμενον.
1244 1863 1319 1889 Ἐπεὶ
1334 1862 1380 1889 οὖν
1398 1864 1462 1898 περὶ
1477 1863 1544 1889 Θεοῦ
1561 1863 1663 1895 πάντες
1679 1864 1724 1898 μὲν
1739 1863 1794 1888 ὁποι

1018 1907 1192 1942 λαμϐάνομέν
1212 1916 1238 1934 τι
1253 1907 1405 1939 ἐννοοῦντες
1423 1909 1500 1935 ἅτινα
1512 1909 1611 1943 δήποτε
1635 1909 1700 1944 περὶ
1714 1906 1792 1936 αὐτοῦ,

1019 1953 1048 1979 οὺ
1070 1953 1169 1983 πάντες
1187 1953 1216 1979 δὲ
1242 1954 1256 1980 ὅ
1282 1955 1339 1980 ἐστι
1362 1954 1480 1989 (σπάνιοι
1493 1954 1556 1990 γὰρ,
1578 1954 1624 1980 καὶ
1645 1955 1671 1980 ει
1692 1953 1740 1989 χρὴ
1758 1952 1793 1978 λέ-

1019 2008 1089 2032 γειν,
1115 1999 1169 2024 τῶν
1195 1999 1313 2025 σπανίων
1339 1999 1517 2035 σπανιώτεροι
1542 2000 1566 2025 οἱ
1592 2000 1640 2034 τὴν
1669 2001 1696 2025 ὲν
1723 1999 1791 2025 πᾶσιν

1018 2044 1148 2079 ἁγιότητα
1164 2044 1218 2080 (52)
1236 2044 1488 2080 καταλαμϐάνοντες
1507 2045 1600 2079 αὐτοῦ)
1612 2053 1618 2057 ·
1641 2045 1754 2078 εὐλόγως
1765 2043 1792 2068 δι-

1017 2089 1172 2124 δασκόμεθα
1185 2090 1234 2124 τὴν
1250 2091 1278 2116 ἐν
1292 2091 1355 2125 ἡμῖν
1370 2090 1472 2116 ἔννοιαν
1489 2091 1552 2126 περὶ
1566 2091 1634 2116 Θεοῦ
1654 2091 1730 2124 ἁγίαν
1746 2089 1790 2123 (.35)

1018 2135 1154 2168 γενέσθαι,
1175 2136 1208 2160 ἵν’
1225 2136 1324 2171 ἴδωμεν
1344 2137 1427 2162 αὑτοῦ
1440 2136 1488 2172 τὴν
1506 2137 1644 2173 ἀγνότητα
1659 2136 1789 2167 κτίζοντοςι

182 2190 360 2225 providentis,
385 2187 540 2221 iudicantis.
567 2185 705 2219 eligentis,
739 2182 965 2216 tlereliuqueutis,

1031 2181 1066 2206 :ati
1091 2180 1276 2215 προνοοῦντος,
1294 2182 1340 2208 καὶ
1359 2183 1512 2217 κρίνοντος,
1544 2183 1590 2208 καὶ
1613 2181 1788 2216 ἐκλεγομένουν

183 2235 383 2270 amplectentis,
401 2233 563 2266 rejicicutis,
585 2231 694 2266 prrcmia
724 2229 899 2255 rctribuentis
920 2233 966 2254 aut

183 2289 279 2316 paruas
303 2280 447 2312 unicuique
460 2286 508 2313 pro
524 2276 638 2303 meritis.
653 2276 680 2302 ln
699 2274 740 2301 his
756 2273 828 2300 enim
843 2279 869 2299 et
890 2274 966 2300 sinti-

186 2327 254 2354 Iibus
268 2325 439 2360 exprimitur,
456 2329 485 2350 ut
500 2323 534 2349 ita
550 2322 648 2352 dicam,
665 2318 772 2353 propria
787 2318 832 2344 Dei
848 2317 966 2352 qualitas

184 2380 265 2407 quam
285 2371 330 2398 Dei
353 2377 451 2397 nomen
474 2368 550 2402 juxta
573 2367 730 2400 Scriptum
753 2364 806 2391 diei
830 2369 911 2398 puto;
938 2363 964 2389 in

184 2414 278 2443 Exodo
291 2413 400 2450 quidem
412 2421 419 2439 :
433 2412 494 2440 Non
509 2418 625 2438 assume:
639 2416 731 2436 nomen
744 2408 850 2434 Domini
868 2407 915 2434 Dei
927 2407 965 2433 ιιιὶ

184 2463 211 2488 in
228 2468 323 2487 vanum
334 2459 372 2489 ’τι
390 2458 416 2486 in
432 2457 632 2485 Deuteranomio
648 2460 738 2482 autem
753 2463 761 2482 :
780 2453 963 2488 Exspectatur,

218 2548 240 2563 υτ
258 2546 343 2575 Exod.
361 2555 406 2580 xx,
428 2525 461 2575 7.,
503 2575 509 2584 ,

220 2650 276 2693 με)
295 2649 386 2676 Codex
400 2656 462 2681 ms.,
483 2647 667 2683 παριστάνειν,
687 2647 751 2674 edit.
774 2646 873 2679 0xon.,
889 2655 966 2682 περι-

185 2694 369 2755 πῗῖθςνξοτε
381 2718 448 2755 μέν,
477 2723 533 2745 etc.
557 2717 630 2755 Lego
665 2724 728 2753 eum
754 2715 887 2750 Bentleio,
907 2714 963 2741 εἴτε

219 2752 269 2781 νηί
278 2752 332 2780 εἴτε
349 2753 377 2779 δὲ
389 2752 483 2779 τούτου
496 2752 594 2786 τυχών.

183 2785 285 2856 ⁴ἒυξὸῗο)
312 2786 485 2822 amputari.
517 2785 588 2823 Lego
620 2794 680 2814 cum
717 2785 829 2819 eodem,
856 2785 962 2820 θεωρη-

1019 2225 1065 2251 καὶ
1081 2227 1330 2259 ἐγκαταλείποντος.
1348 2228 1545 2263 ἀποδεχομένου
1560 2237 1588 2254 τε
1607 2230 1655 2255 καὶ
1672 2229 1790 2261 ἀποστρε-

1019 2271 1146 2305 φομένου,
1162 2273 1209 2299 καὶ
1229 2273 1316 2309 γέρως
1338 2273 1476 2306 ἀξιοῦντος
1486 2294 1492 2304 ,
1506 2275 1553 2300 καὶ
1568 2274 1724 2306 κολάζοντος
1737 2272 1788 2298 ἕκα-

1019 2325 1080 2343 στον
1106 2318 1177 2344 κατὰ
1208 2318 1256 2354 τὴν
1281 2319 1368 2351 ἀξίαν.
1402 2321 1446 2346 Ἐν
1470 2319 1574 2351 τούτοις
1598 2320 1652 2356 γὰρ
1677 2319 1722 2346 καὶ
1743 2319 1787 2347 τοῖς

1018 2363 1233 2398 παραπλησίοις,
1254 2365 1286 2391 ἵν’
1300 2365 1385 2397 οὕτως
1400 2366 1477 2398 εἴπω,
1500 2368 1726 2402 χαρακτηρίζεται
1745 2364 1786 2390 ίδία

1019 2409 1128 2446 ποιότης
1149 2410 1194 2437 τοῦ
1218 2410 1295 2442 Θεοῦ,
1318 2412 1412 2446 ἥντινα
1433 2413 1536 2447 νομίζω
1564 2412 1650 2448 ὄνομα
1673 2411 1734 2439 Θεοῦ
1748 2410 1785 2436 λέ-

1017 2454 1112 2487 γεσθαι
1137 2456 1206 2482 κατὰ
1229 2456 1278 2488 τὰς
1299 2457 1425 2492 Γραφάς·
1445 2459 1474 2485 ἐν
1497 2458 1547 2493 μὲν
1570 2460 1602 2494 τῇ
1627 2455 1785 2490 Ὲξέδφ·οῡ

1051 2646 1116 2681 (51)
1137 2646 1227 2673 Codex
1258 2654 1321 2678 ms.,
1342 2645 1372 2672 ’ἐν
1396 2646 1479 2673 ἐστιν.
1506 2645 1596 2673 Editio
1619 2644 1713 2676 0mm,
1733 2640 1780 2667 ἔνιά

1015 2690 1105 2751 abigi)
1131 2715 1290 2750 Ἆγιότητα.
1312 2715 1383 2751 Lego
1396 2723 1458 2742 cum
1476 2714 1737 2751 Bentleio,16t6mm_-

1129 2744 1300 2785 ’Λᾷ-Ιανξειε,
1317 2744 1389 2785 ιοῖςο
1403 2758 1463 2777 cum
1480 2752 1585 2779 eodem.
1598 2744 1659 2784 ῦγιῆ
1673 2744 1776 2783 γενέσθαι

1012 2786 1044 2813 ἂν
1060 2784 1159 2821 ἴδωμεν
1176 2785 1257 2812 αὑτοῦ
1275 2784 1323 2821 τὴν
1338 2785 1455 2822 ἰδιότητα
1473 2785 1624 2818 κτίζοντος.
