1853 3073
71 145 118 173 591

684 140 853 168 LIBELLUS
870 139 913 167 DE
930 137 1112 166 ORATIONE.

1644 130 1696 157 502

69 200 98 227 δν
112 197 232 234 οὐρανῷ,
246 199 313 226 ὅπου
328 198 386 225 ἐστὶ
396 198 433 224 τὰ
446 197 629 232 πνευματικὰ
640 197 695 231 τῆς
706 197 844 231 πονηρίας

932 195 986 222 (elo
1003 195 1044 225 lit,
1059 193 1161 220 nihilne
1177 189 1271 226 pericli
1284 193 1325 216 est
1339 195 1372 216 ne
1389 187 1573 224 imprudentes
1587 194 1696 214 oremus

70 244 104 270 δι’
119 243 138 270 ἃ
151 244 208 279 (82)
229 242 457 278 μεθυσθήσεται
475 243 494 276 ἡ
505 242 636 276 μάχαιρα
646 241 699 269 τοῦ
720 242 793 269 Θεοῦ
812 241 860 268 καὶ

67 289 103 317 ἂν
115 289 155 322 τῷ
171 288 289 323 οἰιρανῷ
301 297 310 321 ;
324 290 348 315 εἰ
365 289 393 315 δὲ
406 288 493 319 οὕτως
507 287 642 323 εὐχόμεθα
656 287 801 323 γενηθῆναι
815 287 861 314 ἐπὶ

68 336 119 370 τῆς
132 336 184 370 γῆς
196 335 226 361 τὸ
237 334 343 370 θέλημα
352 333 397 360 τοῦ
409 333 474 359 Θεοῦ
487 332 580 369 ὥσπερ
592 333 694 367 γίνεται
703 334 731 359 ὲν
744 332 859 368 οὐρανῷ,

71 383 174 418 μήποτε
189 381 340 416 λεληθότως
355 381 410 416 (85)
428 380 569 415 εὐξώμεθα
584 379 673 414 μένειν
690 379 736 405 ἐπὶ
750 380 801 414 γῆς
814 380 861 406 καὶ

69 427 101 453 τὰ
111 428 231 459 ἐναντία,
247 428 313 454 ὅπου
324 429 370 455 ἀπ’
384 428 498 464 οὐρανοῦ
508 429 554 455 καὶ
567 427 652 454 ταῦτα
667 427 786 463 ἔρχεται,
802 427 861 453 πολ-

68 474 120 499 λῶν
132 473 242 506 φαύλων
260 475 409 509 γινομένων
425 475 470 501 ἐπὶ
484 476 535 511 γῆς
553 476 597 502 διὰ
612 476 645 502 τὰ
663 474 786 510 ἡττῶντα
805 474 859 509 (81)

67 518 242 552 πνευματικὰ
256 519 305 554 τῆς
322 519 453 555 πονηρίας
473 520 537 546 ὅντα
553 521 582 546 ὲν
605 522 660 552 τοῖς
679 520 859 556 ἐπουρανίοις

74 563 103 589 '0
120 563 169 598 μὲν
188 561 234 590 οὖν
251 573 292 595 τις
304 564 460 601 ἀλληγορῶν
477 565 522 591 τὸν
536 565 660 600 οὐρανὸν,
687 565 734 591 καὶ
749 566 860 599 φάσκων

64 608 148 634 αὐτὸν
167 607 236 635 εἶναι
253 609 297 635 τὸν
314 610 439 644 Χριστὸν,
454 611 504 646 γῆν
519 611 546 637 δὲ
558 611 605 646 τὴν
624 611 784 646 Ἐκκλησίαν
807 609 860 646 [τίς

63 653 120 688 γὰρ
135 653 221 685 οὕτως
235 654 309 686 ἄξιος
326 654 418 690 θρόνος
512 656 559 682 τοῦ
579 656 685 692 Πατρός
707 656 744 687 ὡς
761 657 774 682 ό
792 657 860 692 Χρι-

65 701 146 730 στό;;
165 701 242 726 ποῖον
256 700 285 726 δὲ
303 701 445 727 ὑποπόδιον
461 702 515 728 τῶν
528 702 615 728 ποδῶν
631 702 677 728 τοῦ
700 702 767 729 Θεοῦ
788 702 826 733 ὡς
843 703 859 737 ἡ

69 744 219 779 Ἐκκλησία
230 745 250 780 ς]
267 746 385 781 εὐχερῶς
398 747 472 773 λύσει
490 747 524 774 τὰ
541 747 702 783 ζητούμενα,
719 747 804 782 λέγων
816 747 860 773 εὐ-

62 790 158 824 χεσθαι
173 791 228 817 δεῖν
251 792 365 818 ἕκαστον
386 793 440 819 τῶν
456 794 509 820 ἀπὸ
531 795 581 829 τῆς
605 794 766 828 Ἐκκλησίας
788 793 859 820 οὕτω

62 835 189 870 χωρῆσαι
205 836 234 862 τὸ
248 838 379 872 πατρικὸν
394 838 510 874 θέλημα,
526 839 556 865 ὃν
572 839 671 874 τρόπον
685 839 801 874 Χριστὸς
813 847 858 865 κε-

61 880 201 916 χώρηκεν,
218 883 232 908 ό
246 882 329 908 ἐλθὼν
343 884 451 919 ποιῆσαι
467 884 497 910 τὸ
511 885 615 920 θέλημα
631 885 712 911 αὐτοῦ
732 884 778 910 τοῦ
800 885 856 910 Πα-
875 868 893 893 Β

60 925 136 960 τρὸς,
154 926 201 951 καὶ
221 927 275 952 πᾶν
289 927 355 953 αὐτὸ
374 928 528 960 τελειώσας.
549 929 664 955 Δυνατὸν
681 928 734 964 γὰρ
756 928 858 954 κωλύε-

62 971 124 996 σθαι
143 971 199 1006 (86)
217 972 302 1007 αὐτῷ,
317 973 345 998 ἓν
358 974 483 1007 γενέσθαι
500 974 610 1009 πνεῦμα
628 975 675 1001 σὺν
696 974 784 1009 αὐτῷ,
813 974 855 1001 διὰ

58 1013 141 1039 τοῦτο
157 1015 298 1049 χωροῦντα
315 1016 344 1042 τὸ
362 1016 478 1051 θέλημα,
493 1018 525 1044 ἵν’
540 1018 577 1049 ὡς
591 1018 745 1044 τετέλεσται
761 1019 814 1054 (87)
827 1021 856 1045 ὲν

58 1058 179 1093 οὐρανῷ,
197 1059 268 1086 οὕτω
281 1061 393 1097 τελεσθῇ
411 1064 458 1089 καὶ
484 1063 528 1089 ἐπὶ
549 1064 613 1098 γῆς·
638 1065 654 1090 ό
671 1063 856 1098 κολλώμενος

58 1102 115 1137 γὰρ
131 1103 172 1135 τῷ
186 1105 293 1138 Κυρίῳ,
307 1105 377 1131 κατὰ
391 1106 436 1133 τὸν
459 1106 574 1138 Παῦλον,
594 1106 629 1133 ἓν
643 1106 759 1141 πνεῦμά
779 1107 854 1134 ἐστι.

56 1149 116 1175 Καὶ
131 1147 220 1184 οἶμαι,
235 1150 275 1177 ὅτι
291 1151 341 1178 οὐκ
357 1152 593 1187 εὐκαταφρόνητος
610 1152 684 1179 ἔσται
698 1152 765 1187 αὕτη
784 1153 799 1187 ἡ
812 1154 856 1188 έρ-

58 1195 160 1229 μηνεία
173 1196 212 1231 τῷ
224 1196 433 1232 ἐπιμελέστερον
446 1198 620 1224 κατανοοῦντι
635 1198 729 1233 αὐτήν.
740 1198 856 1224 Ἀντιλέ-

56 1248 115 1274 γων
130 1240 159 1266 δέ
173 1249 216 1272 τις
229 1242 308 1277 αὐτῇ,
327 1243 512 1278 παραϐήσεται
528 1243 583 1278 (88)
595 1244 626 1269 τὸ
641 1244 687 1269 ἐπὶ
699 1244 770 1270 τέλει
793 1243 855 1269 τού-

55 1294 106 1311 του
125 1286 176 1312 τοῦ
202 1287 366 1320 Εὐαγγελίου
395 1290 463 1322 μετὰ
483 1289 531 1324 τὴν
556 1288 703 1315 ἀνάστασιν
729 1289 781 1315 ὑπὸ
808 1288 855 1314 τοῦ

56 1332 164 1365 Κυρίου
178 1333 321 1367 εἰρημένον
335 1334 401 1368 πρὸς
414 1335 476 1365 τοὺς
489 1334 585 1361 ἕνδεκα
601 1335 732 1370 μαθητάς·
752 1335 853 1369 Ἐδόθη

53 1387 105 1412 μοι
119 1378 209 1405 πᾶσα
226 1378 361 1410 ἐξουσία,
377 1380 416 1411 ὡς
437 1380 471 1405 ὲν
487 1379 619 1413 adﬂat/1;),
644 1380 694 1406 καὶ
708 1380 758 1405 ἐπὶ
778 1379 852 1414 γῆς·

55 1424 127 1458 ἔχων
145 1424 204 1460 (89)
220 1425 274 1460 γὰρ
291 1424 414 1457 ἐξουσίαν
427 1426 479 1452 τῶν
494 1426 522 1451 έν
533 1426 648 1461 οὐρανῷ,
664 1426 729 1461 φησὶ
744 1435 847 1462 προσει-

55 1470 176 1506 ληφέναι
192 1471 241 1506 τὴν
258 1472 304 1497 ἐπὶ
317 1472 378 1506 γῆς,
389 1472 442 1498 τῶν
461 1473 509 1507 μὲν
524 1473 553 1498 ὲν
565 1472 672 1508 οὐρανῷ
686 1473 733 1499 καὶ
756 1472 853 1508 πρότε-

915 241 941 267 in
957 245 1029 267 terra
1047 245 1157 266 manere
1169 237 1251 264 etiam
1264 243 1295 262 ea
1311 243 1372 270 qme
1383 235 1460 264 nobis
1472 234 1609 261 contraria
1621 238 1694 264 sunt,

912 293 973 313 cum
988 284 1030 312 illa
1047 291 1155 319 quoque
1169 290 1185 310 ο
1209 282 1279 309 caelo
1299 282 1419 314 veniant,
1435 280 1556 314 plurimis
1573 279 1598 306 in
1624 284 1695 306 terra

913 332 939 359 in
959 331 1023 358 vitia
1039 330 1171 365 prolapsis
1182 329 1209 356 vi
1225 327 1404 362 spiritualium
1422 326 1548 361 nequitia:
1563 332 1622 360 quae
1635 328 1698 353 sunt

913 378 938 404 in
955 376 1132 404 cmicstihus?
1150 375 1202 402 Sed
1218 374 1263 409 qui
1287 373 1430 407 allegorice
1446 373 1544 400 coelum
1561 371 1696 405 aecipiens

912 423 1011 449 dixerit
1025 422 1112 455 ipsttm
1126 427 1186 446 esse
1196 419 1345 450 Christum,
1358 422 1456 444 lerratn
1472 424 1535 443 vero
1547 415 1694 443 Ecclesiam

912 467 985 502 (quis
1011 467 1083 494 enim
1103 467 1139 493 ila
1158 465 1257 500 dignus
1273 464 1352 491 Patre
1370 465 1483 490 thronus
1498 467 1528 489 ut
1550 461 1696 488 Christus?

913 514 984 548 quod
1003 513 1152 540 seabellum
1181 511 1277 545 pedum
1303 509 1348 536 Dei
1362 529 1369 541 ,
1391 509 1469 543 quale
1493 507 1651 542 Ecclesia?)
1673 507 1696 533 is

912 559 1090 594 quaestionem
1110 558 1188 585 facile
1201 557 1297 587 solvet,
1311 555 1403 582 dicens
1415 554 1546 581 orandunt
1563 561 1621 580 esse
1636 552 1697 578 uni-

912 605 1010 638 cuique
1026 611 1121 632 eorum
1135 603 1182 637 qui
1196 610 1228 629 ex
1243 600 1361 629 Ecclesia
1376 603 1449 630 sunt,
1461 603 1489 625 ut
1501 599 1539 626 sic
1556 603 1695 632 paternam

912 650 1001 684 capiat
1012 649 1177 676 voluntatem
1192 646 1416 682 quemadmodum
1429 644 1553 672 Christus
1571 644 1697 678 capiebat

912 696 1077 722 voluntatem
1089 694 1177 721 Patris
1188 694 1241 725 sui,
1256 697 1284 719 et
1297 700 1404 719 onmem
1418 690 1538 725 perfecit.
1550 689 1696 716 Possumus

912 741 983 767 enim
1001 741 1026 767 ei
1040 739 1203 767 adhaerendo
1216 746 1287 766 unus
1301 746 1362 765 cum
1378 738 1436 772 ipso
1450 738 1561 772 spiritus
1574 736 1631 762 fieri
1642 756 1649 766 ,
1668 740 1696 762 et

912 787 947 813 ita
959 787 1017 820 ejus
1030 793 1129 820 capere
1140 785 1306 812 voluntatem
1319 790 1359 817 ut,
1373 785 1506 820 quomodo
1520 782 1636 817 perfecta
1653 785 1696 807 est

913 833 938 858 in
952 833 1033 865 coelo,
1046 832 1084 859 sic
1096 832 1251 866 perficiatur
1262 836 1289 858 et
1300 832 1324 858 in
1343 836 1413 858 terra
1425 839 1431 856 :
1442 837 1503 856 nam
1518 830 1562 863 qui
1579 829 1696 855 all/mw!

909 877 1033 910 Domino,
1056 878 1203 905 secundum
1224 877 1355 909 Paulum,
1378 885 1446 903 unus
1468 876 1576 910 spiritus
1599 879 1635 901 est
1660 874 1694 900 ".

908 923 964 950 Nec
978 929 1042 957 puto
1054 923 1280 950 contemnendam
1291 923 1360 949 hanc
1372 921 1622 955 interpretationem
1637 919 1695 946 fore

908 970 931 996 ei
947 969 991 1004 qui
1008 974 1098 996 mente
1117 969 1189 995 illam
1203 968 1350 995 studiosius
1363 967 1515 994 revnlverit.
1537 966 1565 993 Si
1581 965 1642 1000 quis
1656 970 1697 991 ta-

909 1023 968 1041 men
996 1015 1020 1040 ei
1043 1013 1256 1045 contradixerit,
1284 1012 1378 1040 atteret
1397 1012 1467 1046 quod
1485 1012 1512 1038 in
1533 1011 1586 1038 [ine
1614 1011 1694 1045 hujus

907 1060 1045 1095 Evangelii
1057 1066 1117 1094 post
1133 1059 1359 1086 resurrectionem
1374 1066 1388 1084 a
1405 1057 1518 1085 Domino
1533 1058 1634 1084 dicitur
1649 1065 1696 1083 un-

907 1107 992 1134 decim
1007 1106 1150 1141 discipulis
1164 1115 1171 1133 :
1188 1106 1258 1133 Data
1275 1112 1311 1133 est
1328 1106 1391 1133 mihi
1403 1106 1486 1132 omnia
1497 1108 1613 1138 potestas
1626 1104 1695 1130 sicut

906 1152 934 1178 in
944 1152 1008 1178 caelo
1022 1153 1084 1178 etin
1097 1156 1167 1178 terra
1181 1152 1213 1178 ’⁷.
1230 1151 1296 1178 Cum
1314 1152 1386 1178 enim
1403 1151 1517 1177 ltabcrct
1532 1154 1691 1184 potestatein

906 1204 1000 1224 eorum
1016 1205 1076 1231 qual
1091 1202 1153 1224 sunt
1170 1199 1195 1224 in
1215 1197 1293 1228 coelo,
1313 1197 1451 1230 accepisse
1464 1203 1493 1223 se
1507 1199 1638 1230 praeterea
1656 1194 1694 1220 ait

906 1247 1067 1278 potestatem
1081 1250 1174 1270 eorum
1189 1250 1249 1276 quae
1266 1247 1328 1269 Slllll
1344 1243 1370 1268 ῙΠ
1390 1247 1461 1269 terra
1479 1250 1486 1268 τ
1504 1249 1565 1268 cum
1584 1248 1615 1268 ea
1632 1249 1692 1275 quae

906 1294 969 1316 sunt
983 1289 1008 1315 in
1024 1288 1174 1322 cmlis.jam
1188 1294 1266 1316 antea
1280 1289 1335 1315 sint
1351 1296 1365 1314 a
1381 1289 1469 1316 Verbo
1485 1288 1692 1320 illuminata;in

905 1335 1139 1362 consummatione
1153 1340 1242 1362 autetn
1264 1335 1354 1361 saeculi
1375 1334 1457 1361 etiam
1482 1342 1542 1368 quae
1564 1335 1592 1361 in
1619 1338 1691 1361 terra

904 1383 968 1407 lunt
988 1387 1037 1413 per
1058 1380 1148 1407 datam
1164 1380 1231 1406 Filio
1245 1383 1402 1413 potestatem
1428 1379 1568 1406 imitentur
1583 1386 1642 1413 qum
1664 1379 1691 1406 in

905 1425 974 1453 cmlo
986 1425 1103 1460 perfecta
1119 1430 1198 1457 sunt,
1214 1430 1242 1452 et
1261 1432 1374 1459 quorum
1397 1429 1558 1460 potestatem
1583 1425 1690 1459 accepit

906 1470 1042 1498 Salvator.
1057 1470 1118 1497 Vult
1132 1478 1196 1507 ergo
1212 1477 1261 1504 per
1273 1471 1424 1497 orationem
1447 1478 1495 1497 ceu
1514 1470 1688 1505 coadjutores

57 1525 104 1552 ρον
119 1517 176 1543 ὑπὸ
191 1517 239 1543 τοῦ
255 1517 341 1551 Λόγου
360 1518 585 1553 πεφωτισμένωνο
603 1519 649 1545 ἐπὶ
664 1519 692 1544 δὲ
710 1520 743 1554 τῇ
758 1527 844 1545 συντε-

930 1518 955 1544 hi
974 1524 1080 1544 sumere
1097 1517 1129 1543 ad
1145 1517 1251 1544 Patrem
1267 1516 1424 1551 discipulos,
1444 1521 1470 1543 ut
1487 1524 1548 1543 cum
1576 1525 1606 1544 ea
1630 1524 1690 1549 quae

54 1561 115 1596 λείᾳ
129 1560 181 1587 τοῦ
197 1562 294 1593 αἰῶνος
311 1563 356 1588 καὶ
377 1563 429 1589 τῶν
446 1563 492 1589 ἐπὶ
511 1563 564 1598 γῆς
580 1563 623 1590 διὰ
641 1563 691 1599 τὴν
707 1563 851 1599 δεδομένην

54 1604 185 1636 ἐξουσίαν
197 1605 237 1640 τῷ
257 1605 310 1641 Υἱῷ
321 1605 367 1632 τοῦ
382 1605 459 1638 Θεοῦ,
479 1607 653 1642 μιμουμένων
672 1606 705 1633 τὰ
722 1604 759 1633 ὧν
776 1607 848 1639 ἐξου-

55 1651 116 1676 σίαν
128 1652 143 1676 ό
158 1651 255 1686 Σωτὴρ
269 1651 371 1682 ἔλαϐεν,
382 1653 410 1677 ὲν
425 1652 532 1687 οὐρανῷ
545 1653 766 1688 κατορθουμένων
783 1653 848 1689 (90).

54 1697 146 1722 οἱονεὶ
161 1694 209 1722 οὖν
220 1697 263 1723 διὰ
276 1698 329 1724 τῶν
343 1698 428 1732 εὐχῶν
444 1699 589 1734 συνεργοὺς
601 1699 669 1734 πρὸς
681 1700 727 1726 τὸν
741 1701 851 1737 Πατέρα

54 1741 185 1776 βούλεται
198 1741 288 1769 λαϐεῖν
299 1743 360 1774 τοὺς
371 1744 607 1779 μαθητευομένους
616 1744 699 1779 αὐτῷ,
711 1745 742 1771 ἶν’
751 1747 851 1781 ὁμοίως

52 1788 111 1817 τοῖς
126 1787 158 1813 ὲν
170 1787 278 1822 οὐρανῷ
291 1788 520 1823 ὑποτεταγμένοις
535 1788 647 1824 ἀληθείᾳ
659 1789 706 1815 καὶ
723 1791 802 1826 Λόγῳ
816 1791 850 1818 τὰ

53 1832 100 1858 ἐπὶ
117 1833 173 1867 γῆς
189 1832 377 1868 διορθωθέντα,
391 1833 439 1868 τὴν
453 1833 574 1865 ἐξουσίαν
588 1834 642 1868 (91)
660 1835 692 1869 ἦν
704 1834 799 1862 ἐλαϐεν
812 1837 851 1868 ὡς

52 1877 82 1904 ὲν
94 1877 207 1914 οὐρανῷ
221 1878 267 1904 καὶ
278 1878 324 1904 ἐπὶ
336 1879 395 1913 γῆς,
411 1880 450 1910 εἰς
465 1879 540 1910 τέλος
554 1880 645 1916 ἀγάγῃ
661 1880 715 1907 τῶν
727 1881 849 1913 ἐξουσια-

53 1923 181 1958 ζομένων
203 1925 345 1959 μακάριον.
371 1925 400 1951 '0
419 1925 448 1951 δὲ
472 1925 555 1952 θέλων
575 1925 688 1960 οὐρανὸν
713 1925 781 1953 εἶναι
804 1927 849 1954 τὸν

53 1969 183 2004 Σωτῆρα,
196 1969 245 2004 τὴν
260 1969 287 1996 δὲ
299 1970 349 2004 γῆν
370 1970 540 2006 Ἐκκλησίαν,
554 1970 600 1997 τὸν
612 1973 781 2007 πρωτότοκον
797 1973 849 2000 πά-

54 2022 105 2048 σης
123 2013 252 2045 κτίσεως,
276 2012 297 2048 ᾦ
310 2017 324 2041 ὁ
342 2016 436 2052 Πατὴρ
453 2016 490 2047 ὡς
516 2015 603 2051 θρόνῳ
625 2018 846 2051 ἑπαναπαύεται,

53 2059 170 2092 φάσκων
187 2057 257 2086 εἶναι
270 2060 316 2086 τὸν
332 2061 453 2096 οὐρανὸν,
471 2062 560 2096 εὑρεῖν
577 2063 631 2097 (92)
648 2064 694 2090 τὸν
705 2064 847 2099 ἄνθρωπον

51 2104 80 2130 ὃν
99 2104 247 2131 ἐνεδύσατο
263 2106 437 2133 οἱκειωθέντα
454 2107 544 2143 ἐκείνῃ
555 2109 588 2143 τῇ
608 2108 739 2144 δυνάμει,
760 2110 803 2136 διὰ
816 2110 847 2137 τὺ

51 2152 287 2178 τεταπεινωκέναι
300 2152 394 2179 ἑαυτὸν
409 2153 455 2179 καὶ
468 2154 612 2188 γενόμενον
627 2154 745 2190 ὑπήκοον
766 2155 846 2192 μέχρι

906 1562 932 1589 in
949 1567 1019 1589 terra
1035 1566 1106 1593 sunt,
1117 1562 1360 1588 adsimililudinem
1373 1561 1474 1588 directa
1488 1561 1688 1588 fuerinteorum

905 1615 964 1642 qua:
980 1609 1005 1635 in
1015 1607 1090 1634 coelis
1099 1608 1217 1640 subjecta
1226 1611 1288 1634 sunt
1297 1607 1402 1634 veritati
1412 1611 1438 1634 et
1448 1607 1544 1638 Verbo,
1557 1611 1690 1641 potestate

905 1662 985 1689 quam
1003 1654 1107 1689 accepit
1122 1654 1192 1680 sicut
1207 1653 1234 1680 in
1249 1654 1317 1680 cutio
1331 1657 1357 1680 et
1375 1653 1400 1679 itt
1419 1658 1502 1685 terra,
1516 1653 1560 1679 illa
1577 1654 1610 1679 ad
1627 1653 1687 1679 feli-

904 1701 1043 1728 cissimum
1059 1701 1139 1727 ﬁnem
1162 1700 1291 1734 perducat
1303 1707 1396 1727 eorum
1413 1700 1457 1734 qui
1476 1700 1502 1726 in
1521 1700 1580 1733 ejus
1607 1705 1686 1734 pote-

904 1750 974 1774 state
998 1753 1069 1773 sunt.
1088 1747 1123 1773 At
1148 1747 1192 1780 qui
1212 1745 1383 1774 Servatorem
1400 1746 1488 1780 ipsutn
1511 1745 1607 1772 malum
1628 1753 1688 1772 esse

904 1792 972 1825 vult,
988 1797 1088 1819 terram
1101 1797 1191 1819 autem
1204 1791 1362 1823 Ecclesiam,
1379 1791 1586 1826 primogenitum
1599 1791 1688 1817 omnis

903 1843 1034 1864 creatura:
1047 1838 1074 1864 in
1087 1845 1140 1871 quo
1152 1837 1235 1864 veluti
1251 1837 1319 1864 solio
1333 1835 1579 1871 requiescitPater,
1595 1835 1688 1861 dicens

903 1882 983 1917 242
998 1890 1058 1910 esse
1071 1884 1182 1915 caelum,
1198 1886 1304 1910 asseret
1319 1882 1455 1908 hominem
1469 1888 1546 1914 quem
1561 1880 1687 1906 induerat

902 1935 1027 1956 ornatum
1041 1929 1099 1964 ejus
1115 1929 1250 1960 potentia,
1271 1935 1303 1954 eo
1321 1927 1393 1962 quod
1414 1925 1565 1953 humiliarit
1588 1929 1688 1951 semet-

903 1973 989 2007 ipsum
1008 1978 1035 2000 et
1049 1973 1136 2000 factus
1150 1974 1186 2001 sit
1199 1972 1328 2000 obediens
1339 1978 1423 2005 usque
1440 1971 1471 1998 ad
1489 1975 1612 2001 mortem.
1626 1974 1688 2004 post

903 2018 1130 2045 resurrectionem
1151 2018 1242 2045 dicere
1260 2024 1267 2044 :
1287 2017 1355 2043 Data
1370 2021 1408 2042 est
1424 2016 1487 2042 mihi
1507 2015 1591 2041 omnis
1612 2019 1687 2047 pote-

901 2069 954 2091 slas
973 2065 1038 2091 sicut
1053 2065 1080 2091 in
1100 2063 1162 2091 caelo
1174 2068 1198 2091 et
1211 2065 1238 2091 in
1253 2069 1323 2091 terra
1337 2064 1376 2096 Il’;
1394 2070 1454 2089 cum
1479 2062 1614 2095 acceperit
1639 2061 1686 2095 qui

902 2109 928 2136 in
950 2109 1092 2137 Salvatore
1112 2115 1154 2137 est
1175 2111 1254 2137 homo
1270 2114 1429 2144 potestatem
1452 2108 1602 2134 ewlestium
1625 2114 1685 2141 quae

902 2154 1062 2189 Uuigenitus
1076 2156 1167 2188 habet,
1186 2161 1216 2183 ut
1230 2156 1253 2182 ei
1272 2157 1463 2188 communicet,
1479 2155 1535 2189 ejus
1548 2154 1684 2181 divinitati

52 2196 184 2228 θανάτου,
198 2197 287 2231 λέγειν
302 2199 370 2233 μετὰ
383 2199 432 2234 τὴν
447 2199 593 2226 ἀνάστασιν
607 2199 648 2225 τόδ
670 2200 774 2234 Ἐδόθη
794 2210 844 2235 μοι

930 2201 1040 2235 lmistus,
1055 2202 1134 2236 eique
1147 2202 1246 2229 unittts.
1262 2196 1346 2230 Porro
1366 2203 1393 2230 in
1414 2203 1535 2230 secunda
1559 2202 1685 2236 opinione

52 2242 139 2270 πᾶσα
152 2243 288 2276 ἐξουσία,
304 2245 342 2277 ὡς
357 2245 393 2271 ἐν
407 2245 535 2278 οὐρανῷ,
552 2246 600 2272 καὶ
613 2245 661 2272 ἐπὶ
675 2245 740 2281 γῆς·
754 2246 848 2273 λαϐόν-

52 2296 97 2319 τος
105 2288 157 2314 τοῦ
173 2289 243 2315 κατὰ
256 2290 302 2316 τὸν
312 2290 424 2325 Σωτῆρα
436 2290 579 2326 ἀνθρώπου
596 2291 644 2327 τὴν
659 2291 782 2324 ἐξουσίαν
792 2293 847 2319 τῶν

53 2334 82 2359 ἐν
97 2334 219 2369 οὐρανῷ,
233 2331 288 2360 οἷον
297 2335 350 2361 τῶν
363 2336 571 2371 ἐνυπαρχόντων
582 2337 620 2372 τῷ
632 2338 788 2371 Μονογενεῖ,
803 2339 847 2365 ἵνα

88 2402 111 2417 ’⁸
132 2402 142 2428 1
164 2402 226 2429 Cor.
249 2410 291 2436 v1,
318 2403 361 2430 17.
401 2405 422 2420 ³⁷
441 2404 535 2432 Matth.
561 2413 665 2438 xxvm,
694 2406 736 2433 18.

88 2481 147 2552 (3ἓέ
163 2481 255 2508 Codex
277 2490 340 2515 ms.,
355 2483 388 2510 δι’
443 2484 532 2511 Editio
546 2484 659 2517 Oxon...
675 2484 719 2512 διὰ
729 2486 755 2512 ἄ.

89 2516 136 2551 (8o
166 2516 259 2544 Codex
273 2525 336 2549 ms.,
353 2517 514 2552 λεληθότως.
530 2520 600 2547 Edit.
620 2521 721 2552 Oxon.,
737 2520 755 2546 λι

89 2516 147 2552 (83)
166 2516 259 2544 Codex
273 2525 336 2549 "15.,
353 2517 514 2554 λεληθότως.
530 2520 600 2547 Edit.
620 2516 721 2554 Orion”
737 2520 846 2556 λεληθό-

89 2586 148 2620 (84)
167 2586 219 2612 Διὰ
233 2586 269 2613 τὰ
284 2586 428 2620 ήττῶντα,
444 2594 497 2615 etc.
511 2588 645 2615 Bentleius
655 2589 718 2622 legit
735 2599 741 2616 :
757 2590 801 2616 διὰ
816 2590 846 2616 τὸ

54 2621 187 2659 ἡττῆσθαι
209 2622 263 2659 τῶν
285 2623 475 2657 πνευματικῶν
494 2624 542 2659 τῆς
561 2621 690 2659 πονηρίας
710 2624 794 2651 όντων
817 2626 845 2650 ὲν

53 2657 109 2687 τοῖς
121 2657 305 2692 ἐπουρανίοις.

90 2692 147 2724 (85)
167 2692 257 2727 Codex
272 2700 322 2727 ms.
338 2691 423 2724 οὕτως
437 2692 511 2726 ἄξιος
525 2692 625 2727 θρόνος.
640 2692 727 2720 Editio
742 2693 841 2724 Oxon.,

53 2724 124 2752 οὕτω
139 2726 289 2761 (οὐράνιος)
303 2726 405 2760 θρόνος.

90 2760 346 2821 ἐξὼλύεσθαι.
369 2761 442 2797 Lego
453 2783 460 2795 ,
481 2760 626 2790 κολλᾶσθαι
642 2760 732 2796 αὐτῷ,
750 2761 797 2788 καὶ
815 2761 844 2788 ἓν

54 2801 114 2827 γενε
118 2801 180 2822 σθαι
185 2817 192 2823 .

90 2831 254 2891 ﬁgat-2;)?“
267 2839 332 2863 τηε..
348 2831 386 2864 ὡς
400 2832 566 2865 τετέλεσται,
577 2831 643 2859 edit.
661 2830 761 2864 Oxon.,
773 2830 843 2857 ὥστε

55 2871 217 2892 τετέλεσται.

779 2409 802 2424 ’⁸
815 2410 880 2437 Ibid.

900 2254 962 2274 cum
980 2249 1097 2275 nondum
1111 2250 1197 2275 soluta
1213 2249 1247 2275 sit
1259 2249 1383 2282 quaestio,
1406 2249 1539 2283 quomodo
1559 2249 1684 2275 voluntas

901 2293 949 2319 Dei
964 2293 992 2319 ﬁt
1008 2293 1034 2319 in
1049 2293 1127 2326 cmlo,
1146 2301 1205 2321 cum
1222 2294 1373 2328 spiritualia
1391 2295 1518 2329 nequitia:
1540 2302 1599 2329 qua:
1621 2298 1684 2320 sunt

899 2337 925 2365 in
941 2338 1108 2371 coelestibus.
1122 2339 1156 2366 iis
1173 2341 1218 2374 qui
1239 2345 1301 2368 sunt
1322 2341 1348 2368 in
1374 2346 1457 2375 terra,
1472 2341 1653 2368 colluctenlur
1673 2349 1681 2367 :

932 2485 986 2521 (88)
1002 2485 1089 2512 Codex
1104 2492 1165 2518 ms.,
1181 2486 1378 2521 παραϐήσεται.
1393 2486 1464 2513 Edit.
1480 2487 1578 2520 Oxott.,
1594 2497 1684 2524 παρα-

896 2520 1253 2597 iﬂfgtlfntaodcxxns‘gxwy.
1270 2556 1342 2597 Edlit.
1357 2556 1459 2597 _Oxnp.,
1480 2555 1561 2597 ἔχειν.
1580 2556 1680 2597 ibidem

895 2589 1033 2627 Bentleius
1048 2590 1128 2627 legit,
1146 2589 1268 2627 ἐξουσίαν
1287 2591 1335 2627 τὴν
1355 2592 1383 2627 ὲν
1400 2589 1538 2627 οὐρανῷ...
1559 2590 1610 2627 τὴν
1634 2593 1681 2627 ἐπὶ

895 2625 956 2661 γῆς,
973 2625 1012 2661 vel
1027 2624 1188 2661 utrobique,
1212 2624 1336 2658 ἐξουσίαν
1350 2626 1399 2661 τὴν
1415 2624 1469 2651 τῶν
1489 2624 1518 2652 ἓν
1539 2624 1678 2661 οὐρανῷ...

894 2658 942 2694 τὴν
956 2659 1008 2686 τῶν
1024 2658 1070 2685 ἐπὶ
1086 2659 1145 2693 γῆς.

929 2694 984 2736 (90)
997 2693 1256 2728 Κατορθουμένιινν.
1273 2694 1344 2728 Lego
1364 2703 1424 2721 cum
1438 2696 1567 2729 Bcntleio,
1577 2704 1680 2731 κατορ-

893 2728 1021 2763 θούμενα.

1000 2763 1059 2806 Ἱςῂιν
1075 2762 1230 2806 {avertam
1250 2763 1331 2806 Lego,
1349 2764 1381 2798 τῇ
1400 2763 1519 2806 ἐξουσία.

931 2799 986 2833 (92)
1006 2799 1123 2835 Εὑρεῖν,
1137 2802 1189 2824 etc.
1206 2796 1277 2835 Lego
1291 2796 1358 2835 cum
1369 2796 1478 2835 eodem,
1495 2796 1553 2835 ἒρεῖ
1566 2800 1610 2827 τὸν
1632 2800 1678 2826 ἄν·

894 2832 1000 2869 θρωπον
1014 2833 1042 2860 ὃν
1053 2833 1202 2865 ἐνεδύσατο,
1213 2833 1383 2860 οἰκειωοέντα
1396 2832 1498 2859 ἐκείνου
1510 2832 1542 2869 τῇ
1553 2835 1675 2870 δυνάμει.
