1853 3073
162 107 217 135 505

898 103 1059 131 ORIGENIS

1741 102 1786 128 501

161 166 225 192 hinc
239 165 284 191 illa
301 164 341 191 sic
357 163 455 198 poterit
471 161 569 189 resolvi
587 170 594 189 :
609 162 681 189 sicut
703 169 755 188 non
777 167 887 196 propter
909 162 936 189 lo

1023 161 1076 196 ὐτῴ
1089 162 1213 196 κοινωνῇ,
1229 160 1443 196 ὰνακιρνάμενος
1459 161 1514 195 (93)
1530 160 1635 187 ἐκείνου
1650 160 1685 194 τῇ
1702 159 1790 195 θεότη-

162 218 236 242 cum,
255 210 301 236 sed
318 213 428 243 propter
440 207 567 235 aliectum
582 210 605 235 is
616 208 663 242 qui
677 208 765 235 adhuc
785 213 828 234 est
846 209 872 234 in
893 213 949 235 ter-

163 263 204 288 ra,
219 255 264 282 sed
278 254 512 281 eomersationem
527 254 607 281 habet
622 254 649 280 in
673 253 750 281 cmlis
768 258 795 281 et
814 254 949 281 thesauri-

163 305 206 327 zat
221 300 247 327 in
265 300 332 326 cwlo
346 306 393 326 cor
407 299 510 326 habens
524 299 550 325 in
567 299 647 330 caelo,
663 299 863 334 imaginemqne
888 307 950 333 por-

163 350 201 372 tat
215 345 362 377 Caelestis,
383 353 437 372 non
458 345 575 380 amplius
593 346 626 372 de
655 350 726 372 terra
749 350 791 371 est
813 352 900 380 neque
917 346 950 372 de

162 391 261 418 mundo
275 390 409 423 inferiori,
426 391 473 418 sed
490 392 523 418 de
537 391 608 418 caelo
622 395 649 418 et
665 391 776 418 meliore
794 398 876 425 quam
899 391 950 418 iste

162 442 213 469 est,
226 437 330 464 caelesti
347 437 456 468 mundo;
472 437 511 463 sic
527 436 572 462 illa
588 444 648 470 quae
662 436 689 462 in
703 437 778 464 cielis
790 437 878 464 adhuc
890 445 952 464 ver-

163 487 258 509 santur
271 481 423 515 spiritualia
438 482 579 514 nequitiae,
595 489 655 509 cum
673 483 698 508 in
715 488 787 509 terra
804 490 951 510 conversa-

164 528 264 554 tionem
277 527 407 560 habeant,
421 527 595 554 eolluctando
610 527 772 555 insidientur
785 529 950 560 hominibus.

165 573 349 602 thesaurizent
367 573 394 599 in
411 576 482 600 terra
503 578 667 607 portentque
684 574 829 608 imaginem
848 574 950 602 terreni

165 619 209 653 qui
225 625 261 646 est
275 619 432 653 principium
449 619 617 653 formationis
632 619 749 651 Domini,
766 620 855 654 facile,
870 625 898 646 ut
916 619 951 646 il-

165 666 273 692 ludatur
287 665 320 691 ub
336 666 436 699 angelis
461 666 502 697 ³³,
527 673 579 692 non
601 671 664 693 sunt
689 667 812 694 caelestia
829 687 835 698 .
865 673 952 700 neque

165 714 276 745 propter
292 709 417 737 allectum
438 717 550 744 pravum
576 710 602 737 in
628 711 706 738 catlis
729 711 863 738 habitant.
884 710 951 738 Cum

165 763 230 790 ergo
243 755 342 782 dicitur
361 764 368 782 :
383 754 446 782 Fiat
463 755 584 782 voluntas
597 761 643 782 tua
660 756 727 783 sicut
747 756 774 782 in
792 756 855 783 caelo
878 759 902 782 et
924 755 952 781 in

166 806 250 832 terra,
267 809 300 828 ne
314 809 374 829 esse
388 801 496 835 quidem
513 801 550 828 illi
568 802 593 828 in
607 801 677 829 ctelo
694 802 811 836 putandi
829 806 891 828 sunt
905 801 951 835 qui

167 847 249 874 animi
261 848 441 881 propensiono
453 855 514 874 cum
529 847 574 875 illo
586 847 630 882 qui
646 847 745 875 cecidit
759 847 792 875 de
802 847 871 874 ct'elo
884 847 955 874 sicut

166 893 257 928 fulgur
277 893 445 921 ceciderunt.
463 892 547 920 Forte
570 893 652 920 etiam
677 900 738 919 cum
759 892 893 919 orandum
917 892 955 918 ait

167 938 300 966 Servatur
309 944 413 972 noster,
425 944 454 966 ut
466 939 555 966 Patris
568 938 693 966 voluntas
704 937 751 965 ﬁat
762 938 832 965 sicut
844 938 869 964 in
886 937 954 964 caelo

165 985 205 1012 sic
215 989 241 1012 et
256 986 282 1012 in
294 989 378 1016 terra,
392 992 444 1011 non
456 984 568 1011 omnino
579 985 612 1011 de
624 983 665 1011 his
676 983 721 1017 qui
736 983 762 1010 in
775 987 884 1010 terreno
895 984 955 1011 loco

166 1035 239 1063 sunt,
257 1030 314 1058 ﬁeri
327 1030 404 1064 jubet
421 1037 526 1065 preces,
543 1034 573 1057 ul.
589 1031 629 1057 eis
651 1030 755 1057 similes
771 1028 837 1056 ﬁant
860 1029 907 1064 qui
926 1028 953 1056 in

165 1076 270 1104 caelein
293 1081 356 1104 sunt
376 1076 452 1109 loco;
474 1076 522 1103 sed
538 1083 569 1103 ea
591 1080 683 1103 tuente
703 1075 857 1102 orationem
881 1073 954 1101 illam

166 1121 298 1156 pnecipit,
315 1126 344 1148 ut
360 1122 450 1149 omnia
463 1129 523 1156 quae
540 1121 566 1148 in
587 1125 659 1148 terra
675 1125 750 1153 sunt,
764 1120 818 1147 hoc
830 1123 872 1147 est
894 1127 955 1154 qtae

166 1167 303 1194 deteriora
319 1171 346 1194 et
361 1168 447 1201 magis
466 1166 582 1194 terrenis
595 1166 696 1200 aliinia,
714 1166 873 1194 melioribus
887 1167 955 1194 assi-

167 1212 298 1239 niilentur
311 1219 371 1247 qum
386 1212 487 1239 habent
509 1213 746 1240 conversationem
766 1213 792 1239 in
811 1212 888 1240 caelis
901 1232 909 1244 .
928 1216 955 1240 et

166 1258 259 1284 omnia
276 1258 374 1285 caelum
391 1258 468 1286 ﬁant.
486 1258 617 1286 Peccator
630 1260 703 1285 enim
719 1259 872 1293 ubicunque
893 1265 955 1286 tan-

168 1302 228 1328 dem
248 1302 295 1335 sit,
313 1307 383 1329 terra
398 1307 449 1334 est,
464 1303 490 1329 in
503 1307 646 1337 cognatam
663 1308 775 1336 terram,
798 1304 849 1332 nisi
863 1305 954 1338 ρωηί-

167 1348 586 1383 teat,aliquand0dissolvendus;
599 1350 645 1384 qui
656 1357 719 1377 vero
732 1350 778 1377 Dei
791 1351 954 1378 voluntatem

166 1393 242 1426 facit,
261 1400 311 1420 nec
323 1393 456 1421 salutares
474 1395 533 1428 ejus
555 1395 714 1429 spirituales
735 1395 809 1430 leges
834 1397 955 1432 negligit,

168 1438 267 1464 caelum
279 1442 332 1465 est.
343 1437 406 1466 Sive
419 1438 500 1473 igitur
511 1439 598 1465 adhuc
613 1444 684 1466 terra
695 1447 742 1473 per
755 1447 894 1474 peccatum
910 1450 956 1469 su-

167 1491 240 1517 mus,
256 1490 367 1511 oremus
379 1484 405 1510 in
422 1492 472 1511 nos
482 1485 564 1512 etiam
579 1486 617 1513 sic
632 1486 665 1513 ad
676 1487 894 1514 emendationem
907 1495 956 1515 no—

169 1535 253 1556 stram
264 1530 373 1558 extendi
384 1530 549 1558 voluntatem
560 1532 689 1565 divinam,
703 1533 774 1560 sicut
785 1534 817 1560 ad
832 1534 955 1568 illosjam

168 1575 279 1609 pertigit
294 1576 341 1609 qui
361 1580 424 1602 ante
439 1583 489 1603 nos
509 1577 607 1604 cwlum
632 1577 695 1605 facti
718 1583 799 1612 sunt,
821 1585 869 1607 aut
895 1586 958 1608 sunt

170 1619 251 1655 243
267 1620 365 1648 etelum
384 1631 390 1649 :
406 1621 463 1649 sive
488 1629 542 1648 non
568 1627 651 1654 terra.
668 1625 716 1650 seti
741 1624 839 1651 cmlum
863 1626 919 1660 jam
939 1634 954 1653 a

171 1663 226 1691 Deo
245 1665 360 1700 rcputati
380 1673 487 1698 sumus,
502 1673 644 1700 precemur
661 1667 731 1694 sicut
752 1668 777 1694 in
791 1670 860 1696 coelo
876 1670 915 1697 sic
931 1675 959 1698 et

170 1710 199 1736 in
218 1714 302 1742 terra.
320 1711 371 1738 boc
383 1717 425 1738 est
441 1712 467 1738 in
482 1711 663 1740 deterioribus
678 1713 835 1742 hominibus
851 1715 958 1750 impleri

170 1755 340 1783 voluntatem
354 1757 411 1789 Dei,
431 1763 459 1784 ut
471 1762 543 1784 terra
563 1758 608 1785 illa
627 1759 739 1791 ciuium,
755 1764 784 1786 ut
800 1760 837 1787 ita
859 1761 957 1794 dicam,

171 1801 228 1834 lial;
240 1802 274 1828 ita
294 1806 384 1829 utnon
396 1803 556 1838 sitamplius
571 1812 686 1839 usquam
705 1810 787 1838 terra,
803 1806 850 1833 sed
866 1807 958 1834 omnia

170 1846 268 1874 natium
277 1847 389 1875 liant.Si
399 1850 470 1876 enim
484 1850 591 1877 sicutin
608 1851 688 1883 caelo,
698 1851 774 1885 juxta
789 1853 859 1879 hanc
876 1853 959 1880 inter-

171 1894 366 1928 pretationem,
380 1895 420 1922 sie
435 1901 463 1923 et
482 1897 508 1923 in
525 1900 598 1924 terra
613 1899 659 1924 liat
672 1897 796 1924 voluntas
813 1897 870 1930 Dei,
887 1904 959 1925 terra

171 1947 225 1967 non
237 1941 357 1967 manebit
368 1946 458 1975 terra;
475 1947 505 1970 ut
520 1943 542 1969 si
560 1943 612 1970 alio
626 1951 690 1971 usus
707 1944 831 1978 exemplo
840 1944 960 1978 apertius

172 1985 288 2013 dicerem
298 1995 304 2013 :
315 1987 336 2014 si
346 1991 374 2014 ut
383 1987 508 2015 voluntas
519 1988 566 2015 Dei
577 1989 647 2016 facta
662 1989 738 2017 estin
753 1990 908 2016 hominibus
916 1998 962 2023 pu-

172 2031 251 2063 dicis,
267 2032 307 2058 sic
327 2032 374 2058 liat
388 2033 451 2059 etin
468 2033 625 2067 impudicis,
635 2033 849 2067 intemperantes
869 2035 960 2068 pudici

172 2082 252 2103 el'unt
262 2085 270 2108 ;
282 2082 328 2103 aut
339 2077 361 2103 si
374 2077 445 2104 sicut
455 2078 525 2105 facta
537 2084 579 2105 est
589 2079 714 2105 voluntas
724 2079 769 2105 Dei
782 2078 908 2114 mjnstis,
922 2079 962 2106 sic

174 2119 223 2147 ﬁat
240 2121 266 2147 in
284 2121 403 2155 injustis,
424 2122 518 2157 injusti
533 2123 600 2156 justi
616 2128 706 2149 erunt.
731 2123 792 2150 ldeo
810 2123 832 2150 si
847 2123 919 2150 sicut
934 2123 961 2149 in

999 216 1037 239 τι,
1052 207 1098 233 καὶ
1111 206 1253 242 ἐνούμενος
1267 206 1349 241 αὐτῷ.
1363 207 1410 242 Μὴ
1422 206 1534 238 λύοντος
1547 206 1574 232 δέ
1585 214 1628 232 πω
1643 205 1693 231 τοῦ
1704 205 1790 231 δευτέ-

1003 262 1048 288 ρου
1065 253 1099 279 τὰ
1109 253 1272 288 ἡπορημένα
1287 253 1350 287 περὶ
1364 252 1421 285 τοῦ,
1437 251 1495 284 πῶς
1504 252 1535 279 τὸ
1544 252 1653 287 θέλημα
1665 250 1714 278 τοῦ
1727 250 1791 277 Θεου

1001 300 1074 325 ἐστιν
1087 299 1116 325 ἐν
1132 297 1250 333 οὐρανῷ,
1262 297 1317 324 τῶν
1331 299 1359 324 ὲν
1371 299 1426 329 τοῖς
1449 298 1616 333 ἐπουρανίοις
1644 305 1791 332 πνευματι-

1001 344 1056 371 κῶν
1072 344 1120 379 τῆς
1137 343 1268 379 πονηρίας
1278 342 1507 369 ’ἀντιπαλαιόντων
1524 344 1579 374 τοῖς
1592 343 1638 369 ἐπὶ
1649 343 1714 378 γῆς,
1728 344 1793 369 ἐκεῖ·

1002 388 1046 414 θεν
1062 388 1168 414 ἐνέσται
1182 388 1254 415 λύειν
1267 387 1354 419 οὕτως
1365 388 1395 415 τὸ
1411 387 1584 423 ζητούμενον·
1602 388 1644 414 ὃτι
1658 388 1755 424 ὥσπερ
1764 389 1792 414 οὐ

1000 433 1044 461 διὰ
1058 434 1104 461 τὸν
1119 434 1212 466 τόπον,
1227 434 1294 460 ἀλλὰ
1310 433 1354 461 διὰ
1363 434 1412 468 τὴν
1427 434 1594 470 προαίρεσιν,
1611 435 1625 460 ὁ
1647 433 1689 460 ἔτι
1702 434 1740 460 ὢν
1751 435 1792 461 ἐπὶ

1001 479 1063 514 γῆς,
1078 479 1230 514 πολίτευμα
1244 479 1313 514 ἔχων
1333 481 1361 506 ὲν
1375 480 1508 515 οὐρανοῖς,
1521 481 1567 506 καὶ
1581 479 1756 515 Θησαυρίζων
1768 481 1793 505 ἐν

1001 525 1118 561 οὐρανῷ,
1134 525 1183 561 τὴν
1196 526 1309 561 καρδίαν
1325 525 1395 561 ἔχων
1407 527 1435 552 ἐν
1447 525 1564 561 οὐρανῷ,
1577 526 1626 561 τὴν
1645 526 1739 552 εἰκόνα
1751 525 1794 552 τοῦ

1009 572 1185 607 Ἐπουρανίου
1202 571 1303 607 φορῶν,
1320 571 1412 598 οὐκέτι
1428 572 1501 598 ἐστὶν
1523 572 1555 598 ἐκ
1574 571 1623 606 τῆς
1648 570 1704 606 γῆς
1715 592 1722 603 ,
1739 571 1794 597 οὐδὲ

1001 617 1049 644 τοῦ
1064 618 1139 645 κάτω
1151 618 1263 653 κόσμου,
1278 617 1335 644 ἀλλ’
1353 619 1384 644 ὲκ
1397 617 1442 644 τοῦ
1455 617 1568 653 οὐρανοῦ
1582 618 1629 644 καὶ
1642 616 1693 644 τοῦ
1710 618 1795 652 κρείτ-

1002 673 1077 696 τονος
1095 664 1190 691 τούτου
1211 664 1336 700 οὐρανίου
1359 663 1469 698 κόσμου’
1487 663 1572 695 οὕτως
1586 663 1634 689 κα)⁸
1656 663 1693 689 ’τὰ
1714 663 1752 689 ἔτι
1769 664 1794 689 ὲν

1003 713 1059 743 τοῖς
1078 711 1213 747 οὐρανίοις
1227 710 1281 746 (94)
1293 709 1462 745 διατρίϐοντα
1482 709 1658 744 πνευματικὰ
1679 709 1730 744 τῆς
1750 717 1794 736 πο-

1003 757 1108 793 νηρίας,
1120 757 1150 784 τὸ
1161 756 1310 792 πολίτευμα
1326 755 1421 791 ἔχοντα
1434 755 1480 782 ἐπὶ
1492 755 1554 790 γῆς,
1572 756 1619 782 καὶ
1635 755 1671 781 δι’
1697 752 1735 781 ὧν
1751 755 1794 780 ἀν-

1004 802 1141 830 τιπαλαίει
1153 801 1360 828 ἐπιϐουλεύοντα
1372 800 1525 837 ἀνθρώποις
1538 801 1742 837 θησαυρίζοντα
1754 801 1795 827 ἐπὶ

1005 849 1066 884 γῆς,
1082 849 1174 875 εἰκόνα
1195 848 1241 875 τοῦ
1259 847 1352 883 χοϊκοῦ
1366 847 1511 883 φοροῦντα,
1530 847 1603 878 ὅστις
1616 847 1709 874 ἐστὶν
1722 847 1793 881 ἀρχὴ

1006 894 1184 929 πλάσματος
1205 894 1332 928 Κυρίου,
1364 893 1566 928 πεποιημένου
1587 893 1795 928 ἐγκαταπαὶζε-

1005 941 1075 966 σθαι
1089 939 1142 966 ὑπὸ
1153 939 1207 966 τῶν
1221 939 1354 973 ἀγγέλων,
1368 938 1418 965 οὐκ
1434 938 1506 965 ἔστιν
1521 939 1685 974 ἐπουράνια,
1699 938 1758 965 οὐδὲ
1770 939 1794 965 ἐν

1005 987 1060 1018 τοῖς
1076 986 1200 1022 οὐρανοῖς
1213 985 1256 1011 διὰ
1266 984 1314 1020 τὴν
1329 985 1468 1021 μοχθηρὰν
1483 984 1601 1011 διάθεσιν
1613 985 1697 1011 οίκεῖ.
1718 984 1794 1010 Ἑπὼι

1005 1030 1051 1060 οὖν
1062 1031 1186 1067 λέγηται,
1203 1031 1362 1065 Γενηθήτω
1377 1030 1411 1057 τὸ
1425 1030 1541 1065 θέλημά
1556 1037 1627 1062 σου,
1641 1030 1684 1063 ὡς
1701 1030 1735 1056 ὲν
1749 1031 1794 1057 οὐ-

1001 1078 1095 1114 ρανῷ,
1116 1078 1166 1104 καὶ
1182 1077 1230 1104 ἐπὶ
1245 1076 1312 1112 γῆς,
1335 1076 1455 1107 ἐκείνους
1473 1076 1535 1103 οὐδὲ
1548 1076 1576 1103 ἐν
1597 1074 1711 1111 οὐρανῷ
1733 1072 1794 1101 εἶναι

1005 1123 1153 1158 λογιστέον,
1170 1121 1210 1157 τῷ
1225 1122 1378 1158 φρονήματι
1395 1120 1463 1156 μετὰ
1485 1120 1532 1147 τοῦ
1554 1120 1687 1152 πεσόντος
1709 1120 1738 1153 ἐξ
1755 1120 1794 1146 οὐ-

1007 1168 1087 1205 ρανοῦ
1098 1169 1175 1204 δίκην
1189 1167 1333 1203 ἀστραπῆς
1344 1166 1534 1198 πεπτωκότας.
1549 1166 1604 1193 Καὶ
1618 1167 1692 1202 τάχα
1714 1166 1794 1200 λέγων

1005 1214 1060 1241 δεῖν
1075 1214 1130 1250 (95)
1146 1213 1273 1249 εὔχεσθαι
1285 1213 1299 1240 ὁ
1315 1212 1408 1249 Σωτὴρ
1420 1212 1509 1248 ἡμῶν,
1526 1212 1571 1238 ἴνα
1582 1212 1700 1247 γένηται
1714 1212 1743 1238 τὸ
1757 1211 1793 1238 0i-

1005 1259 1079 1295 λημα
1092 1259 1138 1286 τοῦ
1152 1259 1269 1295 Πατρὺς,
1281 1259 1319 1290 ὼς
1335 1260 1364 1285 ὲν
1379 1258 1496 1294 οὐρανῷ,
1514 1257 1599 1290 οὕτως
1611 1258 1661 1285 καὶ
1677 1258 1723 1284 ἐπὶ
1738 1257 1792 1291 γῆς.

1005 1305 1035 1332 οὐ
1047 1305 1157 1336 πάντως
1167 1305 1231 1340 περὶ
1240 1304 1295 1331 τῶν
1304 1304 1333 1329 ὲν
1347 1303 1421 1339 τόπῳ
1432 1303 1481 1338 τῆς
1494 1303 1544 1338 γῆς
1559 1302 1668 1329 κελεύει
1681 1301 1791 1337 γίνεσθαι

1005 1351 1054 1382 τὰς
1062 1351 1154 1386 εὐχὰς,
1163 1351 1236 1381 ὅπως
1242 1351 1256 1375 ὀ
1261 1349 1398 1385 μοιωθῶσι
1404 1350 1458 1380 τοῖς
1469 1350 1496 1375 ὲν
1504 1349 1578 1384 τόπῳ
1587 1347 1665 1375 οὖσιν
1673 1348 1790 1384 οὐρανίῳ·

1005 1393 1061 1420 ἀλλ’
1068 1393 1141 1420 ἐστιν
1150 1392 1223 1428 αὐτῴ
1231 1394 1247 1428 ἡ
1257 1393 1403 1428 πρόσταξις
1410 1392 1459 1428 τῆς
1466 1393 1557 1428 εὐχῆς,
1567 1393 1723 1428 βουλομένῳ
1731 1393 1792 1427 ὁμοι-

1005 1439 1109 1474 ωθῆναι
1130 1438 1218 1465 πάντα
1225 1439 1259 1465 τὰ
1268 1438 1314 1467 ὲπὶ
1323 1438 1385 1473 γῆς,
1396 1438 1517 1465 τουτέστι
1525 1438 1559 1464 τὰ
1569 1438 1682 1474 χείρονα
1695 1438 1792 1468 καὶτοῖς

970 1500 991 1530 c
1007 1484 1338 1520 γηΐνοιςῴκειωμὲνατοῖς
1346 1483 1482 1519 κρείττοσι
1494 1484 1541 1510 καὶ
1547 1484 1639 1518 ἔχουσι
1647 1484 1678 1510 τὸ
1686 1484 1791 1510 mil-.59-
1838 1510 1839 1517 γ

1009 1539 1048 1566 μα
1059 1531 1088 1557 ὲν
1097 1531 1231 1565 οὐρανοῖς,
1249 1530 1318 1556 πᾶσι
1333 1530 1486 1565 γενομένοις
1500 1529 1617 1566 οὐρανῷ.
1645 1531 1675 1557 ὐ
1687 1530 1734 1566 μὲν
1747 1530 1791 1565 γὰρ

1008 1575 1181 1611 ἁμαρτάνων,
1189 1576 1255 1602 ὃπου
1264 1576 1323 1602 ποτ’
1334 1575 1366 1602 ἄν
1373 1577 1446 1602 ἐστιν
1454 1575 1509 1611 (96)
1517 1577 1533 1610 ἡ
1545 1576 1591 1610 γῆ,
1604 1577 1646 1608 εἰς
1653 1576 1703 1611 τὴν
1712 1583 1788 1608 συγγε-

1007 1622 1052 1657 νῆ,
1061 1622 1109 1649 ἐὰν
1119 1622 1156 1658 μὴ
1166 1624 1292 1658 μετανοῇ,
1302 1622 1428 1657 ὲσόμενός
1436 1631 1484 1656 πη·
1491 1622 1506 1647 ὁ
1515 1622 1543 1648 δὲ
1553 1622 1637 1649 ποιῶν
1654 1623 1684 1648 τὸ
1699 1621 1790 1656 Θέλημα

1007 1669 1052 1696 τοῦ
1064 1668 1142 1700 Θεοῦ,
1154 1669 1201 1695 καὶ
1215 1669 1251 1704 μὴ
1262 1668 1427 1704 παρακούων
1437 1668 1491 1695 τῶν
1500 1669 1644 1703 σωτηρίων
1657 1675 1790 1702 πνευματι-

1008 1714 1064 1742 κῶν
1071 1715 1171 1749 νόμων,
1177 1714 1290 1750 οὐρανός
1299 1715 1381 1740 ἐστιν.
1389 1714 1451 1740 Εἴτε
1458 1711 1504 1741 οὖν
1512 1715 1548 1748 γῆ
1556 1713 1596 1739 ἔτι
1606 1714 1694 1749 ἐσμὲν
1702 1713 1742 1739 διὰ
1749 1711 1789 1745 τὴν

1009 1761 1156 1796 ἁμαρτίαν,
1169 1760 1304 1795 εὐχόμεθα
1316 1760 1370 1795 (97)
1379 1760 1426 1786 καὶ
1437 1761 1479 1794 ἐφ’
1495 1760 1568 1795 ἡμᾶς
1579 1759 1652 1786 οὓτω
1660 1760 1690 1786 τὸ
1698 1758 1788 1792 θέλημα

1008 1806 1137 1832 διατεῖναι
1151 1805 1344 1841 διορθωτικῶς,
1358 1805 1452 1840 ὥσπερ
1465 1805 1583 1840 ἔφθακεν
1603 1806 1653 1832 ἐπὶ
1667 1806 1727 1836 τοὺς
1745 1802 1788 1838 πρὸ

1009 1852 1087 1888 ἡμῶν
1103 1852 1264 1887 γενομένους
1277 1852 1402 1886 οὐρανὸν,
1418 1852 1434 1886 ἢ
1452 1852 1532 1883 ὄντας
1544 1852 1671 1887 οὐρανόν·
1692 1850 1743 1877 εἴτε
1758 1849 1788 1884 μὴ

1009 1899 1057 1933 γῆ,
1073 1898 1129 1924 ἁλλ’
1146 1898 1259 1933 οὐρανὸς
1271 1898 1320 1932 ἤδη
1334 1897 1512 1932 λελογίσμεθα
1531 1897 1570 1932 τῷ
1585 1897 1657 1932 Θεῷ,
1679 1896 1787 1929 ἀξιώσω-

1012 1953 1060 1980 μεν
1073 1944 1117 1970 ἵνα
1132 1945 1178 1970 καὶ
1190 1944 1236 1970 ἐπὶ
1253 1944 1304 1979 τῆς
1318 1944 1369 1979 γῆς
1379 1943 1479 1979 ὁμοίως
1492 1943 1532 1978 τῷ
1543 1943 1661 1979 οὐρανῷ,
1683 1943 1749 1976 λέγω
1765 1941 1786 1967 δὲ

1011 1990 1057 2016 ἐπὶ
1077 1989 1131 2016 τῶν
1155 1990 1295 2025 χειρόνων,
1324 1989 1454 2025 πληρωθῇ
1483 1991 1513 2015 τὸ
1541 1989 1648 2025 θέλημα
1669 1989 1713 2015 τοῦ
1730 1986 1786 2014 Θεοῦ

1011 2035 1051 2066 εἰς
1065 2034 1124 2069 τὴν,
1145 2034 1177 2060 ἵν’
1190 2034 1275 2066 οὕτως
1295 2034 1373 2066 εἴπω,
1391 2035 1599 2070 οὐρανοποίησιν
1620 2035 1714 2070 αὐτῆς,
1728 2034 1786 2059 ὥστε

1014 2080 1111 2115 μηκέτι
1126 2081 1191 2106 ποτὲ
1214 2078 1283 2107 εἶναι
1298 2081 1360 2116 γῆν,
1377 2081 1445 2107 ἀλλὰ
1463 2082 1550 2108 πάντα
1573 2082 1698 2116 γενέσθαι
1717 2081 1786 2115 οὐρα-

1012 2126 1056 2151 νόν
1066 2134 1072 2140 ·
1083 2125 1131 2152 ἐὰν
1147 2125 1199 2161 γὰρ
1211 2125 1247 2157 ὡς
1256 2127 1284 2151 ἐν
1295 2126 1411 2161 οὐρανῷ,
1424 2127 1495 2153 κατὰ
1509 2127 1542 2154 τὰ
1556 2125 1786 2163 ἡρμηνευμένα,τὸ

173 2165 244 2193 ccelo
267 2165 338 2193 facta
357 2172 398 2194 est
413 2168 537 2195 voluntas
562 2168 619 2200 Dei,
645 2168 693 2195 liat
710 2173 738 2196 et
753 2168 780 2194 in
801 2174 884 2201 terra,
900 2169 958 2196 eri—

1023 2170 1117 2205 ιὲλημα
1131 2169 1178 2197 τοῦ
1189 2170 1256 2197 Θεοῦ
1267 2170 1337 2197 οὕτω
1352 2171 1464 2207 γένηται
1477 2171 1532 2207 (98)
1546 2172 1646 2199 καὶέπὶ
1660 2173 1719 2207 γῆς,
1733 2170 1786 2205 1⁸)γῆ

213 2236 235 2251 ³⁸
253 2235 302 2264 Job
318 2244 363 2270 XL,
380 2237 423 2264 l4.

210 2307 266 2342 (93)
279 2307 370 2346 codex
382 2315 436 2346 ms;
442 2313 524 2346 recte,
539 2310 765 2346 ἁνακιρνάμενος.
777 2311 850 2338 Edit.
859 2312 960 2344 0mm,

176 2342 402 2378 ἀνακρινάμενος.
419 2342 502 2378 Paulo
522 2350 582 2378 post
599 2342 758 2372 recte'idetn
783 2345 868 2373 codex
894 2342 958 2378 ms.,

177 2376 215 2412 μὴ
232 2376 352 2414 λιξοντος.
369 2378 438 2414 Ιέιιὶι.
455 2376 555 2414 onti.,
574 2380 610 2414 μὴ
626 2379 744 2411 λύοντες.

213 2411 268 2450 _(9_4)
288 2412 452 2450 Οἱψᾳνίοις.
468 2413 539 2447 Lege
558 2411 620 2441 cmi:
635 2414 763 2446 Bentleio,
771 2414 812 2442 vel
826 2414 961 2450 οὐρανοῖς,

176 2447 218 2473 vel
233 2447 412 2482 ἐπουρανίοις.

212 2481 268 2517 (95)
281 2481 336 2508 Καὶ
353 2481 429 2516 τάχα
443 2483 540 2518 λέγων
553 2483 626 2515 δεῖν,
646 2487 700 2511 etc.
726 2482 800 2510 lianc
817 2483 963 2518 Origenia-

177 2524 239 2552 nam
263 2517 472 2552 explicationem
485 2517 617 2544 imitatus
641 2518 746 2544 videtur
764 2517 916 2552 Cyprianus
933 2521 958 2546 in

177 2551 268 2578 libello
287 2553 322 2577 De
338 2551 464 2579 Oratione
483 2553 631 2584 Dominica,
650 2552 692 2579 his
707 2551 817 2579 verbis}
832 2553 920 2580 Potest
935 2560 959 2581 rt

175 2587 214 2612 sic
230 2586 353 2621 intelligi,
367 2587 462 2620 fratres
474 2588 647 2619 dilectissimi,
666 2592 692 2613 ut
705 2588 830 2621 quoniam
849 2589 957 2615 mandat

176 2626 199 2646 et
219 2625 307 2647 manet
324 2621 452 2648 Dominus
465 2624 545 2649 etiam
561 2622 679 2649 inimicos
691 2622 809 2656 diligere,
825 2629 846 2649 et
861 2631 907 2656 pro
924 2625 956 2651 iis

175 2663 276 2692 quoque
284 2656 333 2692 qui
346 2664 392 2682 nos
407 2661 607 2690 persequuntur,
624 2665 716 2689 arare,
733 2664 849 2690 petamus
870 2663 893 2684 et
907 2667 954 2692 pro

176 2689 229 2715 illis
244 2690 287 2723 qui
300 2691 385 2716 adhuc
398 2696 467 2717 terra
480 2689 540 2717 sunt
554 2697 578 2717 et
590 2692 698 2718 necdum
710 2689 823 2719 ctutesles
838 2700 893 2719 esse
904 2689 955 2719 ete-

175 2730 282 2761 perunt,
300 2729 329 2761 ut
340 2731 364 2751 et
380 2727 449 2751 circa
462 2726 520 2752 illo:
531 2727 648 2753 voluntas
666 2726 712 2753 Dei
726 2728 784 2761 ﬁat,
794 2735 871 2761 quant
885 2728 961 2754 Clari-

177 2764 233 2796 ψη
251 2760 381 2796 hominem
396 2761 572 2796 conservanda
582 2767 605 2787 et
622 2762 826 2796 redintegranth
840 2763 959 2796 perfecit.

180 2792 247 2820 Nam
261 2802 320 2820 cum
341 2794 462 2829 discipuli
478 2796 509 2823 ali
527 2804 555 2823 ea
572 2805 622 2823 non
634 2797 692 2832 jam
706 2792 775 2824 [ἔνι-α
787 2792 959 2832 appellentur,

1013 2312 1058 2338 sed
1077 2311 1117 2338 sal
1131 2316 1218 2343 teme,
1233 2317 1256 2338 et
1267 2311 1407 2344 Apostolus
1418 2312 1530 2346 primum
1546 2311 1676 2338 hominem
1688 2313 1750 2337 voret
1760 2309 1784 2346 de

1014 2346 1173 2383 terrtelimo,
1191 2347 1334 2383 secundum
1348 2355 1406 2383 vero
1419 2349 1451 2383 de
1462 2347 1538 2383 cazlo,
1549 2347 1641 2383 nterito
1659 2351 1682 2373 et
1694 2354 1734 2372 nos
1747 2350 1783 2383 qui

1014 2389 1069 2408 esse
1081 2382 1202 2407 debemus
1216 2381 1290 2407 Patri
1302 2380 1357 2407 Deo
1375 2381 1484 2414 similes,
1494 2382 1539 2414 qui
1552 2381 1632 2407 solem
1647 2388 1719 2408 suum
1730 2380 1783 2405 oriri

1015 2415 1079 2450 facit
1092 2424 1171 2449 super
1186 2417 1265 2442 bonos
1284 2421 1307 2442 et
1323 2415 1418 2447 malos,
1444 2421 1469 2442 et
1493 2416 1558 2450 pluit
1583 2423 1661 2449 super
1670 2416 1750 2449 justas
1764 2419 1783 2437 ει

1015 2451 1139 2485 injustas,
1159 2451 1198 2477 sic
1219 2450 1324 2477 Christo
1341 2456 1459 2486 monente
1478 2459 1584 2477 oramus
1599 2456 1623 2476 et
1641 2451 1744 2484 petimus
1760 2452 1781 2486 ut

1015 2493 1116 2519 precem
1128 2493 1175 2518 pro
1189 2486 1306 2512 cautium
1319 2485 1403 2511 salute
1416 2485 1557 2519 faciamus;
1578 2489 1606 2511 ut
1623 2485 1781 2519 quomodojn

1015 2516 1089 2549 ra'la.
1104 2516 1132 2546 id
1143 2524 1192 2550 est.
1207 2520 1234 2546 in
1253 2520 1325 2546 nobis
1342 2527 1388 2553 per
1399 2516 1476 2554 ﬁdem
1490 2527 1606 2546 nostram
1620 2516 1733 2546 uoluntas
1743 2516 1781 2555 Ωιι

1013 2556 1085 2588 [acta
1100 2559 1137 2581 est
1153 2561 1180 2581 ut
1194 2562 1307 2581 essemus
1319 2563 1332 2581 ι
1343 2555 1418 2586 uelo,
1431 2556 1468 2581 ita
1479 2560 1502 2581 et
1516 2556 1544 2581 in
1564 2560 1645 2586 terra,
1660 2554 1703 2580 hoc
1713 2557 1746 2588 est
1758 2554 1779 2575 il

1012 2587 1065 2615 illis
1081 2597 1132 2615 non
1149 2590 1313 2616 credentibus
1328 2589 1375 2622 ﬁat
1392 2589 1510 2616 voluntas
1527 2589 1585 2618 Dei.
1600 2595 1626 2615 ut
1648 2590 1690 2624 qui
1707 2587 1778 2624 adhuc

1010 2629 1071 2650 sunt
1087 2625 1173 2658 prima
1192 2624 1327 2650 nativitate
1347 2625 1454 2655 terreni,
1468 2625 1596 2659 incipiant
1613 2622 1669 2651 me
1684 2622 1778 2650 caletth

1008 2666 1041 2685 ea:
1058 2667 1125 2692 aqua
1140 2664 1163 2685 el
1175 2659 1278 2692 Spiritu
1295 2659 1360 2685 uati.

1049 2690 1105 2729 (96)
1124 2690 1227 2729 Ὅπου.
1240 2693 1304 2720 ποτ’
1321 2693 1359 2719 ἄν
1379 2693 1473 2720 ἐστιν.
1491 2693 1562 2728 Lege
1583 2701 1645 2721 eum
1668 2690 1779 2720 Bentleio.

1014 2726 1081 2754 ὅπου
1096 2726 1156 2754 ποτ’
1169 2728 1201 2755 ἂν
1256 2729 1340 2755 ἐστίν.

1063 2762 1107 2796 97)
1123 2762 1287 2797 Εὺχύμὲθα.
1303 2763 1384 2796 Lego,
1400 2762 1553 2798 εὐχώμεθα.

1063 2799 1108 2833 98)
1127 2798 1218 2826 Codex
1239 2806 1303 2832 uis.,
1319 2797 1438 2833 γένηταιζ
1465 2797 1535 2826 Edit.
1559 2798 1658 2832 Oxon,
1677 2797 1774 2832 γίνηται-

1835 1891 1836 1977 ι

1833 2048 1835 2130 1

1832 2182 1834 2283 l

1831 2333 1833 2438 Ι

1831 2479 1832 2534 ι

1829 2630 1831 2741 l

1826 2925 1829 3000 1
