1853 3073
206 123 256 150 5H

934 121 1096 150 ORIGENIS
1217 99 1220 101 ί
1775 126 1816 153 5ιὲ

207 185 329 216 accedat,
351 184 552 211 incrementum
579 183 630 216 ﬁt;
658 184 700 210 sin
724 183 826 215 minus,
841 183 972 211 diminutit

1052 184 1259 218 καταγινόμενον
1276 183 1339 211 λαὸν
1349 204 1355 215 ,
1371 184 1419 210 καὶ
1434 183 1613 210 κοινωνοῦντα
1629 183 1709 218 αὐτῇ,
1733 187 1816 219 amni-

208 230 289 258 Forte
301 230 382 257 etiam
400 230 489 263 aliqua
505 230 658 257 immissum
677 229 744 256 nihil
756 229 904 263 accipiunt,
923 234 950 256 et
967 229 993 255 in

208 281 292 303 mero.
311 279 341 301 ut
358 275 394 300 ita
411 275 500 300 dicam
516 294 523 306 ,
549 279 612 301 sunt
627 275 812 302 decren'iento.
834 274 885 301 Alii
899 295 907 307 ,
932 282 992 301 eum

207 327 297 346 rerum
323 319 550 353 incorporearum
575 319 756 346 substantiam
780 325 992 353 consequentem

208 369 313 391 tantum
327 373 387 392 esse
401 369 506 398 putent,
523 365 686 398 praecipuam
705 371 769 391 vero
788 372 878 391 rerum
894 372 992 398 corpo-

206 413 332 443 reavn'm;
350 410 390 437 sic
404 410 476 436 illam
492 410 626 437 deﬁniunt
641 418 648 436 :
666 409 826 436 Substantia
844 413 887 436 est
906 410 991 443 prima

206 461 300 482 rerum
310 455 424 481 materia
436 459 463 481 et
471 462 503 480 ex
513 462 564 488 qua
577 462 621 481 res
629 458 709 486 sunt;
723 461 868 487 corporum
880 454 992 480 materia

205 506 234 526 et
244 508 277 526 ex
288 508 341 534 qua
355 508 469 535 corpora
483 505 561 530 sunt;
574 507 668 527 eorum
682 500 821 534 (materia)
834 508 893 534 qua:
906 500 992 527 nomi-

206 550 308 572 nantttr
319 552 346 572 et
357 553 391 580 ex
404 554 456 580 qua
469 550 529 573 sunt
542 554 600 580 qua:
611 547 795 578 nominantur;
813 550 859 571 aut
871 546 988 578 primum

205 591 366 623 subsistens,
381 591 512 626 qualitate
523 599 638 624 carens;
663 596 709 619 aut
733 591 805 625 quod
826 590 991 625 praeexsislit

207 637 309 669 rebus;
328 637 369 664 vel
388 638 459 671 quod
475 645 570 664 onmes
583 638 680 671 recipit
696 637 859 664 mutationes
881 641 909 663 et
923 636 992 663 alte-

206 682 336 715 rationes,
357 691 419 710 cum
437 684 472 710 sit
484 684 571 717 ipsum
589 681 841 716 invariabilejuxta
855 682 992 717 propriam

209 727 361 761 rationem;
389 732 436 754 aut
450 729 519 762 quod
538 728 610 755 omni
629 728 782 755 alterationi
806 733 833 755 et
850 728 991 754 mutationi

209 771 344 805 subjacet.
363 772 517 800 Secundum
535 773 584 800 hos
602 773 753 799 substantia
767 778 809 801 est
825 773 884 800 sine
904 773 992 807 quali-

206 821 272 850 tate,
289 818 349 844 sine
373 819 458 853 ﬁgura
481 819 558 853 juxta
573 819 713 853 propriam
737 826 813 845 suam
839 819 990 850 rationem;

1048 238 1140 256 νουσα.
1162 230 1194 256 'H
1213 229 1304 264 μέντοι
1319 230 1421 266 κυρίως
1433 230 1511 256 οὐσία
1523 231 1577 260 τοῖς
1599 229 1651 264 μὲν
1665 231 1818 265 προηγουμέ-

1047 284 1095 310 νην
1107 275 1162 310 (19)
1171 275 1220 311 τὴν
1232 275 1284 302 τῶν
1292 275 1445 310 ἀσωμάτων
1456 275 1601 301 ὑπόστασιν
1612 273 1684 301 εἶναι
1692 276 1818 309 φάσκουσι,

1046 320 1200 355 νενόμισται
1214 320 1283 346 κατὰ
1296 320 1328 345 τὰ
1342 319 1473 354 ἀσώματα
1483 319 1512 345 τὸ
1521 317 1588 345 εἶναι
1600 319 1717 354 βεϐαίως
1730 319 1818 354 ἔχοντα,

1047 365 1094 391 καὶ
1112 364 1174 391 οὔτε
1194 365 1352 400 προσθήκην
1368 365 1508 400 χωροῦντα
1538 364 1599 391 οὔτε
1616 365 1756 401 ἀφαίρεσιν
1775 367 1820 393 πά-

1047 418 1144 444 σχοντα
1158 419 1164 425 ·
1184 410 1262 436 τοῦτο
1278 410 1332 446 γὰρ
1347 410 1411 436 ῐδιον
1429 409 1645 445 σωμάτων,περὶ
1661 409 1679 436 ἃ.
1693 411 1788 444 γίνεται
1805 414 1818 446 ἡ

1046 453 1114 489 αὔξη
1131 453 1185 489 (‘20)
1204 455 1251 480 καὶ
1265 455 1281 489 ὴ
1295 454 1395 489 φθίσις,
1416 455 1490 489 παρὰ
1505 454 1535 481 τὸ
1549 452 1616 481 εἶναι
1631 455 1702 481 αὐτὰ
1724 456 1818 490 ῥευστὰ,

1046 498 1159 532 δεόμενα
1175 498 1222 524 τοῦ
1238 498 1464 534 ὑποστηρίζοντος
1481 499 1648 530 ἐπεισιόντος
1665 500 1712 525 καὶ
1722 500 1819 534 τρέφον-

1044 551 1091 574 τος
1103 551 1109 557 ·
1126 543 1206 578 ὅπερ,
1222 544 1268 570 ἐὰν
1282 543 1373 570 πλεῖον
1395 544 1424 570 ὲν
1447 543 1534 578 καιρῷ
1549 544 1658 579 ἐπεισίῃ
1681 543 1727 570 τοῦ
1747 545 1819 580 ἀπορ-

1047 588 1162 623 ρέοντος,
1181 588 1294 623 αῦξησις
1314 589 1431 622 γίνεται·
1447 589 1496 616 ἐὰν
1519 589 1548 615 δὲ
1563 589 1676 616 ἔλαττον
1690 609 1697 621 ,
1715 590 1818 624 μείωσις.

1046 634 1122 668 Τάχα
1136 634 1163 660 δὲ
1181 634 1241 660 τινὰ
1254 634 1309 660 οὐδ’
1319 633 1387 666 ὅλως
1409 634 1439 660 τὸ
1453 634 1573 661 ὲπεισιὸν
1598 635 1778 670 λαμϐάνοντα.
1799 638 1819 663 ἐν

1045 677 1173 714 ἀκράτῳ,
1187 679 1220 706 ἵν’
1236 679 1323 710 οὕτως
1336 679 1421 711 εἴπω,
1448 678 1558 714 μειώσει
1587 680 1704 713 γίνεται.
1724 680 1781 711 Τοῖς
1799 680 1819 706 ἃ

1046 724 1300 760 ὲπακολουῡητικὴν
1315 725 1399 759 αὐτὴν
1415 722 1482 752 εἶναι
1494 724 1647 760 νομίζουσι,
1663 726 1818 761 προηγουμέ-

1046 779 1095 805 νην
1112 770 1140 796 δὲ
1153 770 1202 805 τὴν
1217 770 1270 797 τῶν
1295 770 1429 805 σωμάτων
1442 790 1449 802 ,
1475 771 1532 806 ὂροι
1551 770 1638 805 αὐτῆς
1655 768 1727 797 οῦτοί
1747 772 1817 798 εἰσιν·

1048 814 1133 841 υὺσία
1147 815 1219 841 ἐστὶν
1234 816 1250 850 ἡ
1263 814 1359 850 πρώτη
1378 815 1431 841 τῶν
1455 814 1538 842 ὄντων
1559 815 1607 850 ὕλη
1622 835 1630 847 ,
1649 816 1697 842 καὶ
1715 815 1742 848 ἐξ
1755 813 1784 851 ἧς
1794 816 1818 842 τὰ

205 863 252 890 sed
269 871 355 898 neque
366 864 572 891 determinatmu
587 865 665 891 habet
678 864 906 899 magnitudinem,
917 871 972 890 onn

1052 860 1108 887 ἱντα
1120 869 1126 875 ·
1141 861 1157 895 ἡ
1171 860 1224 886 τῶν
1237 860 1372 895 σωμάτων
1386 860 1446 896 ὕλη,
1462 861 1510 887 καὶ
1525 860 1554 894 ἐξ
1575 859 1609 897 ἦς
1623 861 1659 888 τὰ
1672 861 1817 896 σώματα-ἠ

206 913 297 934 autem
316 908 442 942 qualitati
471 909 553 935 veluti
571 909 644 937 locus
665 913 832 944 prmparatus
856 910 990 944 subiacet.

209 951 312 978 Vocant
330 957 420 979 autem
435 953 582 987 qualitates
595 953 745 980 extensiori
763 960 845 980 sensu
861 957 939 979 actus
965 957 993 979 et

203 996 326 1023 actiones
342 997 368 1023 in
386 997 544 1024 universum
561 998 661 1032 quibus
686 1002 713 1025 et
730 1002 820 1024 motus
843 1002 870 1024 et
886 997 994 1024 habitus

205 1042 340 1070 contineri
354 1043 482 1078 contigit.
498 1043 604 1078 Negant
628 1043 699 1070 enitn
718 1043 880 1077 cujusquam
896 1043 993 1070 borum

201 1089 279 1122 juxta
293 1089 432 1122 propriam
445 1096 520 1115 suam
533 1089 667 1115 rationem
681 1088 843 1122 participem
855 1095 916 1115 esse
930 1088 993 1115 sub-

203 1135 352 1167 stantiam;
366 1141 472 1169 semper
485 1139 575 1161 tamen
588 1134 690 1162 hancce
707 1134 742 1160 ita
755 1134 880 1161 allectam
893 1142 954 1162 esse
964 1139 993 1162 ut

207 1179 242 1206 ab
255 1179 353 1206 borum
369 1179 461 1213 aliquo
483 1179 605 1214 separari
620 1186 673 1206 non
687 1179 772 1213 possit
787 1187 795 1212 ;
808 1186 841 1206 ac
853 1179 991 1206 nihilomi-

205 1232 259 1252 nus
274 1229 365 1258 aptam
385 1232 445 1252 esse
467 1232 527 1259 quas
539 1232 635 1252 omnes
647 1223 790 1252 eﬂicientis
802 1232 890 1252 causae
912 1230 989 1251 actus

202 1270 326 1304 recipiat.
341 1269 423 1297 Adest
443 1270 515 1297 enim
532 1271 556 1296 ei
588 1270 629 1298 vis
644 1271 765 1305 qumdam
781 1270 909 1297 universa
930 1277 993 1304 per-

208 1317 322 1349 vadens,
351 1324 412 1350 qua:
427 1320 453 1343 et
463 1316 603 1350 qualitatis
618 1317 707 1344 onmis
721 1321 749 1343 et
763 1316 908 1350 cujuslibet
920 1316 994 1343 circa

203 1369 263 1389 eam
277 1362 490 1396 dispensationis
503 1369 584 1390 causa
597 1362 643 1389 sit.
660 1362 726 1389 Esse
739 1367 829 1389 autem
843 1369 890 1396 per
902 1362 995 1389 omnia

202 1408 361 1434 mutabilem
371 1412 398 1434 et
406 1408 553 1442 peromnia
564 1407 701 1434 dividuum
709 1407 854 1439 afﬁrmant,
865 1412 892 1434 et
901 1414 996 1441 quam-

200 1452 264 1479 libet
273 1451 353 1487 247
368 1451 545 1479 substantiam
561 1459 623 1478 cttm
636 1451 755 1485 qualibet
766 1458 825 1478 esse
838 1458 927 1485 posse,
942 1450 997 1477 sci-

199 1498 263 1525 licet
283 1499 396 1525 unitam.
418 1497 550 1531 Quoniam
579 1502 669 1523 autent
685 1498 718 1524 de
736 1496 887 1524 substantia
905 1495 995 1530 inqui-

967 1528 1028 1569 etc

199 1588 326 1623 populum
333 1588 486 1622 περιούσιον
497 1588 670 1622 peculiarem,
680 1587 712 1613 ad
719 1587 924 1621 distinguendas
931 1588 992 1615 sub-

200 1635 307 1661 stantia:
333 1634 424 1660 varias
444 1633 656 1668 signiﬁcationes
681 1633 737 1659 lucc
756 1632 891 1665 diximus,
916 1633 993 1668 panis

199 1687 265 1706 vero
280 1679 307 1706 in
325 1679 510 1713 superioribus
537 1678 729 1706 intellectualis
755 1684 815 1706 erat
843 1685 924 1713 quem
941 1687 991 1706 nos

199 1729 292 1759 petere
308 1729 445 1759 oporteret.
465 1734 471 1750 :
489 1724 645 1751 necessario
674 1724 826 1751 substantia
858 1724 918 1759 pani
946 1731 993 1750 co-

201 1548 294 1571 reules
307 1565 315 1576 ,
333 1548 441 1578 propter
465 1551 562 1577 panem
583 1542 719 1569 ἐπιούσιον
734 1542 950 1574 substantialem,

199 1774 280 1805 gnata
298 1770 470 1805 intelligenda
483 1774 533 1802 est,
550 1774 578 1795 ut
596 1769 665 1796 sicut
683 1776 834 1803 corporeus
860 1770 938 1803 panis
964 1770 990 1796 in

198 1815 258 1850 ejus
276 1815 321 1849 qui
338 1815 458 1841 nutritur
481 1822 580 1849 corpus
606 1814 744 1841 immissus
772 1814 844 1841 cedit
859 1815 884 1841 in
906 1815 990 1849 ipsius

199 1860 379 1887 substantiam
398 1869 404 1887 :
422 1861 460 1886 sic
475 1860 553 1894 panis
567 1860 644 1887 vivus
660 1859 704 1893 qui
720 1860 753 1887 de
768 1860 837 1887 cwlo
852 1861 991 1887 descendit

199 1905 225 1932 In
242 1911 358 1932 mentem
372 1911 399 1933 et
413 1906 530 1932 animam
545 1906 684 1933 immissus
702 1913 779 1933 suam
797 1906 820 1933 ei
835 1907 988 1933 communi-

199 1956 245 1979 cet
262 1952 390 1978 virtutem
407 1952 451 1986 qui
468 1959 496 1979 se
510 1953 686 1980 nutriendum
700 1953 751 1987 ipsi
769 1953 926 1987 praebuerit.
942 1953 989 1979 At-

198 2003 251 2029 que
267 1997 302 2023 ita
318 1997 370 2023 erit
384 1997 428 2023 ille
442 2004 522 2031 quem
540 1997 673 2030 petimus,
695 1998 772 2032 panis
787 1997 987 2024 substantialis.

199 2043 302 2070 ltursus
320 2051 327 2069 :
343 2043 658 2077 quemudmodumjuxta
678 2043 800 2070 alimenti
817 2043 986 2077 qualitatem,

197 2087 269 2123 quod
285 2092 331 2114 aut
347 2087 461 2114 solidum
484 2088 520 2114 sit
543 2087 708 2122 athletisque
727 2088 893 2115 conveniens
908 2107 916 2119 ,
941 2092 988 2114 aut

148 2127 157 2136 κ
198 2133 313 2159 lacteum
329 2132 483 2160 oleribusve
514 2128 743 2164 simileriverste
761 2138 826 2160 sunt
838 2133 896 2166 ejus
913 2133 985 2161 vires

1042 908 1097 934 τῶν
1122 907 1348 943 ὀνομαζομένων,
1365 908 1413 935 καὶ
1433 907 1460 940 ἐξ
1482 905 1515 942 ἧς
1535 908 1569 934 τὰ
1593 907 1790 942 ὀνομαζόμενα·
1806 907 1816 942 ἦ

1042 953 1074 979 τὸ
1090 952 1198 988 πρῶτον
1215 954 1374 985 ὑπόστατον,
1387 954 1481 981 ἄποιον
1492 962 1499 969 ·
1525 953 1541 989 ἦ
1556 953 1586 979 τὸ
1597 953 1816 988 προϋφιστάμενον

1041 999 1099 1029 τοῖς
1113 996 1188 1025 οὖσιν
1197 1007 1203 1013 ·
1223 999 1239 1034 ἢ
1258 999 1288 1025 τὺ
1301 999 1390 1030 πάσας
1407 999 1551 1034 δεχόμενον
1565 998 1615 1030 τὰς
1637 994 1785 1032 μεταϐολάς
1796 1005 1816 1022 τε

1042 1044 1090 1070 καὶ
1105 1043 1271 1075 ἀλλοιώσεις,
1288 1044 1354 1070 αὐτὸ
1366 1043 1395 1069 δὲ
1410 1043 1589 1069 ἀναλλοίωτον
1612 1042 1687 1069 κατὰ
1711 1041 1754 1068 τὸν
1767 1041 1817 1067 ἴδιον

1043 1089 1123 1124 λόγον
1134 1098 1140 1105 ·
1156 1090 1174 1125 ἢ
1184 1090 1213 1117 τὸ
1227 1090 1361 1125 ὑπομένον
1388 1091 1476 1118 πᾶσαν
1496 1089 1639 1116 ἀλλοίωσιν
1659 1089 1708 1115 καὶ
1723 1087 1818 1123 μεταϐο-

1044 1136 1102 1172 λήν.
1117 1136 1195 1162 Κατὰ
1211 1135 1324 1167 τούτους
1346 1135 1375 1162 δὲ
1398 1136 1414 1171 ἡ
1439 1135 1517 1162 οὐσία
1531 1133 1604 1162 ἐστὶν
1621 1133 1720 1166 ἄποιός
1743 1142 1768 1160 τε
1782 1133 1817 1159 καὶ

1043 1181 1244 1216 ἀσχημάτιστος
1256 1181 1325 1208 κατὰ
1337 1181 1383 1208 τὸν
1397 1181 1461 1208 ἴδιον
1477 1181 1566 1215 λόγον,
1575 1179 1633 1207 ἀλλ’
1646 1179 1712 1206 οὐδὲ
1725 1179 1818 1213 μέγεθος

1043 1225 1261 1260 ἀποτεταγμένον
1278 1226 1390 1260 ἔχουσα,
1414 1226 1489 1262 πάσῃ
1504 1225 1533 1251 δὲ
1558 1225 1682 1259 ἔγκειται
1703 1224 1815 1258 ποιότητι,

1044 1270 1170 1306 καθάπερ
1187 1270 1295 1305 ἕτοιμόν
1309 1279 1335 1297 τι
1356 1270 1464 1307 χωρίον.
1488 1271 1639 1305 Ποιὸτητας
1652 1269 1682 1296 δὲ
1701 1269 1817 1295 διατακτιε

1045 1315 1100 1347 κῶς
1110 1315 1165 1351 (⁵2.1)
1176 1316 1283 1350 λέγουσι
1294 1316 1344 1347 τὰς
1355 1316 1497 1351 ἐνεργείας
1508 1315 1555 1342 καὶ
1568 1315 1617 1351 τὰς
1639 1315 1758 1350 ποιήσεις
1774 1322 1816 1340 κοι-

1045 1360 1108 1392 νῶς,
1122 1362 1150 1387 ὲν
1166 1359 1210 1392 αἷς
1231 1359 1301 1388 εἶναι
1315 1361 1364 1393 τὰς
1381 1362 1502 1396 κινήσεις
1517 1360 1565 1387 καὶ
1578 1360 1687 1395 σχέσεις
1702 1358 1816 1394 ωμὸέῦη-

1046 1415 1093 1432 κεν
1102 1415 1108 1421 ·
1118 1406 1179 1432 οὐδέ
1187 1415 1257 1438 τινος
1267 1407 1321 1442 γὰρ
1337 1406 1439 1434 τούτων
1454 1407 1524 1433 κατὰ
1537 1407 1582 1434 τὸν
1599 1406 1666 1434 ἴδιον
1680 1406 1753 1439 λόγον
1768 1413 1815 1439 μετ-

1046 1450 1119 1486 έχειν
1142 1452 1207 1486 φασὶ
1218 1451 1266 1488 τὴν
1285 1452 1378 1479 οὐσίαν
1389 1472 1395 1484 ,
1410 1452 1454 1478 ἀεὶ
1464 1452 1492 1478 δέ
1503 1460 1574 1483 τινος
1584 1451 1676 1478 αὐτῶν
1689 1450 1815 1486 ἀχώριστον

1047 1495 1116 1524 εἶναι
1132 1497 1212 1524 πάθει
1224 1497 1315 1533 τήνδε,
1334 1497 1410 1524 οὐδὲν
1423 1495 1505 1533 ἦττον
1519 1498 1566 1524 καὶ
1578 1496 1724 1532 ὲπιόεκτὴν
1741 1495 1814 1522 πασῶν

1044 1543 1098 1570 τῶν
1112 1542 1160 1569 τοῦ
1176 1542 1316 1574 ποιοῦντος
1333 1542 1478 1578 ἐνεργειῶν
1501 1542 1538 1574 ὡς
1554 1542 1586 1569 ἂν
1600 1543 1692 1569 ἐκεῖνο
1707 1542 1764 1576 ποιῇ
1780 1540 1814 1566 καὶ

1045 1588 1214 1624 μεταϐάλλῃ·
1231 1589 1245 1614 ὁ
1261 1587 1316 1623 γὰρ
1333 1587 1420 1614 συνὼν
1445 1588 1514 1623 αὐτῇ
1537 1587 1630 1619 τόνος,
1646 1587 1693 1614 καὶ
1707 1586 1739 1612 δι’
1761 1585 1814 1612 ὅλων

1043 1633 1209 1669 κεχωρηκὼς
1221 1653 1228 1665 ,
1245 1634 1336 1668 πάσης
1352 1642 1382 1660 τε
1396 1634 1539 1668 ποιότητος
1562 1634 1610 1660 καὶ
1623 1633 1680 1660 τῶν
1701 1632 1759 1668 περὶ
1778 1631 1814 1657 αὖ·

1042 1680 1091 1714 τὴν
1106 1679 1192 1711 αἴτιος
1205 1679 1237 1706 ἂν
1255 1679 1414 1714 οἰκονομιῶν
1431 1679 1497 1714 (22).
1516 1678 1554 1705 At‘
1569 1678 1639 1705 ὅλων
1651 1687 1681 1705 τε
1695 1676 1811 1713 pateﬁt;-

1041 1726 1107 1761 Ιτὴν,
1132 1726 1179 1753 καὶ
1203 1726 1236 1752 δι’
1261 1726 1329 1754 ὅλων
1359 1725 1496 1761 διαιρετὴν
1522 1725 1648 1759 λέγουσιν
1673 1723 1754 1754 εἶναι,
1778 1721 1813 1748 καὶ

1041 1773 1131 1798 πᾶσαν
1152 1772 1244 1798 οὐσίαν
1269 1771 1344 1807 πάσῃ
1366 1771 1522 1807 συγχεῖσθαι
1544 1770 1696 1804 δύνασθαι,
1727 1769 1812 1805 ἡνωμέ-

1040 1826 1089 1853 νην
1101 1817 1156 1854 (25)
1173 1818 1273 1852 μέντοι.
1296 1818 1370 1844 Ἐπεὶ
1383 1818 1412 1844 δὲ
1424 1818 1487 1854 περὶ
1503 1818 1551 1853 τῆς
1567 1817 1664 1848 οὐσίας
1681 1815 1810 1851 ζητοῦντες,

1039 1863 1082 1890 διὰ
1100 1863 1145 1890 τὸν
1161 1864 1297 1891 ἐπιούσιον
1319 1864 1408 1899 ἄρτον,
1433 1863 1480 1890 καὶ
1507 1863 1552 1889 τὸν
1580 1863 1733 1898 περιούσιον
1753 1861 1809 1891 λαὸν,

1039 1910 1079 1941 εὶς
1094 1909 1123 1936 τὸ
1136 1910 1169 1936 τὰ
1185 1910 1350 1944 σημαίνοντα
1372 1909 1542 1944 διακριθῆναι
1566 1908 1616 1943 τῆς
1641 1908 1733 1939 οὐσίας
1754 1906 1810 1932 ταῦτ’

1039 1955 1188 1990 εἰρήκαμεν
1200 1963 1207 1970 ο
1225 1955 1306 1990 ἄρτος
1320 1955 1347 1981 δὲ
1362 1956 1391 1981 ὲν
1412 1956 1468 1986 τοῖς
1483 1954 1535 1989 πρὸ
1551 1953 1654 1980 τούτων
1678 1952 1764 1988 νοητὸς
1779 1949 1810 1985 ἦν’

1038 1999 1067 2025 ὃν
1082 2001 1166 2026 αἰτεῖν
1181 2001 1254 2034 ἡμᾶς
1282 2000 1368 2036 ἐχρῆν
1380 2021 1388 2033 ,
1408 2001 1553 2034 ἀναγκαῖον
1576 1999 1696 2034 συγγενῆ
1707 1998 1743 2033 τῷ
1754 1998 1811 2032 ἄρτῳ

1038 2045 1087 2079 τὴν
1102 2044 1194 2071 οὐσίαν
1211 2043 1281 2071 εἶναι
1294 2048 1375 2077 νοεῖν,
1394 2046 1428 2072 ἶν’
1440 2046 1534 2081 ὥσπερ
1546 2046 1560 2072 ὁ
1575 2044 1729 2080 σωματικὺς
1748 2043 1810 2078 ἄρτος

1037 2089 1225 2125 ἀναδιδόμενος
1240 2092 1279 2122 είς
1295 2091 1325 2117 τὸ
1341 2091 1387 2118 τοῦ
1403 2092 1570 2127 τρεφομένου
1585 2091 1675 2127 σῶμα,
1686 2091 1762 2127 χωρεῖ
1772 2090 1810 2115 αὑ-

1036 2134 1084 2161 τοῦ
1099 2136 1138 2166 είς
1155 2136 1202 2171 τὴν
1217 2136 1321 2169 οὐσίαν,
1338 2137 1423 2168 οὕτως
1437 2139 1451 2163 ὁ
1467 2137 1532 2169 ζῶν,
1548 2138 1594 2164 καὶ
1608 2137 1637 2169 es
1654 2135 1760 2172 οὐρανοῦ
1772 2143 1809 2159 x1—

197 2177 243 2211 qui
272 2177 406 2210 nutritur;
439 2178 475 2204 ita
504 2177 584 2204 etiam
619 2185 787 2211 consequens
824 2183 883 2210 est,
925 2186 972 2204 cun

1052 2181 1199 2217 ταϐεϐηκὼς
1215 2182 1297 2217 ἄρτος
1312 2183 1500 2217 άναδιδόμενος
1515 2184 1555 2215 εἰς
1571 2183 1618 2209 τὸν
1634 2183 1695 2209 νοῦν
1716 2181 1756 2208 καὶ
1773 2178 1808 2213 τὴν

199 2222 309 2248 verbum
326 2222 373 2248 Dei
393 2222 466 2249 velut
480 2224 521 2249 lac
535 2223 625 2256 pueris
638 2224 801 2257 przebeatur,
828 2224 870 2250 vel
887 2228 915 2250 ut
929 2225 988 2251 olus

198 2267 313 2294 inlirmis
342 2272 433 2301 aptum
451 2287 458 2300 ,
489 2268 530 2294 vel
564 2274 593 2295 ut
615 2277 680 2296 caro
707 2269 876 2295 certantibus
904 2269 987 2302 uillis,

198 2320 418 2347 unumquemque
444 2320 537 2339 corum
558 2315 604 2346 qui
632 2310 988 2348 nutriquuFproportione

199 2357 315 2390 quadam
331 2365 380 2391 pro
395 2363 424 2385 ut
436 2366 465 2385 se
483 2359 565 2387 verbo
581 2360 714 2391 exhibuit,
731 2361 781 2387 hoc
793 2360 833 2386 vel
851 2359 914 2386 illud
930 2360 987 2386 elli-

199 2410 273 2435 cere,
290 2404 424 2438 talemque
438 2405 477 2432 vel
497 2406 576 2433 talem
595 2407 664 2433 ﬁeri.
683 2406 767 2433 Porro
793 2406 920 2432 alimenta
935 2414 983 2440 pu-

198 2452 291 2475 tantur
316 2458 376 2477 esse
403 2451 527 2485 quaedam
561 2452 711 2484 mortifera,
729 2453 850 2487 quaedam
875 2455 984 2479 morbos

196 2500 341 2529 generant,
367 2497 489 2531 qutcdant
514 2506 547 2525 ne
566 2497 634 2525 sumi
660 2497 766 2532 quidem
783 2501 911 2532 possunt:
926 2505 985 2532 quae

196 2623 270 2649 niam
285 2643 293 2656 ,
321 2623 459 2656 assiduus,
487 2624 679 2658 quotidianus,
701 2629 730 2649 ut
753 2624 819 2650 bene
837 2627 864 2650 et
889 2622 986 2650 Latine

197 2658 281 2684 vertit
296 2658 421 2692 vulgatus
437 2659 584 2692 interpres.

232 2693 289 2727 (l9)
311 2691 401 2719 (iudex
427 2701 478 2728 tus.
493 2691 751 2728 (προηγουμένην,
779 2691 843 2718 etlit.
872 2692 960 2728 Oxon.
977 2711 984 2724 ,

199 2727 422 2762 προηγουμένοις.
440 2727 524 2754 Paulo
550 2726 611 2761 post
636 2735 682 2761 pro
697 2726 849 2762 φάσκουσι,
879 2726 984 2762 νενόμι-

200 2769 271 2797 σται,
289 2761 502 2797 Bentleiuslegit,
520 2763 668 2797 φάσκουσιν
684 2762 850 2797 ὠνόμασται.

234 2795 291 2830 (20)
305 2795 482 2833 Code§_tits.',
510 2795 613 2831 γίνεται
636 2798 652 2833 ἡ
678 2795 756 2832 αὔξη.
781 2797 852 2824 Edit.
872 2796 959 2825 Oxon.
975 2817 982 2829 ,

202 2830 306 2866 γίνηται
324 2832 338 2866 ἡ
357 2831 479 2867 αὔξησις.

1041 2225 1138 2262 ψυχὴν,
1163 2227 1268 2262 μεταδῷ
1292 2228 1342 2262 τῆς
1366 2228 1433 2259 ἰδίας
1455 2228 1595 2263 δυνάμεως
1611 2225 1808 2263 ὲμπαρεσχηκάτι

1042 2271 1136 2297 ἑαυτὸν
1151 2273 1183 2307 τῇ
1198 2273 1244 2299 ἀπ’
1261 2273 1342 2300 αὑτοῦ
1357 2275 1455 2308 τροφῇ.
1469 2274 1523 2300 Καὶ
1539 2273 1624 2305 οὕτως
1641 2274 1713 2300 ἔσται
1727 2272 1773 2307 (24)
1787 2270 1807 2296 ὃν

1042 2317 1170 2354 αἰτοῦμεν
1186 2318 1266 2354 ἄρτον
1281 2318 1426 2345 ἐπιούσιον.
1444 2319 1499 2345 Καὶ
1512 2318 1590 2345 πάλιν
1606 2319 1634 2345 ὃν
1648 2319 1742 2354 τρόπον
1754 2314 1807 2342 κατὰ

1041 2362 1090 2399 τὴν
1101 2363 1228 2399 ποιότητα
1239 2364 1289 2399 τῆς
1300 2364 1410 2399 τροφῆς,
1426 2365 1536 2399 στερεᾶς
1551 2363 1633 2400 οὔσης
1645 2365 1690 2391 καὶ
1701 2362 1805 2405 eorum;

1037 2409 1219 2446 ἁρμοζούσης,
1230 2410 1246 2445 ἢ
1258 2410 1446 2444 γαλακτώδους
1458 2411 1529 2442 τινὸς
1545 2411 1591 2437 καὶ
1603 2409 1769 2446 λαχανώδους,
1784 2407 1805 2431 ἐν

1038 2454 1157 2490 διαφόρῳ
1175 2455 1316 2490 δυνάμειὸ
1329 2456 1493 2491 τρεφόμενος
1511 2456 1614 2490 γίνεται
1627 2465 1633 2471 ·
1657 2456 1736 2486 οὕτως
1755 2450 1804 2479 ἀκά-

1038 2499 1131 2527 λονοόν
1144 2502 1200 2527 ἐστι
1222 2501 1268 2527 τοῦ
1288 2501 1366 2535 λόγου
1391 2501 1437 2528 τοῦ
1462 2501 1539 2533 Θεοῦ,
1569 2502 1628 2536 ἦτοι
1641 2502 1678 2533 ὡς
1693 2499 1804 2534 γάλακτος

1077 2622 1138 2662 (“Ill
1158 2621 1364 2654 Διατῑικτικῶς.
1382 2621 1499 2656 Legebat
1515 2621 1640 2648 dominus
1652 2617 1801 2652 Fleurme-

1038 2665 1090 2684 τατ
1094 2665 1158 2684 ικωε
1162 2677 1168 2682 .

1075 2676 1253 2725 ('éijv’dlttoq
1266 2691 1304 2717 ἂν
1320 2689 1503 2725 οἰκονομιῶν.
1524 2690 1596 2724 Lego
1613 2698 1674 2717 cum
1697 2685 1802 2717 Bettlleiﬂ.

1043 2727 1129 2758 αἴτιος
1144 2725 1203 2762 δινῇ
1219 2725 1389 2760 οἰκονομιῶν.

1073 2754 1128 2797 (253
1144 2754 1299 2797 Cudretus.
1309 2754 1461 2797 ἦνῳμένην.
1476 2759 1565 2797 Ειιλιῑο
1578 2754 1797 2797 Οιιοηηηνωμ-ἐτης

1146 2786 1201 2822 kal
1217 2786 1435 2831 οῦτῶξδνὲοίταιξ
1444 2801 1496 2821 etc.
1510 2794 1592 2831 [forte
1610 2786 1750 2828 legendum.
1762 2786 1796 2814 καὶ

1037 2828 1204 2862 οῦὼςῖσται
1222 2830 1251 2857 ὃν
1267 2830 1406 2865 αἰτοῦμεν,
1422 2830 1501 2865 ἄρτος
1519 2828 1663 2860 ὲπιούσιος,
