1853 3073
50 109 92 136 515

653 103 820 131 LIBELLUS
842 103 884 130 DE
901 100 1087 132 ORATIONE.

1604 106 1657 136 ιιι

49 165 148 195 παιδίοις
163 164 331 201 ἁρμοζόντως
345 162 494 198 διδομένου,
518 162 535 198 ἢ
551 161 589 194 ὼς
604 162 720 198 λαχάνου
740 162 820 189 ἀσθε-

923 163 960 190 nia
975 170 1024 196 per
1049 162 1200 197 analogiam
1214 162 1399 192 transferenda
1415 169 1476 193 sunt
1489 165 1522 192 ad
1536 165 1657 200 discipli-

49 212 123 237 νοῦσιν
138 209 309 244 ἐπιτηδείως,
323 209 340 244 ἢ
355 209 392 240 ὡς
412 208 512 244 σαρκὸς
527 207 734 243 ἀγωνιζομένοις
751 207 818 243 (25),

48 255 104 291 πρὸς
117 255 224 281 ἕκαστον
237 254 290 280 τῶν
306 254 479 290 τρεφομένων
501 254 571 280 κατὰ
594 253 642 288 τὴν
662 253 818 291 ἀναλογίαν,

50 290 71 335 ᾧ
80 301 240 336 ὲμπαρέσγεν
256 299 351 325 ἑαυτὸν
361 299 442 334 λόγῳ,
455 299 514 325 τόδε
527 308 563 330 τι,
577 299 593 334 ἦ
605 299 664 325 τόδε
679 290 818 330 δύνασθαι,

49 347 86 373 καὶ
99 345 217 380 τοιόνδεῆ
234 344 332 371 τοιόνδε
357 343 490 377 γίνεσθαι.
517 344 595 370 Ἐστι
630 342 764 379 μέντοιγέ
779 352 820 375 τις

49 391 190 427 νομιζομένη
208 389 304 425 τροφὴ,
321 387 387 416 οὖσα
403 389 572 424 δηλητήριος,
586 389 633 415 καὶ
646 389 728 424 ἑτέρα
744 397 820 415 νοσο-

50 437 118 468 mag.
133 437 176 462 καὶ
192 435 258 470 ἄλλη
287 435 354 470 μηδὲ
384 434 545 469 ἀναδοθῆναι
566 434 700 469 δυναμένη
714 440 720 447 ‘
748 434 820 469 ειπερ

49 482 122 508 πάντα
139 481 194 507 κατ’
218 476 363 515 ἀναλογίαν
391 480 565 515 μετενεκτέον
580 480 638 506 ἐστὶ
653 480 698 505 καὶ
713 479 759 506 ἐπὶ
772 480 821 511 τὰς

48 527 158 561 διαφορὰς
182 526 235 553 τῶν
259 526 444 561 νομιζομένων
471 525 611 561 τροφίμων
639 524 819 560 μαθημάτων.

54 571 186 603 Ἐπιούσιος
204 571 293 598 τοίνυν
306 571 397 607 ἄρτος,
410 572 424 598 ὁ
439 572 471 606 τῇ
490 571 568 604 φύσει
584 572 617 606 τῇ
631 570 726 606 λογικῇ
754 579 821 596 κατ-

48 617 206 652 αλληλότατος
238 617 304 652 (26),
331 617 377 643 καὶ
404 618 436 652 τῇ
468 616 547 651 οὐσίᾳ
574 616 642 651 αὐτῇ
676 615 819 650 συγγενὴς,

49 663 127 697 ὑγείαν
142 663 198 698 ἅμα
213 662 260 689 καὶ
272 662 376 694 εὐεξίαν
389 662 435 688 καὶ
447 662 522 696 ἰσχὺν
537 660 684 696 περιποιῶν
695 662 727 696 τῇ
738 661 821 696 ψυχῇ,

48 709 86 734 καὶ
99 709 144 743 τῆς
167 709 232 739 ἰδίας
249 708 399 739 ἀθανασίας
416 707 559 742 (ἀθάνατος
572 706 626 742 γὰρ
638 707 652 733 ὁ
665 706 750 741 Λόγος
775 705 822 733 τοῦ

47 754 113 789 Θεοῦ)
130 753 282 789 μεταδιδοὺς
298 753 336 788 τῷ
354 753 469 779 ἐσθίοντι
483 751 577 779 αὑτοῦ,
592 748 675 783 Οὗτος
687 751 718 787 δὴ
732 752 746 777 ό
762 752 809 778 ὲπι

48 800 123 830 cosio;
136 799 213 834 ἄρτος
231 798 303 833 ἄλλῳ
331 798 443 833 ὀνόματι
470 797 544 824 δοκεῖ
568 806 612 832 μοι
635 798 664 824 ὲν
679 798 711 832 τῇ
726 797 820 833 Γραφῇ

49 846 113 878 ξύλον
125 845 194 880 ζωῆς
214 843 382 879 ὠνομάσθαι,
402 843 444 878 ἐφ’
468 844 536 879 ὅπερ
559 844 576 870 ό
602 843 737 876 ἐκτείνας
765 843 821 877 τὴν

49 891 127 925 χεῷα,
137 891 183 917 καί
191 890 293 917 λαϐὼν
302 890 352 917 ἀπ’
363 889 466 921 αὑτοῦ,
478 888 595 921 ζήσεται
607 890 651 922 είς
660 889 713 922 τὸν
719 889 819 917 αἰῶνα.

49 938 94 963 Καὶ
106 937 181 972 τρίτῳ
200 936 312 970 ὀνόματι
337 935 415 961 τοῦτο
437 934 467 960 τὸ
483 933 570 966 ξύλον,
594 934 674 967 σοφία
689 933 736 959 τοῦ
754 933 821 960 Θεοῦ

48 981 190 1016 ὀνομάζεται
207 979 282 1015 παρὰ
297 979 335 1014 τῷ
350 978 501 1014 Σολομῶντι
518 978 562 1005 διὰ
586 978 699 1005 τούτων’
725 978 823 1005 Ξύλον

48 1026 111 1059 ζωῆς
124 1026 184 1053 ἐστι
199 1025 274 1052 πᾶσι
288 1025 350 1058 τοῖς
359 1024 567 1059 ἀντεχομένοις
583 1023 685 1058 αὐτῆς,
699 1024 747 1050 καὶ
762 1023 822 1057 τοῖς

48 1071 266 1105 ἐπερειδομένοις
291 1071 329 1103 ὡς
359 1070 408 1096 ἐπὶ
443 1071 561 1104 Κύριον,
582 1069 725 1104 ἀσφαλής
755 1069 822 1104 (‘27).

54 1117 118 1143 Ἐπεὶ
129 1117 156 1143 δὲ
169 1117 214 1144 καὶ
226 1117 251 1143 οἱ
268 1115 378 1150 ἄγγελοι
394 1115 475 1150 σοφίᾳ
494 1114 641 1150 τρέφονται
665 1115 743 1146 Θεοῦ,
770 1114 824 1140 ἀπὸ

48 1161 90 1196 τῆς
105 1162 170 1188 κατὰ
184 1163 232 1198 τὴν
258 1161 388 1196 ἀλήθειαν
407 1162 476 1196 μετὰ
499 1160 594 1194 σοφίας
615 1160 728 1197 θεωρίας
747 1160 825 1186 δυνα-

49 1207 162 1245 μούμενοι
177 1208 244 1243 πρὸς
256 1207 287 1233 τὸ
299 1206 333 1232 τὰ
351 1207 404 1233 ίδια
423 1206 491 1242 ἔργα
508 1206 650 1235 ἐπιτελεῖν,
670 1205 778 1239 λέγεται
795 1205 824 1231 ἐν

51 1254 168 1288 Ψαλμοῖς
183 1254 230 1280 καὶ
252 1253 316 1284 τοὺς
331 1252 460 1286 ἀγγέλους
482 1251 638 1287 τρέφεσθαι,
664 1250 824 1277 κοινωνούν-

47 1309 92 1328 των
104 1300 153 1326 τῶν
169 1299 319 1335 ἀνθρώπων
334 1298 379 1325 τοῦ
392 1298 470 1330 Θεοῦ,
486 1298 582 1329 οἵτινες
604 1297 722 1332 Ἑϐραῖοι
739 1305 824 1331 προσ-

47 1345 217 1381 αγορεύονται,
230 1346 288 1376 τοῖς
302 1343 438 1378 ἀγγέλοις,
458 1342 504 1369 καὶ
520 1342 600 1368 οἱονεὶ
619 1342 666 1368 καὶ
681 1340 826 1367 συνεστίων

49 1393 128 1423 αὐτοῖς
149 1391 307 1426 γινομένων.
334 1388 460 1416 Τοιοῦτον
473 1389 502 1415 δέ
516 1389 572 1414 ἐστι
598 1387 640 1414 τό·
658 1388 764 1421 ’Ἄρτον
775 1387 827 1421 ἀτ-

48 1436 132 1470 τέλων
149 1437 260 1470 ἔφαγεν
285 1434 449 1468 ἅνθρωπος.
480 1432 526 1467 Μὴ
554 1431 607 1466 γὰρ
635 1430 680 1456 ἐπὶ
702 1429 827 1457 τοσοῦτον

871 215 966 234 narum
981 216 1042 242 quae
1058 208 1130 235 alere
1150 215 1227 242 posse
1243 214 1384 243 putantur,
1399 211 1567 237 varietatem.
1587 211 1658 238 Sub-

871 253 1006 280 slantialis
1023 261 1089 287 ergo
1109 253 1186 287 panis
1200 258 1251 284 est,
1269 255 1313 289 qui
1332 255 1458 282 rationali
1474 256 1580 283 natura:
1593 265 1659 283 con-

871 298 1103 327 venientissimus.
1127 298 1263 333 ipsiusque
1281 300 1441 327 substantia:
1467 301 1568 332 al‘tinis.
1583 301 1658 329 sani-

871 347 953 370 tatem
979 343 1058 370 simul
1087 348 1115 370 et
1141 344 1239 370 bonam
1264 345 1448 372 habitudinem
1479 351 1506 373 et
1531 347 1603 373 vires
1630 347 1658 374 in

871 388 960 414 anima
973 388 1064 420 allicit,
1077 389 1362 424 itntnortalitatetnque
1371 398 1448 417 suam
1462 393 1514 426 (est
1522 392 1593 418 enim
1604 392 1657 418 im-

873 434 985 460 mortale
1018 434 1133 462 Verbum
1151 435 1210 469 Dei)
1235 436 1385 462 comedenti
1409 443 1439 463 se
1463 438 1657 465 communicat.

873 478 921 505 Hic
940 479 1128 506 substantialis
1143 480 1220 514 panis
1233 480 1286 510 alio
1301 481 1365 507 mihi
1383 482 1492 508 nomine
1507 482 1614 509 videtur
1630 484 1658 510 in

873 523 1026 559 Scripturis
1043 530 1155 552 vocatus
1180 533 1240 553 esse
1269 525 1369 560 ligurum
1390 527 1463 559 vitae,
1477 528 1503 554 in
1517 529 1586 561 quod
1612 529 1658 563 qui

871 570 970 597 miserit
982 579 1088 598 manum
1100 579 1175 598 suam
1186 577 1211 598 et
1222 573 1359 606 sumpserit
1369 573 1401 599 de
1415 581 1455 604 ea,
1469 574 1531 600 vivet
1543 574 1569 600 in
1582 579 1658 601 (eter-

873 615 974 641 num".
990 615 1081 642 Tertio
1095 616 1189 643 uetiam
1209 616 1316 645 nomine
1341 617 1441 652 lignum
1459 619 1509 645 hoc
1524 619 1658 653 sapientia

874 659 919 686 Dei
953 660 1050 687 dicitur
1076 661 1145 694 apud
1171 660 1343 690 Salomoncm
1382 663 1425 690 his
1453 663 1545 691 verbis
1577 673 1584 690 :
1614 663 1662 690 Li-

873 713 951 739 gnum
979 706 1039 732 vita:
1053 711 1090 732 est
1114 707 1233 733 ontnibus
1258 708 1304 740 qui
1325 708 1533 742 complectuntur
1547 716 1616 740 eam,
1636 713 1659 735 et

873 750 1133 785 quiincumbunt‘in
1159 760 1216 779 eam
1246 757 1370 786 tanquam
1394 754 1422 780 in
1443 753 1593 786 Dominum,
1617 762 1660 780 se-

875 803 938 822 cura
947 795 980 824 “.
990 795 1054 822 ’.Ιιιιιι
1067 789 1131 823 vero
1144 803 1204 824 cum
1222 797 1310 831 angeli
1323 805 1430 832 quoque
1445 798 1536 825 divitia
1552 799 1661 826 alantur

872 841 1004 875 sapientia
1021 845 1048 868 et
1064 849 1078 868 ιι
1099 842 1330 876 contemplatione
1347 844 1487 878 sapientia:
1503 849 1530 871 et
1547 845 1661 872 veritati

872 886 1016 919 conjuncta
1030 888 1101 914 vires
1119 887 1228 922 capiant
1244 888 1276 914 ad
1295 896 1378 923 opera
1396 896 1444 916 sua
1466 890 1573 924 propria
1598 897 1660 924 per-

872 932 1000 965 ﬁcienda,
1016 933 1181 960 dicunturin
1194 933 1305 967 psalmis
1331 934 1413 961 etiam
1436 935 1523 968 angeli
1549 935 1659 968 nutriri,

873 977 1048 1012 hominesque
1076 978 1121 1005 Dei
1149 979 1194 1013 qui
1215 979 1320 1006 Hebraei
1348 984 1490 1012 vocantur,
1513 981 1662 1007 communi-

872 1030 938 1050 care
949 1024 1054 1057 angelis
1070 1028 1096 1051 et
1110 1025 1185 1058 quasi
1216 1024 1387 1052 convictores
1406 1024 1476 1051 ﬁeri.
1504 1024 1570 1052 Tale
1597 1025 1662 1052 illud

873 1075 914 1097 est
928 1077 936 1096 :
951 1068 1050 1096 Panem
1070 1071 1226 1105 angelorum
1243 1072 1410 1098 manducauit
1436 1072 1512 1098 homo
1521 1073 1556 1098 δ’.
1572 1071 1663 1106 Neque

873 1116 945 1142 enim
960 1116 1028 1143 adeo
1054 1117 1152 1144 ntentis
1170 1118 1262 1152 inopes
1284 1125 1346 1144 esse
1363 1118 1491 1145 debemus
1506 1122 1535 1144 ιιι
1550 1118 1664 1145 arbitre-

875 1167 936 1186 mur
950 1167 1082 1194 corporeo
1096 1163 1214 1195 quodam
1233 1170 1312 1196 pane,
1327 1163 1372 1196 qui
1387 1163 1496 1191 cmlitus
1511 1164 1543 1191 ad
1559 1171 1606 1190 eos
1618 1162 1664 1198 qtti

874 1204 991 1240 Egypto
1005 1206 1106 1240 egressi
1122 1211 1200 1233 erant
1217 1207 1298 1242 248
1311 1208 1443 1235 cecidisse
1458 1213 1595 1238 narratur.
1616 1215 1665 1234 an-

874 1251 950 1286 gelos
966 1252 1004 1278 uti
1023 1259 1183 1286 semperque
1194 1260 1226 1279 eo
1243 1253 1352 1286 nutriri,
1378 1253 1555 1287 ejusdemque
1582 1252 1665 1279 simul

876 1298 1024 1332 participes
1037 1298 1120 1325 fuisse
1132 1298 1258 1326 Hebraeos
1271 1307 1333 1327 cum
1345 1300 1448 1334 angi-lis
1462 1300 1666 1326 administrato-

877 1342 924 1370 riis
942 1342 988 1369 Dei
1004 1343 1157 1377 spiriiibus.
1175 1343 1243 1371 Cum
1273 1349 1364 1372 autem
1398 1352 1553 1379 quaeramus
1568 1345 1614 1378 qui
1631 1343 1666 1372 sit

876 1389 1063 1416 substantialis
1080 1390 1169 1424 panis,
1189 1393 1217 1416 et
1239 1389 1341 1423 lignum
1366 1390 1443 1421 vit:e,
1472 1393 1499 1416 et
1527 1388 1667 1423 sapientia:

879 1434 937 1468 Dei,
952 1439 980 1462 et
992 1442 1134 1462 commune
1154 1440 1311 1463 sanctorum
1330 1435 1470 1462 hominum
1492 1436 1666 1470 angelorum-

49 1481 187 1516 πτωχεύσαι
211 1482 225 1507 ὁ
253 1480 316 1511 νοῦς
345 1478 433 1514 ἡμῶν,
459 1477 496 1509 ὡς
521 1477 646 1511 οἰηθῆναι
671 1473 820 1509 σωματικοῖ

923 1489 931 1507 ι
948 1481 1119 1512 alimentum,
1139 1488 1191 1508 non
1208 1482 1262 1508 erit
1285 1481 1404 1508 alienum
1419 1489 1433 1508 ιι
1451 1482 1591 1516 proposito
1603 1501 1610 1512 ,
1631 1480 1666 1507 ad

48 1534 111 1557 τινος
131 1526 212 1561 ἄρτου
238 1524 287 1551 τοῦ
312 1523 502 1559 ἕστορουμένου
531 1520 675 1557 οὐρανόθεν
701 1520 746 1546 ἐπὶ
765 1520 827 1551 τοὺς

48 1571 224 1607 ἐξεληλυθότας
235 1570 286 1606 τὴν
299 1570 434 1605 Αἴγυπτον
449 1567 666 1603 καταϐεϐηκέναι
675 1586 682 1598 ,
697 1567 760 1598 τοὺς
776 1566 827 1600 ἀγ-

48 1617 131 1650 γέλους
146 1617 190 1644 ἀεὶ
207 1615 466 1652 μεταλαμϐάνοντας
478 1613 634 1649 τρέφεσθαι,
659 1612 754 1638 τούτου
780 1612 830 1638 αὐ-

48 1662 88 1688 τοῦ
116 1662 348 1697 κεκοινωνηκότων
368 1660 422 1687 τῶν
451 1658 584 1694 Ἐϐραίων
613 1659 669 1689 τοῖς
691 1657 828 1691 ἀγγέλοις,

48 1710 96 1740 τοῖς
114 1708 307 1744 λειτουργικοῖς
320 1706 366 1733 τοῦ
381 1705 447 1732 Θεοῦ
465 1705 627 1740 πιεύμασιν.
646 1704 704 1730 Οὐκ
715 1703 829 1738 ἄκαιρον

49 1754 74 1779 δὲ
89 1753 208 1788 ζητοῦσιν
224 1755 291 1789 ἡμῖν
311 1753 356 1779 τὸν
376 1752 512 1778 ἐπιούσιον
529 1752 610 1785 ἄρτον
620 1769 627 1781 ,
643 1751 689 1776 καὶ
706 1750 737 1776 τὸ
753 1749 829 1782 ξύλον

49 1800 91 1835 τῆς
103 1799 180 1835 ζωῆς,
195 1800 243 1826 καὶ
257 1799 307 1835 τὴν
337 1798 431 1832 σοφίαν
447 1797 493 1824 τοῦ
510 1796 594 1828 Θεοῦ,
615 1797 664 1831 τήν
685 1804 715 1822 τε
737 1795 830 1830 κοινὴν

48 1845 123 1879 ἁγίων
139 1844 288 1880 ἀνθρώπων
313 1844 360 1870 καὶ
391 1843 513 1877 ἀγγέλων
536 1842 655 1877 τροφὴν,
686 1841 830 1876 ἐπιστῆσαι

49 1890 90 1915 καὶ
104 1890 165 1925 περὶ
182 1890 237 1916 τῶν
255 1890 284 1915 ὲν
308 1889 332 1915 Γ
334 1889 434 1914 ενέσει
458 1886 667 1922 γεγραμμένων·
688 1885 769 1921 τριῶν
785 1885 832 1910 ἁν-

50 1934 110 1969 δρῶν
130 1935 318 1969 καταχθέντων
332 1933 408 1968 παρὰ
421 1932 460 1968 τῷ
483 1931 622 1967 Ἀϐραὰμ,
648 1931 693 1957 καὶ
716 1929 833 1965 μεταλα-

50 1980 139 2007 ϐόντων
151 1979 351 2015 πεφυραμένων
367 1978 449 2014 τριῶν
468 1978 573 2013 μέτρων
593 1976 766 2012 σεμιδάλεως,
793 1977 832 2015 εἰς

50 2013 198 2062 ἐγκρυφιῶνῂ
212 2013 339 2062 ττοίησιν·
359 2025 463 2060 μήποτε
483 2022 594 2058 γυμνῶς
616 2022 753 2057 τροπικῶς
778 2013 833 2056 (28)

49 2071 126 2099 ταῦτα
153 2072 277 2107 εἴρηται,
306 2070 461 2105 δυναμένων
484 2069 538 2095 τῶν
567 2068 651 2103 ἁγίων
677 2067 834 2103 μεταδοῦναί

52 2124 107 2142 ποτε
120 2117 218 2151 τροφῆς
231 2115 331 2150 νοητῆς
344 2116 391 2141 καὶ
406 2113 517 2148 λογικῆς
531 2113 561 2139 οὐ
577 2113 655 2147 μόνον
668 2111 831 2147 ἀνθρώποις¹

878 1533 910 1554 ea
921 1526 1060 1554 attendere
1075 1534 1135 1561 quae
1148 1531 1212 1553 sunt
1228 1527 1254 1553 in
1266 1526 1364 1554 Genesi
1381 1527 1482 1560 scripta
1492 1527 1515 1542 "
1528 1535 1534 1553 :
1550 1531 1604 1553 tres
1629 1525 1668 1553 vi-

881 1580 926 1601 ros
939 1574 972 1600 ad
985 1573 1124 1600 Abraham
1138 1573 1244 1600 delatos
1257 1579 1320 1600 esse
1334 1577 1362 1599 et
1376 1573 1530 1601 comedisse
1545 1580 1578 1600 ex
1592 1579 1669 1600 com-

879 1619 966 1646 mistis
981 1618 1067 1645 tribus
1081 1618 1148 1646 satis
1169 1618 1278 1646 similar
1293 1618 1381 1646 factos
1409 1618 1607 1646 subcinericios
1621 1625 1671 1652 pa-

880 1671 938 1696 nes,
953 1671 987 1690 nc
1002 1663 1072 1690 forte
1100 1663 1157 1690 lucc
1186 1671 1238 1690 non
1270 1663 1351 1696 nude,
1378 1663 1424 1690 sed
1457 1663 1572 1698 ﬁgurate
1597 1662 1669 1690 dicta

879 1709 944 1740 sint,
958 1709 1028 1743 quod
1043 1708 1131 1736 sancti
1148 1709 1256 1743 possint
1275 1709 1428 1743 spiritalem
1453 1707 1671 1742 rationalemque

880 1754 969 1782 cibum
987 1754 1187 1781 communicare
1198 1761 1249 1780 non
1266 1753 1420 1780 hominibus
1433 1753 1510 1783 solis,
1523 1753 1570 1779 sed
1587 1756 1615 1778 et
1629 1752 1671 1778 di-

880 1800 950 1826 vinis
966 1799 1126 1831 virtutibus,
1142 1803 1187 1824 aut
1203 1799 1235 1825 ad
1252 1798 1370 1832 ipsorum
1392 1797 1548 1828 utilitatem,
1574 1801 1621 1823 aut
1639 1801 1668 1822 ut

881 1845 1026 1872 ostendant
1053 1851 1114 1878 qum
1139 1844 1190 1871 sibi
1217 1850 1377 1877 comparare
1406 1846 1552 1876 potuerunt
1568 1842 1600 1881 ad
1616 1849 1666 1867 nu-

883 1890 1018 1917 triendum
1036 1889 1185 1923 aptissima.
1205 1888 1345 1915 Luctantur
1371 1887 1478 1914 scilicet
1506 1891 1533 1914 et
1558 1886 1668 1913 aluntur

883 1935 969 1970 anguli
986 1935 1116 1968 ejusmodi
1133 1935 1299 1966 ostensione,
1327 1933 1536 1967 puratioresqnc
1555 1932 1623 1958 [ἱιιιιι
1644 1937 1673 1958 ιιι

883 1981 1039 2008 omnimodo
1064 1981 1192 2014 deinceps
1214 1979 1382 2007 collaborent
1405 1984 1432 2005 et
1448 1978 1606 2012 conspirant
1620 1985 1673 2012 quo

885 2026 959 2060 plura
975 2030 1002 2053 et
1017 2026 1120 2060 majora
1139 2025 1352 2059 comprehendat
1367 2024 1390 2052 is
1404 2024 1449 2059 qui
1469 2024 1605 2058 prioribus
1621 2020 1672 2050 sibi

885 2072 1048 2105 comparatis
1073 2071 1214 2098 altricibus
1246 2070 1397 2104 disciplinis
1418 2069 1548 2101 lcetillcat,
1566 2074 1611 2101 et,
1643 2073 1674 2096 ut

886 2118 923 2144 ita
936 2117 1037 2149 dicam,
1055 2117 1139 2144 nutrit
1153 2117 1224 2144 illos.
1241 2116 1333 2150 Neque
1346 2123 1410 2142 vero
1426 2116 1523 2142 mirum
1538 2121 1581 2142 est
1593 2122 1675 2149 ange-

51 2161 108 2188 ἁλλὰ
129 2163 173 2188 καὶ
196 2162 346 2197 Θειοτέραις
369 2161 529 2195 δυνάμεσιν,
548 2159 607 2194 ἢτοι
631 2160 670 2190 εἰς
695 2158 820 2193 ὠφέλειαν

934 2163 968 2189 ab
983 2162 1092 2189 homine
1108 2162 1207 2188 nutriri
1218 2181 1226 2194 ,
1239 2168 1301 2189 cum
1316 2161 1396 2188 etiam
1413 2160 1538 2188 Christus
1555 2161 1674 2187 fateatur

51 2208 146 2240 αὐτῶν,
169 2209 185 2244 ἦ
203 2209 242 2239 εἰς
266 2207 394 2239 ἐπίδειξιν
418 2203 454 2232 ὦν
471 2205 610 2240 δεδύνηται
625 2204 679 2239 (29)
692 2204 835 2240 περιποιῆ-

52 2260 90 2279 σαι
103 2253 202 2285 ἑαυτοῖς
222 2252 452 2288 τροφιμωτάπωνδ
471 2251 690 2286 εὐφραινομένων
709 2250 756 2275 καὶ
772 2258 834 2285 τρε-

53 2299 164 2333 φομένων
178 2300 206 2325 ὲν
219 2300 253 2334 τῇ
270 2297 382 2333 τοιαύτῃ
397 2296 524 2329 ἐπιδείξει
547 2296 601 2322 τῶν
626 2295 765 2329 ἀγγέλων,
788 2295 836 2321 καὶ

52 2343 220 2380 ἑτοιμοτέρων
233 2344 383 2379 γινομένων
399 2343 466 2378 πρὸς
482 2343 512 2369 τὸ
528 2343 608 2369 παντὶ
623 2342 715 2378 τρόπῳ
742 2351 837 2378 συνερ-

52 2389 137 2424 γῆσαι,
151 2391 196 2417 καὶ
210 2391 279 2426 πρὸς
294 2390 324 2416 τὸ
341 2389 405 2424 ἑξῆς
420 2388 590 2423 συμπνεῦσαι
601 2389 634 2423 τῇ
648 2387 776 2414 πλειόνων
790 2387 837 2414 καὶ

887 2216 916 2236 se
930 2213 1003 2235 stare
1018 2207 1050 2234 ad
1063 2207 1163 2234 ostium
1180 2211 1206 2234 et
1221 2207 1329 2241 pulsare
1341 2212 1370 2233 ut
1388 2207 1472 2233 intret
1488 2206 1520 2233 ad
1538 2206 1614 2232 illutn
1627 2207 1675 2240 qui

886 2253 937 2280 sibi
963 2252 1142 2290 aperuerit".
1158 2257 1185 2280 et
1199 2257 1289 2280 ets-net
1313 2259 1375 2279 cum
1391 2251 1436 2278 illo
1455 2259 1487 2279 ex
1503 2251 1545 2278 his
1559 2259 1617 2284 quae
1630 2251 1674 2278 ille

891 2298 985 2328 habet,
1002 2299 1116 2325 daturus
1129 2299 1187 2332 ipse
1205 2303 1297 2331 postea
1310 2297 1343 2323 de
1358 2297 1476 2332 propriis
1499 2297 1576 2323 bonis
1589 2296 1612 2324 ei
1630 2296 1676 2330 qui

892 2345 967 2379 prior
979 2343 1078 2370 Filium
1099 2343 1146 2371 Dei
1164 2351 1214 2377 pro
1235 2343 1408 2370 facultatibus
1423 2343 1546 2370 convivio
1563 2349 1677 2376 excepe-

890 2389 934 2416 rit.
962 2388 1044 2423 lgitur
1070 2389 1116 2423 qui
1147 2388 1333 2417 substantialis
1364 2388 1441 2422 panis
1468 2387 1677 2421 participatione

54 2436 172 2471 μειζόνων
184 2436 334 2472 καταλήψει
345 2435 392 2462 τοῦ
407 2434 453 2461 ἐπὶ
461 2434 602 2470 προτέροις
616 2434 820 2469 παρεσκευασμέ

926 2435 1035 2462 niirmat
1048 2442 1095 2461 cor
1107 2442 1196 2466 suum,
1213 2434 1284 2461 lilius
1311 2434 1358 2460 Dei
1378 2432 1494 2460 elIicitur
1509 2440 1516 2458 :
1531 2436 1558 2458 at
1576 2431 1622 2466 qni
1645 2431 1678 2457 de

84 2505 184 2533 "Gen.
204 2515 246 2538 ιιι,
262 2506 308 2533 2‘2.
346 2506 368 2522 "
388 2506 468 2532 Prov.
483 2512 528 2536 ll,
548 2503 592 2530 18.
630 2502 653 2518 ⁸³
668 2501 741 2529 Psal.
759 2510 820 2528 Lxxl

85 2574 136 2610 (‘25)
159 2574 391 2610 Ἂτωνιζομένοις
405 2594 413 2604 ,
446 2578 499 2610 etc.
527 2571 603 2610 Legg
624 2578 685 2610 cum
705 2569 833 2610 Bentleio,

54 2606 252 2645 ἀγωνιζομένοις
266 2606 438 2645 προσφόρως,
447 2607 570 2645 ἕκαστον.
585 2606 667 2645 Paulo
679 2610 739 2645 post
749 2606 833 2632 codex

55 2640 112 2676 nis.,
124 2644 146 2680 ᾧ
160 2640 449 2680 ἐμπαρέσάενΪΙιῖιίίιίιι
468 2643 566 2680 φξθιι..
583 2641 596 2667 ὃ
611 2640 796 2680 ὲμῖταρέσιχεν.

84 2676 138 2714 (26f
150 2676 246 2707 Ct'ulex'
265 2676 327 2712 nis,
355 2677 598 2713 καταλληλότατος,
627 2676 710 2702 editio
734 2677 832 2706 Uxon.,

56 2714 286 2750 καταλληλότερος.

86 2749 136 2785 (‘27)
152 2744 244 2777 Codei
267 2744 335 2780 'ms.,
363 2747 577 2785 ὲπερειδομένοις
599 2745 706 2785 ὡς’-ἐπὶ
720 2744 833 2785 Κυρων,

56 2779 178 2819 ᾄεφαλής·
193 2784 278 2811 editio
290 2785 389 2815 οιοιι..
405 2779 620 2819 ἐπερειδομένοις
632 2781 685 2819 (ἐπ’
698 2779 783 2819 αὐτῷ)
797 2779 835 2819 ᾡς

56 2790 178 2822 ageam;-
193 2790 278 2811 eullto
290 2790 389 2815 Uxon.,
407 2790 620 2842 επνερειοοὲενοις
632 2790 678 2821 (επ
698 2790 783 2820 aute)!
797 2790 835 2819 ως

56 2818 95 2844 ἐπὶ
111 2819 220 2855 Κύριον,
248 2819 380 2854 ἀσφαλής.
405 2817 518 2852 Vulgata
552 2817 614 2843 tblta
641 2817 741 2851 brzccav
764 2815 837 2841 Valt-

963 2501 986 2518 "
1000 2502 1069 2530 Gen.
1083 2509 1160 2529 xvnt.
1199 2501 1221 2517 “
1237 2501 1323 2536 Apoc.
1341 2508 1384 2532 ιιι,
1400 2500 1446 2528 20.

887 2578 955 2598 cana
975 2578 1023 2605 pro
1039 2570 1082 2597 ἐπ’
1098 2569 1182 2605 αὐτῷ,
1197 2569 1310 2605 habent
1326 2569 1369 2595 ἐπ’
1390 2567 1485 2602 αὐτήν.
1504 2565 1678 2605 Bentleiusin

887 2602 1030 2647 ltisvei'bis
1042 2605 1080 2636 ὠς
1103 2602 1264 2647 ὲπὶΚύριον
1288 2608 1367 2647 vetus
1393 2604 1517 2647 tnetttlutln
1546 2602 1681 2628 detexisse

886 2640 936 2667 sibi
952 2641 1068 2671 videtur,
1085 2645 1112 2666 et
1128 2641 1191 2671 legit
1201 2637 1238 2670 ὡς
1254 2638 1300 2664 ἐπὶ
1311 2638 1387 2664 κίονα
1402 2637 1538 2672 ἀσφαλής,
1553 2641 1681 2670 tauquam

886 2675 915 2701 in
935 2675 1096 2703 columnam,
1115 2681 1217 2700 secura.

923 2708 979 2745 (28)
995 2708 1120 2745 Γυμνῶς
1140 2707 1295 2741 τροπικῶς.
1316 2706 1400 2741 Lego,
1419 2706 1450 2732 οὺ
1466 2705 1590 2742 γυμνῶς,
1613 2704 1681 2731 ἀλλὰ

886 2752 1035 2775 τροπικῶς.

904 2753 1035 2780 ροπικως.

924 2779 981 2815 (29)
995 2778 1165 2813 Δεδύνηται.
1180 2776 1251 2812 Lego
1262 2775 1428 2810 δεδύνηνται.
