1853 3073
188 92 245 120 525

908 79 1081 118 δωσεωδ
1749 98 1788 128 ω

190 156 289 177 carnes
304 147 363 182 ejus
378 146 524 181 voluptatis
550 145 641 174 studio
666 151 830 179 conterere;
849 146 923 173 debet

1036 146 1174 182 ὀφείλομεν
1191 146 1230 182 τῷ
1252 148 1300 182 μὲν
1319 147 1424 184 σώματι
1444 149 1544 177 οὑτωσὶ
1558 151 1681 186 χρῆσθαι,
1694 153 1743 188 οὐχὶ
1759 157 1790 187 εἰς

191 202 256 222 vero
271 194 366 221 animai
381 197 485 221 certam
518 199 611 220 curam
638 192 803 227 impendere,
829 197 856 219 et
881 192 980 220 mentis

190 239 346 268 acrimonia:
371 238 524 270 attendere,
550 244 658 264 necnon
684 237 815 269 sermoni,
833 241 863 263 ut
887 236 980 264 aculeo

190 289 292 316 careat,
313 289 340 311 et
353 283 427 311 utilis
441 283 491 316 sit,
509 287 537 310 et
561 282 719 309 nullatenus
735 283 858 315 otiosus;
878 290 939 317 quae
963 290 978 309 a

189 332 266 360 nobis
281 331 347 366 ipsis
363 329 440 357 nobis
463 329 554 357 debita
571 328 593 356 si
612 336 665 355 non
681 329 797 364 agimus,
823 329 933 363 gravius
949 329 979 355 tit

187 379 318 406 debi-tnm.
339 376 476 404 Praeterea
494 383 554 403 eum
578 376 700 402 omnimn
726 375 805 409 longe
828 374 976 401 maximum

185 423 233 452 Dei
247 432 315 459 opus
330 425 416 451 simus
428 427 456 450 et
473 423 643 458 ﬁgmentum,
663 424 766 448 certum
781 420 807 447 in
823 419 896 446 illum
912 419 978 446 affe-

186 476 262 498 ctum
285 477 405 504 servare,
423 468 645 502 charitatemque
661 474 694 494 ex
712 471 770 493 toto
785 465 878 497 corde,
892 470 918 492 et
941 473 975 493 ex

186 511 251 544 totis
275 517 394 548 viribus,
417 520 445 543 et
461 521 494 541 ex
517 519 571 542 tota
595 518 685 540 mente
705 512 851 544 debemus;
868 519 929 546 qua:
947 511 974 538 ni

185 563 402 599 praestiterimus,
425 563 564 590 debitores
581 561 628 588 Dei
654 566 799 587 manemus
827 561 974 592 peccantes

184 609 212 636 in
239 609 395 636 Dominum.
414 608 448 635 Et
462 608 526 643 quis
554 608 587 634 de
607 607 650 633 his
666 606 755 633 orabit
780 612 829 640 pro
867 603 945 631 nobis
962 603 974 630 7

183 654 214 682 Si
229 654 298 681 enim
321 662 432 688 peccans
448 653 591 688 peccaverit
610 653 649 679 vir
666 652 692 678 in
708 651 804 682 virum,
836 654 861 676 et
886 649 972 676 orabit

182 707 230 733 pro
244 706 283 725 eo.
306 697 337 726 Si
362 698 390 725 in
414 698 556 725 Dominum
576 697 730 731 peccaverit,
753 695 810 730 quis
826 695 909 721 orabit
924 702 972 725 pro

183 752 212 771 eo
232 744 277 771 7‘?
303 748 333 771 ut
357 744 384 770 in
409 743 499 778 primo
519 741 671 777 Regumait
690 741 757 768 Heli.
774 739 876 767 Christi
890 739 971 766 etiam

189 790 237 826 qui
266 789 376 825 proprio
401 797 452 817 nos
464 789 578 816 redemit
601 788 742 823 sanguine,
765 787 902 814 debitores
925 793 972 812 su—

183 843 246 863 mus
263 856 270 868 ,
296 836 523 870 quemadmodum
548 842 643 862 servus
664 833 778 868 quilibet
801 833 907 860 debitor
929 835 971 858 est

181 883 321 916 emptoris,
340 882 384 916 qui
401 887 507 908 tantum
522 888 570 915 pro
583 881 640 914 ipso
654 879 774 915 pecunia:
787 879 869 906 dedit.
884 878 931 905 Est
944 881 971 904 et

181 927 206 953 in
219 927 350 962 Spiritum
362 933 485 955 sanctum
503 927 623 954 debitum
638 925 746 960 aliquod
761 929 880 951 nostrum
890 923 970 958 253

180 973 249 1006 quod
264 976 328 999 tunc
346 972 494 1003 reddimus,
510 978 571 998 cum
587 977 648 997 eum
665 978 716 997 non
732 969 920 996 contrislnmus
940 969 968 995 in

178 1025 228 1050 quo
248 1017 344 1052 signati
361 1025 453 1044 sumus
475 1017 504 1044 in
521 1017 590 1043 diem
606 1015 835 1050 redemptionis",
852 1022 970 1049 eumque

179 1069 233 1089 non
254 1062 460 1094 contristantes,
483 1061 597 1088 ferimus
614 1061 761 1096 requisitos
778 1067 792 1087 a
811 1060 890 1087 nobis
911 1059 970 1086 fru-

177 1112 249 1140 etus,
263 1108 322 1142 ipso
335 1107 481 1142 adjuvante
493 1111 519 1135 et
533 1106 652 1133 animam
665 1112 786 1133 nostram
801 1105 968 1132 viviﬁcante.

178 1153 264 1180 Purro
279 1153 330 1180 etsi
345 1157 473 1180 accurate
488 1161 540 1180 non
553 1152 667 1185 scimus,
680 1151 741 1186 quis
753 1150 969 1185 [uniuscuiusque

178 1205 300 1228 nostrum
324 1200 435 1235 angelus
453 1200 489 1227 sit
512 1207 619 1235 semper
640 1199 737 1226 videns
754 1198 852 1225 faciem
877 1197 968 1225 Patris

178 1246 222 1281 qui
242 1246 267 1273 iu
288 1246 365 1273 caelis
382 1251 439 1278 est,
458 1245 523 1273 illud
547 1250 636 1272 tamen
661 1244 846 1272 consideranti
867 1244 968 1278 cuique

177 1291 350 1318 manifestum
374 1296 424 1325 est,
451 1291 488 1318 illi
514 1298 624 1325 quoque
650 1290 789 1317 debitores
820 1297 870 1316 nos
895 1296 965 1316 esse.

177 1336 241 1364 Item
257 1338 279 1364 si
294 1337 478 1372 spectaculum
493 1344 587 1364 smnus
601 1337 702 1363 mundo
716 1341 742 1363 et
758 1335 863 1370 angelis
877 1339 904 1362 et
916 1335 967 1362 ho-

176 1383 334 1416 minibus",
353 1384 493 1412 scieudmn
508 1388 549 1411 est
564 1383 635 1410 sicut
659 1383 704 1416 qui
724 1383 889 1417 spectandus
903 1389 968 1416 pro-

176 1431 225 1464 dit,
242 1435 349 1458 tenetur
362 1431 418 1458 [nec
434 1435 462 1457 et
481 1430 526 1457 illa
541 1430 632 1456 dicere
646 1433 692 1455 ant
709 1428 799 1455 facere
815 1428 841 1454 in
860 1432 967 1462 specta-

176 1481 265 1503 torum
291 1476 389 1508 ocnlis,
407 1483 468 1511 quae
490 1476 516 1503 ni
543 1475 650 1508 fecerit,
676 1482 772 1509 poenas
787 1474 834 1500 dat
850 1475 922 1501 velut
939 1473 964 1500 in
980 1486 1002 1515 ε

175 1529 256 1550 omne
272 1523 408 1550 theatrum
422 1523 634 1550 contumeliosus
648 1529 655 1554 ;
672 1522 713 1549 sic
729 1525 756 1548 et
773 1528 822 1548 nos
837 1521 965 1547 universo

176 1568 286 1602 mundo,
303 1569 429 1595 omnibus
455 1568 569 1604 angelis,
588 1568 729 1595 hominum
755 1567 847 1602 generi
870 1573 902 1593 ea
919 1566 966 1592 de-

176 1614 249 1645 bere.
273 1621 334 1648 quae
360 1615 493 1649 sapientia
517 1622 576 1646 nos,
600 1614 622 1641 si
650 1612 828 1644 voluerimus,
846 1611 964 1638 docebit.

174 1660 278 1687 Praeter
297 1663 355 1688 [nec
371 1661 461 1688 omnia
480 1668 540 1695 qua:
567 1660 654 1695 magis
674 1659 706 1686 ad
723 1659 865 1686 universos
881 1657 964 1692 perli-

175 1710 251 1739 nent,
268 1711 310 1733 est
334 1706 441 1741 aliquod
463 1707 583 1733 debitum
609 1705 709 1737 vidum,
740 1703 818 1738 cujus
844 1703 964 1730 Ecclesia

174 1761 267 1781 curam
283 1753 370 1789 gerit;
389 1753 452 1780 item
469 1753 541 1780 aliud
566 1752 687 1782 diaconi,
704 1751 777 1778 aliud
794 1750 962 1785 presbyteri;

174 1800 292 1835 episcopi
308 1800 425 1834 denique
439 1799 560 1826 debitum
580 1798 770 1834 gravissimum
785 1801 836 1830 est,
849 1797 921 1832 quod
937 1797 963 1824 ni

175 1845 312 1878 reddatur,
326 1845 428 1881 judicio
441 1850 545 1880 repetet
562 1845 643 1872 totius
668 1844 799 1871 Ecclesia:
825 1843 961 1870 Salvator.

173 1892 231 1919 lam
250 1900 313 1920 vero
330 1893 472 1928 Apostolus
487 1900 632 1920 commune
645 1891 783 1927 quoddam
798 1891 847 1918 viri
864 1890 963 1918 mulie-

174 1939 265 1974 risque
279 1939 398 1966 dcbitum
414 1938 578 1970 nominavit,
594 1945 656 1964 eum
675 1938 712 1964 ait
727 1947 733 1964 :
750 1937 836 1964 Uxori
855 1937 897 1964 vir
919 1938 964 1963 de-

173 1985 254 2011 bitum
268 1985 377 2016 reddat,
391 1984 514 2011 similiter
527 1988 614 2010 autem
630 1988 654 2010 et
667 1991 733 2010 umor
746 1984 813 2010 viro.
829 1983 861 2009 Et
873 1982 960 2009 addit:

174 2030 264 2058 Nolite
289 2030 415 2060 fraudare
440 2030 594 2057 invicem".
620 2028 689 2062 Quid
717 2033 807 2055 autem
834 2036 876 2054 me
894 2035 962 2061 opus

173 2081 215 2104 est
230 2077 332 2109 dicere,
349 2080 415 2111 quot
431 2083 577 2103 oneremur
602 2075 710 2107 debitis,
729 2074 828 2108 quibus
844 2077 890 2099 aut
907 2081 959 2100 non

172 2122 318 2150 reddentes
339 2122 504 2153 tenebimur,
531 2125 580 2148 aut
600 2120 744 2147 reddentes
770 2119 960 2151 liberabimur,

172 2175 234 2195 cum
250 2175 300 2195 sua
322 2167 440 2201 quisque
466 2167 554 2194 lector
574 2165 665 2193 debita
688 2171 722 2192 ex
746 2165 788 2192 his
806 2172 866 2199 quas
890 2163 961 2192 dicta

172 2217 248 2244 sunt,
266 2212 394 2247 colligere
416 2212 518 2247 possit?
539 2211 614 2238 Fieri
640 2215 716 2238 certe
740 2218 794 2238 non
818 2214 907 2245 potest
932 2214 962 2238 ut

171 2259 218 2293 qui
238 2259 266 2286 in
287 2258 339 2285 hac
361 2257 417 2284 vita
433 2261 485 2289 est,
499 2256 574 2284 omni
593 2256 645 2283 diei
661 2256 803 2289 noctisque
821 2254 889 2282 hera
905 2262 960 2282 non

172 2304 280 2333 debeat.
299 2304 353 2331 Sed
372 2310 434 2330 eum
455 2302 515 2337 quis
534 2302 624 2335 debet,
646 2306 692 2329 aut
714 2302 804 2329 reddit
827 2300 959 2334 debitum,

207 2388 231 2405 ⁷⁵
248 2387 337 2423 lReg.
364 2395 400 2420 ιι,
419 2386 465 2414 25.
503 2386 526 2402 ⁷⁸
542 2385 611 2419 Eph.
626 2392 662 2417 IV,
681 2385 727 2413 50.
765 2385 788 2401 ’⁸
807 2384 814 2411 Ι
840 2384 902 2412 Cor.
919 2392 955 2418 tv,
971 2385 999 2412 9.

208 2469 264 2504 (6|)
281 2469 370 2497 Codex
382 2476 432 2496 ms.
446 2467 556 2503 optime,
569 2467 746 2502 ἵν’ἅκεντρος.
761 2466 960 2500 EditioOxon.,

172 2505 216 2531 ῐνα
230 2505 352 2540 κέντρος.

207 2540 264 2575 (6'1)
282 2541 372 2568 Codex
400 2545 464 2571 ms.,
491 2536 611 2573 ὄφλημα.
636 2537 728 2565 Editio
753 2536 854 2571 Oxon.,
879 2537 959 2573 ὀφεί-

206 2606 264 2646 (65)
284 2609 374 2637 Codex
389 2617 451 2640 ms.,
467 2606 902 2646 oggerat._E}litiopxon.,£iteoﬁ;.

208 2642 263 2680 itii)
282 2646 371 2672 Codex
385 2652 424 2671 ms
440 2665 447 2676 ,
466 2643 552 2680 Ἠλεί.
565 2642 650 2680 Editio
666 2643 765 2680 eronrq

277 2681 367 2708 Codex
384 2687 448 2711 ms.,
460 2677 659 2711 ἀπαιτούμεοα.
677 2679 765 2706 Editio
780 2678 867 2705 Oxon.
880 2677 960 2704 ὲπαι-

170 2715 333 2784 “write
349 2751 365 2775 ὀ
377 2747 507 2776 ἑκάστου
524 2748 607 2783 ἡμῶν
619 2748 755 2783 ἅγγελος.
774 2747 843 2780 Quid
862 2748 894 2775 de
911 2755 958 2774 an-

173 2786 239 2819 gelis
256 2785 416 2821 [meiat-ibus
430 2785 556 2821 opinatus
568 2785 603 2811 sit
616 2784 761 2821 Origenes,
776 2784 835 2810 fuse
850 2783 956 2821 disqu}

172 2817 241 2847 Eius
257 2817 476 2855 Origenianm‘u'm
490 2819 536 2848 lib.
552 2827 581 2856 It,
598 2817 694 2855 quaest.
710 2819 737 2853 5,
755 2827 830 2847 nunt.
848 2818 892 2852 26,
908 2817 953 2853 27,

369 2868 407 2901 Π

1033 192 1063 218 τὸ
1076 192 1249 228 κατατρίϐειν
1265 194 1368 229 σάρκας
1385 194 1508 230 σώματος
1521 196 1564 222 διὰ
1580 196 1629 231 τῆς
1649 198 1789 232 φιληδονίας·

1032 237 1174 273 ὀφείλομεν
1185 238 1214 264 δὲ
1232 240 1278 266 καὶ
1287 241 1320 275 τῇ
1334 239 1406 275 ψυχῇ
1417 241 1496 276 τήνδε
1506 241 1554 276 τὴν
1565 242 1713 277 ἐπιμέλειαν
1727 253 1792 280 προσ-

1031 282 1108 317 άγειν
1118 304 1126 316 ,
1142 284 1189 310 καὶ
1209 284 1255 311 τοῦ
1273 285 1319 311 νοῦ
1334 286 1383 322 τῆς
1396 286 1523 322 ὀξύτητος
1537 288 1662 323 πρόνοιαν
1674 291 1791 323 ποιεῖσθαι,

1029 328 1076 355 τοῦ
1093 339 1121 356 τε
1136 329 1226 364 λόγου,
1245 331 1278 357 ἵν’
1296 331 1426 367 ἄκεντρος
1442 332 1498 368 (61)
1513 334 1561 360 καὶ
1574 333 1704 370 ὠφέλιμος
1716 334 1746 372 ᾗ,
1757 338 1792 363 καὶ

1029 375 1162 411 μηδαμῶς
1174 376 1268 412 ἀργός.
1289 377 1373 405 Ἑπὰν
1385 378 1417 413 δὴ
1435 379 1482 405 καὶ
1498 378 1531 405 τὰ
1539 380 1579 411 εις
1596 381 1667 415 ἡμᾶς
1680 381 1718 415 ὑφ’
1732 382 1792 417 ἡμῶν

1027 421 1117 448 αὐτῶν
1128 421 1292 457 ὀφειλόμενα
1306 422 1344 458 μὴ
1358 424 1532 460 πράττωμεν,
1550 424 1695 462 βαρύτερον
1705 428 1759 462 ἡμῖν
1770 428 1793 454 τὸ

1026 466 1136 503 ὄφλημα
1152 467 1207 503 (6‘2)
1225 468 1338 502 γίνεται.
1353 470 1407 496 Καὶ
1425 470 1472 496 ἐπὶ
1487 470 1592 503 τούτοις
1610 473 1685 504 πᾶσι,
1701 472 1727 498 τὸ
1739 473 1795 509 ὑπὲρ

1025 513 1113 539 πάντα
1129 513 1235 548 ποίημα
1248 514 1294 540 καὶ
1307 514 1419 550 πλάτμα
1433 514 1509 547 ὄντες
1524 516 1571 542 τοῦ
1584 516 1663 549 Θεοῦ,
1675 517 1794 553 ὀφείλομεν

1024 567 1085 584 τινα
1099 558 1218 585 διάθεσιν
1236 559 1332 591 σώζειν
1359 560 1427 596 πρὸς
1449 561 1530 588 αὑτὸν
1547 561 1613 597 (65),
1639 563 1684 589 καὶ
1705 563 1794 599 ἀγάπην

1023 603 1073 637 τὴν
1086 603 1114 636 ἐξ
1129 603 1192 638 ὅλης
1205 605 1329 640 καρδίας,
1345 606 1392 631 καὶ
1406 605 1434 638 ἐξ
1451 606 1514 641 ὅλης
1533 607 1634 642 ἰσχύος,
1649 608 1694 634 καὶ
1705 607 1731 639 ἐξ
1742 609 1792 643 ὅλης

1022 649 1150 681 διανοίας·
1168 650 1246 676 ἆτινα
1256 650 1304 676 ἐὰν
1319 651 1355 685 μὴ
1372 651 1599 687 κατορθώσωμεν,
1616 654 1744 687 ὀφειλέται
1755 655 1794 689 μέ.

1023 703 1104 730 νομεν
1117 694 1195 728 Θεοῦ,
1215 696 1418 732 ἁμαρτάνοντες
1437 699 1477 730 εἰς
1496 698 1608 734 Κύριον.
1630 700 1683 726 Καὶ
1700 700 1738 731 τίς
1758 701 1795 726 ἐπὶ

1021 740 1127 772 τούτοις
1150 740 1256 774 εὔξεται
1277 741 1341 776 περὶ
1366 743 1459 778 ἡμῶνς
1483 744 1554 770 Ἐὰν
1567 744 1622 778 γὰρ
1638 745 1796 779 ἁμαρτάνων

1022 785 1137 819 ἁμάρτῃ
1151 786 1229 820 ἀνὴρ
1239 788 1282 819 εἰς
1293 786 1397 821 ἄνδρα,
1411 787 1460 814 καὶ
1473 788 1672 822 προσεύξεται
1680 790 1740 823 περὶ
1754 792 1795 817 αὺ-

987 818 1008 846 B
1023 818 1085 857 τοῦ.
1106 831 1175 858 Ἐὰν
1182 818 1226 865 stic
1235 818 1477 868 Κῦριονιὶμιὶρτῃ,
1486 818 1531 867 τις
1540 818 1732 870 προσεύξεται
1742 836 1796 870 περὶ

1021 876 1131 909 αὺτοῦ;
1149 877 1187 908 ὡς
1208 877 1290 912 φησὶν
1311 878 1339 903 ἐν
1358 879 1390 913 τῇ
1411 879 1505 914 πρώτῃ
1534 880 1588 907 τῶν
1610 881 1767 908 Bacchum
1784 882 1795 907 ὁ

1027 922 1099 948 Ἧλεί
1108 922 1172 958 (64).
1182 923 1262 950 Ἀλλὰ
1271 924 1316 950 καὶ
1323 925 1440 960 Χριστοῦ
1448 925 1624 962 ὠνησαμένου
1633 926 1744 962 ἡμᾶςτῷ
1750 926 1796 961 ἰδίῳ

1020 969 1115 1004 αἵματι
1129 969 1264 1003 ὀφειλέται
1280 970 1374 1006 ἐσμὲν,
1387 971 1482 1007 ὥσπερ
1501 973 1548 999 καὶ
1563 973 1618 1004 πᾶς
1638 973 1743 1008 οἰκέτης
1759 972 1795 999 τοῦ

1019 1015 1194 1051 ὠνησαμένου
1211 1017 1283 1043 ἐστὶν
1290 1017 1431 1053 ὀφειλέτης
1442 1018 1488 1044 τοῦ
1497 1019 1605 1045 τοσοῦδε
1612 1018 1731 1049 δοθέντος
1739 1018 1796 1052 ὑπὲρ

1019 1059 1103 1085 αὑτοῦ
1116 1060 1265 1095 χρήματος.
1285 1062 1362 1088 Ἔστι
1381 1071 1421 1094 τις
1437 1064 1501 1098 ἡμῖν
1519 1064 1565 1090 καὶ
1582 1064 1651 1099 πρὸς
1675 1064 1705 1090 τὸ
1733 1064 1795 1097 ῖιγιον

1020 1105 1089 1131 Πνεῦ
1094 1115 1131 1141 μα
1136 1107 1182 1141 ὀφε
1188 1107 1229 1142 ιλὴ
1237 1108 1426 1144 ἀποδιδομένη,
1435 1109 1478 1135 ὅτε
1486 1110 1515 1135 οὐ
1522 1110 1682 1144 λιιποῦμεν
1688 1110 1765 1141 αὐτὸ,
1770 1109 1797 1136 ér

1018 1147 1295 1188 ᾦέσφραγίσθημεν
1308 1155 1349 1186 εἰς
1363 1154 1476 1188 ἡμέραν
1498 1155 1745 1189 ἀπολυτρώσεως·
1760 1155 1796 1180 καὶ

1020 1197 1057 1232 μὴ
1074 1196 1221 1230 λυποῦντες
1233 1199 1307 1231 αὐτὸ,
1322 1200 1439 1235 φέρομεν
1453 1201 1516 1232 τοὺς
1532 1202 1657 1237 καρποὺς
1673 1201 1718 1233 οὓς
1728 1201 1796 1227 ἁπαι-

1017 1243 1212 1279 τούμεοα(65),
1227 1246 1351 1277 συνόντος
1367 1246 1448 1272 αὑτοῦ
1471 1248 1536 1282 ἡμῖν
1552 1248 1599 1274 καὶ
1615 1247 1797 1279 ζωοποιοῦντος

1019 1289 1096 1324 ἡμῶν
1111 1289 1159 1325 τὴν
1176 1290 1275 1326 ψυχήν.
1295 1291 1326 1318 Εἰ
1344 1292 1390 1318 καὶ
1408 1293 1444 1327 μὴ
1462 1293 1540 1328 ἴσμεν
1556 1292 1585 1319 δὲ
1601 1293 1749 1328 ἐπιμελῶς,
1763 1293 1797 1322 τίς

1017 1336 1031 1361 ὁ
1047 1336 1161 1362 ἑκάστου
1179 1336 1257 1372 ἡμῶν
1272 1337 1385 1371 ἄγγελος
1400 1338 1454 1373 (66)
1468 1338 1573 1373 βλέπων
1584 1339 1630 1365 τοῦ
1646 1340 1679 1365 ὲν
1690 1339 1798 1375 οὐρανοῖς

1018 1381 1123 1417 Πατρδς
1139 1382 1168 1408 τὸ
1192 1382 1346 1417 πρόσωπον,
1374 1383 1441 1410 ἀλλὰ
1465 1384 1581 1420 φανερόν
1601 1393 1633 1419 γε
1660 1385 1798 1419 ἐπισκοπή-

1018 1435 1093 1454 σαντι
1115 1429 1222 1464 ἑκάστῳ
1240 1429 1318 1465 ήμῶν
1340 1429 1453 1464 γίνεται,
1471 1431 1512 1457 ὅτι
1536 1431 1658 1466 κάκείνῳ
1678 1431 1798 1466 ὀφείλεται

1017 1473 1096 1501 τινῶν
1112 1475 1203 1510 ἐσμεν.
1221 1476 1252 1502 Et
1266 1476 1294 1501 δὲ
1309 1476 1354 1502 καὶ
1368 1476 1396 1502 ὲν
1411 1476 1517 1512 θεάτρῳ
1533 1477 1617 1513 ἐσμὲν
1631 1478 1747 1513 κόσμου,
1761 1477 1798 1502 tut

1017 1521 1149 1555 ἀγγέλων,
1166 1522 1213 1548 καὶ
1227 1521 1388 1557 ἀνθρώπων,
1407 1522 1492 1549 ἰστέον
1508 1523 1549 1550 ὃτι
1565 1523 1663 1558 ὥσπερ
1675 1525 1690 1550 ὁ
1705 1525 1733 1550 ὲν
1747 1522 1798 1550 θεά-

1016 1575 1073 1602 τρῳ
1086 1567 1141 1603 (67)
1155 1567 1295 1602 ὀφειλέτης
1310 1568 1368 1594 ἐστὶ
1381 1568 1428 1594 τοῦ
1441 1568 1503 1595 τάδε
1519 1568 1580 1595 τινὰ
1594 1570 1684 1596 εἰπεῖν
1701 1569 1717 1605 ἢ
1732 1568 1799 1602 mrig-

1017 1621 1062 1639 σαι
1079 1614 1107 1639 ὲν
1122 1613 1182 1648 ὄψει
1196 1614 1250 1640 τῶν
1267 1613 1379 1646 Θεατῶν,
1396 1614 1466 1650 ἅπερ
1484 1614 1522 1650 μὴ
1538 1614 1645 1650 πράξας
1666 1624 1718 1647 τις,
1731 1615 1765 1646 ὡς
1777 1614 1799 1639 τὸ

1016 1660 1069 1686 πᾶν
1085 1660 1198 1695 ὑϐρίσας
1211 1660 1334 1696 θέατρον,
1351 1661 1503 1694 κολάζεται-
1518 1661 1589 1688 οὕτω
1618 1663 1669 1689 καὶ
1682 1663 1758 1697 ἡμεῖς

1015 1705 1068 1740 ὅλῳ
1085 1705 1188 1741 κόσμῳ,
1204 1706 1250 1732 καὶ
1267 1707 1322 1737 τοῖς
1336 1707 1418 1732 πᾶσιν
1435 1707 1570 1741 ἀγγέλοις,
1588 1706 1627 1742 τῷ
1642 1716 1677 1734 τε
1693 1707 1745 1733 τῶν
1759 1707 1799 1732 ἁν-

1015 1751 1131 1787 θρώπων
1146 1752 1217 1786 γένει
1244 1753 1387 1788 ὀφείλομεν
1404 1752 1500 1784 ταῦτα,
1525 1752 1543 1779 ἃ.
1563 1752 1741 1789 βουληθέντες
1755 1752 1799 1779 ἀπὸ

1014 1799 1063 1834 τῆς
1078 1799 1173 1832 σοφίας
1193 1798 1381 1834 μαθησόμεθα.
1396 1800 1487 1835 Χωρὶς
1501 1799 1529 1826 δὲ
1543 1800 1644 1826 τούτων
1661 1800 1799 1827 station-«av

1013 1845 1100 1880 τέρων
1116 1845 1210 1877 ὄντων,
1233 1844 1290 1871 ἔστι
1307 1853 1347 1876 τις
1366 1846 1453 1880 χήρας
1470 1846 1675 1882 προνοουμένης
1693 1846 1744 1873 ὑπὸ
1758 1846 1798 1880 τῆς

1020 1891 1182 1926 Ἐκκλησίας
1196 1891 1299 1927 ὀφειλὴ,
1315 1892 1360 1918 καὶ
1376 1892 1457 1927 ἑτέρα
1469 1892 1591 1919 διακόνου
1601 1893 1671 1928 (68),
1681 1895 1729 1921 καὶ
1743 1894 1799 1928 illi;

1013 1938 1215 1974 πρεσϐυτέρου,
1236 1938 1282 1964 καὶ
1311 1939 1461 1964 ἐπισκόπου
1489 1939 1517 1965 δὲ
1543 1939 1637 1976 ὀφειλὴ
1668 1941 1797 1977 βαρυτάτη

1014 1983 1087 2008 ἐστὶν
1100 1983 1284 2018 ἀπαιτουμένη
1301 1983 1352 2009 ὐπὺ
1362 1983 1408 2010 τοῦ
1425 1985 1473 2020 τῆς
1490 1984 1554 2020 ὅλης
1574 1985 1742 2021 Ἐκκλησὶας
1757 1987 1801 2012 Σω-

1012 2028 1094 2064 τῆρος
1106 2028 1169 2064 (69)⁷
1178 2029 1225 2055 καὶ
1241 2029 1419 2065 ὲκδικουμένη
1435 2031 1459 2056 εὶ
1475 2030 1511 2066 μὴ
1523 2031 1686 2064 ἀποδιδῷ-το,
1699 2033 1766 2067 ΊΙδη
1777 2032 1799 2058 δὲ

1013 2075 1027 2101 ὁ
1041 2075 1199 2107 Ἀπόστολος
1221 2076 1330 2111 ὀφειλὴν
1354 2084 1414 2102 τινα
1436 2077 1528 2112 κοινὴν
1549 2078 1695 2113 ὠνόμασεν
1715 2079 1801 2116 ἀνδρὸς

1013 2121 1061 2148 καὶ
1076 2122 1212 2156 γυναικὸς,
1228 2122 1324 2157 λέγων·
1345 2122 1385 2158 Τῇ
1398 2124 1514 2158 γυναικὶ
1528 2125 1544 2151 d
1554 2124 1633 2158 ἀνὴρ
1649 2125 1712 2160 τὴν
1730 2127 1799 2160 ὀφει-

1014 2165 1075 2199 λὴν
1085 2166 1260 2194 ἀποδιδότω
1274 2167 1381 2201 ὁμοίως
1393 2168 1443 2195 καὶ
1455 2167 1567 2203 ἠντυνὴ
1581 2168 1621 2201 τῷ
1636 2168 1740 2204 ἀνδρί.
1754 2169 1802 2196 Καὶ

1015 2211 1148 2247 ὲπιφέρει-
1165 2208 1213 2246 Μὴ
1227 2212 1419 2248 ἀποστερεῖτε
1433 2212 1599 2247 ἀλλήλους.
1610 2215 1667 2241 Καὶ
1684 2215 1712 2242 τί
1724 2223 1757 2250 με
1768 2214 1802 2240 δεῖ

1013 2255 1112 2295 λέγειν,
1128 2256 1248 2291 παρόντα
1261 2258 1348 2293 ἐαυτῷ
1359 2258 1414 2294 (70)
1428 2258 1606 2293 ἀναλέγεσθαι
1617 2259 1650 2285 ὲκ
1664 2260 1722 2286 τῶν
1734 2260 1803 2295 εἰρη-

1014 2301 1102 2337 μένων
1118 2301 1166 2329 τοῦ
1193 2302 1403 2338 ἐντυγχάνοντος
1421 2304 1484 2341 τῇδε
1500 2306 1534 2341 τῇ
1551 2305 1655 2341 γραφῇ,
1670 2305 1724 2332 ὅσα
1737 2303 1803 2340 ὸφεὲ-

1036 2385 1060 2402 "
1075 2382 1087 2411 ι
1106 2383 1170 2414 Cor.
1185 2392 1222 2413 vn
1233 2405 1241 2418 ,
1257 2384 1287 2417 5,

1012 2468 1058 2501 28,
1073 2467 1118 2501 29,
1133 2467 1179 2499 30,
1192 2468 1237 2495 5L

1050 2502 1105 2537 (67)
1120 2503 1211 2539 φθείρει(Δ
1222 2509 1283 2534 ms.,
1292 2502 1387 2539 ὥσπερ
1401 2504 1416 2530 ὁ
1431 2504 1460 2530 ὲν
1473 2503 1588 2539 θεάτρῳ.
1600 2503 1693 2531 Editio
1705 2503 1801 2535 Oxon.,

1013 2537 1106 2572 ὥσπερ
1122 2538 1150 2563 ὲν
1162 2537 1282 2572 θεάτρῳ.

1049 2573 1105 2608 (68)
1124 2573 1178 2599 Καὶ
1194 2572 1281 2606 ἑτέρα
1298 2572 1448 2606 διακόνου,
1466 2579 1517 2600 etc.
1537 2573 1591 2600 llos
1616 2577 1673 2600 tres
1696 2574 1803 2601 ordines

1014 2607 1041 2633 in
1057 2608 1187 2638 Ecclesia,
1204 2612 1231 2633 et
1252 2615 1345 2634 eorum
1365 2609 1466 2639 munia,
1489 2609 1521 2634 llt'.
1537 2608 1637 2642 quibus
1663 2609 1803 2635 novatori-

1014 2643 1065 2669 bns
1091 2642 1227 2669 nonnullis
1243 2642 1316 2669 litem
1333 2643 1472 2670 intendere
1490 2644 1578 2671 visum
1602 2647 1654 2676 est,
1679 2644 1803 2671 disertis-

1013 2678 1082 2705 sime
1094 2677 1138 2704 ltic
1150 2677 1289 2712 distinguit
1304 2677 1444 2712 Origenes.
1496 2686 1499 2689 ‘

1050 2713 1105 2747 (69)
1126 2711 1270 2746 Σωτῆρος.
1290 2711 1364 2746 Legit
1384 2712 1676 2747 ΒοιιιΙι-ἱιις,σώματης.

1048 2748 1104 2782 (ἶο)
1123 2747 1260 2780 Παρόντίι
1281 2747 1386 2780 ἐαυτῷ,
1415 2754 1468 2774 etc.
1495 2747 1567 2782 Lego
1593 2756 1653 2774 cum
1682 2747 1801 2775 eodem:

1010 2783 1097 2845 ἕταρον
1111 2782 1144 2823 τὰ
1159 2782 1261 2809 ἑαυτῶν
1275 2782 1452 2818 ἀναλέγεσθαι
1467 2783 1498 2809 ἐκ
1508 2783 1561 2809 τῶν
1575 2783 1598 2809 ei
1603 2791 1635 2818 ρη
1640 2783 1734 2818 μένων
1743 2782 1800 2813 τοὺς

1026 2825 1232 2845 ντυγιανοντας.

1026 2825 1232 2853 ντυγχανοντας.
