1853 3073
61 166 127 194 555

689 164 858 193 LIBELLUS
872 163 916 191 DE
928 161 1111 191 ΟΒΑΤΙΟΝΕ.

1659 156 1709 182 εδδ

62 224 163 257 τάκις
174 223 408 258 τεσσαράκοντα
419 224 497 258 παρὰ
501 225 574 259 μίαν
585 224 691 258 sum“:
699 232 706 239 ·
716 224 781 258 τρὶς

978 228 997 252 ι,
1010 225 1033 246 et
1049 217 1112 246 muli
1128 225 1227 246 sumus,
1249 221 1272 243 el
1296 215 1412 250 colaphis
1429 215 1566 246 credimur,
1579 223 1600 241 ιη
1628 217 1709 242 int!“-

61 269 200 303 ὄδίσθη,
215 269 297 302 ἅπαξ
313 269 468 303 uredo-on,
487 270 551 304 τρὶς
564 269 745 304 ἑναυάγησε,
763 269 875 303 νυχθή-

61 324 169 350 μερον
181 316 217 342 ὲν
231 315 273 348 τῷ
283 315 369 348 βυθῷ
385 316 559 350 πεποίηκεν,
576 315 717 352 ἄνθρωπος
734 315 769 342 ἐν
784 314 873 343 παντὶ

65 361 269 396 θλιϐόμενος,
297 361 347 388 καὶ
375 361 591 396 ἀπορούμενος,
608 361 658 388 καί
685 361 873 396 διωκόμενος.

66 407 124 433 καὶ
150 408 428 442 καταϐαλλόμενος,
450 407 590 443 ὁμολογῶν
608 415 637 434 τε
655 407 698 434 τό·
716 408 797 442 Ἄχρι
819 406 875 440 τῆς

66 452 142 486 ἄρτι
158 452 241 487 ὥρας
255 453 402 487 πεινῶμεν
415 453 465 479 καὶ
482 452 625 488 διψῶμεν,
633 452 682 479 καί
695 453 876 489 γυμνητεύο-

63 506 143 532 pter,
176 497 228 524 καὶ
267 497 494 533 κολαφιζόμεθα,
518 498 568 525 καὶ
598 497 798 533 ἀστατοῦμεν,
823 497 875 524 καὶ

65 541 233 577 κοπιῶμεν
244 543 431 578 ἐργαζόμενοι
440 543 505 577 ταῖς
515 543 604 577 ἰδίαις
614 543 710 578 χερσὶ,
723 543 874 577 λοιδορού-

62 596 161 622 μενοι
179 588 377 623 εὐλογοῦμεν,
406 588 580 623 διωκόμενοι
599 589 781 624 ἀνεχόμεθα,
795 589 874 621 ,Βλα-

65 633 290 668 emporium-ot
305 634 549 669 παρακαλοῦμεν.
559 634 619 661 Τῶν
629 634 657 661 δὲ
673 634 829 661 ἀποστόλων
844 636 875 661 ὲν

66 678 110 713 τῷ
129 679 261 714 εὔχεσθαι
277 680 314 715 μὴ
328 681 550 716 ἑπιτετευχὸτων,
562 680 603 713 τίς
620 680 697 713 ἐλπὶς
714 680 767 708 τῶν
783 680 874 707 ὑποδε‹

66 725 198 760 εστὲρων
221 726 274 752 τινὶ
297 726 362 762 παρ’
383 726 504 757 ἐκείνους
519 726 657 761 εὐχομένω
672 726 789 761 ἐπηκόου
805 725 872 752 Θεοῦ

70 773 191 806 τυχεῖν;
220 772 257 798 Τὸ
291 773 319 799 δὲ
351 774 380 799 ὲν
408 773 447 808 τῷ
475 772 589 808 εἰκοστῷ
612 773 730 808 πέμπτῳ
756 773 872 808 ψαλμῷ²

67 817 249 851 Δοκίμασόν
262 826 311 852 με,
328 819 426 852 Κύριε,
454 819 502 844 καὶ
517 819 663 852 πείρασόν
670 827 719 853 με,
733 819 873 852 κύρωσον

66 862 146 895 τοὺς
163 864 296 897 νεφρούς
307 872 367 897 μου
389 864 437 890 καὶ
454 863 512 898 τὴν
524 863 649 897 καρδίαν
659 872 732 898 μου·
750 864 870 898 εὑλὸγως

927 266 990 292 bile:
1004 273 1104 295 sumus,
1116 269 1140 289 et
1154 263 1305 288 laboramus
1317 266 1452 295 operante;
1464 261 1585 288 manibus
1597 262 1708 294 nostris;

926 310 1121 340 malediciutur,
1147 312 1170 334 et
1198 306 1387 338 benedicimus;
1414 307 1618 340 persecutionem
1637 308 1709 340 pati—

925 364 994 388 mur,
1003 360 1026 381 et
1039 355 1212 384 sustinemus;
1223 351 1445 385 blatphentuutur,
1461 356 1483 378 et
1500 351 1665 377 obsecramus
1674 350 1708 378 ”.

924 401 992 428 Cum
1023 405 1114 427 autem
1137 406 1167 426 ea
1193 397 1332 425 consecuti
1365 404 1416 422 non
1446 396 1500 423 sint
1518 396 1629 431 apostoli
1659 403 1710 430 pro

924 446 1023 482 quibus
1032 446 1157 477 orabam,
1166 444 1227 479 quis
1239 450 1332 470 corum
1342 442 1387 476 qui
1403 441 1544 469 inferiores
1556 442 1621 476 ipsis
1633 447 1708 474 sunt,

923 497 1035 524 sperare
1055 493 1145 524 potest
1166 489 1305 515 orationes
1324 494 1388 515 suas
1399 487 1588 514 exauditurum
1609 487 1710 515 Deum?

923 536 989 564 lllud
1013 543 1080 564 vero
1104 535 1176 570 quod
1196 537 1222 561 in
1247 533 1352 568 psalmo
1367 533 1498 567 scriptum
1514 537 1555 559 est
1575 533 1708 568 vigesimo

923 582 1038 616 quinto;
1056 581 1142 616 25s
1156 579 1243 608 Proba
1266 588 1315 612 me,
1333 579 1456 611 Domine.
1467 583 1491 605 et
1507 584 1577 606 tenta
1588 587 1646 612 me;
1663 588 1708 606 ure

923 635 998 655 renes
1015 635 1086 654 meo:
1099 631 1124 654 et
1148 634 1194 654 cor
1216 626 1332 659 meum';
1349 625 1382 653 iis
1396 633 1456 660 qme
1471 624 1601 652 Dominus
1617 623 1714 652 noster

924 676 957 702 de
972 674 1097 702 oratione
1113 673 1206 700 docuit
1219 672 1386 699 contrarium
1402 678 1463 698 csse
1485 670 1565 698 facile
1585 670 1707 706 suspica-

925 719 997 746 bitur
1015 727 1109 746 eorum
1126 717 1223 752 aliquis
1235 717 1280 751 qni
1303 724 1355 743 non
1373 717 1531 751 cxpenderit
1554 718 1709 743 accuratius

924 766 988 800 quid
1008 765 1057 792 sibi
1086 763 1151 791 velit
1174 763 1329 790 Scrvaloris
1355 760 1708 799 praiccptumsEcquando

923 813 1022 847 aliquis
1036 811 1141 847 putavit
1155 810 1279 837 homines
1292 813 1368 836 extra
1383 809 1549 835 tentationes
1567 816 1625 836 esse
1639 815 1708 842 quas

924 862 999 888 novit
1013 860 1078 887 inita
1095 857 1217 886 ratione?
1230 857 1339 891 Ecquod
1356 860 1461 889 tempus
1473 860 1514 882 est
1527 855 1553 882 in
1568 863 1621 890 quo
1634 863 1708 883 secu-

67 916 112 938 τις
126 907 299 943 ὑπολήψεται
316 908 370 935 τῶν
396 908 433 944 μὴ
457 897 643 945 ἀκριϐούντων
657 897 682 936 τί
701 909 731 935 τὸ
745 909 798 944 βού]

989 905 1070 933 fuerit
1082 905 1158 939 quasi
1174 903 1347 938 pugnandum
1364 910 1415 928 non
1431 906 1547 928 essetne
1562 902 1707 936 peccaret?

67 953 122 987 τῆς
151 953 330 988 προστάξεως
352 954 399 981 τοῦ
423 955 558 990 Σωτῆρος,
576 954 704 986 ἐναντίως
728 955 867 989 γεγονέναι

67 997 112 1030 οἷς
131 999 148 1025 ὁ
168 999 271 1035 Κύριος
287 999 365 1034 ἡμῶν
388 1000 451 1036 περὶ
467 1001 550 1036 εὐχῆς
567 1000 678 1033 ἐδίδαξε.
695 1000 762 1027 Πότε
782 1001 811 1027 δέ
826 1009 867 1032 τις

69 1045 220 1079 νενόμικεν
238 1043 307 1071 εἶναι
330 1045 382 1076 ἐξω
404 1045 563 1081 πειρασμῶν
573 1045 744 1081 ἀνθρώπους,
757 1043 794 1072 ὧν
810 1046 866 1082 ᾔδει

67 1090 117 1116 τὸν
140 1089 221 1124 λόγον
237 1090 499 1126 συμπεπληρωκώς;
514 1092 569 1118 Καὶ
583 1093 657 1123 ποῖος
673 1093 766 1127 καιρός
781 1093 866 1125 ἐστιν,

69 1135 101 1161 ἐν
117 1132 141 1168 ᾧ
155 1135 195 1167 ὡς
217 1135 254 1170 μὴ
264 1136 464 1172 ἀγωνιζόμενος
476 1137 596 1172 περὶτοῦ
611 1137 648 1173 μὴ
661 1138 866 1173 ἁμαρτήσεσθαι

67 1182 317 1217 καταπεφρόνηκε;
341 1182 454 1209 Πένεταί
472 1192 529 1216 τις;
546 1184 724 1217 εὐλαϐείσθω,
748 1185 865 1218 μήποτε

66 1227 193 1261 κλέψας
212 1228 309 1262 ὀμόσῃ
322 1228 356 1255 τὸ
370 1228 463 1265 ὄνομα
478 1229 531 1256 τοῦ
545 1230 627 1256 Θεοῦ.
646 1229 725 1256 Ἀλλὰ
741 1231 864 1263 πλουτεῖς

68 1271 108 1307 μὴ
137 1273 360 1308 καταφρονείτω·
385 1273 494 1300 δύναται
510 1273 563 1308 γὰρ
580 1274 726 1307 πλησθεὶς
748 1273 865 1308 ψευδὴς

65 1318 210 1352 γενέσθαι,
237 1319 284 1345 καὶ¹
300 1318 431 1354 ἐπαρθεὶς
453 1321 554 1346 εἰπεῖν·
580 1320 628 1352 Τίς
647 1328 685 1354 με
704 1318 775 1353 ὀρᾷ;
804 1319 864 1346 οὐδὲ

65 1364 178 1396 Παῦλος
200 1365 265 1399 γοῦν
292 1365 432 1392 πλουτῶν
450 1365 485 1392 ὲν
499 1365 598 1392 erant
621 1365 701 1399 λόγῳ
717 1364 766 1391 καὶ
780 1364 863 1399 πάσῃ

64 1409 179 1444 γνώσει
195 1410 320 1437 κινδύνου
334 1410 505 1445 ἀπήλλακται
516 1409 573 1441 τοῦ,
589 1410 626 1441 ὡς
644 1411 690 1436 ἐπὶ
705 1416 819 1442 τουτοις,
833 1411 863 1437 ὲν

65 1454 107 1490 τῷ
129 1455 328 1491 ὑπεραίρεσθαι
345 1456 522 1492 ἁμαρτάνειν,
537 1456 605 1482 ἀλλὰ
624 1455 708 1482 δεῖται
733 1456 863 1488 σκόλοπος

52 1502 115 1528 ιτοῠ
130 1503 239 1529 Σατανᾶ
253 1503 444 1537 κολαφίζοντος
457 1503 547 1536 αὑτὸν,
565 1503 609 1530 ἵνα
621 1503 658 1539 μὴ
669 1504 862 1539 ὑπεραίρηται.

64 1545 129 1572 Κᾶν
142 1547 250 1582 συνειδῇ
261 1556 303 1579 τις
313 1547 401 1583 ἑαυτῷ
410 1547 444 1574 τὰ
457 1548 611 1583 κρείττονα,
623 1549 670 1576 καὶ
681 1549 859 1585 ἀναπτερωθῇ

65 1591 122 1618 ὑπὸ
130 1592 187 1619 τῶν
210 1593 313 1625 κακῶν,
337 1594 547 1628 ἀναγινωσκέτω
568 1595 599 1621 τὺ
625 1594 767 1630 εἰρημένον
782 1595 811 1621 ὲν
827 1596 860 1630 τῇ

63 1637 182 1674 δευτέρᾳ
198 1639 253 1665 τῶν
266 1640 533 1674 Παραλειπομένων
556 1640 619 1676 περὶ
640 1640 771 1673 Ἐζεκίου,
788 1641 862 1672 ὅστις

65 1684 243 1711 πεπτωκέναι
267 1685 374 1719 λέγεται
393 1686 447 1712 ἀπὸ
461 1686 508 1712 τοῦ
529 1686 614 1721 ὕψους
624 1686 674 1722 τῆς
687 1686 800 1722 καρδίας
813 1687 862 1714 αὑ-

65 1729 125 1756 τοῦ.
141 1730 173 1756 Εἰ
190 1729 228 1761 δὲ,
244 1731 307 1756 ἐπεὶ
324 1731 361 1766 μὴ
376 1730 485 1758 πλείονα
502 1732 565 1767 περὶ
580 1731 627 1757 τοῦ
643 1731 760 1767 πένητος
784 1732 861 1767 εἰρή-

65 1783 169 1810 καμεν,
190 1778 358 1812 καταφρονεῖ
373 1785 424 1808 τις,
441 1777 480 1808 ὡς
503 1777 540 1812 μὴ
557 1777 710 1812 πειρασμοῦ
730 1777 777 1804 τοῦ
797 1777 861 1812 περλ¹

65 1821 117 1856 τῆς
129 1821 234 1854 πενίας,
243 1823 318 1853 ἴστω,
333 1823 374 1848 ὅτι
385 1823 400 1848 ό
411 1822 595 1849 ἐπιϐουλεύων
607 1822 777 1849 ἐπιϐουλεύει
785 1822 860 1857 ὑπὲρ

68 1867 122 1894 τοῦ
140 1867 321 1894 καταϐαλεῖν
336 1867 455 1901 πτωχὸν
471 1869 520 1894 καὶ
541 1868 666 1902 πένητα,
681 1869 727 1895 καὶ
745 1868 860 1903 μάλιστα

67 1912 130 1939 ἐπεὶ
143 1912 215 1939 κατά
233 1913 278 1939 τὸν
296 1913 456 1948 Σολομῶντα
472 1915 487 1940 ό
499 1914 616 1948 πτωχὸς
629 1915 685 1947 οὐχ
699 1914 859 1947 ὑφίσταται

66 1958 208 1991 ἀπειλήν.
226 1957 258 1984 Τί
284 1958 312 1984 δὲ
339 1958 379 1984 δεῖ
402 1958 491 1992 λέγειν
512 1959 569 1985 ὅσοι
582 1958 626 1985 διὰ
641 1958 686 1985 τὸν
707 1957 860 1993 σωματικὸν

69 2003 197 2035 πλοῦτον,
214 2003 251 2039 μὴ
266 2003 356 2035 καλῶς
371 2004 451 2030 αὐτὸν
465 2004 706 2039 οῑκονομήσαντες,
724 2004 773 2038 τὴν
791 2003 860 2038 μετὰ

66 2049 114 2075 τοῦ
129 2050 157 2076 ὲν
170 2048 210 2083 τῷ
226 2048 383 2084 Εὐαγγελίῳ
402 2048 529 2075 πλουσίου
544 2048 635 2084 χώραν
655 2049 683 2074 ὲν
703 2050 735 2084 τῇ
750 2048 860 2075 κολάσει

67 2094 208 2129 summa;
236 2095 281 2120 καὶ
311 2095 378 2125 ὅσοι,
397 2093 517 2128 ἀγεννῶς
540 2093 588 2128 τὴν
602 2092 695 2119 πενίαν
721 2093 856 2127 φέροντες,

68 2139 328 2175 δουλοπρεπέστερον
348 2139 394 2165 καὶ
408 2138 622 2174 ταπεινότερονῆ
636 2138 705 2164 κατὰ
720 2138 753 2164 τὰ
766 2139 794 2164 ὲν
803 2139 860 2170 τοῖς

69 2185 156 2219 ἁγίοις
181 2185 320 2220 πρέποντα
356 2184 598 2220 ἀναστρεφόμενοι,
622 2184 672 2219 τῆς
697 2183 858 2219 ἐπουρανίου

69 2230 173 2262 ἐλπίδος
193 2229 438 2262 άποπεπτὼκασινς
465 2230 533 2256 Οὐδὲ
547 2229 572 2256 οἱ
590 2229 690 2263 μεταξὺ
706 2229 735 2255 δὲ
755 2229 856 2256 τούτων

69 2275 128 2302 καθ’
157 2276 296 2310 ἑκάτερον,
325 2275 438 2302 πλοῦτον
459 2275 506 2301 καὶ
534 2275 639 2307 πενίαν,
657 2274 704 2301 τοῦ
720 2274 790 2301 κατὰ
807 2274 855 2309 τὴν

70 2319 222 2354 σύμμετρον
237 2319 333 2353 κτῆσιν
357 2319 524 2354 ἁμαρτάνειν
544 2319 651 2350 πάντως
675 2319 743 2345 εἰσὶν
765 2319 855 2354 ἀπηλ-

70 2364 204 2399 λαγμένοι.
227 2364 302 2391 Ἀλλὰ
329 2364 457 2398 ὑγιαίνων
473 2364 512 2399 τῷ
527 2363 633 2399 σώματι
650 2364 697 2391 καὶ
725 2364 853 2396 εὐεκτῶν,

71 2410 121 2442 ἐξω
140 2410 239 2441 παντὸς
266 2409 420 2445 πειρασμοῦ
448 2411 509 2436 κατ’
529 2410 596 2436 αὐτὸ
615 2410 645 2437 τὸ
661 2410 792 2444 ὑγιαίνειν
806 2411 852 2437 καὶ

71 2456 185 2482 εὐεκτεῐν
211 2455 397 2490 ὑπολαμϐάνει
424 2455 584 2491 τυγχάνειν;
601 2456 656 2489 Καὶ
674 2455 753 2482 τίνων
768 2455 852 2482 ἄλλων

72 2501 148 2537 ἢτῶν
164 2502 344 2528 εὐεκτούντων
363 2501 410 2528 καὶ
429 2502 604 2536 ὑγιαινόντων
618 2502 691 2528 ἐστὶν
703 2501 854 2537 ἁμάρτημα

71 2547 101 2573 τὸ
117 2547 243 2581 φθείρειν
263 2547 317 2573 τὸν
337 2547 413 2574 ναὸν
430 2547 484 2574 τοῦ
500 2546 590 2578 Θεοῦ;
607 2546 644 2573 Οὐ
657 2545 786 2582 τολμήσει
801 2555 852 2578 τις,

71 2592 113 2619 διὰ
134 2593 163 2620 τὸ
188 2592 326 2619 ἐκκεῖσθαι
355 2593 432 2624 πᾶσι,
451 2593 543 2627 σαφῶς
570 2593 604 2619 τὰ
620 2592 690 2619 κατὰ
706 2592 751 2619 τὸν
772 2592 853 2619 τόπον

73 2639 162 2666 εἰπεῖν.
174 2638 269 2665 Νοσῶν
282 2639 309 2665 δὲ
321 2639 363 2671 τίς
373 2640 437 2670 τοὺς
448 2640 487 2671 εἰς
498 2639 528 2665 τὸ
540 2638 660 2674 φθείρειν
671 2638 716 2664 τὸν
728 2638 790 2665 ναὸν
805 2637 852 2664 τοῦ

73 2680 312 2721 Θὲοἱίὲρεθισμοὺς
336 2686 501 2719 ὲκπὲιρευγε,
517 2685 653 2720 σχολάζων
682 2686 740 2712 κατ’
763 2686 851 2711 ἐκεῖνο

73 2730 170 2767 καιροῦ,
184 2731 231 2758 καὶ
244 2731 314 2758 πάνυ
324 2731 500 2767 τιδεχόμενος
512 2732 574 2763 τοὺς
585 2732 648 2766 περὶ
661 2731 714 2757 τῶν
728 2731 850 2767 ἀκαθάρ-

20 2773 25 2778 ”
73 2785 121 2803 των
137 2777 305 2812 πραγμάτων
319 2777 480 2812 λογισμούς;
503 2777 571 2803 Ἀλλ’
586 2778 636 2804 ὅσα
652 2776 729 2812 παρὰ
740 2776 851 2808 τούτους

919 953 986 987 Eget
1009 951 1125 986 aliquis?
1142 951 1235 977 timeat
1253 942 1283 976 u‘e
1306 950 1411 984 furatus
1425 947 1498 982 jure!
1515 955 1608 974 nomen
1630 948 1704 975 Dei‘.

920 999 1000 1027 Dives
1026 998 1085 1025 est?
1102 1005 1135 1025 ne
1159 1004 1273 1024 securus
1299 997 1346 1027 sit,
1360 1000 1451 1030 potest
1476 994 1547 1021 enim
1565 994 1705 1020 abundans

918 1045 1031 1071 mendax
1052 1043 1120 1076 ﬁeri,
1138 1047 1164 1070 et
1179 1042 1265 1069 elatus
1280 1041 1386 1067 dicere:
1399 1039 1464 1072 Qui:
1491 1047 1533 1065 me
1560 1039 1649 1065 videt?
1674 1045 1705 1065 ac

919 1096 952 1116 ne
991 1089 1092 1116 Paulus
1120 1089 1227 1122 quidem
1253 1087 1323 1113 dives
1345 1085 1372 1111 in
1394 1084 1465 1111 omni
1481 1083 1556 1110 verba
1581 1089 1604 1110 ει
1632 1083 1704 1110 οηιηὶ

917 1135 1044 1162 scientia'
1063 1142 1076 1161 a
1104 1134 1226 1170 periculo
1261 1133 1389 1160 immunis
1409 1137 1449 1159 est
1466 1130 1611 1158 extollendi
1626 1137 1656 1157 se
1671 1132 1705 1158 de

917 1181 960 1208 his
988 1185 1015 1207 et
1044 1181 1191 1215 peccandi;
1229 1181 1276 1208 sed
1312 1180 1415 1214 indiget
1447 1179 1556 1206 stimulo
1584 1178 1702 1210 Satanae,

916 1228 962 1262 qui
994 1235 1024 1254 se
1044 1227 1199 1265 colapliizet
1233 1235 1266 1253 ne
1295 1225 1469 1254 extollatur".
1489 1225 1545 1252 Etsi
1562 1225 1621 1259 quis
1634 1224 1703 1251 bene

917 1273 967 1300 sibi
988 1273 1113 1300 conscius
1137 1272 1182 1304 sil,
1208 1271 1385 1306 eﬂ‘ugeritque
1412 1271 1499 1304 mala;
1527 1271 1598 1304 legat
1629 1270 1702 1305 quod

916 1318 943 1345 in
975 1318 1094 1345 secundo
1121 1317 1346 1350 Paralipomenon
1378 1316 1478 1343 dicitur
1510 1316 1542 1342 de
1572 1315 1700 1346 Ezecltia,

916 1363 961 1397 qui
992 1362 1109 1390 elatione
1136 1362 1227 1389 cordis
1250 1362 1383 1389 cecidisse
1408 1360 1565 1388 narratur".
1581 1360 1609 1387 Si
1628 1360 1700 1394 quis,

916 1410 986 1445 quod
1021 1409 1105 1436 multa
1135 1409 1168 1436 de
1193 1415 1311 1443 paupere
1339 1416 1392 1435 non
1422 1407 1582 1440 dixerimus,
1610 1406 1700 1441 parvi-

913 1454 1015 1489 pendit,
1044 1453 1119 1488 quasi
1141 1460 1194 1480 non
1222 1453 1302 1480 cadat
1318 1453 1345 1479 in
1363 1456 1550 1488 paupertatem
1575 1453 1698 1486 lentatin,

914 1500 984 1528 sciat
1016 1499 1204 1527 insidiatorem
1236 1498 1359 1526 insidiari
1381 1505 1407 1525 ut
1430 1499 1536 1533 dejiciat
1561 1507 1700 1533 pauperem

913 1545 1077 1579 etinopem‘,
1103 1545 1221 1571 maxime
1245 1552 1305 1571 cum
1325 1545 1400 1579 juxta
1416 1545 1598 1578 Salomonem,
1623 1546 1699 1580 inops

914 1598 966 1617 non
986 1591 1115 1617 snt-liueat
1141 1591 1397 1619 comminationem".
1415 1592 1483 1624 Quid
1512 1599 1576 1618 vero
1601 1591 1698 1618 attinet

913 1636 1005 1663 dicere
1021 1641 1084 1671 quot
1108 1637 1162 1663 sint
1179 1644 1247 1671 quos
1263 1644 1316 1664 non
1334 1642 1408 1664 recte
1429 1637 1623 1664 administratae
1635 1645 1698 1665 eor-

913 1689 1002 1716 porca:
1016 1682 1118 1709 divitia:
1134 1682 1160 1709 ill
1175 1684 1299 1709 eumdem
1316 1687 1513 1710 tormentorum
1530 1683 1619 1710 locum
1635 1691 1696 1711 cum

911 1728 1068 1762 evangelico
1086 1728 1169 1755 divite
1182 1728 1370 1761 coniecerim?
1382 1734 1447 1763 quot
1460 1730 1514 1757 sint
1529 1729 1636 1757 aliunde
1650 1731 1695 1765 qui

912 1778 1098 1809 paupertatem
1123 1774 1257 1809 ignaviter
1278 1773 1409 1808 ferentes,
1430 1775 1578 1810 servilique
1600 1781 1629 1803 et
1644 1777 1695 1803 lin-

912 1820 967 1846 niili
987 1827 1063 1846 more
1085 1819 1221 1851 viventes,
1244 1824 1338 1846 contra
1354 1827 1434 1854 quam
1452 1825 1559 1847 sanctos
1575 1820 1694 1852 deceret,

911 1864 1065 1891 cutlestium
1095 1871 1142 1897 spe
1170 1864 1302 1890 bonorum
1328 1861 1497 1891 exciderint?
1527 1864 1621 1898 Neque
1649 1865 1695 1899 qui

911 1909 1029 1936 medium
1056 1909 1127 1935 inter
1152 1913 1308 1943 utrumque,
1325 1909 1432 1936 divitias
1459 1909 1568 1943 inquam
1587 1916 1613 1936 et
1630 1917 1696 1943 pau-

910 1957 1052 1988 pertatem,
1066 1958 1167 1985 lellelll,
1183 1953 1316 1980 immunes
1332 1959 1394 1980 sunt
1409 1962 1423 1981 a
1442 1960 1554 1988 peccato
1570 1954 1596 1981 in
1616 1955 1694 1981 bonis

911 1999 1092 2026 mediocribus
1119 1998 1296 2026 admittendo.
1325 1999 1359 2026 At
1383 2001 1455 2027 enim
1480 2007 1563 2028 sanus
1581 2005 1609 2027 et
1624 2000 1692 2027 bene

909 2052 1026 2078 corpore
1045 2045 1138 2072 valens
1163 2051 1240 2072 extra
1262 2053 1369 2074 onmem
1386 2054 1416 2073 se
1439 2044 1616 2072 tentationem
1631 2052 1692 2079 pro-

909 2094 970 2124 pter
992 2089 1077 2123 ipsum
1100 2091 1244 2118 sanitatem
1266 2089 1419 2126 bonamque
1433 2090 1614 2117 valetudinem
1632 2097 1693 2117 esse

909 2135 1005 2170 putat?
1029 2135 1062 2162 Et
1084 2143 1197 2170 quorum
1215 2140 1256 2163 est
1272 2136 1388 2163 aliorum
1412 2143 1494 2170 quam
1513 2136 1582 2163 bene
1601 2134 1694 2162 valen-

911 2182 977 2208 tium
999 2189 1183 2216 snnorumque
1209 2188 1349 2216 peccatum
1368 2190 1423 2217 quo
1438 2181 1552 2208 viola/ur
1568 2181 1692 2216 templum

912 2226 990 2253 Deis‘i
1017 2226 1074 2254 Non
1107 2227 1220 2254 audebit
1240 2227 1374 2262 quispiam
1391 2235 1452 2263 qua:
1465 2228 1498 2254 ad
1513 2228 1585 2254 hunc
1602 2228 1691 2255 locqu

910 2274 1048 2308 pertinent
1071 2278 1164 2308 aperte
1188 2273 1288 2306 dicere,
1302 2282 1363 2300 cum
1378 2274 1504 2301 omnibus
1529 2274 1608 2301 obvia
1626 2274 1691 2301 sint.

909 2319 975 2352 Quis
1000 2324 1119 2354 aegrotus
1144 2319 1236 2346 omnia
1260 2320 1293 2346 ad
1316 2319 1472 2346 violandum
1495 2319 1540 2346 Dei
1563 2320 1691 2353 templum

908 2365 1086 2392 incitamenta
1102 2364 1207 2400 eﬂ'ugit,
1225 2371 1286 2391 cum
1308 2365 1409 2391 otictur
1423 2366 1449 2392 id
1467 2365 1607 2399 temporis,
1624 2365 1692 2393 faci-

908 2411 987 2445 leque
1011 2411 1137 2438 admittat
1158 2411 1270 2437 obortas
1294 2410 1326 2437 de
1345 2410 1427 2438 rebus
1452 2410 1566 2445 impuris
1585 2411 1690 2445 cogita-

909 2456 1013 2484 tiones?
1037 2456 1109 2489 Quot
1135 2464 1201 2483 vero
1224 2456 1280 2483 sint
1306 2461 1404 2490 praeter
1431 2463 1489 2488 eas,
1514 2464 1575 2490 quae
1601 2457 1690 2491 ipsum

906 2502 1077 2536 perturbent,
1110 2501 1162 2529 nisi
1192 2502 1266 2529 omni
1303 2500 1393 2529 studio
1423 2509 1471 2528 cor
1501 2506 1600 2534 servet,
1625 2504 1689 2537 quid

906 2548 979 2575 dictu
1016 2555 1084 2582 opus
1122 2548 1182 2575 est?
1210 2547 1287 2575 multi
1314 2547 1386 2574 enim
1412 2547 1540 2574 aerumnis
1568 2548 1631 2574 victi
1663 2552 1691 2575 et

905 2594 1015 2621 morbos
1042 2593 1158 2621 viriliter
1183 2594 1253 2622 ferre
1288 2595 1452 2626 nescientes,
1477 2593 1567 2621 animo
1603 2595 1689 2628 magis

905 2645 1039 2674 aegrotare
1064 2640 1224 2675 deprehensi
1254 2645 1316 2667 sunt
1346 2648 1426 2674 quam
1463 2645 1589 2673 corpore.
1621 2639 1690 2666 Mul-

906 2686 925 2712 ti
939 2686 1023 2713 etiam
1038 2690 1069 2712 ut
1093 2685 1233 2712 infamiam
1257 2685 1385 2719 vitarent,
1398 2685 1498 2712 Christi
1524 2692 1621 2712 nozi'ven
1636 2693 1690 2722 .ge-

904 2733 1010 2759 uerose'
1027 2731 1099 2759 ferre
1117 2731 1295 2763 crnlmernut,
1312 2737 1341 2759 et
1368 2733 1395 2759 in
1417 2733 1590 2767 opprobrium
1619 2740 1690 2759 sem-

905 2777 1042 2812 piternqu
1072 2777 1234 2804 inciderunt.
1263 2776 1298 2803 At
1326 2777 1413 2804 credit
1447 2778 1545 2812 aliquis
1570 2778 1688 2806 futuram

106 2836 125 2851 "
137 2835 145 2861 l
158 2836 219 2874 t3_o_r.
236 2845 272 2874 Iv_.
285 2837 305 2874 ξι
316 2837 342 2874 l,_
356 2837 399 2867 1‘2.
424 2831 468 2866 Ιδρ
496 2837 614 2874 ΑιῗΡειιιζ
622 2845 683 2870 xxv,
699 2837 727 2864 2.
767 2837 887 2874 Τίτον.»
902 2845 955 2874 itu
966 2857 973 2870 ,
999 2838 1026 2865 9.
1049 2837 1076 2874 if
1091 2822 1199 2871 1.00m,
1213 2836 1239 2866 5.
1277 2837 1288 2853 ⁸
1304 2834 1326 2865 Π
1340 2837 1401 2866 Cor.
1419 2844 1468 2872 xu,
1486 2838 1512 2866 7.
1550 2837 1691 2874 'Paralip.

75 2878 156 2903 xxxn,
171 2871 218 2900 25.
258 2872 269 2888 ⁶
283 2872 354 2900 Psal.
369 2881 468 2915 xxx'vt,
492 2872 536 2900 Ν.
575 2873 587 2889 ⁷’
600 2872 682 2900 Ριον.
704 2880 770 2906 xm,
787 2872 802 2899 8

724 2880 770 2906 111,
787 2872 826 2899 8.’
852 2872 862 2888 ⁸
878 2872 965 2910 [Ωον.
982 2880 1028 2906 Ill,
1045 2872 1088 2900 l7.
1190 2902 1192 2904 ,
1451 2882 1455 2886 ’
