1843 3076
150 158 204 187 555

869 154 1032 183 ORlGENlS

1729 161 1779 188 ωδ

151 219 233 256 259
248 219 297 246 sibi
319 225 333 244 a
351 215 546 244 tentationibus
562 216 697 251 requiem,
711 223 772 243 cum
788 216 815 243 in
833 217 914 243 lmnor

1026 217 1116 254 ράττει
1129 217 1220 250 αὑτὸν,
1235 217 1283 244 ἐὰν
1301 217 1339 254 μὴ
1354 217 1427 253 πάσῃ
1444 218 1550 254 φυλακῇ
1565 221 1638 255 τηρῇ
1650 218 1699 255 τὴν
1714 228 1779 255 καρ-

152 265 235 291 l'uerit
250 263 318 298 apud
331 262 468 295 homines;
483 266 510 288 et
520 262 566 296 qui
579 269 632 289 non
646 261 743 289 durum
755 261 819 288 illud
837 271 844 288 τ
858 261 938 289 Rece-

149 315 244 345 perunt
269 309 412 336 mercedem
435 309 467 335 ab
484 308 645 340 hominibus,
668 308 701 335 iis
721 309 935 342 pronuntiatum,

150 357 194 390 qui
205 355 278 390 vulgi
291 354 495 381 existimatione
504 354 580 388 quasi
591 353 681 388 aliquo
692 354 761 380 bono
773 353 938 381 ell‘eruntur?

149 408 230 435 quam
248 399 311 427 illud
336 400 498 433 stupendum
515 409 521 425 :
537 399 674 431 Quomodo
694 407 736 426 vos
759 401 866 433 potestis
882 408 938 426 cre-

149 447 223 479 dere,
237 447 283 481 qui
308 445 421 480 gloriam
441 445 473 471 ab
489 445 596 471 invicem
619 445 750 477 accipitis,
770 450 793 471 et
812 445 936 480 gloriam,

148 501 207 527 qua:
219 501 233 519 a
245 492 302 519 solo
313 491 366 518 Deo
377 495 424 523 est,
439 499 490 517 non
504 491 622 525 qutvritis
635 491 663 516 9?
672 490 773 524 Ecquid
788 499 829 518 me
841 491 938 518 attinet

149 545 313 565 enumerare
335 541 430 565 eorum
454 537 499 571 qui
523 536 628 563 nobiles
652 542 781 571 putantur
795 538 884 564 varios
910 537 936 564 in

148 584 279 618 superbia
303 583 411 616 lapsus;
438 591 531 610 eorum
559 583 621 610 item
641 583 685 617 qui
712 583 840 610 dicuntur
864 584 937 618 igno-

149 629 231 661 biles,
257 629 466 656 submissionem
492 629 669 655 adulatoriam
691 633 780 656 ortam
797 637 828 656 ex
853 629 938 663 impe-

150 675 213 702 ritia
227 679 450 708 avertentemque
464 683 479 701 ιι
495 675 561 707 Deo,
575 682 626 709 qua
643 679 706 702 ante
719 675 780 701 illos
793 676 939 710 prociduttt

150 722 196 756 qui
212 721 368 755 superiOrcs
384 729 444 748 esse
459 721 597 753 videntur,
612 722 657 755 qui
675 721 810 748 sinceram
828 721 937 756 quidem

151 767 299 794 amicitiam
315 776 366 794 non
390 767 502 799 habent,
521 772 547 794 et
562 768 634 801 quod
657 767 683 794 in
703 768 859 796 hominibus
881 768 938 803 pul-

151 814 317 841 cherrimum
346 819 407 845 est.
432 814 593 841 cbaritatem
619 813 767 840 simulant?
796 814 881 849 Ergo.
909 819 937 842 ut

150 867 231 894 supra
245 860 345 887 dictutn
363 864 416 893 est,
433 860 517 886 omm's
539 860 652 886 hominis
677 860 728 886 vita
744 869 822 894 super
841 865 937 886 terram

150 907 259 933 tentutio
276 910 314 934 est
334 907 372 940 ¹⁰;
389 914 475 940 quare
491 914 601 934 oremus
616 914 630 933 a
651 907 799 934 tentatione
813 907 934 938 liberari,

148 960 203 980 non
227 952 277 985 ita,
301 960 334 979 ne
360 957 498 980 tcntemur
517 952 585 988 (ﬁeri
610 953 682 980 enim
708 953 735 979 id
759 961 812 979 non
835 957 934 987 potest,

148 998 267 1024 maxime
283 1005 344 1025 cum
362 1005 444 1032 super
459 1003 558 1025 terram
581 998 696 1032 sumus),
713 998 760 1025 sed
780 1006 812 1026 ne
838 998 935 1026 tentati

149 1044 371 1071 succumbamus.
388 1044 439 1077 Qui
456 1052 521 1071 vero
537 1046 675 1072 lentationi
691 1045 855 1076 succumbit,
873 1052 934 1071 cum

148 1089 254 1124 ingredi
270 1089 296 1116 in
315 1090 495 1117 tentationem
510 1090 642 1124 arbitror,
662 1090 722 1125 ejus
735 1091 817 1118 veluti
832 1091 936 1118 retibus

149 1140 274 1169 captum;
293 1135 319 1162 in
336 1143 395 1169 quae
409 1136 475 1162 retia
490 1141 601 1170 propter
617 1143 676 1168 eos,
691 1137 736 1170 qui
748 1136 803 1170 jam
823 1136 854 1163 iis
869 1136 936 1163 irre-

149 1180 191 1207 titi
208 1184 299 1213 erant,
316 1182 454 1216 ingressus
472 1181 612 1213 Servator,
630 1189 732 1216 perque
748 1189 778 1209 ea
796 1182 872 1217 quasi
890 1189 937 1215 per

148 1226 280 1253 cancellos
294 1227 453 1259 prospiciens
476 1227 509 1259 “,
528 1231 557 1254 ut
576 1227 677 1254 dicitur
693 1227 719 1254 iIt
742 1227 854 1254 Cuntieo
871 1234 935 1253 can-

149 1271 277 1305 ticorum,
305 1273 451 1306 respondet
473 1272 522 1304 eis,
552 1273 597 1306 qui
618 1272 674 1307 jam
699 1271 797 1298 irretiti
821 1276 884 1298 sunt
909 1276 936 1298 et

149 1318 328 1345 tentationem
350 1318 475 1353 ingressi,
499 1319 590 1353 aitque
608 1318 648 1345 eis
664 1325 714 1345 ceu
728 1324 833 1352 sponsa:
855 1325 910 1344 sum
926 1327 934 1344 :

147 1362 244 1398 Surge,
260 1363 327 1395 veni,
349 1364 468 1397 proxima
489 1372 557 1396 mea,
581 1364 697 1398 formosa
721 1370 789 1394 mea,
815 1361 936 1389 columba

148 1416 206 1436 mea
233 1409 265 1436 η.
289 1409 392 1436 Addam
415 1414 441 1436 et
453 1409 520 1441 haec,
538 1414 565 1435 ut
588 1409 731 1435 ostendam
758 1407 858 1434 nullum
875 1415 936 1434 esse

149 1453 301 1481 hominibus
325 1458 431 1489 tempus
449 1454 598 1481 tentatione
611 1462 724 1480 vacuum
740 1461 747 1480 :
769 1461 802 1480 ne
819 1453 863 1480 ille
878 1453 937 1487 qui-

150 1499 224 1533 dem,
242 1500 288 1534 qui
306 1500 391 1535 legem
408 1500 514 1527 Domini
530 1500 675 1526 meditatur
689 1499 732 1526 die
748 1507 780 1526 ac
795 1505 885 1531 nocte,
910 1504 937 1526 et

150 1545 257 1572 allicere
273 1551 388 1572 conatur
402 1546 473 1580 quod
493 1546 594 1572 dictum
614 1550 672 1572 est:
692 1545 727 1572 05
740 1545 806 1579 justi
826 1545 937 1571 medita-
950 1560 971 1589 ο

150 1591 221 1617 bitur
234 1592 391 1625 sapientiam
405 1592 443 1624 ¹³;
457 1599 472 1617 a
485 1592 634 1618 tentatione
646 1592 774 1618 imnmnis
787 1596 838 1618 est.
850 1590 935 1624 Quam

150 1637 230 1664 multi
246 1637 317 1664 enim
336 1645 477 1664 sacrorum
490 1637 622 1664 librorum
641 1637 729 1665 studio
745 1637 858 1669 addicti,
878 1644 937 1670 qum

149 1682 178 1710 in
203 1683 262 1718 lege
287 1683 481 1718 proplietisque
506 1684 640 1718 promissa
670 1689 748 1716 sunt,
778 1683 938 1716 acceperint

149 1736 305 1763 perperam,
331 1736 416 1763 seque
441 1729 532 1763 impiis
552 1729 723 1764 dogmatibus
742 1729 889 1762 stultisque
911 1732 938 1754 et

150 1772 275 1800 ridiculis
292 1773 471 1808 implicarint,
489 1774 553 1808 quid
575 1782 686 1801 necesse
703 1779 744 1802 est
757 1774 859 1805 dicere,
875 1781 937 1800 etnn

150 1818 285 1846 innumeri
299 1819 400 1853 quibus
413 1819 552 1854 negligens
565 1820 645 1847 lectio
657 1827 710 1846 non
723 1820 830 1846 videtur
841 1827 938 1853 expro—

148 1864 223 1892 brari
240 1872 333 1899 posse,
350 1865 376 1892 in
393 1866 501 1892 eosdem
519 1870 608 1892 tamen
627 1872 736 1892 errores
757 1865 938 1900 impegerint?

148 1909 222 1940 Idem
248 1915 276 1938 et
303 1911 332 1938 in
360 1910 516 1944 apostolicis
542 1910 762 1946 evangelieisque
789 1911 938 1945 Scripturis

150 1955 240 1982 multis
255 1955 367 1987 accidit,
380 1957 426 1990 qui
440 1963 488 1982 sua
506 1955 557 1982 sibi
575 1956 685 1982 resania
701 1955 784 1982 alium
802 1956 938 1982 tinxerunt

148 2000 246 2028 Filium
266 2007 313 2029 aut
331 2002 451 2034 Patrem,
468 2010 549 2036 quam
564 2001 610 2035 qui
630 2009 644 2027 a
664 2001 768 2028 sanctis
789 2006 816 2028 et
840 2001 938 2035 prmtli-

148 2052 227 2074 catur
244 2051 271 2074 et
289 2047 367 2081 juxta
387 2048 529 2074 veritatem
551 2047 724 2081 intelligitur.
743 2046 793 2079 Qui
810 2053 882 2072 etum
905 2046 938 2072 de

149 2092 205 2120 Deo
221 2097 250 2119 et
267 2093 376 2120 Christo
393 2093 452 2127 ejus
467 2099 530 2119 vera
546 2100 599 2119 non
616 2093 708 2124 sentit,
729 2092 752 2118 is
768 2099 782 2117 a
799 2099 864 2118 vero
884 2091 937 2118 Deo

149 2139 262 2171 excidit,
276 2140 388 2174 ejusque
403 2138 558 2173 Unigcnilo,
570 2142 596 2164 et
611 2145 690 2172 quem
702 2145 750 2164 sua
764 2137 814 2164 sibi
828 2137 936 2163 vesania

149 2184 229 2211 tinxit
254 2184 364 2211 Patrem
392 2189 419 2210 et
438 2184 548 2216 Filium,
573 2191 627 2210 non
650 2190 748 2210 revera
770 2183 883 2215 adorat;
912 2182 937 2208 id

990 265 1059 298 δίαν,
1072 264 1097 290 τί
1120 264 1159 290 δεῖ
1179 263 1226 290 καὶ
1247 263 1354 298 λέγειν;
1373 264 1464 291 πολλοὶ
1480 265 1535 301 γὰρ
1550 266 1604 292 ὑπὸ
1615 266 1672 293 τῶν
1693 267 1779 294 πόνων

989 310 1144 346 νικώμενοι,
1161 310 1208 336 καὶ
1232 310 1362 346 ἀνδρείως
1378 311 1471 342 νόσους
1493 312 1586 347 φέρειν
1598 312 1650 339 οὐκ
1666 313 1783 339 ἐπιστάν

991 364 1076 391 μενοι,
1089 355 1187 391 μᾶλλον
1199 355 1245 391 τὴν
1254 356 1341 391 ψυχὴν
1351 357 1522 392 ἠλέγχθησαν
1533 357 1594 383 τότε
1602 357 1782 392 νενοσηκότες

989 402 1004 437 ἢ
1033 401 1066 428 τὰ
1087 401 1215 436 σώματα·
1246 402 1337 428 πολλοὶ
1361 402 1390 428 δὲ
1410 402 1457 428 καὶ
1475 402 1518 428 διὰ
1545 403 1575 429 τὺ
1598 402 1710 437 φεύγειν
1731 404 1782 438 τὴν

993 446 1112 479 ἀδοξίαν,
1140 447 1366 482 ὲπαισχυνὸμενοι
1388 447 1443 482 (90)
1465 447 1495 474 τὸ
1513 448 1632 483 Χριστοῦ
1662 449 1782 482 εὐγενῶς

992 492 1077 527 ὄνομα
1090 493 1183 528 φέρειν
1192 513 1199 525 ,
1216 493 1255 524 εἰς
1266 494 1394 528 αἰσχύνην
1406 493 1514 520 αἰώνιον
1520 494 1780 522 καταπεπτωκασιν.

995 536 1065 562 Ἀλλ’
1086 537 1171 564 οἴεταί
1191 546 1233 569 τις
1263 539 1449 565 ἀναπαύεσθαι
1476 539 1514 571 ὼς
1546 540 1582 574 μὴ
1612 540 1780 576 πειραζόμε-

989 590 1043 615 νος,
1060 584 1105 610 ὅτε
1122 583 1277 615 δεδόξασται
1294 584 1368 620 παρὰ
1384 586 1439 617 τοῖς
1463 585 1631 621 ἀνθρώποις·
1650 586 1696 613 καὶ
1721 587 1781 619 πῶς

988 629 1018 655 οὐ
1045 629 1164 664 χαλεπὸν
1183 630 1223 661 τὸ,
1246 629 1403 665 Ἀπέχουσι
1430 631 1484 658 τὸν
1505 631 1616 666 μισθὸν
1640 631 1700 658 ἀπὸ
1721 631 1781 658 τῶν

989 676 1162 710 ἀνθρώπων,
1185 676 1421 712 ἀπαγγελλόμενον
1440 679 1493 708 τοῖς
1508 677 1720 713 ἐπαιρομένοις,
1742 676 1782 708 ὡς

989 721 1033 748 ἐπ’
1051 721 1156 756 ἀγαθῷ,
1177 724 1211 758 τῇ
1232 722 1307 757 παρὰ
1323 723 1380 753 τοῖς
1397 722 1503 754 πολλοῖς
1518 722 1599 759 δόξῃ;
1617 722 1676 754 πῶς
1691 722 1713 748 δ’
1730 722 1783 749 οὐκ

989 766 1186 803 ἐπιπληκτικὺν
1202 768 1248 794 τύ·
1268 768 1334 801 Πῶς
1353 768 1486 796 δύνασθε
1502 769 1587 803 ὑμεῖς
1606 769 1779 802 πιστεῦσαι,

992 814 1086 846 δόξαν
1097 815 1166 848 παρ’
1176 814 1321 847 ἀλλήλων
1331 815 1545 848 λαμϐάνοντες,
1559 815 1609 841 καὶ
1619 815 1676 848 τὴν
1685 814 1781 847 δόξαν

989 862 1047 896 τὴν
1066 861 1146 896 παρὰ
1162 861 1214 888 τοῦ
1229 862 1325 896 μόνον
1346 862 1419 889 Θεοῦ
1437 863 1473 888 οὺ
1490 861 1616 896 (ﬁnite;
1630 862 1686 888 Καὶ
1701 863 1727 889 τί
1745 871 1780 898 με

956 895 974 921 Β
986 907 1027 933 δεῖ
1038 907 1196 941 καταλέγειν
1208 895 1242 933 τά
1254 907 1308 933 τῶν
1323 907 1507 942 νομιζομένων
1518 908 1636 941 εὐγενῶν
1648 909 1677 934 ὲν
1693 895 1781 943 ὑπερ-

987 953 1089 988 ηφανίᾳ
1115 953 1282 988 πταίσματα,
1304 954 1351 980 καὶ
1373 953 1427 980 τῶν
1456 953 1610 989 λεγομένων
1630 955 1779 988 δυο-γενῶν,

986 999 1030 1026 διὰ
1042 1000 1073 1026 τὸ
1085 999 1280 1034 ἀνεπιστῆμον,
1297 999 1346 1034 τὴν
1358 998 1426 1034 πρὸς
1437 1000 1500 1031 τοὺς
1512 999 1656 1035 ὑπερέχειν
1670 999 1782 1035 νομιζο-

988 1044 1084 1080 μένους
1100 1045 1255 1070 ὺπόπτωσιν
1270 1043 1440 1080 θωπευτικὴν
1456 1045 1608 1079 ἀφιοτᾶσαν
1622 1044 1702 1076 Θεοῦ,
1717 1045 1781 1077 τοὺς

986 1088 1100 1122 γνησίαν
1116 1088 1164 1123 μὲν
1178 1088 1268 1122 φιλίαν
1279 1088 1329 1114 οὐκ
1341 1088 1452 1123 ἔχοντας
1468 1089 1535 1124 (91),
1549 1089 1579 1115 τὸ
1589 1089 1619 1116 δὲ
1635 1089 1780 1116 κάλλιστον

985 1133 1041 1160 τῶν
1058 1134 1086 1159 ὲν
1104 1132 1268 1169 ἀνθρώποις,
1276 1133 1325 1169 τὴν
1334 1134 1442 1169 ἀγάπην
1461 1134 1692 1170 ὑποκρινομένους
1706 1135 1779 1170 (92);

986 1175 1050 1209 Πᾶς
1064 1177 1153 1203 τοίνυν
1174 1178 1190 1204 d
1208 1178 1287 1211 βίος,
1305 1177 1396 1210 καθὼς
1409 1179 1579 1215 προείρηται,
1597 1179 1652 1206 τοῦ
1667 1179 1781 1213 ἀνθρώ-

987 1229 1046 1248 που
1062 1221 1112 1248 ἐπὶ
1129 1221 1183 1255 τῆς
1203 1221 1259 1257 γῆς
1273 1223 1339 1249 ἐστι
1357 1223 1560 1258 πειρατήριον·
1581 1224 1676 1260 διόπερ
1694 1226 1779 1260 εύχώ-

989 1267 1057 1302 μεθα
1074 1267 1205 1303 ῥυσθῆναι
1222 1270 1412 1305 πειρατηρίου,
1431 1270 1481 1297 οὐκ
1495 1271 1524 1297 ὲν
1539 1270 1577 1305 τῷ
1596 1270 1633 1306 μὴ
1650 1271 1778 1307 πειράζει

988 1313 1049 1340 σοαι
1072 1314 1167 1349 (τοῦτο
1182 1314 1236 1350 γὰρ
1253 1316 1392 1350 ἀμήχανον
1411 1316 1527 1351 μάλιστα
1548 1318 1605 1346 τοῖς
1625 1317 1671 1343 ἐπὶ
1699 1317 1776 1352 γῆς),

988 1359 1054 1385 ἀλλὰ
1070 1360 1098 1386 ὲν
1115 1360 1154 1395 τῴ
1172 1360 1208 1396 μὴ
1225 1361 1357 1396 ἡττᾶσθαι
1375 1361 1598 1397 πειραζομένους.
1617 1363 1669 1388 Τὸν
1687 1362 1716 1389 δὲ
1733 1363 1778 1397 ἠτ-

987 1405 1106 1441 τώμενον
1122 1407 1150 1433 ἐν
1165 1406 1204 1442 τῷ
1221 1407 1399 1442 πειράζεσθαι
1415 1408 1586 1444 εἰσέρχεο-ϐαι
1602 1409 1642 1440 είς
1657 1408 1704 1435 τὸν
1717 1417 1777 1436 πει-

988 1452 1091 1487 ρασμὸν
1105 1453 1262 1488 ἐνεχόμενον
1271 1454 1327 1485 τοῖς
1338 1452 1458 1485 δικτύοις
1468 1453 1561 1486 αὐτοῦ,
1574 1454 1760 1490 ὑπολαμϐάνω
1768 1462 1775 1470 ⁵

987 1491 1032 1529 εἰέ
1042 1499 1113 1534 ειπερ
1129 1498 1225 1525 δίκτυα
1240 1498 1283 1525 διὰ
1298 1499 1360 1530 τοὺς
1376 1500 1662 1535 προκατειλημμένους
1682 1501 1712 1527 ἐν
1731 1500 1784 1528 αὺο,

988 1545 1043 1575 τοῖς
1054 1543 1182 1570 εἰσελθὼν
1193 1545 1207 1570 ὁ
1221 1544 1326 1579 Σωτὴρ,
1339 1544 1496 1571 ἐκκύπτων
1509 1544 1557 1571 διὰ
1570 1544 1632 1572 τῶν
1641 1545 1776 1577 δικτύων,

989 1588 1060 1615 κατὰ
1085 1589 1115 1615 τὸ
1141 1590 1169 1615 ὲν
1191 1587 1230 1624 τῷ
1250 1588 1368 1624 ’ᾼσματι
1390 1588 1445 1614 τῶν
1465 1589 1595 1624 ᾀσμάτων
1622 1590 1776 1625 εῑρημένον,

989 1635 1166 1670 ἀποκρίνεται
1182 1636 1238 1666 τοῖς
1254 1634 1534 1670 προκατειλημμένοις
1549 1635 1596 1661 ὑπ’
1611 1635 1714 1667 αὐτῶν,
1732 1636 1776 1662 καὶ

988 1681 1153 1708 εἰσελθοῦσι-ιν
1169 1682 1208 1713 είς
1221 1681 1266 1707 τὸν
1282 1681 1446 1717 πειρασμὸν,
1459 1682 1506 1708 καὶ
1522 1681 1596 1716 λέγει
1610 1679 1672 1709 οὖσι
1685 1681 1776 1719 νύμφῃ

988 1727 1083 1755 αὐτοῦ’
1108 1727 1242 1759 Ἀνάστα,
1259 1727 1328 1754 ἐλθὲ
1343 1728 1362 1762 ἡ
1379 1728 1511 1760 πλησίον
1525 1736 1595 1761 μου,
1612 1727 1693 1760 καλή
1707 1737 1775 1762 μου,

988 1772 1146 1806 περιστερά
1163 1781 1232 1807 μου.
1255 1772 1406 1808 Προσθήσω
1422 1773 1462 1804 δὲ,
1487 1773 1527 1804 εἰς
1543 1772 1573 1798 τὺ
1596 1773 1776 1809 πειρασθῆναι

988 1818 1078 1844 πάντα
1099 1818 1193 1853 καιρδν
1218 1816 1371 1853 πειρασμοῦ
1391 1815 1460 1843 εἶναι
1477 1818 1532 1849 τοῖς
1555 1817 1711 1853 ἀνθρώποις
1734 1819 1777 1845 καὶ

988 1863 1087 1890 ταῦτα·
1104 1864 1164 1890 οὐδὲ
1185 1864 1199 1889 ὁ
1216 1863 1260 1889 τὸν
1278 1863 1358 1898 νόμον
1374 1862 1420 1889 τοῦ
1438 1863 1504 1889 Θεοῦ
1532 1863 1654 1898 μελετῶν
1674 1866 1776 1900 ἡμέρας

988 1911 1034 1936 καὶ
1053 1909 1158 1942 νυκτὸς,
1187 1909 1233 1936 κιιῦ¹
1256 1909 1348 1936 ἀσκῶν
1371 1908 1540 1944 κατορθῶσαι
1565 1909 1597 1936 τὸ
1615 1911 1775 1945 εἰρημένον

989 1956 1088 1989 Στόμα
1099 1954 1216 1981 δικαίου
1225 1955 1385 1988 μελετήσει
1399 1957 1522 1990 σοφίαν,
1539 1955 1586 1982 τοῦ
1600 1955 1776 1991 πειράζεσθαι

988 1999 1170 2033 ἀπήλλακται.
1190 2000 1266 2026 Ὅσοι
1281 2000 1345 2034 γοῦν
1363 2001 1604 2036 παρεκδεξάμενοι,
1620 2002 1650 2028 ὲν
1662 2001 1703 2036 τῷ
1717 2003 1777 2028 ἀνα-

988 2045 1140 2072 τεθεικέναι
1157 2046 1256 2077 αὐτοὺς
1279 2047 1312 2081 τῇ
1336 2047 1457 2079 ἐξετάσει
1474 2047 1529 2073 τῶν
1554 2048 1635 2074 θειῶν
1652 2047 1776 2082 Γραφῶν,

988 2090 1023 2117 τὰ
1039 2092 1067 2118 ὲν
1085 2091 1158 2126 νόμῳ
1173 2092 1220 2117 καὶ
1235 2093 1388 2128 προφήταις
1403 2092 1607 2128 ἀπηγγελμένα,
1625 2092 1717 2124 ἀθέοις
1732 2094 1776 2120 καὶ

990 2136 1100 2163 ἀσεϐέσι
1108 2137 1238 2173 δόγμασιν
1248 2139 1359 2170 ἑαυτοὺς
1372 2138 1586 2170 ἀνατεθείκασιν,
1595 2139 1712 2173 ἠλιθίοις
1723 2139 1776 2174 (95)

991 2183 1038 2208 καὶ
1052 2182 1176 2216 γελοίοις,
1190 2183 1215 2210 τί
1227 2184 1266 2210 δεῖ
1279 2185 1326 2210 καὶ
1339 2184 1437 2219 λέγειν,
1452 2184 1505 2211 τῶν
1520 2184 1668 2212 δοκούντων
1681 2185 1722 2219 τῷ
1732 2186 1778 2220 τῆς

148 2237 256 2265 passus,
278 2230 349 2264 quod
374 2230 549 2256 tentationem
566 2236 618 2263 qua
642 2236 784 2256 sacrorum
807 2228 908 2255 librorn

1025 2228 1121 2261 ιελείας
1134 2229 1186 2255 τῶν
1199 2229 1418 2265 ἀναγνωσμάτων
1431 2230 1582 2265 ἐγκλήματι
1597 2230 1634 2266 μὴ
1646 2229 1717 2257 εἶναι
1727 2231 1778 2257 ἐνό-

148 2277 230 2304 lectio
246 2284 298 2304 non
316 2280 407 2309 vacat,
423 2283 475 2302 non
489 2276 648 2307 adverterit,
662 2283 712 2302 nec
726 2275 833 2302 steterit
847 2283 939 2301 arma-

149 2327 194 2350 tus
214 2322 287 2350 velut
302 2323 334 2349 ad
356 2322 502 2349 imminens
526 2327 677 2348 certamen.
699 2321 837 2349 Orandum
856 2322 938 2357 igitur

149 2374 201 2402 est,
215 2377 269 2396 non
281 2369 362 2404 260
372 2375 405 2394 ne
417 2372 564 2400 tentemur,
577 2368 634 2394 ﬁeri
647 2368 718 2394 enim
729 2368 754 2394 id
765 2375 817 2394 non
836 2374 935 2402 potest,

148 2416 196 2443 sed
214 2423 248 2442 ne
263 2424 277 2443 a
297 2416 449 2443 tentatione
470 2415 736 2447 circumveniamur;
753 2416 824 2449 quod
841 2416 874 2442 iis
894 2424 939 2442 ac-

148 2461 215 2489 cidit
232 2463 277 2497 qui
300 2462 344 2489 illa
367 2462 523 2490 detinentur
543 2468 571 2489 et
594 2463 748 2489 vincuntur.
765 2461 834 2488 Cum
855 2462 936 2496 igitur

147 2513 224 2534 extra
246 2509 400 2535 orationem
421 2508 554 2543 scriptum
573 2508 608 2534 sit
624 2516 631 2534 ι
648 2507 681 2533 Ut
702 2515 753 2533 non
781 2506 880 2533 intretis
908 2508 935 2533 in

148 2555 319 2580 tentationem
330 2553 361 2586 ",
372 2555 442 2588 quod
454 2562 486 2581 ex
499 2554 696 2588 dictisplanum
704 2559 766 2580 esse
781 2553 880 2587 poterit
890 2573 897 2584 ,
907 2552 934 2578 in

147 2599 205 2635 ipsa
216 2604 307 2627 autent
322 2600 445 2628 oratione
459 2599 554 2626 dicere
567 2599 701 2626 Deol’atri
711 2598 854 2626 debeamus
870 2605 876 2624 :
895 2597 935 2624 Ne

184 2680 195 2696 ’
210 2679 288 2708 Joau.
306 2688 333 2713 ν.
352 2680 399 2709 44.
439 2682 461 2697 ¹⁰
475 2681 527 2709 Job
538 2689 576 2710 vn
589 2702 596 2715 ,
614 2682 640 2709 1.
681 2681 700 2697 ¹¹
717 2681 796 2709 Cant.
818 2689 855 2714 tt,
871 2681 897 2710 9.

183 2767 239 2801 (buy
265 2766 358 2795 Codex
387 2773 451 2798 ms.,
473 2765 709 2801 ὲπαισχυνὸμενοι.
729 2764 819 2792 Editio
846 2765 935 2792 Oxon.

147 2801 388 2836 ἀπαισχμνόμενοι.

184 2835 240 2873 (9L)
253 2835 343 2873 C_od_ex
359 2843 420 2868 ms.,
434 2835 554 2873 ἔχοντας.
572 2835 659 2873 Editio
671 2835 763 2873 Οιιορ.Δ
774 2835 892 2873 ἔχοντες.

184 2869 241 2906 (92)
260 2870 352 2898 Codex
377 2869 708 2907 Πιδ.,”ὐποκρινομένους.
726 2869 816 2899 Editio
832 2871 933 2906 0mm,

938 2682 959 2696 “
973 2681 1053 2714 lbid.,
1070 2681 1112 2708 l0.

991 2283 1056 2308 χων,
1071 2274 1176 2309 μυρίων
1192 2275 1262 2301 ὅσων
1273 2276 1307 2301 τὰ
1320 2276 1432 2302 τοιαῦτα
1446 2275 1611 2308 πταιόντων;
1628 2276 1665 2302 Τὸ
1677 2276 1701 2301 δ’
1716 2275 1778 2303 αὐτὸ

991 2320 1038 2346 καὶ
1058 2320 1104 2346 ἐπὶ
1121 2319 1173 2346 τῶν
1189 2320 1374 2347 ἀποστολικῶν
1391 2321 1438 2347 καὶ
1453 2320 1640 2354 εὖαγγελικῶν
1655 2321 1777 2355 ἀναγνω-

992 2367 1102 2401 σμάτων
1116 2366 1207 2393 πολλοὶ
1223 2367 1383 2398 πεπόνθασι,
1394 2366 1437 2392 διὰ
1451 2366 1499 2397 τὰς
1513 2366 1580 2398 ἰδίας
1596 2367 1701 2398 ἀνοίας,
1718 2367 1778 2393 ἁνα-

991 2412 1153 2444 πλάττοντες
1169 2413 1261 2448 ἕτερον
1279 2413 1354 2448 παρὰ
1367 2412 1412 2439 τὸν
1425 2411 1631 2446 θεολογούμενον
1646 2413 1694 2438 καὶ
1710 2412 1778 2438 κατὰ

990 2461 1041 2493 τὴν
1059 2459 1185 2494 ἀλήθειαν
1197 2459 1360 2494 νενοημένον
1373 2459 1429 2489 τοῖς
1443 2458 1531 2492 ἁγίοις
1545 2458 1610 2484 Υἱὸν
1625 2458 1641 2493 ἢ
1657 2458 1775 2493 Πατέρα.

997 2505 1025 2530 Ὁ
1041 2504 1096 2539 γὰρ
1116 2504 1152 2539 μὴ
1175 2503 1209 2530 τὰ
1225 2504 1310 2538 ἁληθῆ
1335 2504 1440 2539 φρονῶν
1459 2503 1523 2538 περὶ
1538 2502 1606 2529 Θεοῦ
1625 2503 1641 2538 ἢ
1659 2502 1777 2538 Χριστοῦ

989 2550 1083 2582 αὑτοῦ,
1103 2550 1150 2576 τοῦ
1163 2551 1211 2586 μὲν
1233 2551 1359 2586 ἀληθινοῦ
1380 2549 1562 2576 ἀποπέπτωκε
1582 2549 1650 2576 Θεοῦ
1667 2548 1776 2576 καὶτοῦ

991 2595 1161 2630 Μονογενοῦς
1180 2596 1273 2629 αὑτοῦ,
1297 2597 1325 2623 ὂν
1344 2597 1373 2623 δὲ
1389 2597 1539 2624 ἀνέπλασεν
1559 2598 1576 2633 ἡ
1596 2597 1674 2624 ἄνοια
1693 2594 1775 2624 αὺτοῦ

1153 2682 1174 2697 ¹³
1190 2682 1268 2710 Prov.
1289 2691 1321 2716 x,
1336 2683 1381 2712 3|.
1421 2684 1443 2700 "
1458 2683 1551 2711 Matth.
1565 2689 1642 2716 xxVI,
1660 2681 1707 2710 ﬂ.

991 2764 1206 2800 ὑπορκινόμενοι.

1025 2790 1081 2835 (93)
1102 2790 1342 2836 ’ξίνατέθείκασιν
1353 2801 1489 2836 ἠλιθίοις.
1500 2799 1571 2836 Lege
1579 2801 1773 2832 cumflentlein,

989 2834 1204 2869 ἀνατεθείκασιν,
1220 2836 1237 2871 ἢ
1255 2834 1378 2872 ἠλιθίοις.

1552 2908 1620 2922 ,δε

1840 1900 1843 2052 l

1834 2338 1843 2409 l

1835 2438 1840 2477 ι

1835 2645 1843 2706 l

1835 2803 1843 2924 l

1835 2950 1843 3056 l
