1843 3076
87 163 144 192 5'57

699 162 867 191 LlBELLUS
885 162 929 190 DE
948 161 1134 190 ORATIONE.

1668 164 1719 192 558

86 221 242 258 νομίζουσα
256 219 325 249 εἶναι
339 221 449 258 Πατέρα
460 222 507 250 καὶ
517 221 590 255 Υἰὸν,
602 222 652 250 οὐκ
663 221 748 254 ὅντως
766 231 813 258 πρε

1011 221 1121 247 inducar
1146 221 1174 247 in
1204 221 1393 255 (evitationem,
1419 228 1509 256 operte
1536 222 1654 257 pretium
1678 231 1720 252 est

88 267 149 293 νεῖ·
166 266 246 293 τοῦτο
263 266 356 293 παθὼν
370 267 415 294 διὰ
429 266 459 294 τὸ
473 267 519 293 τὸν
536 267 565 293 ὲν
586 266 626 302 τῷ
642 266 837 300 ἀναγινώσκειν
851 265 886 292 τὰ

88 313 160 347 ἅγια
174 313 328 348 πειρασμὸν
342 312 380 348 μὴ
392 313 557 348 νενοηκέναι,
577 313 643 348 μηδὲ
656 313 693 344 ὠς
709 313 777 348 πρὸς
793 312 886 346 ἀγῶνα

88 359 141 385 καὶ
162 358 224 384 τότε
248 358 324 394 αὐτῴ
344 358 508 394 ἐνεστηκότα
533 358 714 393 ὁπλισάμενος
738 358 785 384 καὶ
808 358 883 389 στάς.

86 404 152 440 Χρὴ
165 404 255 430 τοίνυν
265 403 393 438 εὔχεσθαι
403 425 410 435 ,
425 404 474 438 οὐχ
487 404 531 430 ἵνα
546 404 582 440 μὴ
594 404 794 439 πειρασθῶμεν,
806 403 885 430 τοῦτο

87 449 147 484 γὰρ
164 449 304 480 ἀδύνατον,
322 449 379 476 ἀλλ’
398 450 441 476 ἵνα
460 450 496 485 μὴ
511 450 563 476 ὑπὸ
579 450 624 476 τοῦ
638 449 792 485 πειρασμοῦ
807 459 884 485 περι-

87 494 245 529 ϐληθῶμεν·
256 494 325 530 ὅπερ
337 494 485 529 πάσχουσιν
501 496 525 521 οἱ
535 495 687 530 ἐνεχόμενοι
698 495 772 530 αὐτῷ
786 495 833 522 καὶ
841 504 884 521 νε-

86 538 242 572 νικημένοι.
252 538 327 564 Ἐπεὶ
339 536 385 564 οὖν
393 538 444 571 ἔξω
455 539 504 574 μὲν
513 539 561 573 τῆς
573 539 655 574 εὐχῆς
664 540 815 574 γέγραπται
834 540 883 574 Μὴ

85 584 241 611 εισελθεῒν
249 584 315 619 (93⁸)
323 585 366 616 εἰς
375 584 549 619 πειρασμὸν,
559 585 663 620 ὃπερὲκ
671 585 723 610 τῶν
732 586 883 621 εἰρημένων
898 591 900 593 ’

85 628 202 655 δύναταί
219 638 277 660 πως
291 627 360 656 εἶναι
375 631 469 664 σαφὲς,
488 631 517 657 ἐν
533 631 562 657 δὲ
577 632 608 666 τῇ
624 632 689 667 εὐχῇ
704 632 792 666 λέγειν
810 633 884 666 ἡμᾶς

85 674 139 706 δεῖ,
157 674 207 708 Μὴ
222 675 397 710 εἰσενέγκῃς
407 675 486 710 ἡμᾶς
497 678 540 709 εις
553 677 729 712 πειρασμὸν,
745 677 784 713 τῷ
797 677 883 712 Πατρὶ

85 719 148 755 Θεῷ
159 729 165 735 ·
179 721 254 753 ἄξιον
269 721 331 747 [δεῖν
346 722 404 753 πῶς
417 723 469 758 χρὴ
483 724 551 749 νοεῖν
566 723 611 749 τὸν
628 723 694 749 Θεὸν
704 725 823 759 εἰσάγειν
838 725 883 751 τὸν

86 764 126 800 μὴ
139 764 299 799 εὐξάμενον,
317 765 333 800 ἢ
349 766 394 792 τὸν
407 766 444 801 μὴ
454 767 654 803 ὲπακουόμενον
668 769 708 800 εἰς
723 769 768 795 τὸν
787 777 883 804 πειρα-

85 810 167 846 σμόν.
189 811 368 845 ’Δπεμφαίνει
382 811 447 847 γὰρ,
464 811 509 838 τοῦ
526 813 676 848 νικωμένου
692 814 882 849 εἰσερχομένου

84 855 126 886 εὶς
136 855 184 881 τὸν
197 856 359 891 πειρασμὸν,
369 856 415 883 τὸν
423 857 489 884 Θεὸν
507 858 625 892 νομίζειν
640 859 758 893 εἰσάγειν
768 859 828 886 τινὰ
843 861 883 891 ei;

936 266 1027 293 videre
1045 266 1182 300 quomodo
1210 266 1402 301 intelligendus
1425 268 1461 296 sit
1485 268 1555 296 Deus
1576 269 1651 296 illum
1673 271 1721 304 qui

935 319 989 339 non
1009 316 1078 344 orat,
1099 316 1217 338 anteum
1238 312 1283 345 qui
1302 321 1354 339 non
1376 314 1531 346 exauditurI
1547 315 1574 341 in
1596 315 1721 342 tentatio-

935 365 996 385 nem
1012 357 1150 384 inducere.
1169 357 1408 392 Repugnatenim.
1420 367 1482 386 cum
1500 360 1523 387 is
1538 360 1584 395 qui
1602 361 1720 387 vincitur

935 402 1017 429 intret
1032 402 1058 428 in
1076 402 1264 433 tentationem,
1285 402 1368 428 Deum
1382 408 1478 436 putare
1496 405 1523 431 in
1544 407 1718 434 tentatiouetn

935 447 1064 475 inducere
1075 455 1249 482 queinquam,
1263 449 1339 482 quasi
1353 453 1381 475 ut
1393 449 1516 478 vincatur
1529 452 1600 478 illum
1613 453 1718 485 tradat;

934 494 1085 528 eademque
1099 493 1277 528 repugnantia
1293 494 1414 520 Occurrit
1426 495 1450 521 ei
1467 496 1513 529 qui
1526 497 1620 530 quovis
1637 498 1719 525 modo

934 539 1091 573 exposuerit
1113 539 1177 565 illud
1191 550 1197 566 ;
1212 539 1303 570 Orate,
1320 544 1346 565 ut
1364 547 1414 566 non
1438 541 1538 567 intretis
1555 543 1582 568 in
1597 544 1720 569 tentatio-

934 593 1002 611 nem.
1024 584 1052 612 Si
1070 585 1143 610 enim
1163 583 1190 610 in
1212 584 1388 611 tentationem
1411 585 1529 613 incidere
1546 587 1644 613 malum
1665 593 1718 621 est,

934 630 1005 664 quod
1033 629 1110 657 nobis
1137 638 1172 656 ne
1198 630 1336 663 contingat
1353 637 1480 663 oramus,
1506 633 1640 665 quomodo
1666 641 1718 661 non

934 675 1081 702 absurdum
1096 680 1139 701 est
1161 678 1257 708 putare
1272 674 1370 701 bonum
1391 675 1474 702 Deum
1493 677 1537 710 qui
1551 677 1633 704 malos
1648 678 1720 704 ferre

934 720 1040 748 Fructus
1055 727 1108 746 non
1121 725 1183 754 pote
1202 725 1222 753 t,
1239 720 1316 747 malis
1330 720 1447 754 aliquem
1459 720 1594 754 objicere?
1606 722 1645 748 Ad
1663 722 1720 749 luce

936 767 1015 800 igitur
1030 766 1095 794 utile
1112 767 1162 794 erit
1175 775 1311 802 apponere
1325 774 1385 802 qua:
1400 767 1426 794 in
1443 767 1561 801 Epistula
1579 769 1610 794 ad
1622 768 1720 795 Roma-

934 820 984 840 nos
1000 819 1015 838 a
1035 811 1119 839 Paulo
1140 814 1210 840 dicta
1232 813 1334 840 suntin
1360 814 1430 840 hunc
1452 813 1559 840 modum
1576 822 1583 840 :
1600 813 1718 840 Dicentes

934 867 960 886 re
980 867 1035 886 om
1057 860 1197 894 sapientes,
1224 860 1298 887 stulti
1316 860 1379 894 {acti
1410 865 1481 891 sunt,
1505 866 1528 886 et
1551 865 1717 887 ntutnverunt

84 902 251 936 πειρασμὸν,
268 902 348 928 οἱονεὶ
366 902 405 937 τῷ
421 903 547 929 νικᾶσθαι
562 903 642 930 αὐτὸν
659 905 811 940 παραδόντα

992 906 1044 932 iam
1069 906 1275 940 incorruptibilis
1295 906 1351 935 ,Dei
1377 906 1404 932 in
1427 906 1626 932 similitudinem
1650 907 1717 932 ima-

82 945 107 972 δ’
125 946 197 981 αὑτὴ
211 946 370 982 ἀπέμφασις
383 948 524 983 περιμένει
540 950 587 975 καὶ
600 950 645 977 τὸν
655 950 728 982 ὅπως
739 951 804 978 ποτὲ
817 950 880 986 ἐξη-

83 990 134 1024 γού
139 1000 221 1026 μενον
231 992 261 1018 τό
270 1002 277 1007 -
290 993 424 1027 Εὗχεσθε
433 994 476 1028 μὴ
486 995 635 1022 εἰσελθεῖν
645 996 690 1029 εὶς
701 997 876 1031 πειρασμόν.

82 1036 116 1064 Et
129 1037 185 1072 γὰρ
196 1038 281 1065 κακὸν
292 1039 322 1065 τὸ
335 1040 466 1074 ἐμπεσεῖν
479 1042 519 1073 εἰς
529 1042 691 1078 πειρασμὸν,
705 1043 773 1078 ὅπερ
783 1043 826 1069 ἴνα
840 1043 877 1079 μὴ

82 1083 218 1120 πάθωμεν
232 1086 377 1120 εὐχόμεθα,
392 1087 450 1118 πῶς
462 1087 512 1114 οὐκ
525 1087 625 1115 ἄτοπον
635 1090 705 1116 νοεῖν
716 1089 762 1116 τὸν
777 1088 878 1123 ἀγαθὸν

81 1128 163 1163 Θεὸν,
178 1130 215 1166 μὴ
229 1131 375 1166 δυνάμενον
392 1133 514 1168 καρποὺς
531 1134 624 1169 φέρειν
639 1135 783 1170 πονηροὺς,
798 1143 877 1170 περι-

81 1175 195 1203 ϐάλλειν
210 1176 271 1204 τινὰ
286 1179 342 1209 τοῖς
366 1180 477 1211 κακοῖς;
496 1180 637 1215 Χρήσιμον
660 1178 706 1207 οὖν
730 1181 769 1212 εἰς
790 1181 878 1208 ταῦτα

81 1222 257 1257 παραθέσθαι
273 1223 306 1250 τὰ
320 1225 348 1250 ἐν
363 1226 396 1259 τῇ
415 1224 482 1260 πρὸς
505 1225 655 1260 Ῥωμαίους
672 1226 724 1252 ὑπὸ
743 1227 790 1253 τοῦ
804 1227 877 1254 Παύ-

80 1267 132 1294 λου
155 1268 288 1304 εῐρημένα
305 1269 398 1296 τοῦτον
414 1270 459 1296 τὸν
480 1270 589 1306 τρόπον’
611 1271 783 1305 Φάσκοντες
800 1273 877 1299 εἶναι

80 1312 178 1346 σοφοὶ
203 1313 428 1347 ἐμωράνθησαν,
456 1315 504 1341 καὶ
528 1315 667 1349 ἤλλαξαν
693 1316 751 1350 τὴν
783 1317 876 1350 δόξαν

82 1357 140 1384 τοῦ
159 1358 311 1392 ἀφθάρτου
330 1359 403 1386 Θεοῦ
416 1360 451 1386 ἐν
468 1360 625 1395 ὁμοιώματι
644 1363 762 1395 εἰκόνος
783 1365 875 1396 φθαρ-

81 1401 138 1428 τοῦ
161 1401 328 1436 ἀνθρώπου,
353 1403 402 1430 καὶ
430 1404 582 1437 πετεινῶν,
607 1405 655 1431 καὶ
678 1407 873 1440 τετραπόδων,

80 1447 134 1474 καὶ
144 1447 291 1482 ἑρπετῶν
300 1448 343 1475 διὸ
356 1449 525 1484 παρέδωκεν
539 1452 649 1484 αὐτοὺς
662 1454 678 1478 ό
689 1453 761 1485 Θεὸς
768 1453 802 1479 ἐν
812 1454 876 1486 ταῖς

80 1493 254 1528 ἐπιθυμίαις
271 1493 330 1521 τῶν
351 1495 479 1529 καρδιῶν
501 1496 600 1523 αὐτῶν
617 1498 660 1530 εἰς
678 1498 873 1532 ἀκαθαρσίαν,

80 1540 136 1567 τοῦ
155 1539 344 1575 ἀτιμάζεσθαι
369 1541 405 1568 τὰ
432 1541 552 1576 σώματα
569 1543 667 1569 αὐτῶν
690 1544 725 1570 ἐν
746 1544 871 1577 ἑαυτοῖς.
888 1564 908 1592 C

80 1586 138 1612 Καὶ
162 1586 221 1621 μετ’
241 1587 333 1620 ὀλίγα’
359 1587 409 1614 Διὰ
433 1588 520 1615 τοῦτο
544 1589 714 1623 παρέδωκεν
735 1590 845 1624 αὐτοὺς
860 1591 874 1616 ὁ

81 1631 157 1664 Θεὸς
174 1633 219 1664 εὶς
234 1631 313 1665 πάθη
329 1633 459 1667 ἀτιμίας·
478 1634 508 1660 αῖ
525 1643 556 1660 τε
575 1634 631 1668 γὰρ
647 1634 762 1668 θήλειαι
778 1635 877 1662 αὐτῶν

77 1677 279 1711 μετήλλαξαν
302 1677 359 1711 τὴν
379 1679 515 1713 φυσικὴν
534 1679 646 1714 χρῆσιν
658 1682 702 1714 εἰς
721 1681 779 1715 τὴν
798 1681 876 1715 παρὰ

79 1722 195 1755 φύσιν·
217 1722 325 1756 ὁμοίως
346 1723 394 1749 καὶ
415 1725 442 1750 ol
460 1724 587 1758 ἄρσενες
603 1726 732 1760 ἀφέντες
750 1726 807 1760 τὴν
820 1736 876 1761 φυ-

79 1768 177 1802 σικὴν
197 1769 307 1803 χρῆσιν
325 1768 379 1803 τῆς
401 1771 522 1803 θηλείας
540 1771 758 1804 ἐξεκαύθησαν,
779 1773 826 1799 καὶ
842 1773 875 1799 τὰ

79 1814 156 1849 ἑξῆς.
171 1815 226 1840 Καὶ
241 1808 319 1840 πάλιν
339 1816 396 1849 μετ’
410 1816 502 1849 ὀλίγα·
522 1817 575 1843 Καὶ
597 1817 694 1849 καθὼς
707 1819 762 1844 οὐκ
781 1818 876 1844 ἐδοκί-

77 1868 185 1894 μασαν
198 1860 252 1887 τὸν
275 1862 348 1888 Θεὸν
364 1862 446 1896 ἔχειν
461 1862 495 1887 ὲν
510 1861 679 1896 ἐπιγνώσει,
705 1863 875 1896 παρέδωκεν

79 1906 193 1939 αὐτοὺς
206 1908 222 1933 ὀ
234 1907 306 1940 Θεὸς
318 1909 360 1940 εὶς
372 1908 514 1941 ἀδόκιμον
527 1908 602 1934 νοῦν
614 1908 710 1934 ποιεῖν
722 1908 758 1935 τὰ
767 1909 809 1942 μὴ
824 1918 875 1935 κα-

80 1951 223 1984 θήκοντα.
244 1953 317 1987 Πλὴν
333 1953 420 1979 ταῦτα
433 1953 520 1979 πάντα
538 1954 701 1988 προσεκτέον
713 1955 768 1985 τοῖς
782 1954 873 1980 διακό-

82 2007 180 2025 πτουσι
197 1999 246 2034 τὴν
257 1999 387 2034 Θεότητα,
406 2001 451 2026 καὶ
462 1999 570 2026 λεκτέον
588 2000 655 2036 πρὸς
669 2001 766 2032 αὐτοὺς
781 2001 873 2036 ἕτερον

80 2045 241 2080 νομξζοντας
252 2044 321 2072 εἶναι
333 2047 376 2072 τὸν
387 2046 489 2079 ἀγαθὸν
501 2047 610 2082 Πατέρα
619 2047 665 2073 τοῦ
678 2047 779 2081 Κυρίου
794 2048 872 2082 ἡμῶν

82 2090 161 2126 παρὰ
176 2091 222 2117 τὸν
240 2091 286 2118 τοῦ
303 2092 384 2127 νόμον
401 2091 466 2118 Θεόν
477 2100 483 2106 “
501 2093 524 2118 εἰ
543 2093 557 2118 ὁ
572 2092 673 2126 ἀγαθὸς
690 2093 754 2124 Θεὸς
777 2093 821 2119 τὸν
836 2093 872 2128 μὴ

79 2138 250 2172 τυγχάνοντα
275 2138 324 2173 τῆς
345 2139 426 2174 εὐχῆς
447 2138 551 2173 εἰσάγει
579 2140 618 2171 εἰς
640 2141 798 2176 πειρασμόν·
826 2141 872 2168 καὶ

80 2183 105 2209 εξ
124 2184 139 2209 ὁ
158 2183 252 2219 Πατὴρ
272 2183 318 2210 τοῦ
341 2184 441 2220 Κυρίου
458 2184 640 2220 παραδίδωσιν
660 2186 688 2212 ἐν
703 2187 761 2217 ταῖς
779 2186 872 2213 ἐπιου-

928 951 996 984 ginu
1019 951 1197 984 corruptibilis
1215 951 1330 978 hominis
1354 956 1377 978 et
1399 951 1534 978 volucrum
1557 956 1579 978 et
1600 952 1719 986 quadru-

926 998 1022 1028 pedum
1047 1001 1070 1022 et
1095 996 1273 1029 serpentium;
1297 1001 1405 1030 propter
1426 997 1495 1031 quod
1523 997 1635 1024 tradidit
1657 997 1717 1024 illeo

930 1040 999 1067 Deus
1016 1040 1044 1066 in
1062 1041 1193 1068 desideria
1215 1042 1303 1068 cordis
1331 1050 1435 1074 eorum,
1454 1043 1482 1069 in
1503 1042 1717 1075 immunditiam;

929 1092 958 1113 ut
970 1087 1136 1114 contumeliis
1148 1088 1260 1122 afficiant
1283 1096 1394 1121 corpora
1407 1096 1456 1114 sua
1475 1089 1502 1114 in
1523 1088 1667 1121 uenietipu'r
1682 1088 1714 1115 ¹⁸.

928 1133 961 1160 Et
978 1132 1056 1167 paulo
1071 1138 1131 1167 post
1146 1142 1153 1160 :
1170 1132 1313 1166 Propterea
1330 1133 1438 1159 tradidit
1451 1132 1511 1159 illos
1526 1133 1596 1160 Deus
1615 1134 1642 1160 in
1654 1141 1716 1166 pas-

927 1179 1013 1205 siones
1029 1178 1197 1212 ignominiis;
1211 1186 1270 1204 nam
1286 1177 1396 1211 feminte
1409 1186 1498 1204 eorum
1513 1178 1715 1205 inmutaverunt

928 1225 1079 1251 naturalem
1095 1233 1171 1250 usum
1185 1226 1212 1250 in
1227 1232 1287 1250 eunt
1305 1232 1392 1256 usum,
1408 1225 1453 1258 qui
1472 1230 1508 1250 est
1527 1229 1617 1250 contra
1635 1230 1714 1250 natu-

927 1279 994 1298 ram.
1011 1269 1140 1297 Similiter
1155 1275 1242 1297 autent
1258 1276 1280 1297 et
1295 1271 1406 1296 ntnsruli
1423 1269 1512 1296 relicto
1529 1269 1648 1296 naturali
1662 1278 1714 1296 usu

926 1317 1030 1351 feminis
1054 1321 1209 1342 exarserunt
1231 1316 1263 1348 ¹⁸,
1285 1321 1312 1343 et
1339 1315 1452 1348 reliqua.
1478 1315 1510 1342 Et
1533 1315 1630 1342 iterum
1654 1320 1715 1350 post

927 1369 1010 1396 pauca
1028 1370 1034 1388 τ
1062 1361 1093 1387 Et
1114 1362 1182 1387 sicut
1202 1369 1252 1387 non
1272 1361 1445 1394 probaverunt
1468 1359 1551 1386 Deum
1571 1359 1666 1385 habere
1686 1359 1716 1386 in

926 1407 1030 1436 notitia.
1046 1407 1155 1433 tradidit
1180 1407 1240 1432 illo:
1257 1406 1326 1431 Deus
1345 1406 1371 1431 in
1390 1405 1528 1438 reprobum
1552 1412 1669 1436 tensum,
1684 1408 1714 1431 ut

926 1453 1026 1485 faciant
1046 1461 1076 1479 ea
1097 1460 1156 1486 qua:
1180 1459 1231 1478 non
1256 1451 1410 1478 conveniunt
1433 1450 1463 1476 ".
1488 1449 1550 1476 Hinc
1572 1450 1606 1476 iis
1622 1449 1713 1476 omnia

926 1498 1081 1525 adducenda
1096 1502 1158 1524 sunt
1177 1497 1222 1531 qui
1236 1496 1353 1523 divinam
1375 1500 1469 1522 secant
1484 1500 1621 1528 naturam,
1639 1501 1713 1529 qnze-

927 1545 1095 1577 rcndumqne
1117 1544 1151 1570 ab
1175 1543 1215 1570 eis
1241 1543 1322 1569 alium
1349 1549 1410 1568 esse
1431 1541 1588 1576 potantibus
1612 1541 1714 1567 bonum

928 1589 1036 1616 Domini
1059 1588 1144 1615 nostri
1165 1588 1272 1614 Patrem
1290 1595 1305 1614 τι
1323 1587 1377 1614 Dco
1394 1587 1471 1621 legis,
1486 1594 1520 1612 an
1538 1585 1624 1612 bonus
1642 1586 1714 1613 Deus

927 1643 988 1662 eum
1010 1635 1056 1669 qui
1073 1634 1198 1661 oratiouna
1221 1633 1307 1668 petita
1330 1641 1382 1660 non
1399 1632 1586 1666 consequitur,
1603 1631 1714 1658 inducat

927 1681 952 1709 in
969 1680 1166 1711 tentationem;
1190 1687 1224 1705 an
1243 1679 1323 1705 Pater
1347 1678 1452 1705 Domini
1472 1678 1560 1705 tradat
1583 1684 1641 1709 eos,
1665 1678 1713 1711 qui

926 1725 1026 1759 aliquid
1039 1731 1116 1752 antea
1132 1729 1321 1759 peccaverunt,
1334 1724 1359 1750 in
1372 1723 1504 1750 desideria
1516 1722 1606 1751 cordis
1617 1729 1713 1750 eorum

926 1771 954 1799 in
982 1772 1182 1798 immunditiam
1206 1775 1235 1798 ut
1257 1770 1429 1798 contumeliis
1452 1769 1571 1797 alliciant
1597 1776 1712 1803 corpora

925 1825 972 1844 ι’κι
996 1818 1021 1844 in
1044 1817 1212 1850 semetipsis;
1232 1825 1277 1848 an,
1297 1821 1325 1842 ut
1343 1816 1392 1850 ipsi
1415 1815 1518 1848 dicunt,
1531 1814 1632 1848 judicio
1649 1822 1714 1848 sup-

925 1864 1058 1898 plicioque
1075 1863 1193 1894 omissis,
1206 1863 1295 1888 tradat
1310 1863 1336 1888 in
1358 1863 1498 1896 passiones
1517 1860 1672 1895 ignominiae
1684 1865 1712 1888 et

926 1910 952 1935 in
976 1909 1121 1943 reprobum
1141 1915 1261 1939 sensum,
1279 1912 1308 1934 ut
1326 1907 1426 1934 iaciant
1447 1915 1478 1933 ea
1493 1914 1554 1940 qua:
1571 1914 1624 1932 non
1646 1913 1712 1933 con-

926 1954 1053 1986 veniunt;
1070 1953 1147 1988 quasi
1174 1953 1199 1980 in
1218 1953 1361 1980 desideriis
1383 1953 1507 1980 cordium
1524 1959 1636 1979 suorum
1657 1959 1711 1979 non

925 2004 1017 2027 essent
1034 2000 1084 2026 nisi
1111 1999 1178 2033 ipsis
1196 2007 1210 2024 a
1236 1998 1289 2025 Deo
1312 1999 1415 2030 traditi,
1434 2006 1521 2033 neque
1542 1998 1713 2033 passionibus

929 2045 1086 2079 ignominiae
1102 2045 1309 2071 succubuissent
1327 2044 1378 2070 nisi
1400 2044 1491 2071 traditi
1510 2052 1525 2071 a
1542 2044 1604 2076 Deo.
1624 2051 1713 2077 neque

925 2092 951 2117 in
966 2098 1078 2117 sensum
1098 2090 1242 2123 reprobum
1262 2089 1418 2115 incidissent
1438 2088 1489 2115 nisi
1509 2089 1578 2115 Deus
1596 2087 1654 2115 illos
1670 2087 1711 2115 sic

924 2137 1065 2163 damnatos
1089 2136 1112 2162 ci
1133 2135 1301 2162 tradidisset.
1325 2135 1373 2162 llis
1390 2134 1450 2162 illos
1471 2135 1554 2170 probe
1574 2134 1635 2161 novi
1654 2138 1712 2161 tur-

924 2184 1014 2210 batutn
1027 2182 1058 2208 iri
1072 2181 1257 2208 vehementer.
1267 2180 1371 2209 Idcirco
1382 2180 1464 2208 alium
1477 2182 1614 2208 ﬁnxerunt
1626 2181 1711 2208 Deum

83 2229 159 2263 μῐαις
176 2229 231 2256 τῶν
243 2229 361 2264 καρδιῶν
374 2231 436 2262 τοὺς
446 2231 695 2266 προημαρτηκότας
706 2241 742 2263 τι,
757 2233 796 2264 εἰς
807 2244 810 2257 ι

984 2233 1022 2255 ter
1043 2234 1194 2254 creatorem
1217 2228 1277 2256 ραιΙί
1305 2232 1332 2255 et
1349 2233 1438 2261 teri-te,
1465 2229 1527 2262 quia
1552 2235 1614 2255 cum
1638 2227 1711 2262 ejus-

81 2269 196 2311 θαρσίαν
214 2275 260 2302 τοῦ
279 2275 458 2311 ἀτιμάζεσθαι
477 2277 510 2304 τὰ
533 2277 646 2312 σώματα
663 2277 751 2303 αὐτῶν
770 2278 799 2304 ὲν
820 2278 870 2303 αὒ-

80 2321 137 2351 τοῖς
148 2329 155 2335 ·
173 2321 220 2347 καὶ
232 2322 267 2352 εἰ,
281 2321 318 2353 ὡς
333 2323 408 2348 αὐτοι
420 2331 497 2357 φασι,
511 2322 558 2349 τοῦ
571 2323 672 2359 κρίνειν
685 2323 733 2349 καὶ
747 2323 871 2354 κολάζειν

81 2364 298 2400 ἀπηλλαγμένος,
311 2367 493 2402 παραδίδωσιν
504 2369 544 2400 si;
560 2368 631 2404 πάθη
649 2368 758 2403 ἀτιμίας
773 2369 819 2394 καὶ
832 2369 871 2399 εἰς

82 2411 209 2447 ἀδόκιμον
220 2412 283 2438 νοῦν
294 2415 378 2440 ποιεῖν
389 2414 422 2440 τὰ
436 2413 472 2449 μὴ
485 2413 638 2450 καθήκοντα
647 2423 653 2429 ·
667 2415 718 2440 οὑκ
730 2414 762 2440 ἂν
774 2414 802 2440 ὲν
812 2415 871 2445 ταῖς

83 2457 240 2492 ἐπιθυμίαις
260 2458 314 2484 τῶν
336 2459 453 2495 καρδιῶν
483 2459 586 2486 ἑαυτῶν
608 2460 797 2495 γεγενημένων
817 2459 870 2485 τῶν

85 2503 120 2538 μὴ
135 2503 340 2538 παραδοθέντων
357 2505 452 2536 αὑταῖς
468 2506 522 2532 ὑπὸ
536 2505 582 2532 τοῦ
598 2505 679 2532 Θεοῦ·
696 2505 750 2532 οὐδ’
765 2505 798 2532 ἂν
818 2505 869 2532 πά-

83 2549 154 2575 θεσιν
171 2550 282 2584 ἀτιμίας
296 2551 533 2579 ὑποπεπτωκότων
547 2553 600 2579 τῶν
618 2553 654 2588 μὴ
672 2553 724 2580 ὑπὸ
738 2552 785 2579 τοῦ
800 2553 867 2580 Θεοῦ

84 2595 288 2630 παραδοθέντων
302 2597 391 2628 αὐτοῖς
401 2606 407 2611 ·
424 2598 477 2624 οὐδ’
495 2598 527 2625 ἂν
545 2599 584 2630 εἰς
597 2599 724 2634 ἀδόκιμον
743 2599 803 2626 νοῦν
818 2608 868 2625 κα-

82 2640 271 2667 ταπιπτόντων
287 2642 372 2677 χωρὶς
385 2642 430 2668 τοῦ
444 2644 637 2679 παραδίδοσθαι
650 2645 723 2680 αὐτῷ
736 2645 788 2671 ὑπὸ
801 2644 868 2671 Θεοῦ

83 2685 142 2716 τοὺς
161 2685 232 2712 οὕτω
255 2687 510 2720 καταδικασθέντας.
541 2689 674 2721 Ἐκείνους
701 2689 750 2724 μὲν
770 2687 816 2716 οὖν
839 2688 868 2716 εὖ

82 2727 148 2762 οἶδα,
162 2731 202 2757 ὅτι
216 2731 318 2767 σφόδρα
330 2733 442 2768 ταράξει
456 2733 550 2761 ταῦτα.
562 2734 612 2761 Διὰ
623 2735 701 2761 τοῦτο
711 2735 790 2762 ἄλλον
804 2736 869 2762 ἁνα-

84 2775 233 2807 πλάσαντες
251 2776 327 2809 παρὰ
340 2777 384 2803 τὸν
400 2778 512 2814 ποιητὴν
525 2778 639 2813 οὐρανοῦ
657 2778 704 2805 καὶ
715 2778 767 2812 γῆς
790 2778 866 2809 Θεὸν,

119 2821 139 2836 ¹⁸
152 2820 230 2848 Rom.
246 2830 270 2854 ι,
287 2822 322 2848 Ξίὶ
333 2842 340 2853 ,
362 2822 408 2853 23,
430 2824 475 2850 24.
514 2824 536 2840 ¹⁸
549 2824 627 2856 lbitl.,
643 2823 688 2854 26,
699 2825 745 2851 27.

925 2275 997 2302 modi
1016 2275 1094 2310 26],
1116 2275 1201 2302 multa
1221 2275 1246 2301 iu
1268 2274 1326 2309 lege
1343 2282 1374 2302 ac
1391 2274 1529 2309 prophetis
1546 2274 1709 2306 invenirent.

923 2321 949 2348 in
980 2321 1030 2348 hoc
1055 2322 1225 2356 impegernnt
1248 2324 1278 2347 ut
1303 2321 1403 2347 bomnn
1430 2329 1482 2347 non
1509 2325 1636 2355 putarent
1662 2319 1708 2354 qui

922 2375 1004 2394 voces
1019 2367 1151 2401 ejusmodi
1170 2367 1338 2401 protulisset.
1355 2367 1438 2394 Nobis
1455 2374 1518 2392 vero
1534 2371 1645 2400 propter
1660 2366 1710 2392 dn-

924 2413 966 2438 bia
983 2420 1043 2446 quae
1060 2414 1194 2438 movimus
1211 2413 1245 2439 de
1257 2412 1299 2440 his
1317 2412 1405 2439 verbis
1421 2421 1427 2438 :
1441 2410 1482 2438 Νε
1496 2419 1541 2437 nos
1558 2411 1667 2437 inducas
1681 2411 1708 2437 in

924 2458 1102 2491 tentationzm,
1115 2459 1149 2485 ob
1162 2466 1221 2492 quae
1232 2460 1313 2485 etiam
1325 2457 1445 2492 Apostoli
1459 2464 1539 2484 voces
1551 2457 1576 2482 in
1589 2456 1707 2483 medium

923 2504 1096 2535 adduximus,
1113 2505 1338 2531 considerandum
1362 2508 1404 2530 est
1421 2511 1452 2529 an
1475 2503 1645 2529 inveniamus
1666 2501 1707 2528 di-

922 2556 989 2584 gnas
1015 2557 1110 2575 corum
1133 2557 1193 2583 quae
1218 2558 1370 2584 repugnare
1394 2550 1519 2576 videntur
1546 2547 1705 2575 solutiones.

920 2594 1047 2621 Arbitror
1071 2594 1152 2622 Deum
1171 2595 1291 2630 singulas
1309 2595 1456 2622 rationales
1473 2595 1578 2620 animus
1596 2594 1631 2620 ita
1652 2592 1707 2620 dis-

920 2646 1049 2673 pensare,
1063 2645 1090 2666 ut
1104 2640 1136 2666 ad
1152 2640 1344 2674 sempiternam
1360 2648 1452 2666 cnrutn
1468 2639 1550 2665 vitam
1564 2637 1704 2672 respiciat;

921 2684 1020 2711 habent
1048 2684 1119 2710 enim
1146 2683 1198 2710 illa:
1223 2690 1329 2718 semper
1355 2684 1469 2712 liberum
1494 2683 1647 2714 arbitrium,
1679 2687 1706 2708 et

919 2736 1013 2765 sponte
1026 2730 1065 2758 vel
1081 2730 1106 2756 in
1119 2729 1275 2756 melioribus
1287 2736 1349 2757 sunt
1361 2735 1388 2757 et
1401 2731 1553 2758 ascendunt
1567 2735 1706 2764 nsquequo

920 2777 953 2803 ad
974 2777 1106 2804 bonorum
1123 2776 1228 2810 apicem
1251 2778 1433 2811 pervenerint,
1456 2778 1497 2804 vel
1513 2776 1547 2804 ob
1567 2776 1705 2811 negligent-

784 2824 803 2839 ¹⁷
824 2823 903 2855 lbitl.,
925 2823 971 2851 23.

118 2867 185 2903 (95’)
201 2867 295 2897 Manta
308 2870 453 2898 sententia.
474 2870 629 2904 Legendqu
645 2880 651 2898 :
668 2871 801 2905 Ιίὖχεσθε
817 2879 845 2906 μ

825 2870 860 2905 μὴ
874 2870 1031 2903 summa},
1046 2875 1074 2898 ιιι
1089 2869 1159 2898 inira
1180 2868 1322 2905 repetitur.
1341 2868 1419 2896 Enn.
1435 2867 1552 2896 Ριιτιιοι..
