1843 3076
96 167 152 196 541

713 161 879 190 LIBELLUS
893 162 938 190 DE
953 162 1138 191 ORATIONE.

1683 162 1734 190 διε

97 230 171 260 υἱοῖς
195 227 308 264 Ἰσραὴλ
318 226 436 259 ἔκλαιον,
447 226 494 253 καὶ
506 225 530 252 οἱ
543 225 596 252 υἱοὶ
607 223 716 261 Ἰσραὴλ
733 225 781 250 σὺν
793 223 824 250 αὖ

1010 230 1055 250 um
1067 222 1225 254 comedetis,
1237 226 1266 248 ut
1278 228 1371 248 mense
1380 221 1487 257 integro
1500 222 1628 249 carnibus
1641 229 1733 250 vesca-

95 276 155 302 Καὶ
177 274 307 310 φανερὸν,
325 274 365 300 ὅτι
383 274 443 299 ὅσον
463 273 514 298 οὐκ
537 270 610 306 εἶχον
627 271 660 298 τὰ
679 270 894 305 ὲπιθυμούμενα,

90 320 184 356 κόρον
201 320 254 347 οὐκ
273 319 405 355 ἠδύναντο
426 317 515 344 αὐτῶν
534 317 635 349 λαϐεῖν,
654 317 714 343 οὐδὲ
740 315 895 343 παύσασθαι

93 366 146 393 τοῦ
169 365 291 397 πάθους·
317 364 385 391 ἀλλὰ
405 364 451 390 καὶ
475 364 489 389 ό
511 362 699 398 φιλάνθρωπος
721 362 768 389 καὶ
795 362 896 396 ἀγαθὸς

94 411 166 443 Θεὸς
177 411 268 442 διδοὺς
279 411 370 441 αὐτοῖς
381 409 412 436 τὸ
423 409 556 444 ὲπιθυμού
561 417 650 443 μενον,
661 409 710 443 οὐχ
721 407 807 440 οὕτως
818 408 895 435 ἐϐού-

93 458 159 484 λετο
174 457 275 485 διδόναι
290 457 361 484 ὥστε
377 455 573 483 καταλιπέσθαι
585 456 613 482 έν
627 455 717 487 αὐτοῖς
730 454 891 490 ἐπιθυμίαν·

91 504 194 540 διόπερ
202 504 269 539 φησι
282 504 318 539 μὴ
327 503 390 538 μίαν
401 503 507 538 ἡμέραν
516 501 650 537 φάγεσθαι
662 502 760 532 αὐτοὺς
769 501 802 527 τὰ
812 501 890 537 κρέα·

92 550 179 585 ἔμενε
196 550 250 585 γὰρ
265 549 297 576 ἂν
313 550 344 576 τὸ
359 549 444 581 πάθος
460 549 550 576 αὐτῶν
571 550 599 575 ὲν
617 549 650 584 τῇ
668 548 739 583 ψυχῇ
763 557 892 583 πεπυρω-

93 595 168 632 μένῃ
186 596 234 622 καὶ
260 595 412 631 φλεγομένῃ
434 595 478 621 ὑπ’
504 594 597 626 αὐτοῦ,
620 595 643 620 εί
670 595 713 620 ἐπ’
728 593 816 627 ὀλίγον
838 593 891 619 τῶν

91 642 188 677 κρεῶν
203 641 400 677 μετειλήφεσαν
412 641 478 677 (98).
503 641 573 667 Ἀλλ’
586 640 649 666 οὐδὲ
667 641 713 666 ἐπὶ
725 640 771 666 δύο
784 640 891 666 δίδωσιν

90 687 190 718 αὐτοῖς
201 686 233 712 τὺ
243 686 460 721 ὲπιθυμοὺμενον
470 685 524 721 ὴμέ
529 694 577 721 ρας
587 693 593 700 “
609 684 769 720 βουλόμενος
780 684 809 710 δὲ
825 684 891 711 αὐτὸ

88 733 250 768 προσκορές
269 733 361 764 αὐτοῖς
375 733 497 768 ποιῆσαι,
515 732 597 758 οἱονεὶ
617 731 667 757 οὐκ
682 730 887 765 ἐπαγγέλλεται,

88 778 163 804 ἀλλὰ
179 778 220 813 τῷ
234 779 353 805 συνιέναι
364 778 505 813 δυναμένῳ
520 777 626 804 ἀπειλεῖ
636 777 668 803 δι’
681 774 717 803 ὧν
730 775 888 812 χαρίζεσθαι

87 826 189 856 αὐτοῖς
210 826 307 857 ἐδόκει,
334 825 430 859 λέγων·
458 824 524 850 esse
547 823 627 850 πέντε
655 823 737 858 μόνας
761 823 887 857 ποιήσετε

88 871 202 906 ἡμέρας
210 871 344 904 ἐσθίοντες
352 871 386 898 τὰ
395 871 471 906 κρέα·
481 871 541 897 οὐδὲ
552 871 599 902 τὰς
607 871 709 897 τούτων
719 871 883 902 διπλασίους·

946 270 1025 302 mini,
1044 270 1129 296 donec
1143 276 1190 304 per
1207 276 1288 296 nares
1314 274 1394 296 exeat
1410 277 1443 296 ex
1460 269 1566 296 cholera
1583 270 1689 301 morbo,
1707 274 1734 296 et

945 315 973 343 id
992 315 1064 348 quod
1080 315 1157 342 vobis
1175 314 1275 341 bonum
1291 315 1379 341 visum
1402 318 1455 346 est,
1477 319 1503 342 et
1524 315 1731 349 vituperandum

945 362 1008 397 ejus
1020 369 1052 389 ac
1067 365 1146 395 turpe
1170 360 1346 387 desiderium.
1361 359 1400 387 Ita
1417 367 1466 387 vos
1483 367 1498 387 a
1517 360 1569 388 vita
1585 361 1732 388 removebo

944 406 1011 434 nihil
1021 406 1138 441 amplius
1147 405 1298 440 cupientes,
1312 408 1340 431 ut
1353 405 1420 432 tales
1431 406 1542 439 egressi,
1555 406 1615 440 puri
1627 405 1732 434 scilicet

943 459 958 478 a
974 451 1099 486 cupidine
1113 455 1141 478 et
1155 457 1292 478 memores
1306 457 1353 484 per
1366 454 1432 484 quot
1445 449 1554 478 labores
1568 451 1602 478 ab
1616 458 1648 478 ea
1661 451 1732 479 libo-

943 498 995 524 rati
1011 497 1087 530 sitis,
1100 497 1210 532 possitis
1226 500 1273 523 aut
1285 496 1311 523 in
1323 501 1383 522 eam
1398 495 1510 530 posthac
1528 503 1581 523 non
1598 497 1729 531 incidero,

943 548 999 576 aut,
1016 543 1039 571 si
1058 543 1204 577 aliquando
1223 543 1250 570 id
1273 542 1380 570 accidat
1395 546 1456 577 post
1477 541 1556 577 longa
1576 547 1729 579 tempontm

942 589 1101 620 intervalla,
1131 589 1207 616 obliti
1234 596 1294 623 quae
1323 593 1434 624 propter
1459 588 1633 623 cupiditatem
1662 589 1729 617 estis

940 635 1074 669 perpessi,
1098 634 1120 661 si
1138 634 1216 661 vobis
1239 642 1290 661 non
1312 636 1379 662 satis
1401 635 1548 662 attendatis
1573 643 1621 662 nec
1642 636 1730 662 susci-

940 681 1023 714 piatis
1036 680 1150 707 verbum
1164 681 1234 714 qnod
1248 680 1369 715 perfecte
1380 681 1414 708 ab
1425 681 1499 708 omni
1512 682 1608 708 morbo
1619 681 1727 715 liberat,

939 726 966 752 in
991 726 1061 753 mala
1084 726 1227 758 incidatis;
1253 731 1345 760 postea
1364 733 1428 753 vero
1453 734 1516 753 cum
1534 734 1583 754 vos
1600 727 1727 754 nascendi

938 771 1036 805 cupido
1049 771 1202 803 incesserit,
1213 771 1297 798 oretis
1308 770 1463 799 desiderata
1476 772 1573 799 itcrum
1585 773 1727 806 consequi,

937 824 1024 850 eaque
1050 816 1139 849 exosi,
1167 816 1206 843 sic
1231 823 1325 843 rursus
1354 817 1388 844 ad
1415 817 1526 845 meliora
1548 818 1728 852 cmlcstesque

937 861 1013 888 cibos
1027 868 1169 888 recurrere
1187 871 1194 888 :
1213 861 1310 896 quibus
1324 863 1491 897 contemptis
1507 863 1642 892 deteriora
1656 871 1728 898 qua:-

85 905 157 943 οὐδὲ
178 917 218 944 ἔτι
244 918 293 949 τὰς
317 905 426 944 ἐκείνων
452 917 624 949 διπλασίους·
648 917 705 944 ἀλλ’
722 918 767 943 ἐπὶ
790 926 812 943 τι

998 908 1051 934 itis.
1076 907 1178 935 Eadem
1199 914 1233 934 ac
1257 907 1296 934 illi
1324 908 1462 942 patientur
1490 910 1536 944 qui
1560 915 1725 939 mutaverunt

86 971 136 988 τον
152 962 209 998 (99)
225 963 356 997 φάγεσθε,
367 964 409 998 ἐφ’
423 963 482 989 ὅλον
497 962 722 998 κρεωφαγοῦντες
739 962 820 997 μῆνα,
832 962 885 993 ἕως

86 1007 189 1044 ἐξέλθῃ
205 1009 236 1035 ὲκ
256 1009 309 1036 τῶν
326 1010 472 1044 μυκτήρων
492 1008 560 1044 μετὰ
575 1008 715 1044 χολερικοῦ
737 1008 840 1038 πάθους
854 1007 884 1034 τὺ

86 1053 285 1088 νενομισμένον
299 1054 363 1089 ὑμῖν
376 1054 466 1085 καλὸν,
483 1053 531 1080 καὶ
543 1055 559 1088 ἡ
576 1053 641 1088 περὶ
657 1053 722 1079 αὐτὸ
736 1053 823 1087 ψεκτὴ
837 1052 884 1078 καὶ

85 1099 194 1134 αἰσχρὰ
208 1099 354 1134 ἐπιθυμία⁸
367 1099 399 1125 ἶν’
414 1100 485 1134 ὑμᾶς
497 1098 644 1132 ἀπαλλάξω
655 1099 701 1125 τοῦ
715 1098 771 1133 βίου
785 1099 883 1133 μηκέτι

86 1144 301 1179 ὲπιῦιιμοῦντας,
322 1145 369 1171 καὶ
384 1144 502 1172 ’τοιοῦτοι
523 1145 685 1178 ἐξελθόντες,
700 1145 831 1180 δυνηθῆτε
845 1145 883 1176 ὡς

85 1190 208 1226 καθαροὶ
223 1191 276 1217 ἀπὸ
296 1191 454 1226 ἐπιθυμίας,
474 1191 643 1226 μεμνημένοι
655 1199 685 1217 τε
700 1191 732 1217 δι’
748 1191 816 1217 ὅσων
834 1190 883 1216 πό-

84 1244 142 1262 νων
160 1237 245 1272 αὺτῆς
261 1237 448 1273 ἀπηλλάγητε,
463 1237 521 1272 ἦτοι
539 1237 670 1272 μηδαμῶς
687 1237 755 1272 αὐτῇ
769 1245 882 1271 περιπε-

86 1283 146 1308 σεῖν
162 1282 200 1309 ἑτι
210 1291 216 1297 ⁸
230 1282 257 1318 ἢ,
268 1283 293 1309 εἰ
309 1283 363 1319 ἄρα
373 1283 451 1310 τοῦτό
460 1291 524 1309 ποτε
535 1283 638 1317 γίνεται
651 1284 769 1318 μακραῖς
778 1282 881 1317 χρόνων

84 1329 235 1364 περιόδοις,
247 1329 484 1364 ἐπιλανθανόμενοι
495 1326 532 1356 ὧν
548 1329 699 1356 πεπόνθατε
710 1329 753 1355 διὰ
764 1329 814 1363 τὴν
826 1330 882 1355 ἐπι-

86 1375 201 1410 θυμίαν,
219 1375 267 1401 ἐὰν
284 1375 321 1411 μὴ
336 1377 442 1407 ἑαυτοῖς
457 1375 620 1410 προσέχητε,
638 1375 685 1401 καὶ
706 1375 751 1401 τὺν
771 1375 881 1406 τελείως

85 1420 297 1447 ἀπαλλάττοντα
313 1421 416 1452 πάθους
432 1421 531 1452 παντὸς
548 1420 626 1454 λόγον
643 1419 807 1455 ἀναλάϐητε,
824 1421 881 1450 τοῖς

84 1468 185 1498 κακοῖς
211 1468 384 1502 περιπεσεῖτε
410 1466 462 1502 (1)·
485 1466 598 1501 ὕστερόν
621 1474 650 1492 τε
676 1466 726 1500 τῆς
747 1465 880 1499 γενέσεως

84 1510 316 1547 ἐπιθυμήσαντες,
331 1511 412 1538 πάλιν
427 1511 541 1546 δεηθῆτε
554 1510 599 1536 τοῦ
613 1511 653 1541 δὶς
666 1511 756 1544 τυχεῖν
768 1506 805 1535 ὧν
819 1510 879 1535 ἐπι-

84 1556 211 1592 θυμεῖτε,
221 1558 386 1592 μισήσαντες
398 1557 428 1583 τὸ
439 1557 572 1592 έπιθυμού
577 1565 666 1592 μενον,
678 1556 724 1582 καὶ¹
737 1556 797 1582 τότε
808 1555 879 1582 οὕτω

80 1602 279 1638 ’παλινδρομεῖν
291 1603 337 1628 ἐπὶ
346 1603 381 1629 τὰ
392 1602 461 1629 καλὰ
471 1603 516 1629 καὶ
529 1603 578 1637 τὴν
586 1603 710 1638 οὐράνιον
722 1603 834 1638 τροφὴν,
845 1600 879 1638 ἦς

83 1649 343 1683 καταφρονήσαντες
360 1648 414 1675 τῶν
436 1649 566 1684 χειρόνων
590 1648 750 1683 ὠρέχθησαν
771 1649 820 1683 (2).
843 1649 880 1674 Τὸ

83 1691 179 1726 ὅμοιον
195 1690 240 1718 οὖν
253 1693 356 1724 τούτοις
371 1693 508 1720 πεῖσονται
521 1695 545 1720 οἱ
557 1693 747 1726 ἀλλάξαντες
760 1693 818 1727 τὴν
831 1693 880 1720 δό-

83 1735 144 1769 ξαν
165 1737 217 1764 τοῦ
233 1737 306 1764 Θεοῦ
326 1738 378 1765 τοῦ
393 1738 556 1773 ἀφθάρτου,
574 1739 610 1766 ἐν
632 1738 789 1774 ὁμοιώματι
803 1741 880 1767 εἰκό-

83 1791 140 1816 νος
149 1785 282 1817 φθαρτοῦ
296 1785 464 1818 ἀνθρώπου,
481 1785 529 1812 καὶ
546 1785 699 1817 πετεινῶν,
716 1786 764 1813 καὶ
780 1795 880 1820 τετρα-

84 1828 198 1861 πόδων,
215 1829 264 1856 καὶ
277 1830 419 1864 ἑρπετῶν,
434 1831 478 1858 διὰ
498 1831 545 1858 τοῦ
563 1832 809 1866 ὲγκαταλείπεσθαι
827 1842 879 1860 πα-

86 1874 254 1909 ραδιδόμενοι
267 1876 301 1902 ἐν·
310 1876 375 1909 ταῖς
385 1877 555 1911 ἐπιθυμίαις
566 1877 626 1904 τῶν
638 1877 766 1911 καρδιῶν
779 1877 879 1904 αὐτῶν

83 1920 128 1952 εις
143 1920 340 1954 ἀκαθαρσίαν,
355 1922 409 1948 τοῦ
430 1923 617 1957 ἀτιμάζεσθαι
636 1924 673 1949 τὰ
688 1923 809 1958 σώματα
826 1923 879 1950 τῶν

83 1967 126 1998 εις
148 1967 251 2002 ἄψυχον
278 1968 357 2003 σῶμα
387 1969 434 1995 κει)⁸
456 1969 617 2005 ἀναίσθητον
635 1969 877 1996 καταϐιϐασάντων

83 2012 115 2039 τὺ
130 2012 214 2048 ὄνομα
228 2013 274 2040 τοῦ
289 2015 354 2040 πᾶσι
365 2016 421 2046 τοῖς
433 2015 605 2050 αἰσθομένοις
618 2015 736 2050 λογικοῖς
747 2016 778 2041 οὐ
798 2016 878 2051 μόνον

83 2058 115 2085 τὸ
131 2059 285 2091 αἰσθέσθαι,
299 2060 367 2086 ἀλλὰ
383 2062 429 2087 καὶ
443 2061 474 2087 τὸ
484 2061 601 2095 λογικῶς
612 2062 763 2094 αἰσθέσθαι,
780 2062 834 2088 τισὶ
849 2062 877 2088 δὲ

83 2096 263 2137 καὶ⁷⁷τε).είως
286 2106 332 2132 καὶ
357 2107 493 2142 ἐναρέτως
509 2107 651 2135 αἰσθέσθαι
668 2109 715 2134 καὶ
739 2109 809 2134 νοεῖν
829 2116 878 2142 χα-

85 2149 244 2185 ρισαμένου.
270 2151 324 2177 Καὶ
353 2152 470 2186 εὐλόγως
495 2153 521 2179 οἱ
545 2153 661 2180 τοιοῦτοι
685 2153 876 2189 παραδίδονται

84 2194 137 2220 ὑπὸ
159 2194 207 2221 τοῦ
235 2196 460 2230 καταλειφθέντος
486 2198 530 2225 ὑπ’
555 2198 644 2225 αὐτῶν
664 2199 741 2230 Θεοῦ,
766 2200 877 2226 ἀντικα-

934 953 1047 988 gioriam
1069 953 1117 980 Dei
1141 953 1347 984 incorruptibilit
1371 955 1399 980 in
1426 955 1628 984 similitudinem
1655 957 1725 983 ima-

935 999 1002 1033 ginis
1019 1000 1198 1034 corruptibilis
1215 1000 1329 1027 hominis
1346 1007 1369 1028 et
1389 1001 1525 1028 volucrum
1538 1007 1561 1028 et
1575 1002 1726 1036 quadrupe-

935 1045 997 1071 dum
1011 1051 1033 1071 et
1051 1047 1208 1080 serpentium
1222 1047 1256 1080 ²¹,
1278 1054 1311 1074 eo
1325 1048 1396 1081 quod
1413 1047 1535 1075 derelicti
1559 1049 1652 1076 traditi
1669 1050 1724 1077 sint

934 1091 962 1117 in
982 1091 1113 1117 desideria
1140 1091 1261 1118 cordium
1280 1101 1389 1120 sitorum
1411 1093 1438 1118 in
1462 1093 1669 1126 immunditiam,
1695 1099 1724 1122 ut

933 1136 1078 1170 ignominia
1093 1137 1206 1171 aﬂ‘t‘ciant
1227 1145 1337 1171 corpora
1361 1138 1412 1172 ipsi
1427 1147 1477 1165 sua
1497 1139 1530 1172 “,
1546 1139 1594 1173 qui
1614 1141 1722 1174 corpori

934 1183 1023 1208 anima
1038 1189 1175 1217 sensuque
1191 1184 1293 1210 carenti
1311 1184 1466 1211 tribuerunt
1482 1185 1540 1220 ejus
1553 1193 1661 1218 nomen,
1675 1187 1721 1222 qui

933 1228 1072 1255 seusitivls
1084 1229 1211 1257 omnibus
1225 1235 1253 1256 et
1271 1229 1461 1269 rationalibus,
1475 1238 1527 1258 non
1541 1231 1628 1265 ipsum
1643 1233 1722 1260 modo

932 1275 1035 1302 sentire
1061 1281 1088 1302 et
1112 1283 1173 1302 cum
1198 1277 1305 1303 ratione
1334 1277 1454 1311 sentire,
1485 1278 1533 1305 sed
1558 1279 1722 1313 quibusdam

932 1322 1016 1348 etiam
1035 1321 1155 1355 perfecte
1179 1327 1207 1348 et
1225 1329 1287 1349 cum
1303 1323 1404 1350 virtute
1426 1325 1527 1351 sentire
1543 1324 1667 1359 largitur.
1682 1326 1722 1353 Ac

929 1365 990 1399 jure
1014 1366 1121 1400 quidem
1151 1366 1188 1393 illi
1215 1367 1249 1394 ab
1276 1376 1308 1395 eo
1335 1376 1416 1402 quem
1441 1369 1645 1403 dereliqtterunt
1666 1370 1722 1399 Deo

933 1413 1052 1439 vicissim
1079 1412 1305 1448 derelinquutttur
1331 1419 1358 1441 et
1378 1415 1520 1442 traduntur
1541 1416 1569 1442 in
1585 1417 1720 1450 passiones

931 1459 1095 1493 ignominia},
1112 1467 1187 1494 aequa
1219 1459 1322 1486 erroris
1355 1461 1479 1488 mercede
1509 1467 1636 1496 recepta,
1667 1469 1721 1495 quo

931 1505 1096 1539 voluptatem
1126 1504 1292 1532 immundam
1320 1505 1487 1535 dilexerunt.
1514 1506 1617 1535 Iustior
1645 1508 1719 1535 enim

931 1550 971 1577 eis
1008 1551 1110 1578 erroris
1149 1551 1293 1579 retributio
1330 1552 1372 1584 ﬁt,
1412 1560 1472 1579 cum
1513 1553 1659 1580 traduntur
1691 1554 1720 1582 in

933 1598 1066 1631 passiones
1107 1598 1277 1632 ignominiaa,
1318 1607 1400 1634 quam
1437 1599 1466 1627 .si
1506 1600 1568 1634 igne
1606 1600 1720 1634 spiritali

931 1643 1011 1678 263
1023 1648 1215 1677 purgarentur,
1230 1649 1257 1672 et
1271 1645 1295 1672 in
1310 1653 1422 1672 carcere
1438 1646 1613 1680 exigerentur
1628 1647 1662 1673 ab
1677 1647 1719 1673 eis

930 1690 1019 1716 omnia
1037 1691 1125 1717 debita
1140 1691 1173 1718 ad
1188 1691 1365 1719 novissimum
1382 1699 1468 1726 usque
1483 1693 1664 1727 quadrantem
1682 1693 1718 1722 ³³.

930 1735 996 1762 Cum
1015 1735 1086 1762 enim
1103 1737 1194 1763 traditi
1211 1741 1273 1764 sunt.
1286 1737 1460 1771 passionibus
1481 1737 1647 1773 ignominia;
1664 1747 1719 1767 non

931 1782 964 1809 iis
987 1783 1066 1809 modo
1088 1790 1148 1817 qua:
1164 1788 1269 1809 naturae
1291 1784 1475 1816 consentiunt,
1496 1785 1544 1812 sed
1573 1787 1720 1815 contrariis

930 1827 1012 1854 etiam
1041 1833 1146 1854 natura:
1166 1828 1303 1863 plurimis,
1323 1829 1502 1863 inqttinantur
1518 1835 1545 1858 et
1568 1839 1651 1859 carne
1674 1832 1718 1859 in-

929 1878 1089 1899 crassantur
1102 1874 1180 1908 quasi
1197 1875 1314 1901 animum
1330 1875 1445 1910 amplius
1458 1880 1504 1902 aut
1521 1881 1638 1904 mentem
1652 1882 1718 1905 tunc

930 1926 982 1945 non
1000 1918 1127 1952 habeant,
1145 1920 1192 1946 sed
1209 1920 1256 1947 toti
1280 1928 1379 1948 carnes
1391 1922 1461 1954 sint;
1481 1923 1506 1948 in
1532 1923 1592 1958 igne
1608 1931 1671 1950 vero
1689 1928 1717 1952 et

929 1972 1038 1992 carcere
1061 1973 1112 1992 non
1140 1965 1347 1993 retributionem
1371 1968 1475 1995 erroris
1498 1969 1646 2003 accipiunt,
1669 1970 1717 1997 sed

929 2011 1106 2044 beneﬁcium,
1122 2019 1184 2039 cum
1198 2013 1362 2040 salutaribus
1373 2015 1505 2042 aerumnis
1521 2020 1674 2051 purgantur
1689 2020 1717 2043 et.

929 2057 961 2084 iis
985 2058 1135 2085 liberantur
1159 2059 1241 2087 malis
1263 2068 1324 2095 quae
1344 2061 1491 2096 voluptatis
1515 2067 1649 2089 amatores
1671 2069 1715 2089 se-

928 2109 1058 2138 quuntur,
1074 2105 1201 2132 sordibus
1223 2106 1327 2134 scilicet
1346 2113 1373 2134 et
1392 2108 1535 2143 sanguine,
1559 2108 1717 2143 quibusvin-

928 2149 1032 2183 quinati
1058 2156 1084 2177 et
1107 2151 1201 2178 infecti
1227 2160 1260 2180 ne
1285 2154 1408 2187 cogitare
1432 2154 1543 2188 quidem
1576 2159 1714 2189 poterant,

927 2197 1064 2229 quomodo
1081 2199 1114 2223 ab
1129 2198 1240 2224 interitu
1256 2206 1305 2225 suo
1321 2200 1504 2228 salvarenlur.
1517 2201 1612 2227 Ablue!
1625 2202 1716 2236 itaque

83 2239 274 2274 ταλειπόμενοι
287 2241 333 2267 ὑπ’
346 2242 438 2274 αὐτοῦ,
455 2245 498 2276 εὶς
521 2243 556 2270 τὰ
575 2244 630 2278 τῆς
645 2245 763 2278 ἀτιμίας
784 2253 810 2271 π‹

989 2251 1001 2269 s
1016 2244 1118 2269 sordent
1129 2243 1246 2277 ﬁliorum
1256 2250 1280 2271 et
1299 2244 1417 2278 ﬁliarum
1429 2246 1512 2279 Sion;
1523 2252 1547 2273 et
1560 2248 1713 2282 sanguinem

83 2284 133 2319 τὴν
156 2285 329 2320 ἀντιμισθίαν
347 2288 396 2323 τῆς
419 2288 525 2324 πλάνης
551 2290 584 2316 δι’
601 2288 635 2326 ἦς
652 2290 800 2325 ἠγάπησαν
815 2290 873 2325 ψω-

84 2328 186 2365 ρὼδους
202 2331 297 2366 ἡδονῆς
319 2328 567 2368 ἀπολαμϐάνοντες,
591 2335 698 2362 Μᾶλλον
712 2336 766 2371 γὰρ
789 2338 805 2372 ἡ
825 2337 874 2363 ἀν-

82 2375 207 2409 τιμισθὶα
221 2377 271 2411 τῆς
295 2378 397 2414 πλάνης
415 2381 507 2413 αὐτοῖς
525 2381 662 2416 ἐγγίνεται
690 2382 872 2418 παραδιδομέ-

85 2430 139 2452 νοις
170 2423 214 2454 εἰς
236 2423 313 2457 πάθη
337 2425 466 2459 ἀτιμίας,
489 2427 560 2463 ἥπερ
584 2428 623 2463 τῷ
653 2428 776 2464 φρονίμῳ
808 2429 873 2464 πυρὶ

85 2465 309 2502 καθαιρομένας,
331 2470 378 2496 καὶ
405 2473 433 2498 ὲν
456 2473 489 2507 τῇ
512 2473 624 2508 φυλακῇ
642 2474 874 2509 ἐκπρασσομένοις

84 2511 165 2547 μέχρι
179 2514 226 2540 τοῦ
243 2515 357 2550 ἐσχάτου
381 2517 527 2553 κοδράντου
548 2518 662 2546 ἕκαστον
681 2520 735 2546 τῶν
749 2520 874 2555 ὀφλημά-

82 2564 144 2583 των.
165 2558 209 2584 Ἐν
221 2559 275 2594 γὰρ
289 2560 328 2595 τῷ
343 2560 456 2589 πάθεσιν
468 2563 589 2598 ἀτιμίας,
600 2564 630 2590 οὐ
645 2564 723 2599 μόνον
735 2567 791 2596 τοῖς
802 2565 874 2592 κατὰ

83 2602 173 2636 φύσιν,
189 2603 255 2631 ἀλλὰ
277 2606 324 2632 καὶ
346 2606 453 2638 πολλοῖς
468 2607 521 2634 τῶν
538 2608 612 2644 παρά
630 2609 709 2644 φύσιν
728 2610 872 2645 παραδίδο-

83 2647 153 2681 σθαι,
167 2649 381 2684 μολύνονταικαὶ
394 2654 445 2679 ὑπὸ
455 2654 506 2689 τῆς
520 2655 620 2690 σαρκὸς
633 2655 806 2690 παχύνονται,
820 2656 873 2681 οἱο-

82 2693 120 2718 νεὶ
139 2694 232 2721 οὐκέτι
250 2694 357 2730 ἔχοντες
374 2697 435 2723 τότε
451 2698 550 2733 ψυχὴν,
571 2699 631 2725 οὐδὲ
648 2698 719 2730 νοῦν,
740 2699 798 2725 ἀλλ’
816 2699 871 2725 ὅλοι

927 2288 1077 2314 emuudabit
1088 2289 1120 2315 de
1134 2291 1220 2316 medio
1229 2299 1319 2318 eorum
1331 2293 1358 2319 in
1372 2293 1468 2328 spiritu
1476 2293 1605 2327 judiciiet
1619 2293 1714 2328 spiritu

927 2334 1114 2361 combustionis
1133 2335 1166 2362 ³³.
1194 2335 1349 2371 Ingreditur
1367 2338 1447 2371 enim,
1470 2339 1547 2373 quasi
1567 2339 1634 2373 ignis
1650 2347 1714 2366 con-

926 2380 1036 2413 ﬂatorii.
1058 2386 1082 2407 ει
1103 2382 1179 2414 quasi
1195 2383 1275 2410 herba
1298 2384 1445 2412 lavantium
1457 2384 1492 2417 “,
1504 2385 1598 2412 lavans
1609 2391 1637 2412 et
1650 2393 1715 2419 pur-

926 2433 994 2460 gans
1007 2434 1055 2453 eos
1069 2428 1114 2461 qui
1128 2427 1260 2461 ejusmodi
1279 2430 1486 2457 medicamentis
1505 2430 1637 2464 indigent,
1653 2430 1714 2457 ideo

926 2472 996 2504 quod
1018 2472 1124 2506 probati
1142 2472 1225 2500 Deum
1243 2474 1339 2502 [tubere
1359 2476 1387 2502 in
1412 2476 1505 2502 notitia
1521 2475 1657 2502 noluerint
1675 2476 1711 2508 '6;

926 2518 1024 2552 quibus
1048 2526 1077 2545 se
1099 2519 1170 2546 ultro
1187 2520 1334 2554 tradentes,
1356 2521 1502 2555 reprobum
1523 2529 1632 2548 sensum
1651 2521 1713 2548 odio

925 2563 1064 2591 habebunt
1082 2565 1181 2601 (neque
1203 2567 1275 2594 enittt
1296 2561 1425 2602 cuiquam
1445 2567 1515 2595 Deus
1535 2567 1634 2595 bonutn
1657 2568 1714 2595 vult

926 2609 1004 2642 quasi
1027 2611 1192 2639 necessitate
1217 2612 1286 2646 lieri,
1311 2613 1359 2640 sed
1381 2612 1547 2649 voluntate);
1574 2621 1635 2640 curn
1658 2613 1713 2642 sint

926 2654 1042 2682 iortasse
1056 2656 1164 2690 quidam
1179 2658 1225 2690 qui
1244 2665 1293 2691 pro
1317 2658 1395 2693 longa
1413 2660 1540 2687 vitiorum
1564 2664 1711 2687 consuetu-

925 2701 989 2728 dine
1005 2701 1048 2728 νῆις
1066 2709 1159 2729 eorum
1175 2703 1367 2737 turpitudinem
1385 2706 1621 2740 comprehendant
1635 2713 1712 2734 aver-

116 2762 137 2777 “
153 2762 234 2789 Rom.
249 2770 269 2796 t,
281 2763 327 2790 22.
364 2765 386 2780 ¹⁹
399 2765 479 2798 lbitl.,
490 2766 536 2793 24.
574 2767 597 2782 ’³
609 2767 703 2794 Matth.
716 2775 744 2798 v.
757 2766 802 2794 26.
841 2769 843 2782 τ

841 2767 864 2782 ¹⁵
878 2768 929 2795 ls:i.
945 2777 981 2801 tv,
995 2769 1021 2796 4.
1060 2769 1083 2785 ’⁸
1099 2769 1215 2797 Malach.
1231 2778 1273 2804 ttt,
1284 2771 1311 2797 ἒ.
1350 2772 1374 2788 ³⁸
1386 2772 1466 2801 Rom.
1483 2782 1503 2807 ι,
1518 2773 1563 2803 28.

117 2820 170 2862 (θῇ)
183 2821 274 2848 Codex
289 2829 352 2856 ms.,
371 2823 577 2859 μετειλήφεσαν.
593 2825 682 2852 Editio
696 2825 798 2860 Oxon.,
819 2835 868 2862 με-

81 2856 248 2891 τειλήφασιν.
371 2856 377 2858 ⁷
473 2856 479 2859 ⁷
488 2856 494 2858 ⁷
791 2856 796 2860 ⁷
819 2856 827 2862 ⁷
838 2885 841 2886 ,

116 2890 172 2927 (99)
187 2892 279 2920 Codex
303 2899 367 2929 ms.,
393 2893 527 2922 τοσοῦτον.
550 2895 638 2924 Editio
654 2895 754 2931 0x0n.,
775 2897 867 2924 τοσού‹

921 2835 983 2853 των.

956 2865 994 2900 tl)
1008 2863 1309 2900 _{7€gl:reasts._[.Pgo,
1322 2864 1504 2900 περιπέσητε,

966 2897 992 2931 2)
1008 2897 1197 2933 Ὡρέχϐησαν.
1213 2897 1294 2934 Lego,
1312 2897 1495 2937 ὡρέχθήσατε.
