1843 3076
104 104 158 135 549

744 97 913 126 LIBELLUS
933 96 977 124 DE
995 97 1181 127 ORATlONE.

1681 97 1733 126 550

103 163 261 196 νατοῦσθαι,
290 164 337 190 καὶ
359 161 515 198 βαλλόμενοι
537 159 590 187 ὑπὸ
613 158 667 186 τῶν
688 157 742 185 τοῦ
762 158 896 192 πονηροῦ

989 165 1002 184 ιι
1025 157 1210 184 accenduntur
1226 163 1290 184 vero
1305 155 1351 191 qui
1365 159 1440 183 scuto
1454 155 1517 190 ﬁdei
1532 154 1620 183 omnia
1631 157 1734 183 exstin-

104 208 325 243 πεπυρωμένων
348 206 452 239 ,βελῶν
477 205 514 241 μὴ
537 203 705 231 ἀνάπτεσθαι
730 203 775 229 ὑπ’
796 203 895 229 αὐτῶν.

109 255 289 281 Ἀνάπτονται
305 253 334 279 δὲ
359 253 405 279 ὑπ’
427 251 516 278 αὐτῶν
541 251 652 282 πάντες,
675 246 723 281 ὧν,
749 249 819 275 κατά
837 256 899 276 τινα.

102 301 157 328 τῶν
173 299 290 331 δώδεκα,
304 300 333 325 al
350 297 468 332 καρδίαι
480 297 520 330 ὠς
529 297 673 329 κλίϐανος
692 295 879 330 ἐγενήθησαν
890 302 897 309 ·

103 347 154 373 οὐκ
170 345 335 372 ἀνάπτονται
351 344 379 370 δὲ
394 343 418 370 οἱ
433 342 471 377 τῷ
485 342 579 377 θυρεῷ
592 341 647 376 τῆς
660 342 787 373 πίστεως
800 340 898 367 πάντα

103 392 289 424 σϐεννύντες
303 390 339 417 τὰ
356 390 580 424 ἐπιπεμπόμενοι
598 388 689 419 αὐτοῖς
702 385 899 421 πεπιψωμένα

102 437 163 465 ὑπὸ
183 437 238 464 τοῦ
262 436 395 470 ποντιροῦ
416 435 512 470 ,βέλη-
534 434 603 462 ὲπὰν
627 436 725 469 ἔχωσιν
749 435 777 460 ὲν
793 434 898 464 ἑαυτοῖς

103 484 246 518 ποταμοῖνς
267 483 364 514 ὕδατος
384 482 530 517 ἁλλομένου
547 482 590 513 είς
606 481 677 516 ζωὴν
698 479 815 511 αίώνιον,
835 480 898 510 τοὺς

949 208 1031 238 guunt
1044 203 1068 229 in
1078 210 1108 229 se
1118 203 1191 236 jacta
1203 203 1279 236 ignea
1288 211 1304 228 α
1317 203 1474 237 nequissimo
1486 201 1537 228 tela
1549 202 1588 235 ";
1602 201 1734 228 habentes

948 249 1052 277 scilicet
1072 248 1098 274 in
1115 255 1144 274 se
1165 247 1231 282 ipsis
1249 249 1360 283 ﬂumina
1380 256 1456 283 aquw
1470 248 1587 274 salientis
1603 248 1631 274 in
1653 248 1734 274 vitam

950 299 1076 322 a'ternam
1091 294 1124 325 ¹¹¹,
1141 301 1199 328 qua:
1214 294 1301 328 ignem
1319 294 1478 328 nequissimi
1495 293 1664 320 iuvalescere
1681 300 1733 320 non

951 341 1054 372 sinunt,
1073 340 1120 367 sed
1136 339 1214 366 facile
1228 339 1377 366 dissolvunt
1393 340 1546 367 divinarum
1562 340 1735 367 salutarium-

951 393 1004 421 quc
1026 385 1128 412 diluvio
1152 386 1349 419 cogitationum
1369 393 1430 420 quae
1451 385 1508 419 ejus
1531 386 1557 413 in
1578 387 1669 413 animo
1688 385 1735 420 qui

952 433 1041 460 studet
1054 431 1202 466 spiritualis
1220 430 1290 463 ﬁeri,
1312 437 1360 465 per
1382 432 1505 458 veritatis
1522 431 1734 467 contemplatio-

953 485 1013 504 nem
1026 476 1221 503 informantur.

105 528 144 564 μὴ
166 528 270 560 ἐῶντας
289 528 396 563 ἰσχύσαι
409 527 442 554 τὰ
458 527 504 554 τοῦ
521 526 650 563 πονηροῦ,
667 525 734 552 ἀλλὰ
751 524 870 560 εὐχερῶς
887 522 957 550 αὐτὰ
969 522 1081 553 λύοντας
1097 521 1136 556 τῷ
1151 519 1335 555 κατακλυσμῷ
1349 520 1403 546 τῶν
1419 520 1516 546 ἐνθέων
1531 521 1577 547 ναὶ
1595 519 1735 556 σωτηρίων

102 575 255 611 λογισμῶν,
274 575 479 610 ὲντυπουμένων
492 575 545 601 ἀπὸ
554 575 607 601 τῶν
622 574 670 609 τῆς
684 573 811 608 ἀληθείας
824 570 1008 607 θεωρημάτων
1024 570 1057 604 τῇ
1072 568 1118 594 τοῦ
1135 568 1283 599 ἀσκοῦντος
1300 565 1368 593 εἶναι
1383 568 1566 602 πνευματικοὺ
1579 568 1661 603 ψυχῇ.

140 623 221 647 Δοκεῖ
237 621 264 647 δέ
288 630 333 656 μοι
357 621 424 656 μετᾶ
448 620 533 647 ταῦτα
550 621 600 646 οὐκ
617 619 716 646 ἄτοπον
739 616 808 644 εἶναι
829 618 898 653 ὑπὲρ

102 666 151 693 τοῦ
170 667 347 702 πληρωθῆναι
364 667 394 693 τὸ
411 667 475 702 περὶ
489 667 539 700 τῆς
561 665 644 700 εὐχῆς
661 664 817 700 πρόόλημα,
839 664 898 690 δια-

102 711 199 738 λαϐεῖν
213 712 268 747 (19)
285 711 538 746 εἰσαγωγικώτερον
554 712 617 747 περὶ
631 711 680 746 τῆς
694 710 897 740 καταστάσεως,

103 758 153 785 καὶ
163 758 210 784 τοῦ
223 758 361 792 σχήματος
374 757 388 783 ὃ
402 757 443 784 δεῖ
452 757 523 792 ἔχειν
535 757 581 784 τὸν
589 757 745 792 εὐχόμενον,
758 755 804 782 καὶ
816 755 897 782 τόπου

103 800 137 830 οἵ)
152 802 279 838 εὔχεσθαι
292 803 356 838 χρὴ,
372 803 418 829 καὶ
428 803 558 838 κλίματος
569 804 608 834 εἰς
618 803 632 828 ὃ
645 803 748 838 ἀφορᾷν
759 802 800 828 δεῖ
814 801 898 837 χωρὶς

103 848 200 882 πάσης
216 848 414 884 περιστάσεως,
428 848 474 874 καὶ
487 848 583 883 χρόνου
597 849 637 879 εἰς
650 848 732 882 εὐχὴν
745 846 896 881 ἐπιτηδείου

103 893 155 919 καὶ
168 892 319 927 ὲξαιρέτου,
335 893 382 919 καὶ
396 891 423 918 εἴ
434 900 459 918 τι
473 891 577 922 τούτοις
590 891 664 917 ἐστὶν
683 891 785 926 ὅμοιον.
802 889 855 916 Καὶ
867 889 897 916 τὺ

106 939 160 975 μὲν
171 940 220 974 τῆς
232 926 427 970 καταστάσεως
436 940 476 970 είς
486 939 536 974 τὴν
544 938 634 973 ψυχὴν
645 937 852 971 ὲγκαταθετέον,
866 935 897 962 τὸ
914 926 933 953 Β

105 985 138 1011 δὲ
151 985 200 1011 τοῦ
213 985 351 1020 σχήματος
370 985 409 1016 είς
421 984 450 1010 τὺ
464 984 552 1019 σῶμα.
570 983 640 1019 Φησὶ
656 983 744 1010 τοίνυν
755 984 768 1009 ὁ
780 982 895 1014 Παῦλος,

105 1030 147 1061 ὡς
167 1031 196 1056 ἐν
210 1031 266 1061 τοῖς
289 1030 417 1065 ἀνωτέρω
433 1029 560 1064 ἐλέγομεν
582 1029 648 1063 (‘20),
666 1029 715 1063 τὴν
731 1028 897 1055 κατάστασιν

105 1076 286 1111 ὑπογράφων,
297 1077 325 1102 ὲν
333 1075 371 1110 τῷ
377 1075 431 1102 δεῖν
440 1075 638 1110 προσεύχεσθαι
646 1074 734 1109 χωρὶς
741 1073 843 1109 ὀργῆς,
850 1073 898 1100 καὶ

105 1120 317 1156 διαλογισμοῦ·
329 1122 360 1147 τὸ
367 1122 396 1148 δὲ
404 1121 498 1156 σχῆμα
507 1121 535 1147 ὲν
546 1120 594 1155 τῷ,
604 1120 783 1154 ἐπαίροντας
795 1121 899 1152 ὁσίους

106 1166 228 1201 χεᾷῖναςν
242 1167 310 1203 ὅπερ
326 1166 465 1202 εἰληφέναι
481 1175 526 1201 μοι
539 1166 613 1192 δοκεῖ
623 1166 677 1192 ἀπὸ
688 1166 742 1192 τῶν
759 1165 892 1201 Ψαλμῶν,

106 1212 198 1244 οὓτως
209 1212 283 1248 ἔχον·
298 1213 443 1247 Ἕπαρσις
453 1212 512 1239 τῶν
518 1212 627 1247 χειρῶν
636 1222 696 1247 μου
708 1213 799 1239 θυσία
809 1212 899 1239 ἐσπε-

102 1258 194 1294 ρινή·
213 1259 276 1294 περὶ
290 1259 317 1285 δὲ
334 1259 427 1285 τόπου’
445 1259 595 1293 Βούλομαι
610 1257 667 1286 οὗν
680 1259 900 1293 προσεύχεσθαι

107 1304 184 1337 τοὺς
192 1304 302 1338 ἄνδρας
315 1305 351 1331 ἐν
360 1305 449 1331 παντὶ
461 1305 549 1337 τόπῳ·
563 1305 627 1340 περὶ
639 1305 667 1331 δὲ
681 1304 820 1340 κλίματος,
829 1305 857 1331 ὲν
867 1306 900 1340 τῇ

110 1349 201 1385 Σοφία
218 1350 399 1385 Σολομῶντος
418 1351 517 1382 Ὅπως
530 1351 666 1384 γνωστὸν
716 1349 760 1376 ὅτι
775 1349 900 1384 δεῖφθά-

108 1403 178 1422 νειν
190 1395 244 1422 τὸν
256 1395 346 1429 ἣλιον
359 1395 405 1422 ἐπ’
417 1395 613 1430 εὐχαριστίαν
629 1395 683 1431 (21)
700 1402 769 1428 σου,
783 1396 833 1422 καὶ
845 1396 900 1430 πρὸ

107 1439 264 1474 ἀνατολῆς
286 1440 383 1475 φωτὸς
409 1440 604 1475 ἐντυγχάνειν
627 1447 686 1467 σοι.
713 1441 791 1467 Δοκεῖ
812 1441 901 1467 τοίνυν

111 1494 159 1522 μοι
180 1487 226 1512 τὸν
239 1486 369 1522 μέλλοντα
385 1487 462 1521 ἥκειν
485 1487 530 1512 ἐπὶ
552 1487 601 1521 τὴν
618 1487 711 1522 εὐχὴν,
729 1486 818 1520 ὀλίγον
834 1488 901 1513 ὑπο-

110 1531 214 1559 στάντα
242 1532 288 1558 καὶ
309 1531 404 1559 ἑαυτὸν
425 1531 633 1567 εὐτρεπίσαντα,
659 1532 902 1568 ὲπιστρεφέστερον

109 1578 159 1604 καὶ
179 1577 356 1614 εὐτονώτερον
381 1577 450 1613 πρὸς
468 1577 499 1603 τὺ
516 1577 575 1603 ὅλον
595 1577 720 1611 γενέσθαι
737 1578 786 1613 τῆς
808 1578 899 1613 εὐχῆς·
915 1597 936 1625 c

111 1624 202 1650 πάντα
213 1624 365 1659 πειρασμὸν
455 1625 501 1651 καὶ
517 1624 654 1659 λογισμῶν
664 1625 786 1660 ταραχὴν
802 1625 901 1652 ἀποϐε-

110 1670 242 1705 ϐληκότα,
264 1670 360 1696 ἑαυτόν
382 1678 412 1696 τε
439 1670 634 1705 ὑπομνήσαντα
654 1669 724 1696 κατὰ
743 1670 774 1695 τὸ
792 1669 903 1696 δυνατὸν

109 1715 160 1744 τοῦ
177 1715 307 1751 μεγέθους
322 1713 344 1749 ᾧ
355 1715 610 1751 προσέρχεται(25),
625 1715 671 1741 καὶ
685 1715 725 1741 ὅτι
737 1715 832 1748 ἀσεϐές
845 1716 902 1742 ἐστι

110 1761 200 1797 τούτῳ
215 1761 313 1796 χαῦνον
327 1762 374 1787 καὶ
392 1761 532 1796 ἀνειμένον
544 1760 713 1796 προσελθεῖν,
724 1761 770 1787 καὶ
783 1761 903 1795 ὡσπερεὶ

109 1807 344 1843 καταφρονοῦντα,
355 1807 520 1842 ἀποθέμενον
534 1806 621 1833 πάντα
630 1806 663 1832 τὰ
673 1806 809 1842 ἀλλότρια,
817 1806 903 1838 οὕτως

110 1855 191 1890 ήκειν
206 1854 252 1880 ἐπὶ
267 1855 296 1881 τὸ
310 1853 448 1885 εὖξασθαι,
469 1853 521 1888 πρὸ
539 1853 593 1879 τῶν
609 1852 706 1887 χειρῶν
718 1852 838 1888 ὡσπερεὶ
853 1853 903 1888 τὴν

109 1901 203 1936 ψυχὴν
222 1899 389 1931 ἐκτείναντα,
407 1899 454 1925 καὶ
467 1899 520 1934 πρὸ
536 1898 589 1924 τῶν
605 1898 750 1933 ὀφθαλμῶν
775 1898 820 1924 τὸν
841 1898 902 1924 νοῦν

111 1947 182 1982 πρὸς
198 1946 243 1972 τὸν
260 1946 326 1972 Θεὸν
341 1945 505 1977 ὲντείναντα,
530 1944 576 1971 καὶ
594 1944 646 1979 πρὸ
664 1943 711 1970 τοῦ
735 1944 829 1978 στῆναι
848 1944 902 1970 διε-

111 1994 244 2028 γείραντα
251 1991 369 2026 χαμόθεν
375 1991 404 2017 τὸ
412 1990 583 2026 ἡγεμονικὸν,
595 1991 641 2017 καὶ
651 1990 747 2025 στῆσαι
758 1989 825 2025 (⁸25⁵)
837 1990 903 2016 αὐτὸ

112 2038 184 2074 πρὸς
206 2038 250 2063 τὸν
272 2036 325 2063 τῶν
344 2036 412 2062 ὅλων
424 2036 536 2071 Κύριον,
552 2037 640 2062 πᾶσαν
657 2036 839 2071 μνησικακίαν
853 2036 902 2071 τὴν

113 2084 183 2120 πρός
201 2091 261 2109 τινα.
280 2083 334 2108 τῶν
356 2082 515 2118 ἠδικηκέναι
537 2081 686 2108 δοκούντων
710 2081 756 2107 ἐπὶ
778 2080 903 2107 τοσοῦτον

111 2129 294 2164 ἀποθέμενον,
308 2129 370 2155 ὅσον
384 2137 426 2160 τις
442 2128 490 2154 καὶ
503 2127 579 2162 αὐτῷ
598 2128 775 2162 μνησικακεῖν
789 2126 844 2162 (24)
854 2127 903 2154 τὸν

112 2175 181 2202 Θεὸν
194 2174 317 2210 βούλεται
328 2172 480 2209 ἠδικηκότι,
495 2173 542 2199 καὶ
552 2172 593 2204 εις
603 2171 716 2204 πολλοὺς
723 2172 776 2198 τῶν
789 2171 903 2207 πλησίον

111 2220 299 2257 ἡμαρτηκότι,
324 2218 342 2254 ἢ
362 2213 443 2245 ὁποῖα
461 2218 562 2253 δήποτε
582 2216 657 2253 παρὰ
672 2217 719 2244 τὸν
733 2216 812 2253 ὀρθὸν
826 2217 902 2250 λόγον

985 615 1031 642 5L
1053 615 1116 642 Post
1138 615 1196 642 htec
1220 614 1367 641 absurdum
1392 613 1458 640 mihi
1484 621 1536 640 non
1564 614 1682 646 videtur,
1706 619 1736 641 ut

949 663 1000 690 hoc
1016 662 1049 689 de
1073 661 1198 688 oratione
1220 664 1410 695 argumentum
1429 659 1598 693 impleamus,
1618 664 1736 687 tractare

949 709 1104 735 accuratius
1117 708 1149 734 de
1162 707 1259 734 aﬂectu
1278 712 1305 734 et
1320 711 1394 734 statu
1410 714 1464 742 quo
1479 713 1539 734 esse
1554 711 1660 740 oportet
1671 714 1734 733 eum

949 754 995 789 qui
1013 759 1089 786 orat;
1109 753 1172 780 item
1193 753 1225 780 de
1250 753 1308 780 loco
1331 753 1377 780 ubi
1396 753 1528 780 orandum
1544 753 1591 784 sit,
1611 756 1639 780 et.
1659 757 1736 786 parte

951 800 1042 828 mundi
1066 799 1099 826 ad
1121 806 1204 834 quam
1223 799 1259 826 sit
1277 799 1487 833 respiciendum,
1511 798 1584 826 nulla
1611 799 1736 826 obstante

950 844 1175 876 circumstantia;
1193 844 1257 870 item
1277 844 1310 870 de
1327 848 1446 878 tempore
1459 843 1491 870 ad
1506 844 1658 871 orationem
1673 847 1736 878 apto

950 893 978 916 et
991 889 1126 924 eligendo,
1144 893 1171 916 et
1192 889 1214 916 si
1241 889 1305 923 quid
1320 889 1362 915 his
1383 893 1424 915 est.
1447 889 1544 916 simile.
1561 889 1681 916 Allectus
1700 888 1735 915 ad

948 935 1067 961 animam
1083 934 1241 961 referendus
1255 939 1307 966 est.
1318 939 1407 961 status
1416 935 1449 961 ad
1461 942 1570 968 corpus.
1581 934 1626 961 Ait
1642 934 1736 970 itaque

948 979 1063 1013 Paulus,
1087 985 1116 1006 ut
1142 981 1168 1006 in
1190 981 1378 1015 superioribus
1399 980 1528 1012 diximus,
1549 980 1674 1007 allectum
1689 981 1737 1008 de-

948 1026 1083 1058 scribens,
1097 1026 1231 1052 orandum
1248 1034 1308 1053 esse
1329 1027 1385 1053 sine
1409 1026 1451 1053 ira
1478 1031 1502 1052 et
1528 1027 1735 1060 disceptatione;

949 1077 1049 1098 statum
1072 1078 1159 1099 vero:
1188 1070 1314 1098 Levanlu
1342 1080 1424 1106 puras
1446 1080 1540 1099 mantus
1565 1072 1598 1104 ⁸³,
1624 1072 1695 1107 quod
1720 1080 1736 1099 e

949 1118 1063 1146 Psalmis
1088 1119 1237 1153 sumpsisse
1260 1119 1328 1145 mihi
1351 1119 1470 1150 videtur,
1498 1119 1543 1146 ubi
1567 1120 1606 1147 sic
1629 1120 1734 1147 habet:

950 1165 1069 1192 Elevalio
1103 1174 1229 1193 manuum
1266 1174 1383 1192 mearum
1415 1166 1575 1200 sacri/icium
1612 1167 1738 1200 vesperti-

951 1219 1013 1238 num
1039 1212 1080 1245 ";
1111 1213 1176 1240 item
1207 1214 1241 1240 de
1263 1212 1352 1240 loco:
1377 1212 1439 1239 Volo
1470 1221 1531 1247 ergo
1565 1212 1632 1239 viros
1661 1221 1737 1240 orare

951 1257 1032 1292 267
1048 1258 1075 1284 in
1094 1260 1164 1284 onmi
1179 1258 1235 1284 loco
1243 1258 1279 1291 ’δε
1298 1263 1325 1285 et
1340 1259 1373 1285 de
1385 1263 1462 1293 parte
1475 1259 1567 1286 mundi
1581 1259 1606 1286 iu
1621 1259 1737 1294 Sapien-

953 1303 989 1329 tia
1006 1303 1160 1330 Salomonis
1174 1303 1292 1330 dicitur:
1306 1302 1339 1329 Ut
1349 1308 1437 1330 notum
1448 1309 1513 1331 esset
1524 1305 1649 1339 quoniam
1658 1313 1737 1338 opor-

951 1353 987 1375 tet
1003 1350 1146 1382 prwvenire
1165 1350 1248 1376 solem
1269 1350 1303 1375 ad
1320 1349 1524 1377 benedictionem
1541 1356 1624 1383 luam,
1638 1355 1664 1378 et
1676 1356 1737 1378 ante

952 1401 1038 1422 ortum
1051 1395 1115 1422 lucis
1129 1400 1152 1422 te
1165 1395 1277 1422 adorare
1289 1396 1323 1422 ⁸⁸.
1338 1396 1464 1423 Arbitror
1475 1397 1557 1431 igitur
1567 1405 1629 1424 eum
1642 1397 1688 1432 qui
1703 1397 1737 1425 ad

952 1441 1103 1468 orationem
1121 1448 1282 1468 accessurus
1307 1446 1360 1474 est,
1387 1443 1409 1469 si
1427 1442 1565 1476 paululum
1584 1443 1738 1471 substiterit

953 1494 1037 1521 seque
1063 1487 1150 1521 ipsum
1175 1488 1370 1522 composuerit,
1392 1490 1587 1523 promptiorem
1602 1495 1630 1517 et
1645 1494 1737 1518 altene

954 1535 1050 1562 tiorem
1069 1543 1118 1569 per
1135 1540 1218 1562 totam
1239 1536 1391 1563 orationem
1418 1536 1492 1568 ﬁeri;
1521 1536 1583 1564 item
1601 1537 1623 1564 si
1642 1544 1738 1564 omnes

954 1579 1038 1606 animi
1064 1580 1218 1607 anxietates
1241 1580 1493 1615 cogitationumque
1520 1581 1739 1615 perturbationes

954 1624 1094 1659 abjecerit,
1109 1625 1216 1660 sibique
1227 1634 1276 1661 pro
1289 1627 1393 1654 viribus
1405 1627 1431 1654 in
1449 1628 1607 1654 memoriam
1624 1628 1740 1655 reduxe-

954 1670 990 1697 rit
1003 1670 1063 1705 ejus
1079 1671 1112 1698 ad
1127 1679 1208 1706 quem
1223 1673 1331 1700 accedit
1346 1672 1527 1708 maiestatem,
1544 1678 1571 1701 et
1586 1681 1667 1708 quam
1685 1673 1738 1701 im-

953 1716 1027 1751 pium
1043 1716 1078 1743 sit
1090 1716 1126 1743 illi
1139 1724 1169 1744 se
1180 1716 1272 1744 laxum
1283 1722 1310 1744 et
1326 1719 1468 1745 remissum
1480 1723 1509 1745 et
1527 1719 1606 1752 quasi
1618 1723 1738 1746 contem-

955 1761 1186 1795 nentemoﬂ‘erre,
1212 1763 1235 1790 si
1260 1763 1377 1797 denique
1401 1764 1488 1791 aliena
1516 1764 1683 1798 deposuerit,
1697 1765 1738 1793 sic

955 1808 1048 1834 venire
1064 1809 1098 1835 ad
1123 1809 1271 1842 orandum;
1297 1810 1415 1836 animam
1441 1814 1505 1837 ante
1521 1817 1627 1841 manus.
1650 1815 1679 1837 ut.
1700 1810 1737 1838 ita

954 1853 1063 1888 loquar,
1076 1853 1242 1886 extendere;
1268 1859 1332 1881 ante
1352 1854 1445 1881 oculos
1459 1859 1575 1881 mentem
1599 1855 1633 1882 ad
1653 1855 1737 1883 Deum

954 1899 1090 1933 dirigere;
1105 1903 1251 1934 antequam
1268 1903 1333 1932 stet,
1347 1900 1453 1933 erigere
1470 1900 1552 1926 humo
1567 1901 1737 1935 superiorem

953 1945 1050 1972 animae
1065 1949 1170 1980 partem
1189 1950 1216 1972 et
1231 1953 1322 1972 coram
1339 1946 1527 1973 universorum
1544 1946 1659 1974 Domino
1682 1953 1738 1974 sta-

954 1993 1045 2022 tuere;
1069 1998 1177 2017 onmem
1201 1991 1318 2024 dcniqne
1334 1998 1427 2018 earum
1442 1999 1510 2026 quas
1533 1991 1567 2018 ab
1581 1992 1672 2026 aliquo
1685 1993 1738 2020 sibi

954 2043 1052 2071 passus
1068 2037 1183 2067 videtur,
1213 2036 1373 2070 injuriarum
1407 2037 1563 2064 memoriam
1584 2038 1611 2064 in
1633 2043 1737 2065 tantum

954 2082 1099 2115 deponere,
1113 2087 1244 2116 quantum
1261 2089 1287 2109 et
1312 2083 1397 2109 Deum
1420 2083 1554 2118 quispiam
1571 2084 1627 2110 vult
1643 2084 1739 2111 imme-

954 2133 1056 2154 tnorcm
1074 2135 1135 2155 esse
1153 2135 1247 2155 eorum
1273 2136 1333 2163 quae
1362 2129 1455 2163 inique
1483 2130 1567 2165 gessit
1587 2130 1653 2164 ipse,
1667 2136 1694 2158 et
1710 2132 1738 2159 in

954 2173 1054 2200 mullos
1067 2179 1083 2200 ο
1097 2174 1228 2208 proximis
1243 2175 1377 2208 peccavit,
1389 2180 1437 2201 aut
1450 2182 1511 2209 qua:
1523 2181 1623 2210 praeter
1635 2181 1736 2203 rectam

954 2219 1087 2246 rationem
1101 2219 1199 2254 quovis
1208 2220 1298 2255 egisse
1310 2221 1389 2247 modo
1403 2221 1454 2248 sibi
1466 2221 1592 2249 conscius
1605 2228 1656 2250 est.
1669 2222 1739 2253 Nam

113 2265 299 2301 πεπραγμένα
328 2264 417 2299 ἐαυτῷ
452 2263 590 2291 συνειδότι.
616 2263 683 2290 οὐδὲ
705 2263 828 2290 διστάσαι
850 2264 900 2300 γὰρ

993 2271 1017 2291 ιιι
1035 2264 1171 2292 innumeri
1185 2266 1240 2293 sint
1251 2266 1376 2301 corporis
1388 2266 1507 2299 habitus.
1524 2267 1569 2295 ille
1580 2268 1676 2303 procul
1690 2269 1739 2296 du-

112 2311 178 2348 χίρὴ,
193 2312 234 2338 ὅτι
256 2310 360 2346 μυρίων
380 2309 573 2337 καταστάσεων
589 2309 676 2335 οὐσῶν
698 2309 745 2335 τοῦ
767 2308 902 2344 σώματος,

111 2358 163 2393 τὴν
182 2357 348 2384 κατάστασιν
364 2356 413 2391 τὴν
432 2356 489 2391 μετ’
509 2354 645 2386 ἐκτάσεως
664 2354 718 2381 τῶν
739 2355 837 2389 χειρῶν
857 2355 903 2381 καὶ

113 2403 274 2434 ἀνατάσεως
286 2402 340 2429 τῶν
352 2401 498 2436 ὀφθαλμῶν
514 2401 621 2427 πάντων
637 2401 806 2436 προκριτέςν·
822 2401 904 2427 οἱονεὶ

957 2310 1000 2337 bio
1011 2318 1066 2345 quo
1085 2311 1267 2339 extenduntur
1284 2320 1380 2339 manus
1395 2317 1422 2340 et
1436 2320 1542 2341 sursum
1556 2313 1626 2342 oculi
1641 2315 1741 2342 tolleno

958 2360 1000 2382 tur
1013 2356 1210 2390 praeponendus
1222 2357 1348 2384 omnibus
1361 2362 1403 2385 est
1424 2359 1459 2385 ab
1481 2366 1514 2386 eo
1533 2360 1579 2394 qui
1590 2361 1671 2387 etiam
1685 2360 1739 2387 fert

957 2401 983 2428 in
997 2408 1111 2436 corpore
1124 2401 1195 2428 velut
1211 2402 1354 2437 imaginem
1368 2410 1463 2431 eorum
1477 2411 1537 2439 qua:
1557 2406 1675 2432 animam
1689 2412 1739 2441 per

149 2494 172 2511 ⁸¹
188 2494 257 2528 Eph.
275 2500 323 2525 vr,
349 2491 394 2519 16.
431 2491 454 2507 ⁵¹
469 2490 548 2518 Joan.
568 2497 606 2524 iv,
622 2490 668 2517 14.
704 2489 748 2516 "l
765 2488 835 2516 Tim.
849 2497 880 2523 ιι,
896 2490 900 2517 t

1005 2488 1077 2517 Psal.
1091 2497 1152 2524 cu,
1165 2490 1196 2518 2.
1231 2490 1255 2506 ⁸³
1271 2490 1281 2517 Ι
1295 2491 1366 2519 Tim.
1385 2500 1416 2525 ιι,
1430 2492 1458 2519 8.
1495 2493 1518 2509 ⁵⁸
1537 2492 1603 2528 Sap.
1621 2501 1678 2527 ενι,
1692 2495 1738 2524 28.

215 2572 511 2616 podexﬂolbc‘r’t‘imls.
529 2572 587 2616 οὐκὶ
598 2572 699 2616 ἄτοπον
719 2571 789 2613 εἶναι
805 2573 852 2616 καὶ
870 2571 900 2616 το

113 2607 180 2671 περὶ
198 2607 248 2644 τῆς
264 2609 346 2643 εὐχῆς
363 2607 509 2643 πρύῆλημα
535 2607 681 2648 διαλαϐεῖν.
710 2609 803 2648 sicque
826 2608 902 2634 deest

114 2646 153 2673 ὑπ
170 2654 187 2680 ρ
200 2644 248 2670 τοῦ
262 2643 446 2679 πληρωθῆναι.
465 2645 529 2676 Qua:
545 2643 628 2670 lectio
644 2649 696 2669 non
708 2644 813 2669 Videtur
825 2650 902 2677 sper-

114 2680 274 2750 “(333mg
285 2713 320 2750 er
331 2711 542 2750 τοῖς-ἀνωτέρω
557 2712 709 2747 ἐλέγομεν.
723 2711 785 2740 Hmc
801 2711 901 2739 omissa

100 2747 180 2778 ‘suut
189 2749 219 2775 in
237 2748 335 2775 codice
350 2747 469 2774 Colbert.

152 2785 209 2819 (Ξῖ)
228 2783 319 2819 (Ξιξάᾲ.Δ
331 2781 561 2819 Cantabrigiensia;
576 2787 603 2819 et
620 2782 802 2815 Callicrtinus,
818 2782 902 2818 εὐχα-

115 2817 233 2856 ριστίαν.
251 2817 338 2845 Ειιίίίο
346 2817 446 2850 0mm,
456 2817 639 2853 εὐχαριστίας.

989 2571 1044 2607 (22)
1066 2571 1185 2610 Uterque
1212 2574 1319 2610 codex,
1344 2575 1432 2601 πάντα
1463 2574 1623 2610 πειρασμόν.
1651 2575 1740 2602 Ειιίιίο

953 2606 1052 2644 Οτοιιζ,
1072 2606 1160 2634 πάντα
1176 2609 1340 2644 γογγυσμὸν.
1364 2610 1435 2644 Lego
1459 2606 1519 2637 cuni
1545 2606 1740 2641 Bentleio,xat

953 2642 1043 2679 πάντα
1057 2644 1254 2679 περισπασμόν.

990 2677 1046 2715 (25)
1070 2677 1186 2712 Uterque
1198 2677 1304 2710 codex,
1331 2679 1523 2715 προσέρχεται,
1538 2680 1627 2707 Editio
1639 2680 1738 2712 0mm,

954 2712 1146 2748 προσέρχηται.

992 2748 1060 2783 (ἐᾷ’)
1073 2748 1123 2783 Alii
1140 2747 1287 2783 στήσαντα,
1304 2753 1387 2775 recto.

992 2782 1048 2817 (24)
1068 2782 1122 2808 Καὶ
1150 2782 1229 2814 αὐτῷ
1256 2784 1463 2817 μνησικακεῖν.
1489 2785 1534 2812 Sic
1562 2786 1633 2814 male
1660 2787 1740 2813 habet

958 2823 1072 2852 uterque
1094 2817 1179 2846 codex
1201 2826 1250 2846 ms.
1275 2817 1355 2853 Lego,
1373 2820 1420 2845 καὶ
1440 2819 1514 2855 αὐτῷ
1529 2821 1738 2857 ἀμνησικακδίν.
