1843 3076
84 171 138 198 ωδ

669 165 838 196 LIBELLUS
857 165 901 193 DE
919 166 1108 193 ORATIO‘NE.

1655 166 1706 195 534

82 228 139 260 καὶ,
156 228 309 263 Βούλομαι
326 225 383 256 οὖν
398 228 618 263 προσεύχεσθαι
629 227 700 260 τοὺς
710 227 822 261 ἄνδρας
836 226 871 252 ἐν

964 232 979 252 e
993 225 1025 252 de
1042 225 1088 252 illo
1100 232 1212 252 exatnen
1227 223 1376 259 inspexerit
1394 224 1497 253 nihilne
1509 225 1545 253 ibi
1560 226 1706 259 nefarium,

80 276 173 302 παντὶ
193 275 282 308 τόπῳ.
300 273 375 310 Ἔχει
390 275 419 301 δὲ
438 275 484 301 καὶ
503 274 669 309 τεταγμένον
683 273 754 309 ὑπὲρ
765 273 812 300 τοῦ
829 272 871 306 ἐφ’

81 321 198 356 ἡσυχίας
217 321 254 356 μὴ
268 320 476 356 περισπώμενον
487 321 537 352 τὰς
554 321 637 356 εὐχὰς
653 320 786 347 ἐπιτελεῖν
805 319 872 346 ἕκα-

83 375 146 393 στον
160 366 226 402 (52).
245 366 438 401 ἐπιλεξάμενον
451 366 497 393 τοῦ
514 366 580 393 ἰδίου
593 366 679 398 οἴκου,
693 366 739 393 ἐὰν
752 366 871 401 ἐγχωρῇ,

82 412 112 438 τὸ
128 412 300 448 σεμνότερον,
317 412 350 439 ἵν’
368 412 453 443 οὕτως
469 412 549 444 ετπω,
568 412 677 449 χωρίον,
694 411 780 443 οὕτως
797 409 873 446 εὔχε-

85 457 161 488 σθαι,
177 465 247 492 προς
265 458 303 493 τῷ
327 458 462 492 καθολιχῷ
479 459 529 493 τῆς
547 458 612 492 περὶ
625 457 708 483 αὑτοῦ
726 456 874 489 ἐξετάσεως

83 503 286 530 ἐπισκοποῦντα
299 503 366 538 (53),
383 504 408 529 ει
420 504 449 530 ὲν
465 503 533 538 τῷδε
547 503 587 538 τῷ
599 502 674 537 τόπῳ
686 500 707 536 ᾧ
724 502 830 537 εὔχεται
842 503 872 529 οὺ

82 547 308 582 παρανενόμηταί
328 556 402 580 ποτε,
424 548 471 574 καὶ
489 547 565 583 παρὰ
580 547 624 574 τὸν
639 547 717 582 ὀρθὸν
729 547 807 581 λόγον
824 555 872 574 πε-

81 593 206 628 ποίηται·
232 593 312 619 οἱονεὶ¹
326 593 380 629 γὰρ
401 593 432 620 οὐ
451 593 530 629 μόνον
553 591 657 625 ἑαυτὸν,
682 593 750 619 ἀλλὰ
767 592 874 619 καὶτὸν

80 638 166 664 τόπον
181 640 231 673 τῆς
248 638 315 670 ἰδίας
328 639 410 674 εὐχῆς
421 638 539 664 τοιοῦτον
556 638 715 672 πεποίηκεν,
728 637 766 669 ὡς
779 638 874 671 φυγεῖν

83 685 191 710 ἐκεῖθεν
209 684 258 720 τὴν
277 683 428 719 ἐπισκοπὴν
449 683 495 710 τοῦ
517 683 596 710 Θεοῦ.
621 683 826 709 Ἐπισκοποῦντι
845 683 874 709 δέ

84 735 130 762 μοι
153 727 200 754 ἐπὶ
222 729 312 755 πλεῖον
336 728 384 755 καὶ
404 728 468 763 περὶ
484 727 578 754 τούτου
597 727 643 753 τοῦ
659 727 741 754 τόπου
753 726 872 758 λεκτέον,

81 773 164 806 ὸόξαν
176 774 225 808 μὲν
237 774 268 801 ἄν
280 782 307 800 τι
319 772 387 800 εἶναι
400 773 480 809 βαρὺ,
490 773 560 808 τάχα
572 773 600 799 δὲ
609 772 647 808 τῷ
659 772 794 807 ἐπιμελῶς
809 771 873 798 αὐτὸ

83 820 257 854 βασανίζοντι
274 820 323 846 οὐκ
337 820 582 854 εὐκαταφρόνητον.
609 819 653 845 Ἐν
676 819 730 854 γὰρ
746 818 784 853 τῷ
799 818 873 852 τύπῳ

81 867 133 901 τῆς
143 865 301 901 παρανόμου
312 865 410 901 μίξεως
420 865 471 892 ὑπὸ
479 864 524 891 τοῦ
535 864 714 891 ἀποστολικοῦ
728 863 807 898 λόγου
815 863 872 898 (54)

924 271 1025 298 nihilne
1043 275 1123 298 rectae
1136 271 1301 298 contrarium
1314 271 1412 299 rationi
1427 273 1574 300 admissum
1589 280 1706 306 unquam

925 316 974 348 sit;
995 315 1040 350 qui
1056 315 1128 342 enim
1141 315 1166 342 id
1184 314 1258 346 fecit,
1271 322 1324 342 non
1343 323 1371 343 se
1387 320 1502 349 tantum.
1519 317 1567 344 sed
1579 322 1606 344 et
1620 317 1707 352 ipsum

924 361 1055 389 orationis
1074 360 1160 388 locum
1177 360 1256 387 talem
1272 360 1361 388 effecit
1375 366 1403 388 ut
1421 362 1447 388 in
1462 369 1523 389 cum
1536 362 1606 390 Deus
1621 365 1708 398 respi-

924 415 986 434 cere
1002 407 1101 442 fugiat.
1123 406 1188 434 Mihi
1211 411 1301 434 antem
1325 406 1431 441 plenius
1445 408 1599 442 inspicienti
1615 410 1708 436 dicen-

924 454 989 480 dum
1004 453 1036 480 de
1051 453 1097 479 illo
1115 453 1174 479 loco
1189 452 1262 479 subit
1276 453 1348 486 quod
1365 452 1487 480 odiosum
1500 461 1561 481 esse
1571 455 1706 488 videatur,

924 502 952 524 at
965 491 1035 524 forte
1054 497 1210 525 accuratius
1222 497 1388 524 examinanti
1405 506 1457 525 non
1471 502 1705 531 contemnenduml

924 543 1115 578 lnquirendum
1130 547 1172 570 est
1186 543 1291 570 scilicet
1311 550 1345 570 an
1365 543 1391 570 in
1410 544 1498 571 (oitus
1515 545 1574 572 loco
1587 553 1639 573 non
1653 547 1708 574 illi-

924 589 971 616 citi
989 589 1110 623 qnidem,
1136 589 1183 616 sed
1201 589 1248 623 qni
1267 589 1422 623 apostolicis
1449 591 1538 618 verbis
1560 593 1702 620 secundum

925 634 1129 668 indulgentiam,
1150 641 1204 661 non
1220 635 1370 662 secundum
1393 641 1556 670 praeceptum
1582 639 1692 664 concedi

925 684 980 712 tur,
997 685 1120 707 sanctum
1136 681 1210 708 sitet
1229 689 1325 716 purum
1343 681 1428 709 Deum
1449 683 1565 717 precari.
1589 684 1617 710 Si
1636 685 1708 710 enim

923 726 1040 754 orationi
1058 731 1087 753 ut
1097 731 1206 761 oportet
1225 735 1321 755 vacare
1340 735 1392 754 non
1406 733 1495 761 potest
1506 729 1540 762 “,
1553 729 1603 756 nisi
1616 730 1662 763 qui
1676 738 1707 759 ex

924 779 1059 799 consensu
1077 773 1110 799 ad
1129 777 1233 807 tempus
1257 773 1281 800 ei
1308 780 1337 800 se
1358 773 1451 806 dedat,
1475 774 1544 802 forte
1556 774 1590 802 de
1602 775 1661 802 loco
1675 783 1710 802 an

924 816 1020 844 deceat
1035 818 1265 846 considerandum
1280 824 1333 846 est.
1347 818 1435 847 liabet
1449 819 1550 854 aliquid
1561 828 1623 848 cum
1637 821 1710 848 utili<

926 867 980 889 tate
990 863 1102 897 jneundi
1117 864 1192 892 locus
1205 865 1348 897 orationis.
1364 865 1411 892 ille
1426 866 1533 893 scilicet
1548 874 1601 901 quo
1616 867 1710 897 tldeles

82 911 157 937 κατὰ
180 910 355 946 συγγνώμην,
375 911 405 937 οὐ
430 911 489 937 κατ’
505 910 638 946 ἐπιταγὴν
661 906 872 944 συγκεχωρημέ-

969 917 1052 937 unum
1071 911 1251 944 conveniunt;
1267 911 1396 938 credibile
1418 915 1460 938 est
1480 913 1553 939 enim
1573 912 1706 947 engelieat

81 963 144 991 νης,
159 955 315 988 ὶξεταστέον
332 957 357 983 εί
373 956 444 983 ὅσιόν
461 957 518 982 ἐστι
541 955 589 983 καὶ
610 953 728 991 καθαρὸν
746 953 876 989 ἐντυγχά-

81 1010 140 1027 νειν
153 1001 192 1036 τῷ
204 1001 272 1036 Θεῷ.
290 1002 321 1028 El
333 1002 386 1037 γὰρ
398 1002 527 1036 σχολάσαι
539 1003 571 1036 τῇ
587 1001 723 1036 προσευχῇ
735 999 764 1026 ὃν
776 999 875 1035 τρόπον

81 1047 148 1083 χρὴ,
167 1048 216 1082 οὐχ
233 1045 287 1075 οἷόν
303 1057 332 1074 τε
354 1049 438 1079 ἐστὶν,
462 1048 509 1074 ἐὰν
531 1047 567 1085 μὴ
589 1048 621 1074 ὲκ
642 1045 785 1082 συμφώνου
807 1046 875 1082 πρὸς

82 1093 182 1129 καιρὸν
198 1093 285 1129 τούτῳ
299 1102 341 1125 τις
364 1093 458 1120 ἑαυτὸν
483 1093 576 1129 ἐπιδῷ,
598 1088 668 1128 τάχα
684 1092 731 1119 καὶ
747 1091 812 1128 περὶ
828 1091 875 1118 τοῦ

80 1136 180 1168 τόπου,
191 1137 240 1164 ἐὰν
251 1138 369 1173 ἐγχωρῇ,
385 1137 544 1173 θεωρητέον.
559 1138 634 1172 Ἔχει
642 1137 671 1163 δέ
679 1145 705 1163 τι
715 1137 825 1172 ἐπίχαρι
836 1137 874 1168 εἰς

81 1182 220 1218 ὼςρέλειαν
234 1182 315 1213 τόπος
325 1181 417 1217 εὐχῆς,
430 1182 461 1208 τὸ
475 1181 574 1217 χωρίον
585 1183 634 1216 τῆς
646 1181 692 1208 ὲπὶ
704 1181 734 1207 τὸ
743 1181 809 1208 αὐτὸ
820 1181 876 1208 τῶν

83 1228 268 1255 πιστευόντων
290 1228 480 1260 συνελεύσεως,
503 1228 540 1260 ὡς
563 1228 645 1259 εἰκὸς,
663 1227 711 1254 καὶ
723 1227 876 1261 ἁγγελικῶν

82 1273 228 1308 δυνάμεων
255 1273 445 1308 ἐφισταμένων
476 1274 531 1304 τοῖς
560 1272 725 1308 ἁθροίσμασι
750 1272 804 1299 τῶν
829 1281 875 1299 πι-

86 1319 248 1351 στευόντων,
263 1319 310 1345 καὶ
326 1318 407 1345 αὑτοῦ
419 1318 464 1344 τοῦ
481 1317 583 1353 Κυρίου
600 1318 647 1344 καὶ
660 1317 784 1353 Σωτῆρος
796 1317 875 1354 ⁴ἡμῶν

84 1365 239 1400 δυνάμεως,
256 1364 305 1400 ἤδη
327 1364 355 1390 δὲ
371 1364 417 1390 xui.
437 1363 598 1398 πνευμάτων
614 1363 698 1398 ἁγίων
714 1363 781 1399 (55),
798 1362 874 1399 οἶμαι

85 1410 116 1438 δὲ
132 1411 177 1437 ὅτι
199 1411 247 1436 καὶ
268 1409 540 1446 προκεκοιμημένων,
565 1409 649 1443 σαφὲς
673 1409 710 1441 δὲ,
724 1409 764 1435 ὅτι
785 1409 831 1435 καὶ
845 1410 874 1436 ὲν

86 1456 126 1491 τῷ
148 1456 198 1492 βίῳ
214 1456 372 1491 περιόντων,
402 1456 426 1481 εἰ
453 1455 499 1481 καὶ
519 1455 549 1481 τὸ
569 1455 626 1486 πῶς
647 1455 698 1481 οὐκ
719 1455 828 1489 εὐχερὲς
841 1455 888 1480 εί-⁴

85 1504 159 1529 πεῖν.
176 1502 229 1528 Ku‘t
244 1502 307 1536 περὶ
327 1501 375 1536 μὲν
386 1500 508 1534 ἀγγέλων
523 1499 608 1532 οὕτως
624 1500 805 1534 ἐπιλογιστέον
817 1507 824 1514 ·
842 1500 874 1526 Εἰ

84 1547 271 1582 παρεμϐαλεῖ
297 1547 423 1582 ἅγγελος
439 1546 549 1579 Κυρίου
566 1546 667 1579 κύκλῳ
687 1545 746 1572 τῶν
767 1546 874 1580 φοϐου-

83 1595 188 1629 μένων
200 1593 302 1625 αὐτὸν,
317 1593 363 1619 καὶ
375 1593 500 1626 ῥύσεται
519 1591 639 1624 αὐτοὺς,
657 1592 703 1618 καὶ
719 1591 844 1627 ἀληθεύει
860 1591 874 1617 ὁ
889 1582 911 1613 C

91 1639 191 1666 Ἰακὼό
204 1639 234 1664 οὐ
252 1638 317 1674 περὶ
333 1637 428 1664 ἑαυτοῦ
446 1637 535 1672 μόνον,
553 1636 676 1663 ἀλλὰκαὶ
687 1637 751 1670 περὶ
767 1636 875 1663 πάντων

84 1685 142 1710 τῶν
159 1683 344 1718 ἀνακειμένων
359 1682 397 1717 τῷ
408 1681 466 1716 Θεῴ
478 1681 516 1716 τῷ
534 1681 648 1708 συνιέντι
662 1681 761 1715 λέγων·
783 1681 809 1706 Ὀ
825 1681 876 1715 ἆγε-

53 1760 58 1761 γ
84 1732 178 1765 γελος
207 1731 223 1756 ὀ
242 1728 393 1763 ρυὀμενός
405 1736 443 1762 με
469 1727 503 1753 ἐκ
529 1727 648 1753 πάντων
672 1725 730 1753 τῶν
755 1725 873 1753 κακῶν·

83 1776 161 1807 εἰκός
186 1776 244 1803 ἐστι
261 1774 390 1800 πλειόνων
405 1772 459 1808 (56)
473 1771 686 1806 συνεληλυθότων
702 1771 820 1806 γνησίως
836 1771 876 1801 είς

84 1821 167 1853 δόξαν
192 1818 323 1855 Χριστοῦ,
347 1817 532 1854 παρεμϐαλεῖν
551 1816 597 1843 τὸν
622 1816 748 1842 ἐκάστοψ
761 1815 875 1850 ἄγγελον

84 1867 131 1893 τὴν
148 1866 242 1900 κύκλῳ
259 1865 314 1900 (37)
332 1864 447 1891 ἑκάστου
463 1864 517 1890 τῶν
533 1863 716 1898 φοϐουμένων,
733 1862 801 1897 μετὰ
816 1863 876 1889 τού-

84 1919 133 1938 το)
149 1910 197 1937 τοῦ
214 1910 308 1946 ὰνδρδς
322 1909 351 1935 ὃν
359 1911 485 1945 φρουρεῖν
507 1909 552 1935 καὶ
566 1910 715 1943 οἰκονομεῖν
733 1908 875 1935 πεπίστευ-

83 1968 131 1987 τιι
141 1968 148 1973 ·
166 1958 236 1984 ὥστε
251 1955 318 1984 εῖναι
333 1956 379 1983 ἐπὶ
393 1956 447 1982 τῶν
466 1955 551 1989 ἁγίων
569 1954 816 1991 συναθροιζομένων
837 1955 876 1980 δι-

86 2006 159 2039 πλῆν
173 2003 330 2039 ἐκκλησίαν,
341 2003 390 2038 τὴν
406 2002 454 2037 μὲν
466 2002 625 2038 ἀνθρώπων,
641 2002 690 2037 τὴν
704 2001 732 2028 δὲ
741 2001 873 2036 ἀγγέλων.

86 2051 143 2078 Καὶ
160 2051 184 2076 εί
205 2049 284 2085 μόνου
299 2048 346 2074 τοῦ
363 2047 459 2082 Τωὸὴτ
475 2048 489 2074 ὁ
506 2047 628 2082 Ῥαφαήλ
649 2055 730 2082 φησιν
745 2048 788 2079 εὶς
801 2056 877 2081 μνη-

87 2098 226 2130 μόσυνον
244 2093 458 2127 ἁνενηνοχέναι
475 2093 532 2126 τὴν
547 2092 732 2127 προσευχὴν,
752 2094 799 2120 καὶ
817 2094 874 2128 μετ’
891 2094 893 2096 ’

91 2143 172 2171 ιὺτὺν
194 2142 302 2178 Σάρρας
325 2141 375 2175 τῆς
397 2140 512 2176 ὑστέρας
533 2139 588 2175 (58)
605 2138 712 2174 νύμφης
728 2139 876 2175 γενομένης

85 2188 171 2216 αὑτοῦ
185 2187 230 2214 διὰ
244 2186 274 2213 τὸ
289 2185 462 2221 γεγαμῆσθαι
475 2185 558 2220 αὐτὴν
573 2184 612 2219 τῷ
621 2184 714 2220 Τοΰίᾳ,
729 2185 753 2211 τί
768 2185 876 2211 λεκτέον

87 2234 221 2261 πλειόνων
237 2233 266 2262 ἐν
277 2231 315 2266 τῷ
330 2231 403 2266 αὐτῷ
416 2230 465 2262 νοτ,
483 2230 529 2257 xui.
545 2231 578 2265 τῇ
596 2230 664 2265 αὐτῇ
681 2230 778 2266 γνώμῃ
798 2239 874 2256 συνο-
890 2247 912 2274 D

87 2280 232 2311 δευόντων,
253 2278 299 2304 καί
321 2275 599 2312 σωματοποιουμένων
615 2276 644 2302 ὲν
660 2275 788 2311 Χριστῷ;
806 2276 874 2312 Περὶ

86 2325 116 2352 δὲ
129 2325 180 2360 τῆς
197 2323 338 2359 δυνάμεως
359 2322 405 2349 τοῦ
425 2322 527 2357 Κυρίου
548 2320 743 2356 συμπαρούσης
766 2323 799 2357 τῇ
815 2322 876 2348 Ἐκ-

89 2370 189 2406 linquit;
211 2371 226 2396 ὁ
251 2368 355 2400 Παῦλός
377 2376 473 2403 φησικ
486 2366 698 2400 Συναχθέντων
719 2366 802 2402 ὑμῶν
826 2366 875 2394 καὶ

86 2417 141 2444 τοῦ
157 2416 231 2450 ἐμοῦ
249 2415 416 2449 πνεύματος
429 2413 490 2440 σὺν
505 2412 543 2446 τῇ
559 2411 682 2446 δυνάμει
697 2412 749 2439 τοῦ
764 2414 875 2447 Κυρίου

92 2461 216 2496 Ἰησοῦ”
233 2459 270 2492 ὼς
293 2459 432 2493 δυνάμεως
454 2457 501 2484 τοῦ
519 2456 621 2492 Κυρίου
638 2456 723 2491 Ἰησοῦ
744 2465 876 2484 συναπτο-

87 2507 174 2542 μένης
204 2505 235 2532 οὐ
262 2504 341 2540 μόνον
365 2503 433 2539 μετὰ
453 2501 594 2536 Ἐφεσίων,
611 2501 679 2529 ἀλλὰ
704 2502 752 2528 xui.
775 2503 874 2538 Κοριν-

926 955 1008 990 269
1023 960 1169 990 potestates
1183 957 1350 984 credentium
1362 957 1478 984 ccetibus
1493 958 1600 990 adesse,
1614 959 1709 992 ipsius-

926 1008 979 1035 que
992 1001 1096 1028 Domini
1122 1007 1150 1029 et
1167 1002 1324 1030 Servatoris
1346 1002 1432 1030 nostri
1452 1003 1589 1036 virtutem,
1617 1004 1672 1031 imo
1682 1011 1711 1031 et

926 1050 1081 1074 sanctorum
1111 1047 1234 1081 spiritus,
1262 1047 1360 1082 opinor
1389 1047 1472 1074 etiam
1501 1048 1707 1081 defunctorum;

926 1100 989 1119 nam
1007 1093 1040 1120 de
1056 1093 1252 1127 superstitibus
1278 1092 1453 1120 manifestum
1481 1099 1534 1127 est,
1560 1095 1625 1121 licet
1640 1103 1710 1130 quo-

926 1139 1006 1166 modo
1020 1139 1121 1172 adsint,
1146 1138 1227 1166 facile
1242 1146 1296 1166 non
1313 1139 1348 1166 sit
1372 1139 1476 1167 dicere.
1500 1140 1540 1167 Ac
1559 1141 1592 1167 de
1606 1141 1710 1176 angelis

926 1187 1035 1221 quidem
1050 1186 1091 1213 sic
1107 1185 1196 1221 colligi
1209 1189 1299 1220 potest
1315 1194 1322 1212 :
1341 1186 1369 1213 Si
1386 1187 1506 1213 immittet
1523 1187 1630 1222 angelus
1652 1187 1708 1214 Da-

925 1232 991 1259 mini
1007 1233 1034 1259 in
1049 1232 1163 1259 circuitu
1190 1232 1336 1259 timentium
1362 1240 1432 1265 eum,
1454 1237 1479 1259 et
1502 1233 1593 1267 eripiet
1614 1242 1659 1261 eos
1675 1234 1707 1267 ⁸³,

926 1281 953 1304 et
967 1285 1031 1305 vera
1045 1277 1166 1313 loquitur
1177 1276 1260 1305 Jacob
1276 1285 1338 1305 cum
1359 1286 1412 1306 non
1426 1279 1458 1306 de
1471 1285 1501 1306 se
1520 1279 1589 1311 solo.
1612 1280 1662 1307 sed
1682 1284 1710 1307 et

926 1324 959 1351 de
972 1324 1100 1351 omnibus
1110 1323 1156 1358 qui
1177 1323 1232 1350 Deo
1247 1323 1337 1350 devoti
1351 1328 1424 1356 sunt,
1442 1324 1605 1359 intelligenti
1623 1325 1707 1354 dicit:

925 1369 1039 1404 Angelus
1058 1369 1104 1404 qui
1119 1369 1186 1396 eruit
1207 1377 1247 1396 me
1270 1376 1302 1396 ex
1322 1369 1441 1396 omnibus
1459 1370 1536 1397 malis
1552 1370 1593 1404 “;
1611 1371 1710 1406 proba-

926 1414 980 1441 bile
994 1418 1048 1446 est.
1066 1413 1158 1441 multis
1175 1413 1201 1440 in
1217 1414 1317 1441 Christi
1333 1414 1446 1448 gloriam
1464 1414 1583 1449 legitime
1594 1423 1708 1450 congre-

925 1461 1006 1494 gatis,
1026 1459 1239 1494 uniuscujusque
1266 1460 1390 1495 angelum
1414 1461 1440 1487 in
1456 1461 1573 1488 circuitu
1587 1461 1707 1496 singulo-

927 1512 985 1531 rum
1000 1505 1158 1532 timentium
1183 1505 1342 1538 immittere,
1367 1512 1428 1532 eum
1459 1506 1505 1533 illo
1529 1506 1634 1533 scilicet
1651 1508 1708 1533 viro

926 1550 1005 1584 cujus
1019 1550 1072 1585 ipsi
1096 1558 1161 1578 cura
1175 1555 1202 1578 et
1220 1551 1344 1578 custodia
1366 1551 1464 1579 tradita
1475 1558 1534 1584 est;
1560 1556 1588 1579 ut
1610 1552 1708 1586 duplex

927 1595 1100 1630 congregatis
1124 1596 1229 1623 sanctis
1242 1596 1358 1623 ecclesia
1385 1598 1433 1628 sit,
1449 1596 1533 1624 altera
1557 1597 1709 1629 hominum,

926 1641 1009 1668 altera
1026 1642 1195 1676 angelorum.
1210 1641 1286 1675 Quod
1302 1642 1324 1669 si
1341 1641 1382 1669 vel
1404 1641 1495 1670 Tobiae
1509 1642 1593 1670 solius
1608 1643 1645 1670 nit
1657 1643 1710 1670 Ra-

926 1688 1004 1722 pbael
1018 1696 1045 1714 se
1062 1688 1188 1714 obtulisse
1202 1689 1228 1714 in
1244 1688 1393 1714 memorial:
1406 1689 1550 1715 orationem
1563 1689 1597 1720 ",
1612 1689 1710 1716 deinde

926 1732 1011 1768 Sane]
1025 1740 1085 1768 qua:
1109 1740 1192 1760 nurus
1207 1732 1266 1765 ejus
1280 1731 1351 1760 facta
1366 1737 1407 1760 est
1418 1732 1514 1771 :l‘obiaa
1539 1733 1594 1760 lilio
1615 1738 1708 1768 nupta,

925 1779 990 1813 quid
1006 1778 1150 1806 dicendum
1181 1778 1275 1805 multis
1289 1778 1382 1805 eadem
1409 1783 1501 1806 mente
1520 1783 1548 1806 et
1574 1780 1709 1806 sententia

926 1824 1153 1851 concurrentibus
1173 1829 1200 1851 et
1217 1833 1300 1851 unum
1315 1831 1415 1859 corpus
1431 1825 1457 1850 in
1480 1824 1590 1851 Christo
1604 1825 1703 1852 consti-

928 1869 1085 1896 tuentibus?
1101 1868 1187 1896 Porro
1204 1870 1238 1896 de
1255 1870 1356 1897 Christi
1374 1869 1478 1896 virtute
1495 1869 1615 1896 ecelesiaa
1638 1871 1709 1897 assi-

926 1920 1016 1942 stente
1033 1914 1132 1942 Paulus
1146 1914 1184 1940 ait
1199 1922 1207 1942 :
1225 1913 1396 1949 Congregalis
1411 1914 1481 1941 vobis
1496 1919 1520 1941 et
1544 1923 1600 1941 meo
1613 1915 1708 1949 spir.tu

926 1968 985 1986 cum
999 1960 1094 1987 virtute
1105 1959 1212 1986 Domini
1226 1959 1291 1986 Jesu
1303 1959 1340 1993 “;
1357 1964 1386 1987 ut
1398 1960 1498 1987 virtute
1515 1960 1620 1987 Domini
1645 1959 1708 1988 Jcsu

927 2013 980 2031 non
1006 2005 1071 2032 solis
1089 2004 1223 2039 Ephesiis,
1251 2005 1299 2032 sed
1326 2009 1353 2032 et
1376 2005 1526 2032 Corinthiis
1553 2004 1708 2039 conjuncta.

927 2048 1004 2081 Quod
1020 2050 1041 2076 si
1055 2057 1170 2083 corpore
1184 2049 1274 2077 adhuc
1288 2050 1398 2076 indutus
1412 2049 1513 2077 Paulus
1529 2051 1556 2078 in
1565 2058 1710 2078 commune

927 2093 1070 2122 consulere
1083 2094 1179 2128 spiritu
1200 2102 1250 2121 suo
1275 2094 1398 2122 Corinthi
1414 2102 1495 2130 posse
1514 2096 1630 2130 putavit,
1654 2104 1707 2124 non

928 2143 969 2166 est
980 2140 1178 2173 desperandum
1196 2147 1243 2167 eos
1257 2140 1338 2167 etiam
1354 2140 1399 2174 qui
1419 2148 1435 2167 e
1452 2141 1506 2168 vita
1523 2147 1708 2175 excesserunt,

927 2185 1020 2211 beatos
1034 2185 1067 2211 ad
1090 2184 1220 2212 ecclesias
1245 2185 1339 2219 spiritu
1355 2192 1511 2218 occurrere,
1526 2191 1552 2213 ct
1573 2186 1645 2214 forte
1659 2195 1708 2221 po-

929 2229 983 2256 tius
1003 2238 1084 2264 quam
1105 2230 1128 2257 is
1141 2229 1188 2264 qui
1211 2234 1253 2257 est
1279 2230 1306 2257 in
1322 2237 1447 2264 corpore.
1464 2230 1634 2265 Quapropter
1648 2239 1709 2266 quae

926 2275 953 2301 in
968 2275 1022 2302 illis
1037 2276 1104 2302 fiunt
1119 2283 1214 2310 preces
1228 2276 1432 2303 contemnenda:
1447 2284 1500 2304 non
1513 2281 1586 2308 sunt,
1611 2277 1710 2311 quippe

926 2328 987 2355 quae
1000 2321 1129 2348 eximium
1142 2321 1243 2356 aliquid
1258 2321 1377 2348 alterunt
1390 2322 1508 2357 legitime
1524 2323 1708 2349 convenienti.

926 2368 962 2393 At
987 2367 1212 2401 quemadmodum
1229 2368 1317 2394 virtus
1344 2366 1408 2394 .lesu
1439 2371 1467 2394 et
1494 2367 1607 2400 spiritus
1632 2367 1708 2394 Pauli

926 2412 1039 2447 ejusque
1054 2413 1195 2446 similium,
1220 2417 1247 2441 et
1272 2413 1299 2440 in
1323 2413 1437 2441 circuitu
1465 2412 1632 2448 singulorum
1647 2419 1710 2440 san-

929 2465 1033 2487 ctorum
1049 2461 1217 2488 excubantes
1231 2461 1316 2495 angeli
1332 2460 1438 2488 Domini
1455 2468 1517 2488 cum
1530 2460 1581 2487 illis
1592 2467 1710 2487 concur-

928 2511 993 2532 runt
1009 2510 1036 2532 et
1048 2506 1212 2533 conveniunt
1234 2507 1279 2540 qni
1299 2505 1417 2540 legitime
1432 2509 1647 2540 congregantur;
1669 2505 1708 2532 sic

121 2577 146 2592 "
163 2574 250 2602 lCor.
262 2581 311 2605 vn.
326 2573 352 2599 5.
391 2572 413 2587 “
428 2572 497 2600 Psal.
514 2580 613 2602 xxxiii.
631 2572 657 2599 8.
696 2572 718 2587 “
733 2571 800 2600 Gen.
819 2581 912 2607 ηνιιι,
929 2576 973 2602 l6.
1012 2577 1033 2592 “
1055 2576 1121 2604 Tob.
1140 2584 1189 2607 xu,
1207 2576 1249 2603 12.
1287 2576 1331 2602 ⁶⁶Ι
1352 2576 1415 2603 Cor.
1427 2583 1454 2608 ν,
1471 2575 1497 2602 4.

119 2666 178 2701 (32)
194 2663 372 2701 V'Emreleir
404 2663 544 2691 ἓιιιστον.
564 2664 653 2691 Codex
687 2663 869 2695 Colbcrtintls,

84 2703 170 2727 mtaiv
186 2700 313 2726 ἕκαστον.

119 2736 178 2769 (55)
202 2735 294 2761 Codex
313 2739 435 2769 uterque,
448 2732 657 2761 ἐπισκοποῦντα.
671 2732 760 2760 Editio
773 2733 873 2766 Oxon.,

84 2769 303 2802 ἐπισκοπούσης.

119 2805 176 2839 (54)
199 2804 292 2839 Codex
311 2808 436 2839 uterque,
454 2803 511 2839 ei];
528 2803 687 2839 παρανόμου
709 2803 806 2839 μίξεως
823 2802 875 2829 ὑπὸ

84 2840 130 2866 τοῦ
149 2837 333 2873 ἀποστολικοῦ
348 2837 436 2873 λόγου.
453 2838 528 2873 Lrgo
539 2837 600 2864 cum
614 2837 796 2873 Ιιιςιιιιυίο,τῆς
808 2838 875 2871 ἅπας

87 2874 218 2910 ρσνόμου,
237 2878 291 2900 etc.
307 2872 397 2900 Editio
413 2872 511 2903 Oxon;
523 2873 571 2908 τῆς
588 2872 742 2908 παρανόμου
761 2872 868 2908 μίξεως,

251 2920 388 2950 Ριτιιοι..
408 2919 468 2950 Gn.
486 2920 542 2950 XI.

924 2663 990 2691 ἀλλὰ
1007 2664 1058 2691 ὑπὸ
1073 2665 1119 2691 τοῦ
1132 2664 1318 2691 ἀποστολικοῦ.

960 2699 1210 2740 (ὅέὶλΠιςευμάτων
1226 2700 1327 2734 ἁγίων.
1343 2698 1419 2733 Legit
1431 2695 1705 2733 Bentleiusmveuy/i-

923 2741 978 2760 των
994 2735 1048 2761 τῶν
1069 2735 1164 2768 ἁγίωνΔ

961 2770 1017 2803 (56)
1032 2767 1193 2796 luctor-tor.
1208 2768 1295 2795 Codex
1310 2767 1491 2803 Colbertinus,
1512 2768 1628 2796 πολλῶν.

962 2805 1018 2838 (57)
1033 2805 1087 2830 Τὸν
1101 2804 1210 2835 κύκλῳ.
1223 2802 1358 2830 Bentleius
1366 2802 1511 2834 deletyrév.

963 2839 1018 2874 (58)
1037 2839 1093 2874 Τῆς
1109 2838 1246 2872 ὑστέρας.
1264 2838 1345 2865 Deest
1356 2840 1382 2865 in
1396 2838 1488 2865 codice
1501 2837 1668 2866 Colbertino.

1533 2916 1570 2946 18
