1843 3076
108 86 164 114 565

153 144 234 171 Ἀλλὰ
256 144 302 170 καὶ
326 144 350 171 εί
374 145 526 179 φαυλίζοιεν
537 145 609 180 ἡμᾶς
631 145 678 172 καὶ
700 145 900 177 ὲξευτελίζοιεν,
919 148 938 175 Λ

109 190 173 224 ἦτοι
196 189 304 221 ἀσεϐεῖς
322 190 338 225 ἢ
365 192 474 226 μωροὺς
488 190 686 221 ἀποκαλοῦντες
708 191 732 216 οἱ
757 190 902 226 ἀλλότριοι,

109 233 161 267 τῆς
179 233 248 259 κατὰ
261 233 310 264 τὰς
323 233 404 267 ἁγίας
419 234 528 268 Γραιρὰς
542 234 680 261 διαλέκτου
690 234 903 270 ὑπομιμνησκώ-

111 278 196 312 μεθα,
213 279 278 313 ὄτιή
293 279 433 306 ἐπ’ὲλπίδι
445 279 531 311 ἐλπὶς,
547 281 563 315 ἡ
579 280 619 306 ἔτι
635 279 731 315 μικρὸν
745 279 904 306 ἀποδοθεῖσα

109 324 190 358 ἡμῖν,
200 324 396 359 ἀποδοθήσεται
405 334 413 349 ι
424 325 466 351 διὰ
475 325 624 359 φαυλισμὸν
633 325 752 360 χειλέων,
763 325 807 352 διὰ
820 325 904 359 γλώσ-

109 379 162 406 σης
178 370 282 406 ἑτέρας.
304 381 313 396 ι
328 372 382 398 Καὶ
395 372 436 403 τίς
447 372 496 398 οὐκ
513 372 545 398 ἂν
563 372 736 408 προσδέχοιτο
751 371 841 406 θλίψιν
857 372 903 398 ἐπὶ

109 416 212 451 θλίψει,
230 417 273 444 ἵνα
282 418 562 453 εὖθέωςπροσδέξηται
576 419 622 444 καὶ
634 418 728 444 ὲλπίδα
737 417 780 444 ἐπ’
795 417 881 444 ἐλπίδι
893 425 901 448 ς

107 461 290 497 λογισάμενος
311 463 378 498 μετὰ
399 464 515 495 Παύλου,
533 465 573 490 ὅτι
587 465 637 490 οὐκ
660 474 668 489 ι
687 463 750 496 ἄξια
763 463 798 489 τὰ
817 463 903 498 παθή-

109 515 186 541 ματα
196 507 241 533 τοῦ
258 507 305 534 νῦν
317 508 426 542 καιροῦ,
436 518 445 533 ι
456 505 492 535 ὧν
503 508 621 545 ὡσπερεὶ
633 507 778 540 ὠνούμεθα
795 507 843 543 τὴν
856 515 902 542 μα-

107 560 145 577 κα
150 552 271 587 ριότητα,
278 562 286 578 ι
298 553 364 589 πρὸς
372 554 419 588 τὴν
427 553 573 588 μέλλουσαν
581 553 900 587 δόξανὰποκαλύπτεσθαι

107 598 150 630 είς
162 599 236 633 ἡμᾶς
245 607 252 614 ·
266 609 274 624 ι
284 600 330 626 καὶ
340 600 456 634 μάλιστα
469 602 530 628 ἐπεὶ
547 611 556 626 (
568 601 598 628 τὸ
614 602 768 638 παραυτίκα
786 602 901 637 ἐλαφρῖν

107 645 160 679 τῆς
179 645 293 680 θλίψεως
314 646 401 681 ἡμῶν,
422 657 431 672 ι
448 647 574 683 (ἐλαφρὸν
589 649 645 679 τοῖς
659 648 695 684 μὴ
724 648 901 684 βαρουμένοις

108 689 164 715 ὑπὸ
179 690 234 717 τῶν
255 692 473 726 περιεστηκότων
495 694 541 719 καὶ
560 694 696 730 τυγχάνον
718 694 765 720 καὶ
785 693 899 728 λεγόμε-

106 735 178 767 νον),
193 735 248 771 ὅσῳ
263 736 350 763 πλεῖον
368 737 534 773 ὑπερϐάλλον
549 739 662 773 γίνεται,
678 740 795 776 τοσούτῳ
809 739 900 775 μεῖζον

108 781 158 806 καὶ
173 780 262 808 πλεῖον
279 791 287 807 t
307 782 388 818 βάρος
405 783 512 811 αἰώνιον
531 784 585 820 (60)
607 785 684 821 δόξης
703 786 898 822 κατεργάζεται

107 826 192 860 ἡμῖν,
221 836 229 851 ι
256 827 280 853 εί
304 828 377 863 παρὰ
399 828 443 854 τὸν
466 830 561 865 καιρὸν
577 819 639 858 τῶν
663 819 825 864 θλιϐόντων,
850 832 897 858 καὶ
915 819 934 846 Β

107 870 232 906 ὡσπερεὶ
250 872 351 904 πιέζειν
376 873 423 905 τὰς
438 874 525 909 ψυχὰς
554 876 632 911 ἡμῶν
656 876 816 909 ἐθελόντων,
834 878 897 904 ἁπο-

111 916 280 951 στρέψαντες
297 917 326 943 τὸ
341 919 502 953 ἡγεμονικὸν
519 920 573 946 ἀπὸ
595 920 648 948 τῶν
665 922 810 953 ἐπιπόνων,
836 931 897 948 σκο-

109 960 208 996 πῶμεν
219 962 248 988 οὐ
265 962 299 989 τὰ
314 964 474 999 ἐνεστηκότα
491 965 617 997 ἐπίπονα,
637 967 703 992 ἀλλὰ
727 967 760 993 τὰ
782 967 825 993 διὰ
847 967 896 1002 τὴν

108 1008 139 1033 ὲν
163 1007 267 1040 τούτοις
293 1009 431 1045 ὑπομονὴν
458 1011 514 1042 τοῖς
531 1021 540 1036 ι
560 1012 681 1047 νομίμως
707 1022 716 1037 ι
732 1013 761 1039 ὲν
792 1013 900 1049 Χριστῷ

113 1061 122 1077 ι
139 1052 273 1088 ἀθλῄσασι
300 1063 309 1079 ι
334 1055 424 1089 χάριτι
448 1055 516 1082 Θεοῦ
535 1057 722 1092 ἀποκείμενα,
744 1058 898 1085 πολλαπλα-

109 1097 251 1130 σιάζοντος
269 1099 317 1131 τὰς
336 1101 504 1136 εὐεργεσίας,
525 1103 571 1128 καὶ
590 1102 660 1138 ὑπὲρ
681 1102 729 1138 τὴν
747 1103 822 1135 ἀξίαν
846 1103 899 1130 τῶν

107 1143 157 1169 τοῦ
179 1144 383 1181 ἀγωνισαμένου
410 1147 541 1182 καμάτων
564 1147 682 1174 τοσαῦτα
710 1148 897 1183 δωρουμένου,

107 1190 162 1217 ὅσα
176 1190 209 1217 ἂν
220 1191 313 1228 πρέπῃ
327 1192 363 1228 μὴ
380 1193 648 1230 γλισχρολογουμὲνῳ
664 1194 774 1226 διδόναι,
791 1195 830 1230 τῷ
854 1205 900 1231 με-

108 1235 256 1272 γαλοδώρῳ
272 1237 318 1263 καὶ
333 1238 522 1273 ἐπιστημόνως
543 1239 591 1270 τὰς
607 1240 704 1266 ἑαυτοῦ
720 1240 834 1276 χάριτας
851 1249 899 1276 με-

108 1280 251 1314 γεθύνοντι
277 1282 346 1317 Θεῷ.
368 1283 413 1310 ἐπὶ
429 1285 500 1317 τοὺς,
517 1285 555 1319 τῷ
572 1285 621 1321 ’ὁση
645 1286 759 1321 δύναμις
781 1295 900 1313 καταπε-

109 1327 274 1362 φρονηκέναι
289 1329 334 1355 τοῦ
348 1329 506 1365 ὀστρακίνου
526 1330 650 1363 σκεύους,
677 1331 900 1368 ἐπιδειξαμένους

107 1371 160 1406 τὴν
175 1372 222 1408 ὅλῃ
239 1373 310 1409 ψυχῇ
325 1374 392 1410 πρὸς
408 1374 487 1402 αὐτὸν
502 1375 621 1411 ἀγάπην.

147 1418 216 1455 Ὀλῃ
226 1418 254 1445 δὲ
272 1419 344 1454 ψυχῇ
360 1420 461 1456 νομίζω
477 1420 633 1455 ἀγαπᾶσθαι
644 1421 689 1448 τὸν
701 1421 766 1448 Θεὸν
784 1421 836 1448 ὑπὸ
847 1422 901 1448 τῶν

107 1463 294 1492 ἀποσπώντων
302 1465 349 1492 καὶ
356 1465 510 1494 διῖστάντων
519 1466 612 1502 αὐτὴν,
620 1466 663 1493 διὰ
670 1466 767 1502 πολλὴν
776 1466 826 1502 τῆς
834 1466 900 1502 πρὸς

107 1509 140 1535 τὺ
148 1509 309 1544 κοινωνῆσαι
318 1509 355 1545 τῷ
363 1510 420 1546 θεῷ
429 1511 589 1546 προθυμίαν,
599 1511 629 1538 οὐ
639 1511 718 1547 μόνον
727 1511 779 1538 ἀπὺ
785 1511 831 1538 τοῦ
841 1511 900 1546 γηΐ-

107 1562 156 1580 νου
165 1553 290 1589 σώματος
299 1554 364 1590 (61),
383 1555 449 1581 ἀλλὰ
461 1556 508 1582 καὶ
522 1556 575 1583 ἀπὸ
588 1557 688 1588 παντὸς
705 1556 828 1592 σώματος
838 1565 844 1571 ·
862 1553 902 1588 οἷς

107 1600 170 1626 οὐδὲ
191 1600 259 1634 μετὰ
281 1601 469 1636 περισπασμοῦ
486 1601 532 1628 καὶ
550 1600 750 1638 περιελκυσμοῦ
771 1610 842 1634 τινος
858 1602 902 1636 γί-

107 1654 181 1671 νεται
202 1646 231 1671 τὸ
252 1646 398 1673 ἀποθέσθαι
421 1656 429 1672 ι
447 1646 478 1672 τὸ
500 1647 550 1682 τῆς
572 1647 760 1680 ταπεινώσεως
785 1647 872 1682 σῶμα,
890 1656 899 1673 ι

109 1689 174 1715 ὅταν
190 1690 285 1724 καιρὸς
298 1690 361 1725 διδῷ
381 1690 424 1717 διὰ
436 1690 481 1717 τοῦ
495 1691 672 1726 νομιζομένου
690 1692 804 1718 θανάτου
824 1691 901 1718 ὲ).δὺ-

109 1733 210 1760 σασθαι
225 1743 234 1759 ι
255 1735 285 1761 τὸ
303 1735 381 1770 σῶμα
400 1735 446 1762 τοῦ
463 1735 588 1767 θανάτου,
611 1746 619 1760 ι
637 1737 684 1763 καὶ
697 1737 898 1771 ἑπακουσθῆναι

109 1779 297 1811 ἀποστολικῶς
315 1780 459 1815 εὐξάμενον
473 1781 519 1807 καὶ
541 1781 667 1808 εἰπόντα·
693 1791 701 1806 ι
724 1782 900 1817 Ταλαίπωρος

110 1824 167 1859 ἐγὼ
180 1825 332 1860 ἄνθρωπος,
352 1826 394 1857 τίς
415 1834 448 1861 με
465 1826 574 1862 ῥύσεται
591 1827 623 1853 ὲκ
638 1825 685 1853 τοῦ
707 1826 831 1861 σώματος
853 1826 900 1853 τοῦ

111 1871 227 1898 θανάτου
241 1871 354 1903 τοὺτου;
374 1881 383 1897 ι
394 1872 441 1902 Τίς
456 1871 510 1906 γὰρ
531 1873 584 1898 τῶν
606 1873 634 1899 ὲν
649 1871 687 1907 τῷ
704 1873 796 1908 σκήνει
809 1881 901 1898 στενα-

111 1916 214 1948 ζὸντων
234 1917 277 1944 διὰ
294 1917 324 1943 τὸ
347 1917 486 1952 βαρεῖσθαι
503 1917 554 1944 ὑπὸ
567 1918 615 1944 τοῦ
637 1918 756 1953 φθαρτοῦ
776 1918 900 1953 σώματος

111 1963 173 1998 οὐχὶ
198 1963 246 1989 καὶ
269 1963 459 1998 εὐχαριστήσει
479 1963 612 1999 πρότερον
633 1963 736 1991 εἰπών·
757 1972 765 1988 ι
796 1964 844 1994 Τίς
867 1972 899 1998 με

113 2009 226 2045 ῥύσεται
243 2010 275 2035 ὲκ
290 2009 335 2035 τοῦ
350 2008 473 2044 σώματος
485 2010 530 2036 τοῦ
546 2010 661 2036 θανάτου
679 2010 793 2042 τούτους
812 2020 821 2036 ι
841 2010 901 2045 βλέ-

112 2063 184 2085 πων,
200 2054 251 2085 ὅτι,
268 2054 313 2080 διὰ
326 2054 375 2089 τῆς
390 2054 497 2090 ὁμιλίας
523 2055 630 2090 ῥωσθεὶς
649 2056 682 2082 ἐκ
705 2055 751 2082 τοῦ
776 2055 901 2090 σώματος

112 2099 162 2126 τοῦ
179 2098 305 2130 θανάτου,
326 2099 410 2133 ἁγίως
435 2100 631 2134 ἀναφθέγξεται
655 2101 702 2127 τό·
726 2110 735 2126 ‹
753 2101 838 2136 Χάρις
862 2101 900 2136 τῷ

662 85 885 114 EXIIORTATIO
905 85 950 112 AD
969 85 1188 113 MABTYRIUM.

1681 85 1732 114 566

990 145 1017 171 2.
1039 144 1092 172 Sed
1111 144 1162 171 etsi
1183 143 1263 171 alieni
1285 151 1333 172 nos
1352 144 1581 172 subsannaverint
1602 149 1629 172 et
1655 145 1732 172 nihili

956 190 1087 222 fecerint,
1103 191 1159 217 sive
1174 190 1270 224 impios
1284 190 1339 218 sive
1355 190 1453 218 stultos
1467 195 1593 218 vocantes
1603 211 1610 223 ,
1627 189 1735 219 divina-

955 244 1012 262 rmn
1034 236 1237 263 meminerimus
1257 235 1458 270 Scripturarum
1478 236 1525 271 qui
1547 236 1581 262 sit
1604 236 1732 270 loquendi

954 280 1066 312 modus,
1087 287 1161 314 spem
1182 279 1286 307 scilicet
1305 287 1385 316 super
1404 288 1478 315 spem
1499 288 1559 315 qua:
1578 281 1666 308 adhuc
1686 288 1734 315 pa»

954 334 1013 354 rum
1031 325 1107 353 nobis
1122 333 1251 352 concessa
1266 331 1319 356 est.
1336 334 1346 351 ‹
1361 331 1469 360 propter
1480 326 1632 353 irrisionem
1647 326 1732 354 labio-

954 380 1031 403 rnm,
1050 377 1161 406 propter
1182 371 1298 405 linguam
1319 372 1434 398 alteram
1452 382 1461 398 ι
1475 379 1535 400 esse
1556 373 1731 401 reddendam.

953 417 1017 449 Quis
1035 424 1100 443 vero
1118 425 1168 443 non
1188 418 1338 451 susceperit
1358 417 1559 445 tribulationem
1580 426 1662 453 super
1682 419 1731 446 tri-

953 462 1139 493 bulationem,
1160 467 1188 488 ut
1209 463 1300 489 statim
1322 467 1347 489 et
1364 470 1438 497 spem
1460 471 1541 497 super
1561 472 1635 498 spem
1657 465 1731 491 acci-

953 507 1030 542 piat?
1048 513 1179 541 reputans
1206 515 1267 535 cutn
1292 507 1376 534 Paulo
1404 516 1458 534 non
1486 516 1545 535 esse
1561 518 1570 534 ι
1587 509 1732 543 condignas

952 553 1091 587 passiones
1110 552 1189 586 hujus
1208 553 1339 587 temporis
1353 552 1386 585 ⁷⁸,
1405 561 1414 578 ι
1428 552 1525 586 quibus
1540 553 1731 579 beatitudinem

951 598 1033 624 Veluti
1057 605 1218 629 mercamur,
1245 607 1254 623 ι
1283 597 1315 624 ad
1340 597 1458 624 futuram
1482 597 1596 632 gloriam
1613 605 1672 631 quae
1689 606 1732 625 re-

952 643 1083 670 velabilttl‘
1111 644 1136 670 in
1169 643 1268 677 nobis,
1285 652 1294 668 ι
1319 643 1437 670 maxime
1467 651 1527 670 cum
1554 652 1564 669 ι
1582 649 1732 670 momenta-

952 697 1030 716 ncum
1056 694 1084 716 et
1111 689 1168 716 leve
1186 689 1371 716 tribulationis
1385 694 1484 716 nostrae
1499 690 1521 710 ⁷³
1536 699 1545 716 ι
1561 689 1649 724 (quod
1674 691 1734 723 qui-

950 735 1009 761 dem
1028 735 1060 760 iis
1077 735 1134 761 leve
1148 739 1175 761 et
1192 739 1233 761 est
1248 739 1276 761 ct
1291 735 1388 761 dicitur
1401 736 1446 768 qui
1461 742 1475 761 a
1493 735 1733 762 circumstantibus

951 788 1002 806 non
1030 780 1199 815 gravantur)
1227 785 1328 814 quanto
1359 781 1474 814 amplius
1499 781 1623 813 excedit,
1653 786 1729 808 tanto

951 826 1035 859 majus
1048 831 1075 853 et
1092 826 1207 861 amplius
1222 835 1230 851 ι
1249 831 1357 853 mtcrnte
1375 826 1466 860 gloria!
1483 827 1587 861 pondus
1607 832 1734 861 operetur

950 871 975 898 in
994 872 1090 904 nobis,
1106 880 1115 898 I
1132 872 1153 899 si
1179 879 1239 899 cum
1264 872 1405 899 instalmnt
1430 872 1446 898 ii
1469 873 1514 906 qui
1540 872 1668 899 tribulant
1682 893 1689 903 ,
1705 877 1733 900 et

949 916 1026 950 quasi
1044 923 1167 950 premere
1185 917 1289 943 animas
1307 922 1416 944 nostras
1433 917 1545 949 volunt,
1561 927 1575 944 a
1594 917 1732 945 laboribus

949 965 1111 1002 averlamusv
1132 960 1216 988 animi
1243 961 1440 995 principatum;
1462 966 1489 988 et
1508 965 1659 996 spectemus
1679 970 1732 988 nou

950 1013 1010 1040 qua:
1027 1008 1126 1034 adsunt
1140 1006 1294 1038 laboriosa,
1312 1006 1359 1033 sed
1376 1015 1436 1041 quae
1451 1011 1562 1041 propter
1580 1007 1730 1040 przestitan:

952 1051 978 1078 in
1008 1051 1061 1079 illis
1088 1051 1246 1086 patientiam
1275 1052 1309 1079 iis
1333 1053 1378 1086 qui
1393 1061 1403 1077 ι
1419 1052 1540 1087 legitime
1556 1062 1565 1078 ι
1581 1053 1606 1079 in
1622 1053 1732 1080 Christo

953 1106 962 1123 ι
977 1097 1175 1125 certaverint”
1190 1107 1198 1123 ι
1215 1097 1302 1131 gratia
1323 1098 1368 1124 Dei
1386 1098 1501 1132 reposita
1519 1105 1596 1131 sunt,
1614 1098 1675 1132 Dei,
1691 1099 1732 1125 in-

950 1151 1030 1178 quam
1042 1164 1049 1175 ,
1063 1144 1109 1178 qni
1125 1142 1255 1171 beneficia
1276 1143 1455 1178 multiplicat,
1473 1149 1500 1171 et
1515 1153 1594 1178 supra
1610 1145 1731 1172 laborum

951 1190 977 1215 in
998 1189 1148 1216 certamine
1171 1189 1346 1216 loleratorum
1367 1189 1498 1224 dignitate
1515 1194 1589 1217 tanta
1607 1190 1730 1224 largitur.

950 1239 1052 1268 quanta
1074 1241 1127 1261 non
1148 1242 1277 1268 parcum,
1298 1235 1344 1261 sed
1365 1234 1538 1268 magnificum
1557 1235 1630 1262 illum
1648 1237 1730 1264 Deum

952 1279 1052 1306 donare
1066 1279 1143 1306 decet
1157 1279 1202 1313 qui
1216 1280 1317 1314 gratias
1330 1286 1393 1306 suas
1407 1280 1525 1307 scienter
1539 1282 1691 1315 magnificat
1705 1282 1730 1308 in

950 1333 997 1353 eos
1012 1325 1058 1359 qui
1074 1330 1165 1360 spreto
1184 1325 1235 1352 hoc
1249 1331 1366 1352 testaceo
1380 1332 1443 1352 vase
1459 1333 1506 1359 pro
1520 1327 1623 1354 viribus
1639 1332 1731 1355 osten-

951 1371 1042 1398 derint
1056 1379 1086 1398 se
1102 1376 1157 1398 tota
1173 1371 1265 1398 anima
1284 1372 1369 1406 ipsum
1387 1372 1506 1406 diligere.

985 1416 1012 1444 5.
1032 1416 1098 1444 Tota
1117 1423 1180 1443 vero
1198 1417 1287 1444 anima
1311 1418 1393 1444 Deum
1415 1417 1448 1444 ab
1467 1417 1500 1444 iis
1514 1417 1591 1452 diligi
1606 1423 1671 1452 puto
1683 1420 1730 1454 qui

954 1469 1013 1488 eam
1034 1469 1088 1497 prae
1109 1461 1229 1488 maximo
1243 1469 1302 1488 cum
1320 1463 1373 1489 Deo
1391 1462 1607 1489 eommunicandi
1625 1464 1730 1490 deside-

954 1507 995 1534 rio
1011 1515 1065 1534 non
1081 1515 1097 1534 a
1115 1511 1223 1534 terreno
1239 1511 1340 1534 tantum
1359 1515 1473 1542 corpore
1486 1528 1493 1541 ,
1509 1509 1555 1535 sed
1570 1513 1596 1535 et
1610 1509 1643 1535 ab
1657 1509 1731 1535 onmi

952 1560 1066 1587 corpore
1080 1553 1242 1580 abstrahunt
1255 1561 1287 1580 ac
1307 1553 1456 1584 divellunt,
1471 1559 1498 1580 ct
1513 1554 1611 1588 quibus
1626 1562 1675 1581 nec
1692 1555 1733 1581 in-

952 1598 1015 1625 vitis
1031 1605 1081 1626 nec
1100 1598 1299 1625 reluctantibus
1318 1599 1417 1626 accidit
1434 1603 1462 1625 ut
1483 1608 1491 1625 ι
1508 1607 1606 1634 corpus
1625 1600 1733 1627 humli-

953 1644 1017 1671 tatis
1033 1653 1042 1670 ι
1058 1643 1241 1678 deponant“,
1263 1651 1324 1671 cum
1346 1652 1374 1671 se
1395 1649 1500 1679 tempus
1515 1645 1621 1672 dederit
1639 1649 1666 1672 ul
1686 1653 1732 1679 per

952 1696 1011 1716 eam
1039 1697 1099 1723 quae
1129 1695 1203 1716 mors
1230 1697 1290 1716 esse
1320 1694 1442 1723 putatur,
1458 1699 1467 1715 ι
1483 1698 1580 1725 corpus
1607 1691 1702 1718 mortis
1719 1700 1729 1717 ι

952 1739 1071 1766 exuant,
1095 1739 1124 1761 et
1149 1735 1312 1762 exaudiatur
1338 1736 1361 1762 is
1383 1736 1427 1770 qui
1451 1737 1485 1762 ad
1507 1737 1591 1763 instar
1610 1737 1730 1771 Apostoli

953 1783 1080 1814 precatus
1096 1780 1178 1807 fuerit
1193 1781 1219 1807 in
1235 1782 1291 1808 haec
1310 1781 1391 1807 verba
1405 1788 1413 1808 :
1430 1791 1439 1807 ι
1455 1781 1547 1808 Infelix
1566 1790 1616 1817 ego
1634 1783 1713 1809 homo
1724 1803 1730 1812 .

951 1825 1012 1859 quis
1038 1833 1081 1853 me
1111 1826 1238 1859 liberabit
1259 1828 1292 1853 de
1314 1834 1428 1860 corpore
1444 1828 1539 1854 mortis
1554 1827 1635 1862 hujus
1651 1828 1699 1854 3'?
1720 1837 1735 1853 ι.

952 1871 1017 1903 Quis
1034 1872 1105 1898 enim
1122 1879 1217 1898 eorum
1234 1872 1279 1905 qui
1296 1872 1321 1898 in
1339 1872 1390 1898 hoc
1404 1872 1486 1907 276
1501 1873 1674 1900 tabernaculo
1693 1874 1732 1899 in—

951 1918 1119 1953 gemiscunt,
1142 1918 1213 1951 quod
1236 1918 1408 1952 corruptibili
1438 1926 1552 1952 corpore
1573 1924 1728 1953 graventur,

952 1968 1004 1987 non
1024 1960 1106 1986 etiam
1130 1961 1231 1995 gratias
1252 1966 1314 1995 aget
1331 1969 1392 1988 cum
1409 1962 1484 1996 prius
1501 1963 1619 1989 dixerit:
1640 1973 1648 1988 ι
1664 1963 1731 1996 Quis

952 2013 994 2032 me
1011 2006 1138 2033 liberabit
1154 2007 1186 2033 de
1201 2014 1314 2042 corpore
1328 2008 1421 2034 mortis
1438 2009 1537 2041 hujus?
1551 2018 1560 2034 ι
1574 2017 1687 2037 cernens
1702 2018 1732 2038 se

953 2053 994 2080 Itis
1022 2053 1135 2089 prolatis
1153 2055 1186 2081 de
1204 2062 1317 2089 corpore
1336 2056 1430 2083 mortis
1459 2055 1616 2088 liberatum,
1638 2063 1732 2084 sancte

952 2099 1015 2126 illud
1040 2099 1278 2126 exclamaturum:
1295 2109 1304 2124 ι
1320 2100 1412 2127 Gratia
1442 2101 1494 2127 Deo
1522 2109 1569 2135 per
1593 2102 1729 2129 Christum

112 2143 174 2178 Θεῷ
195 2144 239 2170 διὰ
259 2144 376 2178 Χριστοῦ
398 2143 484 2179 Ἰησοῦ
508 2144 556 2171 τοῦ
574 2145 677 2181 Κυρίου
695 2146 781 2181 ἡμῶν.
798 2156 807 2172 ι
826 2147 856 2172 El
873 2147 898 2173 δέ

987 2152 1043 2171 sum
1060 2145 1202 2172 Dominum
1220 2149 1342 2172 nostrum
1359 2145 1392 2170 ⁸³.
1411 2154 1420 2170 ι
1439 2144 1466 2172 Si
1483 2147 1524 2172 cui
1541 2154 1606 2173 vero
1618 2147 1731 2173 arduum

113 2197 169 2215 τινι
183 2190 214 2216 τὸ
226 2189 330 2216 τοιοῦτο
341 2189 457 2224 χαλεπὸν
469 2190 602 2224 φαίνεται,
619 2191 668 2218 οὐκ
684 2201 692 2217 ι
712 2192 820 2227 ἐδίψησε
834 2192 899 2228 πρὸς

113 2235 162 2262 τὸν
179 2235 244 2262 Θεὸν
260 2235 305 2262 τὸν
323 2236 432 2272 ἰσχυρὸν
448 2236 493 2263 τὸν
510 2236 608 2268 ζῶντα,
630 2237 710 2263 »οὐδὲ
725 2247 733 2262 ι
750 2238 900 2272 ἐπεπόθησε

115 2281 185 2316 arpi;
212 2281 257 2308 τὸν
283 2281 358 2311 Θεὸν,
376 2281 405 2308 ὃν
422 2281 521 2316 τρόπον
543 2281 667 2307 ἐπιποθεῖ
693 2283 709 2316 ὴ
739 2282 836 2316 ἔλαφος
855 2283 901 2309 ἐπὶ

114 2326 165 2358 τὰς
186 2327 277 2361 πηγὰς
293 2327 345 2352 τῶν
360 2326 476 2353 ὑδάτωνι
498 2336 508 2352 ι
536 2326 594 2353 οὐδὲ
610 2324 670 2352 εἷπε
683 2335 690 2341 '
715 2335 724 2351 ι
742 2326 810 2353 Πότε
833 2327 899 2362 ἥξω,

115 2372 164 2400 καὶ
179 2371 333 2407 ὀφθήσομαι
357 2371 395 2407 τῷ
416 2371 553 2409 προσώπῳ
574 2371 620 2397 τοῦ
642 2371 728 2404 Θεοῦ;
751 2381 760 2398 ι
782 2372 848 2398 Οὐδὲ
872 2373 900 2399 ἐν

116 2417 207 2452 ἑαυτῷ
230 2417 377 2452 ἐλογίσατο,
395 2418 412 2444 ἃ.
431 2417 650 2451 διαλογισάμενος
666 2418 680 2443 ὁ
695 2417 844 2452 προφήτης,
856 2417 899 2443 λε-

117 2462 234 2498 γομένου
250 2462 297 2489 τοῦ
309 2472 316 2478 ·
337 2472 346 2488 ι
365 2462 420 2489 Ποῦ
435 2463 507 2489 ἔστιν
519 2464 532 2489 ὁ
549 2462 614 2494 Θεός
628 2470 694 2492 σουζ
714 2472 723 2488 ι
741 2462 825 2497 αὐτῷ,
839 2463 900 2490 καθ’

165 2547 189 2563 ⁷⁸
209 2547 287 2573 Itoni.
304 2553 361 2575 vnt,
380 2546 421 2572 i8.
477 2545 498 2560 τε
515 2544 537 2571 ll
555 2544 616 2571 Cor.
634 2553 669 2576 tv,
690 2545 735 2577 l'i',
754 2546 794 2572 18.

111 2579 138 2598 ⁸³
150 2580 217 2609 Ibid.
236 2582 281 2608 25.
337 2581 360 2596 ⁸³
374 2580 444 2607 Psal.
459 2587 511 2611 xu,
529 2580 553 2610 Ι,
569 2580 595 2606 2.

147 2651 203 2682 (60)
225 2650 360 2678 Αιὼνιον.
377 2649 456 2676 Forte
471 2649 623 2680 legendum,
638 2647 754 2674 αἰωνίου.

147 2686 204 2718 (61)
227 2686 270 2712 οὐ
282 2685 377 2719 μύκον
390 2683 448 2719 ἀπὸ
460 2683 512 2709 τοῦ
534 2682 800 2719 γῃΐνᾳυμσώματος.
816 2681 896 2719 ἀλέὰ

113 2716 159 2747 καὶ
176 2720 236 2749 ἀπὸ
252 2716 366 2751 πὰ-ντὸς
376 2718 520 2752 σώματος.
539 2716 590 2744 Sic
602 2716 731 2751 Origenes
749 2718 816 2743 libro
832 2724 839 2742 ι
859 2716 896 2742 De

114 2756 263 2790 principiis,
280 2761 341 2787 cap.
356 2753 383 2784 8,
401 2751 427 2779 ιιι
442 2753 485 2790 ιλ
505 2761 514 2777 t
538 2752 664 2779 Videmus
682 2752 740 2777 illos
760 2751 895 2778 assumi...

117 2791 162 2825 qui
181 2787 376 2818 mortilicautos
391 2787 510 2814 membra
526 2795 583 2816 sua,
601 2794 658 2820 qua'
674 2790 734 2813 sunt
749 2793 826 2820 super
844 2790 897 2812 ter-

849 2546 872 2562 “°
887 2545 908 2572 ll
923 2545 993 2573 Tim.
1010 2553 1047 2579 ιι,
1065 2546 1090 2572 5.

952 2188 978 2216 id
998 2189 1112 2221 videtur,
1131 2197 1182 2217 non
1199 2198 1208 2215 t
1225 2190 1308 2216 sitivit
1322 2190 1355 2216 ad
1377 2190 1460 2216 Deum
1476 2191 1571 2217 fortuiti
1589 2192 1678 2218 vivum
1692 2211 1700 2224 ,
1721 2202 1729 2217 ι

953 2242 1040 2269 neque
1053 2244 1063 2260 ι
1078 2235 1242 2262 desideravit
1256 2235 1288 2262 ad
1305 2236 1405 2268 Deum,
1421 2237 1647 2269 quemadmodum
1662 2238 1733 2273 desi-

953 2280 1029 2306 derat
1051 2288 1147 2308 cervus
1169 2282 1201 2308 ad
1224 2281 1312 2308 fontes
1337 2289 1469 2315 aquarum
1485 2291 1493 2315 ;
1510 2292 1520 2308 ι
1535 2291 1621 2318 neque
1637 2283 1705 2309 dixit
1723 2293 1729 2310 z

957 2325 1085 2358 (Quando
1098 2327 1215 2359 veniam,
1230 2332 1257 2353 ct
1271 2329 1405 2362 apparebo
1421 2333 1483 2355 ante
1496 2328 1591 2355 faciem
1608 2329 1653 2355 Dei
1666 2328 1689 2345 "
1699 2329 1711 2356 '3
1721 2339 1729 2354 ι

954 2370 1009 2398 Nec
1024 2379 1115 2399 secum
1136 2380 1168 2400 ea
1192 2374 1327 2407 reputavit
1350 2382 1410 2408 qua:
1430 2379 1557 2407 reputans
1577 2374 1728 2409 Propheta,

954 2424 1014 2443 cum
1032 2417 1168 2445 diceretur
1184 2419 1207 2445 ei
1222 2428 1228 2445 :
1244 2427 1254 2444 ι
1272 2419 1320 2446 Ubi
1339 2424 1380 2446 est
1401 2421 1470 2447 Deus
1490 2421 1574 2446 tuus?
1589 2431 1597 2446 ι
1613 2421 1733 2447 emunie-

953 2463 1000 2489 bat
1016 2470 1062 2497 per
1077 2464 1197 2499 singulos
1215 2465 1272 2492 dies
1292 2465 1317 2492 in
1337 2473 1366 2493 se
1383 2467 1501 2493 animam
1522 2475 1599 2493 suam
1611 2487 1619 2496 .
1642 2467 1730 2493 incre-

1146 2545 1167 2561 θ’
1183 2545 1298 2579 Philipp.
1319 2553 1365 2576 ιιι,
1384 2545 1428 2572 2i.
1483 2545 1505 2560 ⁸³
1521 2545 1598 2572 Rom.
1615 2554 1669 2578 vn,
1687 2547 1734 2574 Si.

950 2655 1007 2675 ram
1023 2655 1047 2676 et
1069 2650 1289 2676 transcendentes
1305 2657 1357 2676 non
1372 2650 1457 2676 solum
1472 2656 1629 2684 corpoream
1650 2655 1729 2677 natu—

949 2691 1018 2719 ram,
1033 2692 1122 2711 verum
1146 2683 1346 2719 etiamAanitnm
1373 2685 1454 2716 ipsius
1478 2683 1617 2719 ambiguos
1643 2685 1728 2719 fragi-

950 2717 1040 2752 lesque
1067 2723 1170 2750 motus,
1201 2717 1374 2752 adiunxerint
1399 2727 1428 2745 se
1453 2717 1582 2751 Domino,
1609 2721 1671 2747 facti
1687 2717 1729 2747 "cs

951 2751 1054 2788 integro
1068 2753 1188 2788 spiritus.
1211 2762 1220 2778 ι
1237 2751 1428 2781 Wms'rnwtrs.
