1843 3076
141 89 194 118 567

869 89 1030 117 ORIGENlS

1714 90 1769 118 568

143 157 210 184 pans
230 156 290 176 eam
305 148 392 176 adhuc
405 155 459 182 pra:
477 147 637 176 infirmitate
651 149 759 177 tristem
775 153 802 176 et
816 155 889 184 pet-tu

1004 139 1214 185 :dat'qv’ﬁttépav
1226 149 1330 185 ἐξέχεεν
1342 151 1383 185 ἐφ’
1396 150 1490 177 ἑαυτὸν
1503 150 1552 186 τὴν
1567 150 1658 186 ψυχὴν
1671 151 1768 182 αὐτοῦ,

145 198 234 223 hatam
245 216 252 228 ,
269 203 301 222 ac
326 195 417 222 dicens
432 203 439 221 ε
455 203 464 220 t
479 195 611 228 Quoniam
638 195 759 222 transibo
780 196 807 224 in
834 195 924 223 locum

141 241 310 269 tabernaculi
333 240 500 268 admirabilis
521 249 606 276 ttsque
631 241 665 268 ad
694 241 804 268 domum
827 241 872 269 Dei
897 242 924 269 in

140 296 208 314 voce
222 287 412 314 exsultationis
428 291 456 314 et
468 286 647 316 confessionis
662 287 721 315 sotti
738 287 835 314 festum
853 287 924 314 cole-

141 331 244 358 bratttis
257 330 291 357 ".
307 341 316 357 ι

176 415 200 444 4.
223 416 311 445 Velim
327 418 411 452 igitur
425 425 484 450 vos,
499 426 547 453 per
561 427 641 447 omne
657 421 726 455 quod
741 421 923 449 instatcerta-

140 470 201 490 men
218 470 353 491 memores
369 464 460 491 mutue
480 464 552 492 illius
570 467 702 494 mercedis
716 475 776 502 qua:
796 468 822 496 in
844 468 923 496 caelis

140 509 256 543 reposita
275 514 318 537 est
345 511 379 537 iis
396 519 405 535 ι
430 511 475 545 qui
491 512 709 545 persecutionem
731 518 757 540 et
777 514 922 548 opprobria

139 557 279 589 patiuntur
311 561 422 591 propter
454 558 604 592 justitiam,
629 563 656 585 et
687 564 797 594 propter
823 560 921 587 Filium

138 602 255 628 hominis
269 601 302 634 ⁸⁸,
317 612 326 628 ι
341 603 470 637 gaudere,
483 604 622 631 exsultare
636 609 663 632 et
680 605 827 639 tripudiare
838 626 846 639 ,
866 606 922 633 sic-

137 649 166 672 ut
192 645 303 680 apostoli
327 647 390 674 olim
415 648 499 682 gavisi
525 653 606 683 sunt,
640 658 649 675 t
683 651 811 684 quoniam
848 651 921 685 digni

138 691 224 719 habiti
240 698 302 720 sunt
317 700 367 728 pro
382 694 491 721 nomine
505 693 771 728 ejusconlumeliam
787 697 843 730 pati
857 697 892 724 ³⁷.
907 706 917 722 ι

137 737 214 770 Quod
229 738 251 765 si
267 746 347 774 quant
363 740 390 766 in
406 740 494 766 anima
511 745 600 768 vestra
625 742 751 769 sentiatis
774 742 920 777 aliquando

139 784 291 818 angustiam
303 804 311 816 ,
329 785 401 812 dicat
412 787 437 812 ei
452 785 497 819 qui
514 785 541 812 in
554 785 630 813 vobis
644 793 685 814 est
698 787 809 820 spiritus
841 789 920 816 Chri-

978 195 1152 231 ὲπιπλήσσων
1175 195 1242 230 αὐτῇ
1264 194 1304 221 ἔτι
1327 196 1384 221 κατ’
1399 195 1538 222 ἀσθένειαν
1558 195 1703 230 περιλύπῳ
1725 204 1769 229 γι-

976 240 1075 277 νομένῃ
1089 241 1136 267 καὶ
1156 241 1406 277 συνταρασσομένη,
1425 242 1472 268 καὶ
1485 241 1570 276 λέγων
1582 250 1589 257 ·
1610 251 1619 267 ι
1636 242 1699 268 Ὅτι
1716 241 1771 268 διε-

975 286 1105 322 λεύσομαι
1122 288 1150 314 έν
1165 287 1241 322 τόπῳ
1262 288 1364 322 σκηνῆς
1380 288 1540 323 θαυμαστῆς
1555 288 1608 320 ἕως
1625 288 1674 315 τοῦ
1691 288 1768 315 οἴκου

975 333 1021 359 τοῦ
1038 332 1115 364 Θεοῦ,
1131 334 1160 359 ἐν
1177 334 1251 368 φωνῇ
1271 333 1456 367 ἀγαλλιάσεως
1478 334 1524 360 και)¹
1545 333 1770 369 ἑξομολογὴσεως

975 374 1040 410 ἤχου
1055 375 1237 410 ἑορτάζοντος.
1259 386 1268 402 ι

1010 420 1135 456 Εὐχόμην
1148 419 1193 449 οὖν
1208 422 1281 457 ὑμᾶς
1295 422 1360 458 παρ’
1379 422 1439 449 ὅλον
1451 423 1498 449 τὸν
1517 423 1652 458 ἑστηκότα
1675 423 1769 457 ἀγῶνα

976 465 1165 499 μεμνημένους
1190 466 1236 492 τοῦ
1258 466 1437 502 ἀποκειμένου
1458 467 1556 493 πολλοῦ
1580 468 1610 494 ὲν
1640 468 1768 503 οὐρανοῖς

976 509 1071 544 μισθοῦ
1092 518 1101 535 t
1117 512 1172 542 τοῖς
1193 511 1330 547 διωχθεῖσι
1345 512 1391 538 καὶ
1410 512 1593 539 όνειδισθεῖσιν
1617 513 1714 539 ἕνεκεν
1727 513 1767 540 δι-

974 555 1128 591 καιοσύνης,
1146 557 1193 582 καὶ
1204 557 1296 583 ἕνεκεν
1310 556 1356 583 τοῦ
1369 557 1434 583 Tim":
1449 557 1495 584 τοῦ
1508 558 1666 593 ἀνθρώπου,
1681 567 1690 584 t
1703 558 1767 593 χαί-

975 611 1030 637 ρειν
1045 603 1091 629 καὶ
1107 603 1238 638 ἀγαλλιᾷν
1254 604 1300 630 καὶ
1316 605 1438 639 σκιρτᾷν,
1459 604 1553 640 ὥσπερ
1572 605 1597 630 οί
1620 604 1766 631 ἀπόστολοι

973 647 1110 683 ὲχάρησάν
1127 657 1202 682 ποτε,
1222 658 1231 674 ‹
1254 649 1467 681 καταξιωθέντες
1486 650 1556 684 ὑπὲρ
1568 649 1615 676 τοῦ
1633 650 1768 686 ὀνόματος

972 696 1052 722 αὑτοῦ
1074 696 1265 732 ἀτιμασθῆναι.
1297 707 1305 723 ι
1333 697 1364 724 Εἰ
1390 697 1417 723 δέ
1440 706 1504 724 ποτε
1526 697 1573 724 καὶ
1590 697 1766 724 αἱσθάνοισθε

973 741 1104 776 συστολῆς
1123 743 1186 777 περὶ
1201 743 1250 778 τὴν
1269 743 1356 778 ψυχὴν
1380 743 1466 778 ὑμῶν,
1485 743 1588 770 εἰπάτω
1609 744 1680 778 αὐτῇ
1701 744 1715 768 ὁ
1736 744 1766 769 ὲν

973 788 1038 822 ἡμῖν
1062 788 1116 823 (62)
1132 789 1251 824 Χριστοῦ
1273 790 1344 822 νοῦς,
1369 790 1482 825 θελούσῃ
1505 790 1535 816 τὸ
1547 790 1609 816 ὅσον
1622 791 1666 824 ἐφ’
1679 791 1765 824 ἑαυτῇ

137 829 183 861 sti,
205 838 283 864 quem
302 831 384 858 etiam
402 831 459 864 illa,
475 837 605 866 quantum
624 833 649 860 in
665 841 694 861 se
709 839 768 867 est,
786 834 841 861 vult
855 843 886 862 eo

1004 835 1020 861 :‘t
1046 835 1126 862 αὑτὸν
1145 838 1270 871 συγχεῖν”
1287 846 1297 862 ι
1317 837 1375 863 ’Ἰνα
1396 837 1422 863 τί
1444 836 1591 872 περίλυπος
1614 834 1648 867 εἷ,
1670 836 1764 871 ψυχῄ

138 876 252 904 tundere
267 885 274 903 :
291 877 403 910 «Quare
422 878 507 906 tristis
525 886 571 911 es,
587 880 676 906 anima
693 887 769 913 mea,
787 885 814 907 et
835 889 920 916 quare

136 923 282 950 conturbas
300 923 363 950 me?
380 923 463 959 Spera
480 925 506 951 in
532 925 586 952 Deo
602 925 728 960 quoniam
747 926 835 954 adhuc
851 935 919 954 con-

136 968 231 995 ﬁtebor
245 969 282 996 illi
297 969 330 995 ⁸⁵.
347 978 356 994 ι
373 969 405 995 Ει
421 977 515 996 rursus
530 990 536 996 .
551 988 558 997 .
573 990 580 997 .
595 991 602 998 .
621 969 728 997 Utinam
748 979 917 1007 nequaquam

136 1014 259 1040 tnrbetttr
289 1014 396 1046 anima,
422 1015 468 1040 sed
495 1018 558 1041 ante
588 1014 645 1049 ipsa
670 1015 833 1049 tribunalia,
855 1022 919 1044 ante

134 1059 220 1086 nudos
242 1067 320 1087 enses
341 1060 435 1094 jugulo
462 1061 589 1087 admotos
616 1061 787 1088 custodiatur
810 1069 824 1088 a
853 1069 918 1096 pace

133 1104 181 1132 Dei
198 1115 207 1130 I
225 1113 283 1140 qum
305 1111 452 1141 exsuperat
473 1114 581 1134 onmem
604 1114 713 1134 sensum
726 1107 760 1140 ⁸³,
777 1117 786 1134 ›
800 1112 827 1134 et
846 1113 918 1134 tran—

133 1151 217 1184 quilla
234 1151 289 1183 sit,
306 1157 434 1186 reputans
451 1160 497 1179 eos
516 1152 560 1185 qui
577 1161 586 1178 ι
601 1153 809 1187 peregrinantur
825 1160 838 1179 a
855 1160 918 1179 eor-

134 1204 211 1230 pore,
224 1203 371 1231 prmsentes
385 1205 445 1225 esse
460 1198 492 1224 ad
506 1199 693 1225 univorsornm
710 1197 850 1225 Dominutn
864 1198 913 1224 ".t

134 1241 188 1269 Sed
204 1242 225 1269 si
243 1242 309 1270 tales
324 1250 378 1270 non
395 1251 489 1270 suntus
504 1247 532 1270 ut
548 1243 682 1277 possimus
699 1250 807 1276 semper
820 1243 916 1269 auium:

134 1286 358 1321 tranquillitatem
375 1287 603 1318 servare.saltem
620 1294 673 1313 non
688 1286 854 1318 effundatur,
867 1295 916 1315 nec

134 1333 274 1360 extraneis
291 1338 420 1368 appareat
435 1333 493 1368 ejus
509 1333 656 1361 commotio
668 1353 675 1365 ,
698 1337 727 1359 ut
750 1332 916 1360 delensionis

132 1379 207 1406 locus
220 1379 298 1407 nobis
311 1379 380 1414 apud
396 1379 479 1407 Deum
494 1379 630 1414 supersit,
644 1378 798 1405 dicentibus
812 1387 834 1405 τε
845 1378 915 1406 Deus

131 1431 208 1451 nteus
218 1445 225 1457 ,
242 1424 276 1452 ad
291 1426 424 1459 meipsum
449 1425 538 1452 anima
554 1431 614 1450 tttea
629 1425 734 1450 turbata
747 1428 788 1450 est
800 1424 850 1450 ⁹¹.»
861 1423 916 1451 Me-

131 1470 244 1497 minisse
269 1475 359 1497 autem
387 1477 436 1498 nos
459 1470 529 1497 ratio
558 1469 687 1495 admonet
707 1473 734 1495 et
757 1468 829 1496 illius
850 1469 914 1496 dicti

132 1516 204 1550 quod
220 1517 289 1550 apud
308 1516 405 1543 Isaiam
429 1516 469 1543 sic
492 1516 593 1543 habet:
610 1525 620 1541 ι
636 1515 725 1543 Nolite
746 1514 843 1542 timere
866 1521 915 1550 op-

132 1562 269 1596 probrium
287 1562 425 1589 hominum
438 1582 446 1595 ,
460 1566 487 1588 et
504 1562 630 1596 despectu
646 1569 741 1589 eorum
757 1569 792 1589 ne
809 1561 915 1596 franga-

131 1608 197 1636 tnini
212 1607 244 1635 ".
261 1616 269 1632 ι
285 1606 352 1634 Cum
370 1607 443 1640 enim
461 1607 531 1634 Deus
548 1607 609 1635 cceli
626 1608 803 1642 siderumque
831 1608 915 1635 moti-

133 1654 184 1680 btts
201 1653 301 1680 acriter
315 1652 350 1680 sit
366 1653 488 1680 intentus
500 1674 508 1686 ,
525 1654 612 1689 iisque
627 1654 754 1681 omnibus
769 1661 828 1689 qum
843 1658 870 1681 et
887 1654 914 1680 in

132 1703 205 1726 terra
229 1703 256 1726 et
276 1699 303 1726 in
329 1699 399 1726 mari
423 1698 515 1726 divina
530 1699 590 1734 ejus
604 1703 666 1728 arte
682 1699 871 1733 perficiuntur,
889 1704 919 1727 ut

132 1745 223 1772 omnis
239 1745 350 1780 generis
366 1744 516 1772 animantia
533 1744 686 1779 plantzeque
700 1749 727 1772 et
742 1750 916 1780 generentur,

131 1795 160 1818 et
175 1791 348 1823 consistant,
363 1795 391 1817 et
406 1789 529 1821 alantur,
546 1794 574 1816 et
591 1794 752 1825 augeantur,
771 1789 918 1817 absurdum

133 1837 215 1864 fuerit
241 1844 292 1864 nos
317 1836 483 1867 connivere,
510 1842 561 1862 nec
584 1834 669 1862 Deunt
695 1836 846 1870 respicere,
871 1835 918 1862 sed

133 1882 228 1910 oculos
245 1886 407 1910 convertere
422 1881 456 1908 ad
476 1881 601 1908 homines
623 1881 701 1908 brevi
726 1881 873 1909 ntorituros
892 1885 919 1908 et

133 1928 279 1956 tradendos
295 1928 400 1956 meritis
417 1927 559 1962 suppliciis
571 1946 579 1959 .
597 1926 704 1961 hosque
720 1927 828 1954 timere.

167 1975 248 2011 277
264 1974 292 2002 5.
311 1974 464 2001 Altraltamo
480 1973 548 2000 dixit
560 1972 625 2000 olim
642 1974 732 2001 Deus:
751 1982 760 1999 ι
781 1972 918 2007 Egredere

132 2022 166 2048 tle
181 2026 252 2049 terra
273 2026 317 2047 tua
328 2021 366 2053 ης
382 2030 391 2046 ι
411 2020 490 2047 nobis
515 2020 585 2048 forte
601 2020 634 2047 alt
652 2027 684 2048 eo
699 2019 774 2046 brevi
788 2019 894 2046 dicetur
908 2027 917 2046 :

132 2067 211 2094 l-Ixite
226 2067 259 2093 de
278 2066 403 2093 universa
421 2070 492 2093 terra
505 2075 512 2098 ;
524 2066 567 2093 cui
582 2066 694 2093 obedire
706 2064 805 2092 bonum
821 2068 875 2095 est,
889 2068 920 2090 ut

131 2113 212 2140 nobis
228 2112 281 2139 cito
295 2111 381 2139 etrlos
397 2111 521 2139 ostendat
533 2112 561 2138 in
574 2111 672 2145 quibus
686 2115 729 2138 est
744 2110 771 2136 id
789 2109 861 2143 quod
878 2109 920 2135 di-

971 882 1018 908 καὶ
1039 881 1081 908 ἵνα
1095 881 1121 907 τί
1136 882 1332 917 συνταράσσεις
1354 891 1406 917 με;
1422 883 1549 908 Ἔλπισον
1562 882 1609 908 ἐπὶ
1624 882 1670 907 τὸν
1684 881 1764 912 Θεὸν,

970 927 1010 954 ὅτι
1019 927 1249 964 ὲξομολογήσομαι
1264 928 1348 964 αὐτῷ.
1363 929 1435 955 »Καὶ
1455 929 1535 956 πάλιν
1698 929 1764 955 Εἴθε

971 975 1020 1009 μὲν
1044 976 1176 1010 μηδαμῶς
1194 976 1342 1012 ταραχθείη
1368 977 1385 1012 ὴ
1409 976 1497 1012 ψυχὴ,
1520 977 1587 1003 ἀλλὰ
1616 978 1662 1003 καὶ
1696 977 1764 1012 παρ’

969 1021 1059 1052 αὐτοῖς
1073 1023 1128 1053 τοῖς
1139 1021 1334 1057 δικαστηρίοις,
1359 1023 1405 1049 καὶ
1426 1023 1501 1058 παρὰ
1517 1024 1630 1058 γυμνοῖς
1648 1024 1705 1054 τοῖς
1721 1023 1763 1055 ξί-

970 1074 1047 1100 φεσιν
1074 1066 1283 1102 ἐπιφερομένοις
1304 1067 1343 1102 τῷ
1365 1068 1509 1103 τραχήλῳ,
1531 1069 1675 1103 φρουροῖτο
1709 1067 1764 1094 ὑπὸ

972 1119 982 1135 t
996 1111 1044 1145 τῆς
1062 1111 1247 1147 ὑπερεχούσης
1261 1112 1348 1139 πάντα
1366 1112 1428 1139 νοῦν
1444 1123 1454 1139 t
1481 1113 1591 1149 εἰρήνης
1610 1113 1657 1139 τοῦ
1679 1113 1761 1144 Θεοῦ,

969 1156 1016 1182 καὶ¹
1042 1156 1215 1191 γαληνιάζοι,
1235 1157 1408 1193 λογιζομένη,
1430 1167 1439 1182 ι
1461 1158 1502 1184 ὅτι
1523 1159 1547 1184 οἱ
1576 1158 1763 1193 ἐκδημοῦντες

969 1202 1001 1228 ὲκ
1016 1201 1062 1227 τοῦ
1079 1201 1202 1236 σώματος
1224 1203 1384 1238 ἐνδημοῦσιν
1398 1203 1472 1238 αὐτῷ
1491 1203 1530 1239 τῷ
1546 1203 1599 1229 τῶν
1617 1204 1686 1230 ὅλων
1701 1204 1761 1230 Κυ-

969 1248 1029 1283 ρίῳ.
1048 1257 1056 1274 ι
1074 1249 1103 1275 Ei
1119 1248 1146 1275 δε
1165 1248 1201 1284 μὴ
1217 1249 1370 1284 τηλικοῦτοί
1389 1251 1481 1284 ἐσμεν,
1495 1250 1532 1281 ὡς
1551 1250 1594 1276 ἀεὶ
1609 1250 1638 1275 τὸ
1655 1250 1761 1285 ἀτάρα-

968 1302 1015 1329 χον
1032 1294 1179 1330 διατηρεῖν,
1198 1294 1249 1321 κᾶν
1263 1295 1301 1330 μὴ
1317 1295 1456 1330 ἐκχέοιτοι,
1479 1295 1546 1331 μηδὲ
1565 1296 1622 1326 τοῖς
1638 1295 1690 1327 ἔξω
1708 1297 1760 1330 ἐμ-

968 1339 1088 1374 φαίνοιτο
1108 1340 1125 1375 ἠ
1145 1340 1195 1375 τῆς
1213 1340 1302 1376 ψυχῆς
1317 1341 1434 1377 ταραχὴ,
1457 1341 1500 1367 ἵνα
1518 1340 1664 1374 ἀπολογίας
1684 1340 1760 1376 ὥραν

967 1385 1072 1420 ἔχωμεν
1097 1385 1166 1421 πρὸς
1183 1385 1260 1417 Θεὸν,
1283 1386 1407 1420 λέγοντες
1439 1385 1527 1421 αὐτῷ’
1555 1395 1565 1412 ‹
1600 1386 1666 1417 Θεός
1695 1394 1758 1420 μου,

968 1432 1036 1468 πρὸς
1051 1433 1169 1467 ἐμαυτὸν
1191 1433 1206 1468 ὴ
1229 1433 1301 1469 ψυχή
1322 1441 1371 1468 μου
1395 1433 1543 1469 ἐταράχθη.
1565 1443 1575 1459 ι
1597 1432 1759 1468 Μεμνῆσθαι

967 1479 995 1506 δὲ
1011 1479 1085 1514 ἡμᾶς
1097 1480 1111 1505 ό
1128 1479 1206 1513 λόγος
1223 1479 1377 1514 παρακαλεῖ
1394 1479 1440 1506 καὶ
1453 1479 1499 1505 τοῦ
1513 1480 1541 1505 ἐν
1559 1477 1759 1513 Ἠσαῖᾳτοῦτον

967 1524 1113 1560 είρημένου
1136 1524 1182 1551 τὸν
1203 1524 1301 1559 τρόπον
1315 1532 1322 1539 ·
1352 1534 1361 1550 ι
1388 1525 1434 1560 Μὴ
1457 1523 1583 1558 φοϐεῖσθε
1606 1523 1759 1558 ὀνειδισμὸν

968 1569 1129 1605 ἀνθρώπων,
1148 1570 1194 1596 καὶ
1210 1570 1249 1605 τῷ
1266 1570 1409 1606 φαυλισμῴ
1432 1570 1521 1597 αὐτῶν
1541 1569 1578 1605 μὴ
1599 1569 1729 1605 ἡττᾶσθε.
1745 1579 1756 1595 ι

968 1616 1023 1642 Καὶ
1037 1615 1223 1651 γὰρ’ἇτοπον,
1244 1615 1365 1651 ἐναργῶς
1387 1616 1538 1650 ἐφεστῶτος
1558 1615 1626 1642 Θεοῦ
1650 1616 1684 1650 τῇ
1708 1615 1757 1641 τοῦ

967 1660 1079 1694 οὐρανοῦ
1105 1661 1151 1688 καὶ
1173 1661 1227 1687 τῶν
1245 1662 1274 1687 ὲν
1294 1660 1369 1695 αὐτῷ
1388 1662 1504 1696 κινήσει,
1525 1661 1573 1687 καὶ
1595 1661 1651 1691 τοῖς
1674 1661 1704 1686 ὲν
1721 1661 1757 1694 γῇ

969 1705 1017 1732 καὶ
1034 1704 1155 1741 θαλὰσσῃ
1174 1705 1227 1731 ὑπὸ
1242 1706 1291 1740 τῆς
1314 1706 1389 1736 θείας
1405 1706 1501 1741 τέχνης
1520 1705 1603 1731 αὑτοῦ
1623 1704 1759 1731 ἐπιτελου-

971 1750 1060 1786 μένοις
1076 1751 1105 1777 ὲν
1121 1751 1299 1778 παντοδαπῶν
1313 1750 1389 1783 ζώων
1402 1752 1449 1777 καὶ
1466 1750 1555 1786 φυτῶν
1571 1751 1696 1785 γενέσεσι
1711 1751 1758 1777 καὶ

970 1796 1129 1827 συστάσεσι,
1156 1795 1203 1822 καὶ
1229 1797 1342 1833 τροφαῖς
1370 1796 1417 1822 καὶ
1441 1796 1585 1830 αὐξήσεσι,
1612 1795 1758 1830 καμμύσαι

971 1841 1019 1877 μὲν
1041 1841 1088 1868 καὶ
1104 1841 1141 1876 μὴ
1164 1841 1260 1876 ἐνορᾷν
1279 1840 1348 1876 Θεῷ,
1362 1840 1459 1876 τρέψαι
1473 1840 1502 1867 δὲ
1516 1840 1578 1871 τοὺς
1598 1838 1758 1874 ὃφθαλμοῦς

948 1922 951 1924 _
969 1888 1015 1914 ἐπὶ
1031 1887 1111 1922 φόϐον
1130 1886 1184 1913 τῶν
1199 1887 1257 1922 μετ’
1271 1887 1358 1921 ὀλίγον
1375 1886 1579 1922 τεθνηξομένων
1608 1885 1656 1912 καὶ
1671 1893 1759 1920 παρα-

969 1932 1155 1968 δοθησομένων
1167 1933 1200 1967 τῇ
1217 1931 1277 1959 κατ’
1292 1931 1369 1964 ἀξίαν
1383 1930 1472 1958 αὐτῶν
1490 1930 1562 1966 δίκῃ.

1004 1976 1050 2011 Τῷ
1082 1977 1130 2012 μὲν
1150 1975 1196 2002 οὖν
1234 1976 1358 2012 Ἀὃραάμ
1383 1984 1447 2002 ποτε
1475 1975 1527 2001 ὑπὸ
1553 1974 1620 2001 Θεοῦ
1653 1975 1758 2010 εἴρητο,

974 2031 983 2048 t
1008 2022 1119 2054 Ἔξελθε
1136 2022 1168 2048 ὲκ
1178 2022 1227 2056 τῆς
1243 2021 1294 2056 γ’ής
1311 2030 1366 2047 σου·
1390 2031 1398 2047 t
1414 2022 1480 2056 ἡμῖν
1496 2021 1524 2047 δὲ
1540 2020 1610 2055 τάχα
1628 2020 1687 2055 μετ’
1703 2020 1758 2046 ὀλί-

970 2075 1017 2102 γον
1030 2067 1200 2102 λεχθὴσεται,
1219 2066 1356 2100 Ἐξέλθετε
1368 2066 1422 2092 ἀπὸ
1438 2066 1487 2101 τῆς
1501 2065 1565 2101 ὅλης
1581 2065 1643 2100 γῆς’
1658 2061 1680 2098 ᾧ
1696 2065 1758 2091 πεί-

972 2112 1063 2141 θεσθαι
1081 2112 1171 2145 καλὸν,
1188 2113 1231 2139 ἵνα
1245 2113 1310 2148 ἡμῖν
1327 2112 1431 2147 ταχέως
1450 2111 1524 2147 δείξῃ
1537 2112 1600 2143 τοὺς
1613 2112 1758 2146 οὐρανοὺς.

132 2158 205 2184 citur
220 2165 333 2192 regnum
355 2159 497 2186 ccelorum.
515 2157 661 2185 Multarum
683 2158 816 2185 virtutum
833 2163 889 2183 catt:

1009 2155 1048 2188 οἷς
1059 2158 1133 2183 ἐστιν
1146 2158 1162 2193 ὴ
1176 2157 1328 2192 καλουμένη
1337 2157 1390 2183 τῶν
1405 2156 1525 2192 οὐρανῶν
1541 2155 1674 2190 βασιλεία.
1690 2156 1760 2191 Περὶ

131 2203 215 2230 vitam
235 2203 431 2231 certaminibus
454 2203 562 2237 plenam
577 2209 650 2234 esse,
666 2209 735 2238 opus
750 2205 794 2229 est
810 2208 858 2228 eos
870 2200 915 2234 qui

131 2254 239 2277 certant
264 2249 367 2276 videro.
395 2250 539 2276 Enimvero
564 2255 612 2282 pro
635 2248 817 2284 temperantia
841 2247 917 2275 vide-

131 2296 234 2325 buntur
248 2295 322 2322 multi
335 2295 416 2322 etiam
429 2303 444 2322 a
458 2296 503 2323 Dei
516 2295 639 2330 partibus
653 2295 734 2322 alieni
749 2295 915 2326 decertasse,

132 2340 314 2376 nonnullique
336 2347 450 2368 mortem
469 2341 577 2368 fortiter
593 2342 671 2368 obire
687 2340 817 2367 maluisse
834 2347 916 2373 qualn

131 2395 303 2415 communem
330 2387 470 2414 dominum
503 2387 642 2419 deserere;
674 2387 738 2414 item
767 2385 918 2421 prudentia

131 2441 244 2468 operam
259 2433 367 2461 dedisse
380 2433 425 2467 qui
442 2433 525 2460 rebus
552 2433 659 2460 ratione
683 2432 835 2459 tractandis
853 2439 918 2458 etta-

132 2480 325 2515 ntittattdisque
337 2480 540 2512 prmstiterunt;
554 2478 705 2512 acjustitize
719 2485 748 2505 se
763 2478 917 2510 tradidisse,

133 2527 179 2561 qui
202 2525 275 2559 jus-te
294 2526 385 2553 vivere
410 2526 460 2553 sibi
479 2529 700 2560 proposuerunt;
728 2525 763 2552 ita
787 2525 918 2552 adversus

134 2572 254 2606 singulas
269 2572 384 2599 virtutes
399 2573 499 2600 militat
512 2577 561 2600 aut
576 2571 667 2599 carnis
690 2570 833 2606 prudentia
846 2589 854 2603 ,
869 2574 916 2597 aut

131 2619 260 2653 plet-nque
274 2623 427 2650 extranea;
453 2624 480 2646 at
506 2625 556 2653 pro
577 2618 678 2652 pietate
699 2616 786 2644 solum
814 2620 916 2651 pugnat

165 2673 188 2688 "
208 2672 280 2701 Psal.
298 2682 351 2706 xu,
365 2674 393 2700 4.
430 2675 452 2690 ⁸⁸
463 2675 557 2701 Matth.
574 2681 600 2704 ν.
617 2673 644 2699 ll
660 2693 667 2703 ,
684 2672 726 2699 1'2.
766 2673 786 2688 ⁸⁷
804 2673 862 2700 Act.
877 2681 902 2704 ν,
917 2673 961 2699 41.

132 2707 154 2723 ⁹¹
169 2707 238 2734 Psal.
255 2709 329 2740 \‘t,‘2.
367 2710 389 2725 "
402 2709 498 2741 ls:t.t_t,
516 2710 541 2736 7.

168 2766 224 2837 :22;

579 2708 602 2724 ’³
614 2708 681 2735 Cen.
699 2716 746 2741 xu,
759 2709 780 2734 l.

250 2767 343 2801 Ἡμῖν.
360 2768 439 2795 Forte
458 2769 607 2801 legendum,
622 2767 695 2802 ὑμῖν.

244 2803 294 2828 Καὶ
321 2803 422 2831 πάλιν.
453 2804 581 2839 Suspicor
613 2808 786 2831 consecutum
832 2802 916 2832 fuisse

970 2202 1018 2238 μὲν
1040 2200 1086 2229 οὖν
1102 2202 1206 2230 πολλῶν
1222 2203 1328 2238 ἀρετῶν
1349 2203 1422 2229 ἔστιν
1442 2202 1504 2229 ἰδεῖν
1517 2201 1563 2228 τὸν
1578 2202 1634 2237 βίον
1644 2201 1760 2239 ἀγιξζνων

968 2248 1181 2284 πεπληρωμένον
1192 2249 1254 2281 τοὺς
1268 2248 1492 2287 ἀγωνιζομένους.
1506 2247 1615 2281 Δόξουσι
1624 2247 1678 2284 γὰρ
1693 2248 1758 2283 περὶ

969 2295 1018 2330 μὲν
1038 2295 1214 2330 σωφροσύνης
1239 2295 1285 2321 καὶ
1305 2295 1392 2330 ἕτεροι
1408 2294 1462 2321 τῶν
1482 2293 1536 2321 ἀπὺ
1553 2294 1602 2328 τῆς
1618 2293 1665 2320 τοῦ
1689 2294 1757 2320 Θεοῦ

970 2341 1078 2377 μερίδος
1099 2341 1248 2376 ἠγωνίσθαι
1269 2341 1371 2368 πολλοί·
1398 2341 1444 2368 καὶ
1465 2341 1533 2376 μετὰ
1551 2341 1675 2378 ἀνδρείας
1693 2343 1757 2368 ὲνα-
1795 2356 1798 2359 -

969 2386 1162 2422 ποτεθνηκέναι
1175 2387 1245 2418 τινὲς
1258 2407 1265 2419 ,
1279 2387 1426 2422 τηροῦντες
1440 2387 1488 2422 τὴν
1508 2387 1579 2422 ὑπὲρ
1599 2387 1646 2413 τοῦ
1666 2388 1756 2414 κοινοῦ

968 2434 1098 2460 δεσπότου
1124 2433 1262 2469 πρόθεσιν·
1293 2432 1448 2468 φρονήσεώς
1469 2441 1500 2459 τε
1516 2432 1709 2468 ἐπιμελεῖσθαι
1733 2433 1758 2459 οἰ

967 2479 1031 2515 περὶ
1041 2480 1103 2511 τοὺς
1113 2477 1323 2513 ἐξεταζομένους
1335 2479 1429 2513 λόγους
1440 2478 1529 2505 δεινοί·
1544 2479 1590 2505 καὶ
1598 2477 1756 2513 δικαιοσύνῃ

966 2525 1081 2556 ἑαυτοὺς
1090 2524 1280 2552 ἐπιδεδωκέναι
1292 2525 1316 2550 οἱ
1327 2524 1437 2555 δικαίως
1447 2523 1496 2559 ζῇν
1507 2523 1665 2560 προτεθυμη
1670 2523 1754 2558 μένοι.

967 2570 1022 2598 Καὶ
1040 2569 1216 2605 στρατεύεται
1229 2577 1260 2603 γε
1278 2569 1339 2596 καθ’
1353 2569 1470 2605 ἑκάστης
1481 2569 1581 2604 ἀρετῆς
1591 2569 1650 2605 ἤτοι
1665 2569 1696 2596 τὸ
1708 2569 1757 2603 τῆς

968 2615 1069 2651 σαρκὸς
1083 2615 1210 2650 φρόνημα
1226 2615 1272 2641 καὶ
1294 2614 1329 2641 τὰ
1345 2615 1429 2641 πολλὰ
1446 2614 1500 2641 τῶν
1523 2615 1612 2646 ἐκτός
1639 2615 1705 2650 περὶ
1728 2614 1756 2642 δὲ

999 2672 1022 2687 ⁸⁸
1039 2671 1108 2699 Psal.
1133 2680 1191 2704 xu,
1207 2671 1234 2699 6.
1277 2671 1299 2689 ⁸³
1307 2672 1406 2708 Philip.
1418 2681 1443 2708 ν,
1454 2672 1481 2700 7.
1519 2672 1541 2689 "
1555 2671 1577 2699 ll
1596 2671 1660 2699 Cor.
1688 2679 1713 2702 ν,
1728 2671 1754 2699 8.

966 2766 1082 2801 aliquem
1100 2766 1248 2800 Scriptura:
1262 2764 1347 2791 locum
1359 2765 1441 2801 priori
1455 2765 1568 2794 similem
1582 2773 1663 2800 quem
1680 2772 1756 2792 ama-

971 2800 1082 2832 nuensis
1098 2801 1125 2828 in
1140 2809 1189 2828 tus.
1209 2801 1302 2827 codice
1319 2800 1452 2829 omiserit.
