1843 3076
176 96 230 123 575

179 165 188 182 ι
215 161 342 190 tanquam
358 153 469 179 verbum
490 149 596 178 Domini
608 149 679 184 quod
702 155 753 175 non
768 145 895 182 praecepit
910 145 962 172 Do-
975 145 1000 174 Δ

177 201 267 228 minus
280 199 301 231 ⁸,
324 207 333 224 ι
352 203 398 225 aut
419 202 546 231 tanquam
572 201 722 222 sermonem
738 193 885 228 sapientizc.
901 199 958 219 ser-

177 253 283 274 monem
300 252 314 271 a
329 243 462 278 Sap‘entia
483 242 611 273 alienum,
632 245 659 266 ut
676 247 725 267 nos
742 238 888 266 interﬁciat
900 244 960 264 ser-

176 298 255 319 mone
272 290 328 317 oris
342 289 394 316 sui.
417 288 468 315 Sed
494 295 552 318 nos,
577 294 640 313 cum
664 284 816 313 constiterit
837 286 962 317 peccator

178 337 320 363 adversum
350 342 409 366 nos,
438 334 578 360 dicamus:
609 341 619 358 ι
639 332 694 366 Ego
717 335 807 357 autem
833 333 961 362 tanquam

178 382 275 409 surdus
291 388 343 407 non
365 379 519 409 audiebatur.
531 382 559 405 et
574 378 642 404 sicut
663 381 754 403 mutus
770 383 821 402 non
837 375 962 408 aperiens

178 435 210 454 os
224 435 313 459 suum,
327 430 354 452 et
365 425 452 452 factus
468 432 527 451 sutn
540 424 610 450 sicut
627 423 707 450 homo
724 429 775 449 non
790 421 901 447 attdiens
916 420 938 446 °.
950 428 960 444 ι

180 473 323 500 I‘ulrhrum
338 477 378 498 est
393 471 463 497 enim
480 469 513 496 ad
526 469 623 503 impios
639 475 775 495 sermones
789 466 965 494 obsurdesce-

181 526 221 549 re.
238 517 319 553 280
330 525 390 544 cum
408 523 455 543 eos
469 515 514 550 qui
532 522 658 549 perverse
669 515 814 548 loquuntur
828 511 965 546 corrigere

181 563 273 595 dcspet
280 569 366 588 alnus.

218 608 244 635 9.
261 607 384 634 l'rulerit
398 606 480 633 etiam
498 605 575 633 nobis
593 610 655 631 tunc
669 603 796 638 temporis
810 611 870 631 cum
884 603 916 629 ad
934 610 965 630 ea

182 661 242 687 qu:e
268 652 322 679 Deo
346 652 484 679 contraria
513 657 576 678 sntit
602 649 817 686 provocabimur,
846 649 966 683 cogitare

183 698 248 732 quid
270 705 318 724 nos
334 698 432 723 docere
453 697 516 723 velit
531 697 613 727 Deus,
633 703 693 722 cum
715 696 754 722 ait
772 703 779 721 :
802 704 810 720 ι
834 695 890 729 Ego
907 702 965 721 sum

184 744 314 772 Dominus
331 744 400 771 Deus
418 749 479 770 tuus
494 743 596 770 zelotes
610 743 642 769 ‘°.
660 752 669 768 ι
691 741 821 776 Equidem
838 741 965 774 arbitror,

166 799 173 805 -
184 789 408 823 quemadmodum
430 797 544 824 sponsus
554 789 600 824 qui
615 796 741 822 sponsam
760 788 824 814 velit
844 788 876 815 ad
892 791 967 814 casle

184 835 326 861 vivendum
351 835 486 861 adducere
506 838 536 860 ut
559 841 587 861 se
613 838 696 861 totam
720 840 819 867 sponso
841 832 969 867 adjungat

184 879 311 912 omnique
335 879 423 906 studio
444 883 538 906 caveat
556 879 589 905 ad
607 879 690 905 ullum
705 886 735 906 se
746 878 864 905 alienum
882 877 968 904 eﬂun-

185 924 249 951 dere
258 932 266 950 :
275 924 308 957 is,
321 924 383 951 licet
395 924 502 958 sapiens
516 925 561 956 sit,
574 923 660 950 zelum
673 928 761 950 tamen
778 931 831 958 pra:
847 930 876 949 se
890 922 967 953 feret.

186 976 214 996 ut
230 978 262 997 ea
285 970 346 996 ﬁcto
362 970 450 1004 specie
465 970 546 996 veluti
563 970 761 997 medicamento
786 969 903 1004 quodam
928 968 971 994 in-

186 1017 291 1043 lirmmn
303 1023 408 1050 sponsa:
419 1016 537 1042 animum
550 1015 690 1043 conﬁrmet
702 1024 708 1042 :
722 1015 762 1042 sic
774 1014 969 1049 legislatorem,

187 1061 303 1088 maxime
317 1061 338 1088 si
353 1070 362 1086 ι
387 1061 580 1096 primogenitus
598 1070 607 1086 ι
626 1065 756 1096 appareat
769 1070 779 1085 (
797 1060 886 1088 omnis
898 1067 972 1087 crea-

188 1111 255 1133 turae
270 1106 303 1138 “.
324 1115 333 1132 ι
349 1107 388 1134 ad.
397 1107 512 1134 animam
528 1114 654 1141 sponsam
670 1114 745 1134 suam
758 1106 838 1133 Deum
855 1113 884 1134 se
899 1108 971 1133 zelo-

190 1156 241 1178 tcm
257 1159 318 1178 esse
338 1152 438 1185 dicere,
455 1157 486 1179 ut
506 1153 552 1187 qui
573 1153 598 1179 id
620 1153 758 1179 audierint
777 1159 824 1179 eos
847 1152 881 1179 ab
897 1152 970 1179 omni

188 1203 249 1222 cum
268 1197 407 1224 dmmoniis
432 1205 547 1232 cumque
572 1198 605 1224 iis
631 1197 677 1232 qui
700 1197 827 1224 dicuntur
849 1204 908 1224 esse
923 1197 969 1228 dii.

188 1240 366 1269 fornicatione
394 1242 539 1269 deterreat.
557 1244 646 1277 Atque
663 1247 693 1269 ut
720 1242 790 1270 Deus
816 1243 853 1270 ita
869 1243 971 1270 zelotes

187 1286 228 1313 ait
241 1286 274 1313 de
288 1287 321 1314 iis
331 1287 377 1321 qui
394 1288 513 1321 quolibet
527 1289 606 1316 modo
623 1293 682 1323 post
700 1289 764 1316 deos
781 1288 883 1315 alienos
899 1289 973 1315 abie-

189 1332 245 1358 riut
261 1339 268 1358 :
290 1341 299 1358 ι
319 1332 371 1367 Ipsi
389 1341 431 1360 me
447 1333 478 1360 ad
492 1334 579 1361 zelum
597 1338 812 1368 provocaverunt
828 1334 855 1361 in
871 1341 905 1361 eo
926 1334 972 1369 qui

191 1385 244 1404 non
261 1382 320 1405 erat
341 1379 423 1411 deus;
440 1385 467 1406 et
484 1388 534 1415 ego
547 1380 699 1414 provocabo
716 1387 762 1406 eos
776 1380 802 1406 in
817 1387 850 1406 eo
861 1380 905 1415 qui
920 1386 973 1407 non

190 1427 233 1450 est
253 1425 379 1458 populus.
397 1430 424 1452 et
443 1425 470 1452 in
486 1430 564 1459 gente
580 1425 662 1452 stulta
684 1425 879 1459 irritaboillos,
907 1433 973 1460 quo-

191 1469 264 1495 niam
289 1469 358 1503 ignis
375 1477 521 1497 succensus
537 1475 578 1496 est
605 1478 638 1497 ex
665 1470 755 1498 furore
782 1478 854 1502 meo,
868 1470 976 1497 ardebit
990 1471 1013 1502 C

192 1521 278 1548 usque
294 1515 326 1542 ad
342 1515 477 1542 infernum
493 1517 613 1542 inlituum
628 1517 659 1541 η.
679 1526 688 1541 ι

229 1559 274 1586 10.
290 1559 366 1592 Quod
380 1560 402 1586 si
415 1568 466 1587 non
480 1568 527 1587 sua
550 1561 634 1595 ipsius
654 1568 734 1587 causa
754 1568 869 1593 sponsus
885 1563 976 1595 utpote

195 1605 302 1639 sapiens
326 1609 354 1632 et
375 1606 439 1632 nulli
467 1607 660 1640 perturbationi
686 1607 829 1640 obnoxius,
853 1607 886 1633 ab
903 1606 976 1633 otuni

195 1650 256 1677 labe
281 1650 332 1677 sibi
352 1644 540 1685 desponsatam
566 1652 712 1684 averterit;
740 1656 767 1679 at
792 1656 866 1679 certe
892 1651 977 1686 ipsius

195 1695 282 1729 gratia
299 1698 377 1730 cujus
392 1696 486 1723 sordes
500 1697 780 1731 abominationemque
794 1697 896 1729 videat,
909 1695 979 1723 nihil

195 1749 249 1768 non
264 1741 345 1768 faciet
359 1744 431 1777 quod
447 1743 531 1777 ipsam
545 1751 642 1770 sanare
659 1743 744 1777 possit
759 1748 786 1770 et
806 1747 978 1776 convertere,

197 1787 390 1822 adhibebitque
416 1793 444 1815 ut
464 1789 554 1816 liberae
569 1797 600 1816 ae
618 1789 659 1816 sui
680 1789 786 1816 arbitrii
802 1793 905 1816 naturae
932 1797 978 1816 ra-

197 1833 284 1861 tiones
301 1841 361 1868 qua:
372 1841 387 1860 a
402 1839 495 1868 stupro
511 1835 675 1861 deterreant.
689 1833 776 1867 Quam
797 1834 880 1869 igitur
891 1834 979 1861 labem

196 1880 333 1914 putaveris
345 1880 507 1907 deteriorem
525 1881 595 1907 iuuri
614 1888 695 1915 posse
716 1881 813 1907 auium
827 1887 885 1914 qua:
897 1880 979 1907 alium

197 1925 438 1960 quomodocunque
451 1926 649 1953 renuntiaverit
665 1926 759 1957 Deum,
775 1933 825 1952 nec
844 1932 982 1952 eumcou-

198 1970 267 1997 fessa
283 1970 365 1997 fuerit
381 1971 425 2004 qui
452 1978 514 1997 vere
530 1978 599 1997 unus
625 1975 652 1997 et
672 1970 745 1998 solus
766 1974 808 1997 est
829 1969 982 1997 Dominus?

197 2015 327 2050 Equidem
343 2020 372 2042 ut
383 2016 427 2050 qui
445 2024 455 2041 ‹
475 2016 594 2043 adhaeret
604 2016 751 2045 meretrici.
765 2023 846 2042 unum
860 2022 959 2049 corpus
970 2023 981 2040 ι

197 2061 313 2090 cllieitur
325 2063 356 2095 ’³,
368 2063 407 2089 sic
421 2062 540 2090 arbitror
557 2070 617 2089 eum
632 2063 678 2097 qui
693 2062 809 2096 aliquem
825 2061 981 2094 confitetur,

199 2116 232 2136 eo
246 2109 362 2136 maxime
380 2115 500 2143 tempore
520 2116 574 2143 quo
596 2109 629 2136 de
656 2108 708 2135 ﬁde
732 2108 880 2142 inquiritur
903 2106 981 2133 adhi-

199 2155 350 2189 beaturque
365 2160 509 2187 tormenta,
526 2155 697 2182 commisceri
718 2159 746 2181 et
760 2154 830 2181 uniri
853 2154 877 2180 ei
902 2160 982 2187 quem

199 2200 361 2233 conﬁtetur;
389 2201 433 2235 qui
461 2208 528 2227 vero
557 2205 650 2235 negat,
677 2201 735 2235 ipsa
767 2200 913 2234 negatione
935 2206 984 2226 sua

200 2245 277 2279 quasi
294 2250 373 2272 acuto
386 2245 501 2279 quodam
516 2245 614 2280 gladio,
633 2245 666 2272 ab
680 2245 726 2272 illo
741 2251 821 2278 quem
835 2248 914 2278 negat
940 2243 984 2270 di-

200 2291 254 2317 vidi
272 2298 304 2317 ae
321 2291 450 2325 separari.
468 2292 640 2326 Quapropter
660 2291 721 2318 vide
735 2298 810 2322 num,
829 2291 900 2323 quod
920 2297 986 2317 eon-

201 2342 347 2372 sequenter
361 2338 468 2365 accidat
479 2346 510 2365 ac
535 2337 689 2365 necessario
704 2342 732 2363 ut
747 2344 808 2363 eum
823 2336 987 2363 conlitcatur

201 2383 325 2411 Christus
339 2384 384 2418 qui
401 2391 431 2411 sc
449 2385 590 2411 confessus
606 2384 654 2416 sit,
676 2390 738 2409 cum
759 2389 823 2409 vero
839 2381 884 2416 qui
904 2389 985 2416 nega.

201 2431 281 2463 verit,
298 2435 387 2465 neget.
403 2430 504 2457 dictum
522 2430 558 2457 sit
575 2429 638 2456 illud
656 2436 661 2452 ι
684 2437 693 2454 ι
713 2428 764 2461 Qui
784 2435 826 2454 me
842 2428 985 2455 confessus

203 2477 283 2505 fuerit.
297 2484 388 2504 coram
403 2477 566 2508 hominibus,
583 2475 735 2502 c0nlitebor
749 2479 776 2502 et
796 2481 845 2509 ego
860 2481 923 2501 eum
941 2481 987 2500 co-

203 2530 263 2550 ram
274 2523 355 2550 Patre
371 2529 430 2549 meo
445 2522 490 2556 qui
506 2522 532 2548 in
557 2521 632 2548 cmlis
657 2524 698 2547 est
719 2519 752 2546 ¹⁸.
770 2529 780 2545 ι
796 2519 890 2546 Dicere
906 2519 986 2545 etiam

203 2570 289 2604 possit
304 2570 391 2604 ipsum
408 2569 524 2596 Vcrbmn
540 2572 568 2594 et
585 2568 640 2601 ipsa
657 2566 760 2593 Veritas
777 2571 832 2592 tum
849 2565 986 2593 confitenti

204 2623 266 2644 eum
278 2615 384 2649 neganti
397 2624 403 2642 :
418 2624 427 2640 ι
448 2615 475 2641 In
489 2622 542 2648 qua
557 2619 682 2639 mensura
707 2612 793 2639 mensi
811 2611 926 2644 l'ucritis,
942 2619 987 2639 re-

916 82 1078 112 OBIGENIS
1748 70 1807 97 5’16

1016 152 1024 169 ι
1045 142 1082 174 ὡς
1098 140 1200 177 Κυρίου
1219 139 1303 175 ῥῆμα,
1319 138 1333 164 ὃ
1348 138 1378 164 οὐ
1402 135 1549 172 προσέταξε
1565 133 1678 169 Κύριος,
1705 140 1715 156 ›
1734 130 1752 165 ἢ
1768 130 1808 160 ὼς

1011 188 1107 222 σοφίας
1131 187 1220 220 λόγον,
1245 185 1290 211 τὸν
1314 183 1451 219 ἀλλότριον
1477 181 1526 216 τῆς
1549 179 1655 214 σοφίας,
1678 178 1713 204 ἶν’
1730 177 1807 212 ἡμᾶς

1013 233 1159 268 ἀποκτείνῃ
1172 231 1210 267 τῷ
1227 231 1299 266 λόγῳ
1308 230 1354 256 τοῦ
1372 229 1503 264 στόματος
1518 225 1610 254 αὐτοῦ.
1633 224 1706 250 Ἀλλ’
1723 223 1809 268 ἡμεῖς

1011 281 1041 308 δὲ
1066 279 1126 306 τότε
1147 267 1184 304 γὲν
1213 276 1251 312 τῷ
1283 275 1413 309 συστῆναι
1433 273 1479 300 τὸν
1495 269 1656 307 ἁμαρτωλὸν
1681 267 1808 295 ἐναντίον

1013 325 1092 362 ἡμῶν
1118 324 1247 359 εἴπωμεν·
1272 332 1281 347 ι
1304 320 1373 355 Ἐγὼ
1394 320 1422 346 δὲ
1441 318 1506 345 ὡσεὶ
1519 316 1608 351 κωφὸς
1621 315 1673 362 οὐκ
1691 314 1806 362 ἤκουον,

1012 358 1060 398 καὶ
1075 370 1140 396 ὡσεὶ
1162 368 1258 399 ἄλαλος
1277 367 1327 393 οὐκ
1351 364 1464 399 ἀνοίγων
1485 363 1516 389 τὸ
1538 362 1624 396 στόμα
1642 358 1739 387 αὑτοῦ·
1761 358 1810 384 καὶ

1013 417 1144 451 ἐγενόμην
1154 414 1219 441 ὡσεὶ
1230 413 1370 448 ἅνθρωπος
1379 411 1428 437 οὐκ
1445 408 1561 436 ἁκούων.
1581 417 1589 433 ι
1610 405 1688 441 Καλὴ
1712 404 1772 439 γὰρ
1784 404 1808 451 Δὴ

1012 449 1166 498 πρὸς-τους
1185 460 1292 490 ἀσεὸεϊς
1311 457 1406 491 λόγους
1425 455 1562 489 κώφωσις,
1579 452 1648 479 ὲπὰν
1668 449 1812 498 ἀπογινὼ-

1015 496 1126 543 σκωμεν
1150 506 1199 541 τὴν
1226 505 1281 532 τῶν
1313 503 1348 530 τὰ
1380 502 1488 538 χείρονα
1524 499 1656 533 λεγόντων
1685 496 1810 530 ἐπανόρ-

1015 554 1107 581 θωσιν.

1051 599 1191 634 Χρήσιμον
1207 597 1234 623 δὲ
1245 596 1319 631 ἡμᾶς
1329 595 1428 621 ἐννοεῖν
1443 594 1472 620 ὲν
1487 592 1543 623 τοῖς
1563 590 1671 626 καιροῖς
1686 588 1744 615 τῶν
1764 588 1810 613 ἐπὶ

1015 643 1050 670 τά
1067 633 1174 670 ἐναντία
1195 640 1432 677 προκαλουμένων,
1449 638 1476 664 τί
1494 637 1597 669 διδάξαι
1615 635 1783 670 βουλόμενος
1796 633 1810 658 ό

1017 689 1082 720 Θεός
1099 696 1163 723 φησι
1180 688 1218 714 τό·
1237 697 1246 712 ι
1275 685 1344 720 Ἐγώ
1355 686 1412 719 εἰμι
1429 683 1529 719 Κύριος
1541 683 1556 708 ὁ
1571 681 1637 712 Θεός
1652 688 1701 706 σου
1720 678 1810 723 ζηλω-

1017 734 1076 769 τής.
1097 742 1105 758 ι
1123 733 1178 759 Καὶ
1193 730 1269 766 οἶμαί
1285 739 1329 765 γε,
1340 731 1380 756 ὅτι
1395 729 1425 755 ὃν
1440 729 1538 764 τρόπον
1548 725 1663 761 νυμφίος
1678 722 1811 756 ἐπιστρέ-

1019 787 1075 814 φων
1086 778 1135 813 τὴν
1148 777 1254 812 νύμφην
1269 776 1336 811 πρὸς
1353 775 1383 801 τὸ
1406 773 1511 808 σεμνῶς
1527 771 1611 806 βιοῦν,
1637 769 1813 802 συνάγουσαν

1021 813 1069 860 μὲν
1084 824 1173 850 πᾶσαν
1187 821 1284 856 ἑαυτὴν
1298 820 1366 856 πρὸς
1381 819 1426 845 τὸν
1438 817 1561 854 νυμφίον,
1578 815 1660 842 παντὶ
1671 814 1701 840 δὲ
1715 813 1814 847 τρόπῳ

1020 857 1224 904 φυλαττομένην
1237 867 1291 902 (75)
1307 865 1445 901 ἐκκεῖσθαι
1464 863 1532 899 πρὸς
1545 862 1638 896 ἔτερόν
1653 868 1716 886 τινα
1735 857 1813 893 παρά

1019 917 1064 943 τδν
1087 915 1210 950 νυμφίον·
1235 913 1286 940 κᾶν
1307 912 1386 946 σοφὸς
1405 909 1433 947 ᾖ,
1457 910 1582 945 ὲμφαίνοι
1603 908 1636 934 ἂν
1653 907 1747 942 ζῆλον,
1775 905 1814 937 ὡς

1021 961 1157 998 φαρμάκῳ
1171 962 1203 996 τῇ
1218 959 1329 994 τοιαύτῃ
1344 957 1460 993 ὲμφάσει
1479 956 1546 991 πρὸς
1555 954 1604 990 τὴν
1615 953 1726 988 νύμφην
1738 951 1815 988 χρὼα

1023 997 1109 1042 μενος
1127 1006 1213 1037 οὕτως
1228 1006 1242 1031 ὁ
1254 1003 1439 1040 χρηματίζων,
1456 1002 1502 1029 καὶ
1519 1001 1635 1036 μάλιστα
1651 999 1700 1026 ἐὰν
1721 997 1817 1032 φαίνη-

1020 1062 1065 1080 ται
1085 1062 1094 1078 ι
1113 1054 1126 1078 ὁ
1141 1051 1311 1087 πρωτότοκος
1332 1060 1341 1075 ι
1358 1048 1427 1075 εἶναι
1445 1057 1454 1074 ι
1475 1047 1564 1082 πάσης
1573 1046 1703 1076 κτίσεως,
1719 1053 1729 1069 ι
1745 1044 1815 1079 φησὶ

1023 1099 1090 1135 πρὸς
1103 1097 1151 1133 τὴν
1165 1097 1273 1132 νύμφην
1289 1096 1377 1130 ψυχὴν
1394 1094 1460 1125 Θεὸς
1476 1092 1545 1119 εἶναι
1564 1090 1697 1135 ζηλωτὴς,
1720 1089 1815 1135 nisi};

1021 1134 1070 1176 τῆς
1085 1142 1152 1177 πρὸς
1163 1140 1197 1167 τὰ
1207 1140 1331 1174 δαιμόνια
1340 1137 1465 1174 πορνείας
1481 1136 1527 1164 καὶ
1542 1136 1604 1167 τοὺς
1615 1134 1815 1170 νομιζομένους

1022 1185 1091 1214 εἶναι
1107 1186 1184 1217 θεοὺς
1203 1184 1318 1220 ἀφιστὰς
1328 1184 1390 1215 τοὺς
1403 1182 1603 1218 ἀκροωμένους.
1622 1180 1678 1206 Καὶ
1692 1179 1733 1210 ὡς
1746 1178 1814 1209 Θεὸς

1023 1233 1094 1260 οὕτω
1122 1232 1245 1268 ζηλωτής
1268 1239 1333 1266 φησι
1359 1229 1422 1265 περὶ
1445 1228 1499 1255 τῶν
1525 1228 1598 1258 ὅπως
1625 1225 1689 1252 ποτὲ
1724 1224 1814 1250 ὀπίσω

1024 1279 1090 1306 θεῶν
1100 1278 1199 1313 ἑτέρων
1214 1274 1478 1311 ὲκπεπορνευκότων·
1491 1283 1500 1298 ι
1518 1272 1599 1299 Αὑτοί
1614 1269 1814 1306 παρεὶς-ἣλωσαν

1025 1333 1058 1359 με
1067 1325 1109 1350 ἐπ’
1120 1324 1148 1350 οὐ
1155 1322 1217 1358 θεῷ·
1226 1321 1307 1356 ,κάγὼ
1316 1319 1503 1356 παραζηλώσω
1513 1319 1609 1349 αὐτοὺς
1618 1317 1660 1343 ἐπ’
1672 1317 1724 1342 οὐκ
1730 1315 1812 1341 ἔθνει·

1024 1370 1070 1396 ἐπὶ
1076 1368 1145 1395 ἔθνει
1153 1368 1273 1403 ἀσυνέτῳ
1281 1366 1421 1403 παροργιῶ
1429 1365 1578 1396 αὐτοὺς,ὄτι
1587 1363 1623 1389 πῦ
1628 1371 1642 1398 ρ
1648 1362 1815 1388 ἐκκέκαυται

1025 1417 1057 1442 ὲκ
1064 1414 1110 1441 τοῦ
1118 1413 1204 1450 θυμοῦ
1221 1422 1282 1449 μου·
1299 1412 1462 1448 καυθήσεται
1471 1411 1523 1443 ἕως
1537 1410 1600 1445 ᾅδου
1612 1408 1782 1436 κατωτάτου.
1804 1415 1813 1431 ι

1063 1558 1122 1584 Κᾶν
1139 1557 1176 1592 μὴ
1193 1556 1225 1583 δι’
1242 1556 1334 1583 ἑαυτὸν
1349 1555 1377 1582 δὲ
1394 1554 1431 1585 ὡς
1442 1553 1522 1588 σοφὸς
1537 1551 1673 1587 ὁνυμφίος
1686 1550 1737 1577 καὶ
1747 1550 1819 1577 ἀπα-

1029 1603 1078 1640 θὴς
1094 1602 1252 1638 ἀποστρέφῃ
1267 1601 1366 1632 παντὸς
1383 1593 1519 1636 μολυσμοῦ
1538 1597 1589 1635 τὴν
1612 1596 1819 1632 μεμνηστευμέ-

1028 1659 1087 1685 νην,
1098 1649 1166 1677 ἀλλά
1182 1657 1213 1683 γε
1227 1648 1259 1674 δι’
1281 1647 1398 1681 ἐκείνην,
1409 1645 1480 1681 ὁρῶν
1500 1644 1584 1679 αὑτῆς
1604 1643 1650 1669 τδν
1680 1641 1819 1677 μολυσμὸν

1025 1696 1077 1724 ’καὶ
1087 1695 1132 1722 τὸν
1151 1694 1307 1730 βδελυγμὸν,
1320 1692 1448 1719 πάντατὰ
1457 1690 1582 1718 ίὰσασθαι
1594 1690 1640 1716 καὶ
1654 1687 1819 1723 ὲπιστρέιξαι

1030 1741 1113 1778 αὐτὴν
1124 1740 1258 1775 δυνάμενα
1272 1740 1387 1774 ποιήσει,
1402 1737 1439 1769 ὡς
1448 1736 1611 1768 αὑτεξουσίῳ
1624 1734 1705 1769 φύσει
1717 1732 1820 1769 προσα-

1030 1795 1086 1822 γων
1102 1786 1196 1821 λόγους
1213 1784 1429 1820 ἀποτρεπτικοὺς
1445 1782 1491 1809 τοῦ
1513 1781 1664 1816 πορνεύειν.
1691 1780 1773 1805 Ποῖον
1788 1777 1820 1804 ἂν

1030 1831 1077 1859 οὖν
1094 1831 1211 1867 μιασμδν
1237 1831 1345 1866 νοήσαις
1370 1829 1477 1864 χείρονα
1500 1826 1621 1861 γίνεσθαι
1649 1824 1725 1859 ψυχῇ
1749 1824 1820 1853 ὅπως

1032 1879 1097 1905 ποτὲ
1113 1878 1190 1905 ἄλλον
1204 1876 1370 1912 ἀγορευούσῃ
1383 1874 1458 1907 Θεὸν,
1476 1873 1522 1900 καὶ
1534 1873 1571 1908 μὴ
1589 1869 1760 1906 ὁμολογούσῃ
1777 1869 1819 1894 τὸν

1032 1923 1138 1958 ἀληθῶς
1153 1923 1202 1950 ἕνα
1229 1922 1276 1949 καὶ
1304 1922 1382 1957 μόνον
1405 1920 1523 1955 Κύριονς
1540 1919 1595 1945 Καὶ
1613 1915 1690 1952 οἶμαί
1709 1925 1755 1950 γε,
1771 1917 1818 1946 ὃτι,

1033 1969 1127 2004 ὥσπερ
1137 1970 1150 1995 ὀ
1171 1977 1180 1993 ι
1199 1967 1369 2002 κολλώμενος
1383 1967 1416 2002 τῇ
1428 1966 1514 2001 πόρνῃ
1524 1964 1551 1990 ἓν
1563 1963 1643 1999 σῶμά
1658 1973 1668 1988 ι
1680 1963 1765 1993 ἐστιν,
1779 1961 1821 1987 οὖα

1032 2024 1086 2046 τως
1097 2016 1111 2040 ὁ
1124 2015 1171 2049 μὲν
1186 2013 1322 2048 ὁμολογῶν
1339 2020 1408 2044 τινα,
1423 2012 1470 2038 καὶ
1488 2009 1602 2046 μάλιστα
1624 2009 1653 2034 ἐν
1669 2007 1761 2043 καιρῷ
1775 2007 1821 2041 βα-

1036 2060 1115 2086 σάνου
1132 2059 1178 2086 καὶ
1195 2058 1340 2091 ἐξετάσεως
1362 2058 1413 2092 τῆς
1431 2057 1563 2087 πίστεως,
1580 2054 1759 2089 ἀνακιρνᾶται
1777 2053 1822 2078 καὶ

1036 2105 1141 2132 ἑνοῦται
1157 2105 1196 2140 τῷ
1210 2103 1416 2139 όμολογουμένῳ
1433 2102 1498 2138 (⁵14)·
1516 2103 1529 2128 ὁ
1549 2101 1577 2128 δὲ
1588 2099 1767 2136 ἀρνούμενος,
1777 2098 1821 2124 ὑπ’

1036 2150 1121 2184 αὐτῆς
1136 2149 1184 2184 τῆς
1201 2149 1340 2184 ἀρνήσεως
1355 2148 1453 2182 τρόπον
1467 2145 1601 2182 μαχαίρας
1613 2143 1821 2178 διακοπτούσης,

1033 2195 1080 2221 ἀπ’
1097 2195 1211 2226 ἐκείνου,
1226 2195 1255 2220 ὃν
1271 2194 1402 2230 ἀρνεῖται,
1419 2193 1516 2227 πάσχει
1532 2191 1581 2226 τὴν
1592 2190 1735 2226 διαίρεσιν,
1745 2197 1823 2224 χωρι-

1034 2242 1145 2276 ζόμενος
1158 2241 1271 2272 ἐκείνου,
1285 2240 1315 2266 ὃν
1331 2241 1476 2275 ἠρνήσατο.
1486 2237 1583 2272 Διόπερ
1596 2236 1756 2270 ἐπίστησον,
1774 2235 1823 2269 μήο

1035 2295 1111 2318 ποτε,
1129 2287 1167 2318 ὡς
1175 2285 1317 2313 ἀκόλουθον
1332 2285 1378 2311 καὶ
1394 2284 1540 2318 ἀναγκαῖον
1551 2281 1687 2316 συμϐῆναι
1699 2280 1740 2315 τῷ
1762 2281 1823 2314 ὀμο-

1035 2335 1158 2369 λογοῠντι
1173 2334 1202 2360 τὸ
1216 2332 1422 2368 ὁμολογηθῆναι,
1440 2331 1486 2358 καὶ
1501 2329 1539 2365 τῷ
1555 2327 1715 2364 ἀρνουμένῳ
1731 2327 1763 2352 τὸ
1774 2327 1822 2360 ἀρ-

1036 2382 1159 2418 νηθῆναι,
1181 2380 1286 2416 εἴρηται
1302 2378 1341 2405 τό·
1362 2387 1370 2403 ι
1394 2378 1442 2408 Ὃς
1469 2376 1517 2402 ὲάν
1539 2374 1693 2409 ὁμολογήσῃ
1710 2373 1740 2399 ὲν
1765 2371 1822 2418 ἐμοι

1038 2417 1190 2464 ἔμπροσθεν
1203 2426 1256 2453 τῶν
1267 2424 1428 2461 ἀνθρώπων,
1442 2421 1518 2456 κάγὼ
1533 2420 1692 2456 ὁμολογήσω
1708 2420 1738 2444 ὲν
1752 2417 1822 2464 abst?

1039 2462 1191 2510 ἔμπροσθεν
1202 2470 1249 2498 τοῦ
1266 2470 1370 2506 Πατρός
1395 2478 1445 2505 μου
1464 2466 1512 2494 τοῦ
1531 2467 1559 2492 ὲν
1576 2465 1713 2510 οὐρανοῖς.
1730 2473 1740 2489 ι
1767 2462 1822 2510 »Καὶ

1039 2508 1111 2546 simi
1126 2517 1148 2544 δ’
1171 2516 1203 2542 ἂν
1213 2518 1228 2543 ὸ
1242 2515 1384 2549 αὐτολόγος
1396 2513 1442 2540 καὶ
1453 2514 1468 2548 ἡ
1482 2510 1661 2545 αὐτοαλήθεια
1668 2508 1709 2544 τῷ
1719 2515 1750 2533 τε
1762 2508 1822 2541 ὀμο-

1039 2565 1182 2600 λογήσαντι
1198 2562 1244 2589 καὶ⁴
1259 2561 1297 2596 τῷ
1314 2559 1502 2596 ἁρνησαμένῳο
1518 2567 1527 2582 ι
1540 2553 1575 2592 ᾯ
1590 2555 1683 2600 μέτρῳ
1692 2554 1819 2600 μετρεῖτε,

1040 2598 1300 2645 ἀντιμετρηθήσεται
1326 2607 1399 2641 ὑμῖν·
1419 2614 1428 2630 ι
1447 2605 1478 2630 σὺ
1505 2603 1553 2638 μὲν
1576 2599 1623 2628 οὖν
1645 2602 1661 2627 ὁ
1690 2598 1821 2635 μετρήσας

241 2686 251 2701 ⁸
267 2685 345 2713 Deut.
363 2685 496 2716 xvmﬂﬁ.
533 2684 543 2698 ⁹
558 2682 630 2710 Psal.
644 2690 747 2715 xxxut,
765 2682 806 2710 lii.
840 2683 956 2717 ‘°_and.

1057 2701 1060 2708 .
1092 2682 1112 2697 “
1127 2680 1229 2708 Coloss.
1242 2687 1262 2713 I,
1278 2678 1320 2706 i5.
1359 2678 1380 2693 "
1395 2677 1471 2704 Deut.
1485 2681 1570 2706 χχχιι,
1581 2671 1682 2705 21,22.
1714 2669 1819 2698 υἱῶν.

204 2728 242 2752 Vt,
256 2722 298 2746 16.
337 2721 359 2736 ⁸⁵
373 2720 466 2746 Matth.
479 2727 508 2750 x,
521 2718 568 2746 52.

243 2777 299 2810 (75)
314 2777 416 2804 Vitiose
436 2777 462 2803 in
487 2775 669 2810 manuscripto
685 2775 783 2810 legitur
798 2773 970 2810 τροφυλαττοξ

1070 2778 1096 2800 et
1109 2771 1150 2799 iul‘
1151 2779 1177 2798 ra
1194 2770 1320 2805 ζωλωτής
1336 2775 1384 2804 pro
1399 2766 1530 2804 ζηλωτής.

245 2808 299 2848 tu)
313 2813 443 2848 Corrupte
459 2812 486 2839 in
501 2819 551 2840 ius.
569 2808 900 2844 scribitur,’oXoyoopévtp.
