1843 3076
37 146 91 176 511

612 153 835 182 EXHORTATIO
851 154 897 181 AD
916 153 1135 182 MARTYRIUM.

1621 158 1672 185 5'78

38 213 136 249 μέτρῳ
153 213 204 248 τῆς
224 213 293 250 πρὸς
311 213 344 249 μὲ
360 211 514 249 ὁμολογίας.
532 213 658 250 ἀπολήψῃ
677 223 686 240 ι
707 215 805 250 μέτρον
823 224 832 240 ›

922 214 1014 241 ιιῑειιπ
1030 215 1121 246 vobis;
1139 223 1148 240 ι
1163 219 1190 240 ιιι
1207 214 1289 248 igitur
1308 215 1353 249 qui
1368 223 1495 243 mensura
1513 220 1565 244 tum
1583 216 1617 243 de
1630 224 1673 244 me

35 259 88 294 τῆς
110 260 160 286 ἀπ’
176 259 245 295 ἐμοῦ
263 259 406 294 ὁμολογίας
426 268 435 286 ι
458 259 662 294 σεσαλευμένον,
685 260 836 295 πεπιεσμέ-

36 313 95 336 νον,
114 305 377 341 ὑπερεκχυνόμενον,
390 305 458 340 ὅπερ
468 304 610 339 δοθήσεται
634 306 673 336 εἰς
682 305 726 332 τὸν
739 305 836 332 κόλπον

38 356 100 374 σου.
127 358 137 373 ι
157 349 213 375 Καὶ
240 348 272 374 σὺ
298 348 336 380 δὲ,
362 349 376 375 ὁ
405 349 542 383 μετρήσας
565 348 604 383 τῷ
626 349 676 383 τῆς
696 350 836 385 ἀρνήσεως

39 393 137 428 μέτρῳ
155 393 203 420 καὶ
230 393 417 428 ἀρνησάμενός
437 402 481 429 με,
497 394 526 420 τὸ
541 394 670 428 ἀνάλογον
687 394 725 430 τῷ
745 395 836 430 μέτρῳ

36 438 91 472 τῆς
108 439 252 474 ἀρνήσεως
263 438 388 475 ἀπολήψῃ
401 438 497 474 μέτρον
509 439 559 473 τῆς
575 439 621 465 ἀπ’
630 439 697 474 ἐμοῦ
713 441 776 476 περὶ
788 440 835 467 σοῦ

37 485 200 519 ἀρνήσεως.

75 531 144 562 Πῶς
161 531 190 558 δὲ
209 531 361 567 πληροῦται
385 532 485 567 μέτρον
513 532 666 568 ὁμολογίας,
684 533 700 568 ἢ
717 533 747 559 οὐ
767 533 836 569 πλη-

39 577 151 612 ροῦται,
179 578 237 605 ἀλλ’
261 578 400 610 ἐλλείπει,
417 578 504 610 οὕτως
526 579 558 606 ἂν
583 580 783 615 θεωρήσαιμεν.
803 581 834 607 Et

37 620 109 655 παρ’
122 621 185 647 ὅλον
208 622 253 648 τὸν
277 622 326 657 τῆς
355 622 504 654 ἐξετάσεως
528 620 579 649 καῖ
601 623 647 650 τοῦ
679 625 833 660 πειρασμοῦ

37 666 151 701 χρόνον,
171 667 208 701 μὴ
225 667 339 703 διδῶμεν
355 668 438 695 τόπον
455 668 492 703 τῷ
508 668 623 703 διαὸόλῳ
645 670 673 695 ὲν
690 671 748 701 ταῖς
765 677 831 705 καρ-

36 711 113 742 δίαις
140 712 232 746 ἡμῶν,
252 712 374 747 μολύνειν
399 714 472 749 ἡμᾶς
498 714 680 749 διαλογισμοῖς
708 715 835 750 πονηροῖς

37 756 150 783 θέλοντι
175 758 323 793 ἀρνήσεως,
345 758 361 794 ἢ
383 758 518 793 διψυχίας,
533 759 549 794 ἦ
566 768 636 791 τινος
658 759 836 796 πιθανότητος

37 802 269 838 προκαλουμένης
291 804 338 830 ἐπὶ
360 804 394 831 τὰ
417 805 502 840 ἐχθρὰ
524 805 563 840 τῷ
581 806 723 841 μαρτυρίῳ
740 807 787 832 καὶ
801 807 834 841 τῇ

36 846 211 883 τελειότητι·
229 851 275 876 καὶ
298 850 366 885 πρὸς
386 850 473 883 τούτῳ
496 851 519 877 εἰ
536 851 603 886 μηδὲ
619 850 690 886 λόγῳ
703 851 835 888 ἀλλοτρίῳ

35 892 91 927 τῆς
107 893 254 928 ὁμολογίας
268 895 380 927 ἑαυτοὺς
401 896 553 931 μιαίνοιμεν
565 896 633 932 (75),
646 897 694 924 καὶ
708 898 732 924 εί
748 897 835 924 πάντα
851 890 873 919 Β

37 939 176 974 φέρωμεν
201 940 246 966 τὸν
268 941 322 967 ἀπὸ
347 940 401 968 τῶν
433 942 561 968 ἐναντίων
589 942 759 977 ὀνειδισμὸν,
789 943 835 969 καὶ

36 986 157 1021 χλεύην,
180 986 228 1012 καὶ
253 986 368 1020 γέλωτα,
392 987 438 1013 καὶ
459 986 625 1022 δυσφημίαν,
644 987 691 1014 καὶ
720 987 792 1014 ἔλεον
805 988 833 1015 ὃν

35 1033 170 1059 δοκοῦσιν
188 1033 261 1067 ἡμᾶς
285 1033 388 1065 ἐλεεῖν,
410 1032 632 1067 πεπλανημένους
658 1033 705 1058 καὶ
728 1033 834 1069 μωροὺς

36 1077 297 1113 ὑπολαμόάνοντες,
326 1078 373 1104 καὶ
405 1077 591 1112 ὲσφαλμένους
616 1077 831 1109 ἀποκαλοῦντες·

35 1124 80 1149 ἑτι
103 1123 145 1154 δὲ,
165 1124 188 1149 εί
207 1123 244 1158 μὴ
260 1123 471 1159 περιελκοίμεθσ.
487 1122 689 1158 περισπώμενοι
715 1123 762 1150 καὶ⁸
782 1123 834 1149 ὑπὸ

35 1169 90 1204 τῆς
114 1169 181 1205 περὶ
201 1169 234 1196 τὰ
254 1169 346 1200 τέκνα,
367 1169 383 1204 ἢ
409 1169 458 1204 τὴν
482 1169 583 1194 τούτων
608 1168 724 1203 μητέρα,
741 1169 757 1203 ἦ
775 1177 833 1194 τινα

34 1214 96 1240 τῶν
113 1214 301 1249 νομιζομένων
317 1212 386 1240 εἶναι
399 1215 427 1240 ὲν
438 1213 476 1248 τῷ
485 1213 535 1248 βίῳ
548 1213 682 1247 φιλτάτων
696 1214 834 1248 φιλοστορ-

35 1262 118 1295 γίας,
142 1260 213 1295 πρὸς
235 1259 282 1295 τὴν
306 1260 402 1294 κτῆσιν
420 1259 436 1294 ἢ
454 1260 523 1294 πρὸς
544 1259 575 1285 τὸ
599 1259 648 1294 ζῇν
662 1259 739 1285 τοῦτο
751 1279 758 1291 ,
777 1259 833 1285 ἀλλ’

35 1306 90 1332 ὅλα
106 1304 198 1331 ταῦτα
217 1303 445 1339 ἀπομι-τραφέντες,
461 1304 514 1330 ὅλοι
533 1303 677 1338 γενοίμεθα
691 1304 738 1330 τοῦ
755 1304 833 1336 Θεοῦ,

36 1353 90 1378 καὶ
107 1351 161 1385 τῆς
179 1350 238 1385 μετ’
254 1350 334 1376 αὺτοῦ
350 1350 396 1376 καὶ
414 1351 478 1384 παρ’
495 1349 568 1385 αὑτῴ
584 1350 667 1385 ζωῆς,
686 1350 722 1382 ὼς
739 1359 834 1377 κοινω-

36 1399 174 1433 νήσοντες
183 1396 222 1431 τῷ
234 1398 378 1431 Μονογενεί
387 1396 469 1423 αὑτοῦ
479 1397 526 1422 καὶ
538 1397 594 1427 τοῖς
604 1396 728 1431 μετόχοις
736 1397 817 1423 αὑτοῦ
825 1405 831 1412 ·

40 1444 100 1470 τότ’
117 1443 153 1470 ἂν
170 1444 302 1477 εἴποιμεν,
318 1443 359 1468 ὁτι
385 1441 585 1477 ὲπληρώσαμεν
611 1442 642 1467 τὸ
665 1442 765 1477 μέτρον
784 1443 834 1478 τῆς

35 1489 209 1524 όμολογία;’
228 1488 253 1513 εί
266 1488 304 1519 δὲ,
318 1487 369 1514 κᾶν
387 1488 426 1513 ἑνί
448 1496 500 1514 τινι
525 1487 675 1522 λείποιμεν,
691 1488 739 1514 οὐκ
755 1488 835 1523 ἐπλη-

38 1535 187 1570 ρώσαμεν,
205 1533 260 1559 ἀλλ’
274 1533 446 1568 ὲμολύναμεν
459 1533 488 1559 τὸ
503 1533 553 1567 τῆς
564 1533 708 1568 ὁμολογίας
724 1533 832 1569 μέτρον.

37 1581 86 1606 Διὸ
103 1575 317 1615 δεησόμεθα,ὦν
331 1579 435 1606 δέονται
452 1580 476 1604 oi
492 1579 753 1614 ἐποικοδομήσαντες
772 1589 781 1604 ι
795 1578 834 1615 τῷ

37 1626 164 1661 θεμελίῳ
180 1625 246 1657 ξύλα
260 1625 275 1660 ἢ
294 1624 388 1660 χόρτον
402 1625 418 1660 ἢ
432 1625 568 1663 καλάμην.
582 1634 591 1650 ι

815 1578 833 1593 π.
848 1566 868 1593 C

887 260 1066 287 confessionis
1092 267 1201 286 mensus
1219 267 1260 293 es,
1288 270 1298 286 ‹
1329 269 1484 289 mensuram
1511 272 1521 289 ι
1555 262 1673 297 accipies

887 313 954 333 mea:
965 306 999 333 de
1017 311 1042 333 te
1066 305 1245 333 confessiOnis
1265 314 1274 330 ι
1303 306 1402 333 bonam
1427 312 1452 334 et
1479 308 1628 334 confertam
1646 312 1673 336 et

862 386 864 390 ν
887 352 1050 386 coagitatam
1062 350 1335 385 etsupereﬂlueulcm
1351 351 1378 378 in
1393 353 1483 379 sinum
1502 358 1577 380 tuum
1596 353 1637 386 ";
1660 363 1671 381 ι

888 401 915 424 tu
933 405 996 424 vero
1012 397 1059 431 qui
1072 396 1224 432 negationis
1239 403 1367 423 mensura
1385 405 1495 425 mensus
1508 405 1538 426 es
1552 403 1578 425 et
1590 398 1670 435 281

887 442 991 477 negasti
1015 449 1068 474 me,
1099 442 1215 476 recipies
1236 443 1390 476 negationis
1414 451 1547 471 mensura:
1560 452 1674 480 respon-

886 489 994 516 dentem
1006 495 1161 515 mensuram
1179 495 1245 515 mete
1262 488 1296 515 de
1309 493 1335 515 te
1352 489 1512 521 negationiSt

922 534 1037 567 1|.Qua
1062 539 1151 560 autem
1181 533 1287 560 ratione
1315 534 1459 568 impleatur
1492 535 1672 563 confessionis

886 587 1014 607 mensura
1035 585 1082 606 aut
1101 587 1153 607 non
1179 579 1333 614 impleatur,
1357 581 1404 607 sed
1429 585 1524 608 contra
1553 582 1672 616 deﬁciat,

886 628 927 655 sic
945 628 1132 662 inspiciemus.
1153 627 1180 653 Si
1197 635 1246 661 per
1264 632 1347 654 totum
1364 628 1552 662 inquisitionis
1568 634 1596 656 et
1611 633 1673 656 ten-

887 673 996 700 talionis
1013 678 1119 708 tempus
1139 673 1229 700 locum
1249 673 1357 700 diabolo
1379 681 1432 700 non
1455 675 1552 701 demus
1568 674 1593 701 in
1610 682 1673 702 cor~

887 718 965 745 dibus
984 719 1098 750 nostris,
1123 718 1170 753 qui
1186 725 1236 746 nos
1253 718 1396 753 inquinare
1415 719 1471 745 vult
1499 719 1672 753 cogitationi-

886 763 937 791 bus
951 763 1029 791 malis
1048 768 1095 790 aut
1113 764 1267 798 negationis
1292 770 1339 791 aut
1353 764 1542 796 dubitationis,
1560 770 1608 792 aut
1623 773 1672 792 cu-

882 808 971 842 jusvis
990 809 1063 843 quod
1078 809 1218 844 probabile
1241 809 1366 836 videatur
1381 814 1408 836 et
1427 809 1459 836 ad
1479 817 1510 835 ca
1523 817 1583 843 qua:
1596 817 1671 836 mar-

888 854 957 889 tyrio
980 859 1008 881 et
1024 854 1182 888 perfectioni
1199 858 1265 881 sunt
1279 853 1388 880 inimica
1423 853 1567 886 sollicitet;
1581 854 1604 880 si
1621 861 1672 881 nos

889 901 962 934 ipsos
977 905 1106 935 praitcrea
1121 901 1196 927 nullo
1210 900 1292 927 verbo
1304 899 1473 927 maculemus
1485 900 1557 933 quod
1577 907 1591 926 a
1605 907 1672 927 con-

888 945 1006 972 fessione
1025 945 1144 973 alienum
1161 945 1212 977 sit;
1231 944 1253 971 si
1270 949 1366 971 cuncta
1393 944 1512 971 feramus
1527 950 1554 972 et
1577 946 1673 971 adver-

888 991 1023 1017 sariorum
1045 991 1227 1018 contumelias
1241 995 1269 1018 et
1286 990 1402 1017 ludibria
1421 995 1446 1016 et
1470 991 1542 1017 risus
1555 995 1583 1017 et
1597 991 1671 1017 infa-

888 1035 971 1062 miam
987 1041 1014 1062 et
1027 1036 1242 1063 misericordiam
1257 1042 1309 1069 qua
1327 1034 1413 1061 nostri
1434 1035 1558 1061 misereri
1575 1035 1671 1062 viden-

889 1086 943 1114 lur,
957 1089 1030 1116 quos
1046 1089 1144 1117 nempe
1162 1086 1288 1109 errantes
1303 1086 1328 1109 et
1343 1082 1440 1109 stultos
1454 1081 1632 1115 arbitrantur,
1645 1085 1673 1108 et

888 1126 1017 1161 deceptos
1041 1132 1155 1159 vocant;
1168 1127 1202 1154 ad
1223 1128 1280 1156 haec
1296 1128 1319 1155 si
1335 1134 1422 1161 neque
1438 1133 1486 1153 nos
1502 1126 1614 1152 divellat
1629 1129 1670 1152 at-

887 1180 940 1206 que
957 1172 1090 1199 distrahat
1108 1173 1256 1199 liberorum
1282 1172 1411 1199 uxorisve
1428 1178 1515 1202 amor,
1529 1176 1574 1198 aut
1583 1171 1669 1198 alicu-

887 1217 932 1251 jus
947 1226 1040 1245 eorum
1062 1226 1122 1253 quae
1143 1219 1302 1246 charissima
1327 1219 1354 1245 in
1378 1218 1432 1245 vita
1447 1222 1578 1252 putantur
1589 1225 1665 1249 esse.

887 1269 916 1291 ut
932 1268 977 1290 aut
991 1264 1207 1298 possessionibus
1218 1264 1342 1292 aut.huic
1357 1264 1406 1297 ipsi
1423 1264 1484 1290 vita:
1501 1264 1670 1296 hmreamus;

887 1309 934 1335 sed
946 1310 980 1335 ab
996 1308 1039 1335 his
1055 1309 1183 1335 omnibus
1197 1309 1299 1341 aversi,
1316 1309 1364 1335 toti
1383 1309 1428 1336 Dei
1452 1309 1538 1335 simus
1559 1309 1672 1343 ejusque

887 1353 950 1379 vita:
969 1359 1029 1386 quae
1048 1359 1110 1379 cum
1125 1353 1182 1387 ipso
1199 1357 1227 1379 et
1245 1353 1316 1388 apud
1333 1353 1419 1387 ipsum
1434 1356 1488 1384 est,
1503 1357 1532 1379 ut
1545 1359 1669 1379 commn-

887 1398 996 1424 ttionem
1017 1397 1135 1424 habituri
1164 1405 1225 1425 cum
1252 1399 1388 1432 unigenito
1410 1397 1468 1432 ejus
1496 1397 1566 1424 Filio
1585 1403 1612 1425 ct
1629 1398 1673 1425 his

887 1443 932 1477 qui
955 1443 1014 1478 ejus
1041 1443 1190 1478 participes
1210 1448 1291 1476 sunt;
1324 1448 1388 1471 tunc
1411 1450 1459 1470 nos
1490 1443 1670 1470 confessionis

887 1496 1043 1516 mensuram
1070 1489 1226 1523 implevisse
1255 1490 1346 1516 dicere
1372 1489 1532 1523 poterimus.
1549 1488 1578 1516 Si
1605 1496 1671 1516 vero

888 1533 930 1561 vel
949 1530 1002 1560 υηὸ
1018 1534 1130 1561 istorum
1151 1534 1243 1567 aliquo
1259 1533 1451 1564 defecerimus,
1468 1541 1522 1560 non
1546 1533 1672 1567 implevi-

887 1588 957 1612 mus,
981 1579 1028 1606 sed
1059 1579 1265 1614 inquinavimus
1295 1579 1478 1607 confessionis
1503 1585 1668 1606 mensuram.

888 1625 1059 1660 Quapropter
1083 1626 1263 1660 indigebinms
1285 1625 1319 1653 iis
1348 1625 1448 1660 quibus
1480 1625 1603 1658 indigent
1626 1625 1673 1659 qui

38 1671 333 1706 superaditicaverunt
350 1679 359 1696 ι
371 1678 451 1704 super
463 1670 667 1698 fundamentum
684 1670 939 1705 ligna.aut,fenum.
957 1677 1004 1698 aut
1022 1672 1146 1706 stipulam
1166 1671 1195 1697 ἐ.
1216 1681 1226 1697 ι

76 1719 134 1745 Καὶ
152 1717 230 1744 τοῦτο
246 1718 274 1744 δὲ
293 1719 367 1753 ἡμᾶς
383 1718 482 1745 εἰδέναι
498 1714 618 1754 χρὴ,’ὅτι
631 1718 680 1750 τὰς
705 1718 836 1753 καλουμέ-

38 1774 89 1797 νας
107 1765 158 1791 τοῦ
174 1765 240 1791 Θεοῦ
257 1765 389 1799 διαθήκας
403 1766 448 1791 ἐπὶ
465 1765 614 1800 συνθήκαις
631 1764 836 1800 παρεδεξάμεθα

39 1808 86 1842 αἷς
101 1810 172 1846 πρὸς
194 1811 275 1837 αὐτὸν
294 1810 493 1845 ἐποιησάμεθα,
512 1810 702 1845 ἀναδεχόμενοι
718 1810 750 1836 τὸ
766 1810 836 1836 κατὰ

39 1857 259 1891 Χριστιανισμὸν
277 1856 351 1891 βιοῦν
361 1864 368 1871 ο
381 1856 427 1883 καὶ
444 1857 472 1882 ὲν
487 1857 547 1888 ταῖς
567 1856 635 1891 πρὸς
658 1856 724 1882 Θεὸν
738 1856 837 1892 συνθή-

39 1911 105 1934 καις
122 1902 203 1938 ἡμῶν
216 1901 249 1938 ἦν
267 1903 342 1928 πᾶσα
359 1903 375 1936 ή
398 1902 468 1928 κατά
480 1902 510 1928 τὸ
526 1902 690 1936 Εὑαγγέλιον
705 1902 835 1934 πολιτεία,

43 1948 145 1982 λέγον·
165 1957 174 1973 ‹
186 1948 220 1974 Εἴ
238 1956 280 1979 τις
296 1947 368 1974 θέλει
382 1947 470 1973 ὀπίσω
488 1955 538 1982 μου
554 1947 652 1979 ἐλθεῖν,
673 1946 835 1981 ἀρνησάσθω

41 1993 155 2024 ἑαυτὸν,
172 1993 219 2020 καὶ
235 1993 329 2028 ἀράτω
352 1994 398 2021 τὸν
414 1993 528 2028 σταυρὸν
551 1993 645 2023 αὐτοῦ,
661 1993 707 2019 καὶ
723 1992 836 2020 ἀκολου-

41 2039 128 2066 θείτω
144 2048 202 2074 μοι.
224 2040 272 2070 Ὃς
286 2040 340 2075 γὰρ
355 2040 387 2066 ἂν
407 2039 471 2076 θέλῃ
481 2039 529 2074 τὴν
543 2039 631 2074 ψυχὴν
643 2039 724 2065 αὑτοῦ
739 2038 834 2070 σῶσαι,

40 2085 175 2114 ἀπολέσει
188 2084 281 2120 αὐτὴν.
303 2085 352 2116 ‘0;
369 2085 390 2111 δ’
404 2085 438 2111 ἂν
453 2084 573 2120 ἀπολέσῃ
591 2083 673 2110 αὑτοῦ
687 2084 735 2119 τὴν
747 2084 835 2119 ψυχὴν

39 2132 140 2158 ἕνεκεν
155 2129 234 2164 ἐμοῦ,
249 2126 325 2161 οὗτος
345 2129 427 2156 σώσει
443 2129 536 2165 αὑτήν.
552 2130 583 2155 Τί
599 2129 651 2165 γὰρ
660 2125 836 2165 ὠφεληθήσε-

39 2185 88 2203 ται
105 2175 261 2211 ἄνθρωπος,
281 2175 310 2207 ὃς
325 2175 372 2202 ἐὰν
383 2167 429 2202 τὸν
445 2175 545 2210 κόσμον
559 2175 617 2201 ὅλον
632 2175 751 2210 κερδήσῃ
769 2174 834 2210 (76),

40 2222 93 2257 τὴν
109 2217 143 2247 δὲ
158 2220 244 2256 ψυχὴν
260 2220 342 2247 αὑτοῦ
359 2220 500 2256 ζημιωθῇ;
516 2221 532 2256 ἢ
554 2221 581 2246 τί
597 2220 677 2247 δώσει
693 2220 836 2256 ἄνθρωπος

40 2265 228 2301 ἀντάλλαγμα
245 2266 295 2301 τῆς
315 2265 403 2301 ψυχῆς
421 2265 519 2298 auset");
543 2265 634 2300 μέλλει
657 2265 712 2301 γὰρ
735 2267 749 2292 ὁ
772 2266 835 2297 Υἱὸς

39 2311 90 2337 τοῦ
104 2310 252 2346 ἀνθρώπου
266 2311 392 2346 ἔρχεσθαι
406 2312 434 2337 ὲν
450 2312 483 2346 τῇ
494 2310 556 2345 δόξῃ
569 2310 615 2336 τοῦ
631 2310 736 2345 Πατρὺς
752 2309 834 2336 αὑτοῦ

923 1719 967 1746 12.
985 1719 1133 1747 Sciendum
1149 1724 1176 1746 et
1194 1719 1257 1745 illud
1283 1723 1335 1750 Cal,
1361 1727 1410 1746 nos
1429 1719 1454 1745 id
1479 1719 1549 1754 quod
1574 1719 1672 1746 dicitur

891 1769 1082 1792 testamentum
1100 1765 1147 1792 Dei
1162 1765 1244 1792 certis
1259 1764 1489 1792 convcntionibus
1505 1765 1668 1799 suscepisse,

887 1818 955 1844 quas
970 1815 1025 1836 tum
1041 1810 1154 1837 fecimus
1165 1817 1226 1837 cum
1241 1817 1291 1836 nos
1307 1810 1385 1844 juxta
1402 1809 1590 1837 Christianam
1607 1810 1672 1837 reli-

887 1855 994 1890 gionem
1009 1856 1131 1882 victuros
1145 1856 1308 1890 recepimus.
1327 1855 1373 1882 His
1388 1859 1479 1882 autem
1498 1855 1598 1882 nostris
1609 1862 1670 1882 eum

888 1902 943 1929 Deo
973 1901 1201 1928 convcntionibus
1223 1901 1380 1939 evangelica
1408 1901 1496 1928 omnis
1527 1900 1670 1934 disciplina

887 1946 1089 1974 continebatur.
1104 1945 1149 1973 Sic
1164 1953 1244 1981 porro
1255 1947 1321 1973 dicit
1334 1946 1511 1980 Evangelium
1524 1954 1532 1972 ι
1545 1955 1553 1971 ι
1568 1946 1596 1972 Si
1610 1947 1672 1980 quis

886 1992 945 2019 vult
964 1996 1026 2026 post
1045 1999 1087 2018 mc
1105 1992 1211 2024 venire,
1231 1992 1348 2026 abneget
1371 1992 1557 2026 semetipsum,
1578 1996 1604 2018 et
1620 1991 1670 2018 tol-

889 2037 928 2065 lat
941 2045 1050 2065 crucem
1065 2046 1155 2071 suam,
1169 2042 1196 2065 et
1213 2042 1345 2071 sequatur
1364 2045 1416 2064 me.
1434 2037 1483 2070 Qui
1495 2038 1565 2064 cutim
1580 2037 1672 2064 volue-

889 2084 924 2111 ril
942 2085 1060 2111 animam
1088 2092 1166 2112 suam
1189 2084 1292 2111 salvam
1307 2083 1410 2114 facere,
1426 2083 1522 2117 perdet
1534 2090 1605 2110 eam.
1621 2082 1671 2115 Qui

887 2134 977 2157 autem
990 2130 1138 2165 perdiderit
1150 2131 1269 2157 animam
1285 2137 1360 2156 suam
1378 2134 1488 2164 propter
1500 2138 1551 2161 me,
1567 2129 1670 2156 salvam

888 2175 969 2203 faciet
981 2184 1051 2203 eam.
1069 2176 1140 2209 Quid
1155 2176 1226 2203 enim
1245 2176 1354 2210 prodest
1376 2175 1478 2202 homini
1497 2175 1520 2202 si
1537 2175 1670 2203 mundum

887 2221 1044 2248 universum
1063 2221 1195 2253 lucretur,
1210 2221 1306 2247 anima:
1323 2228 1386 2247 vero
1404 2227 1460 2247 sua:
1476 2221 1670 2247 detrimentum

888 2267 1024 2300 patiatur?
1046 2273 1092 2293 aut
1115 2275 1196 2300 quam
1228 2267 1303 2294 dabit
1329 2267 1411 2294 homo
1431 2267 1671 2294 commutationem

887 2321 937 2348 pro
958 2314 1047 2340 anima
1074 2313 1139 2339 sua?
1154 2312 1239 2340 Filius
1256 2313 1328 2339 enim
1346 2313 1463 2339 hominis
1483 2317 1615 2340 venturus
1630 2318 1672 2340 est

41 2356 116 2390 μετὰ
133 2356 189 2382 τῶν
205 2356 327 2391 ἀγγέλων
338 2356 420 2382 αὑτοῦ
430 2365 436 2370 ·
452 2356 498 2382 καὶ
512 2355 572 2382 τότε
587 2355 719 2382 ἀποδώσει
730 2356 836 2391 ἑκάστῳ

932 2357 1016 2391 gloria
1029 2356 1118 2383 Patris
1137 2357 1178 2383 sni
1198 2364 1258 2383 cum
1274 2357 1379 2390 angelis
1395 2357 1461 2387 suis.
1481 2361 1509 2383 et
1525 2360 1590 2383 tunc
1611 2357 1672 2383 red-

41 2402 120 2428 κατὰ
138 2401 188 2437 τὴν
208 2401 306 2437 πρᾶξιν
323 2401 416 2428 αὐτοῦ.
432 2411 441 2426 ι
458 2401 494 2427 Τὸ
509 2401 536 2427 δὲ
551 2401 606 2431 δεῖν
619 2401 758 2437 ἀρνεῖσθαι
775 2402 837 2428 ἑαυ-

40 2447 101 2480 τὸν,
119 2448 169 2474 καὶ
193 2448 281 2483 αἴρειν
303 2447 348 2474 τὸν
365 2447 460 2473 ἑαυτοῦ
478 2446 604 2482 σταυρὸν,
624 2447 671 2472 καὶ
691 2446 730 2482 τῷ
748 2446 836 2481 Ἰησοῦ

41 2493 215 2525 ἀκολουθεῖν,
229 2493 259 2520 οὐ
269 2493 347 2528 μόνος
361 2488 508 2524 Ματθαῖος,
526 2489 556 2519 οὗ
574 2492 623 2527 τὴν
634 2491 705 2524 λέξιν
717 2492 835 2528 παρεθέ-

43 2539 128 2575 μεθα,
148 2539 314 2575 ἀνέγραψεν,
345 2538 413 2565 ἀλλὰ
436 2539 484 2565 καὶ
506 2539 623 2570 Λουκᾶς,
650 2538 696 2564 καὶ
712 2538 836 2573 Μάρκος.

44 2587 149 2612 Ἄκουε
166 2585 220 2620 γὰρ
237 2585 329 2611 Λουκᾱ
349 2584 490 2618 λέγοντος·
511 2593 520 2610 ‹
532 2584 565 2610 Εἴ
585 2591 628 2614 τις
655 2583 727 2609 θέλει
750 2583 837 2609 ὀπίσω

44 2640 98 2667 μου
122 2631 263 2667 ἔρχεσθαι,
288 2629 451 2666 ἀρνησάσθω
475 2630 582 2661 ἑαυτὸν,
600 2630 646 2656 καὶ
670 2629 763 2664 ἀράτω
791 2630 836 2656 τὸν

43 2678 164 2713 σταυρὺν
190 2676 285 2708 αὑτοῦ,
305 2676 352 2702 καὶ
381 2675 562 2703 ἀκολουθείτω
583 2684 637 2711 μοι.
657 2676 705 2708 ⁸·ος
726 2675 779 2711 γὰρ
805 2675 837 2702 ἂν

889 2403 936 2430 det
949 2402 1097 2436 unicuique
1119 2403 1266 2429 secundum
1281 2409 1361 2435 opera
1387 2402 1446 2436 ejus
1455 2402 1487 2427 ".
1503 2410 1512 2427 ι
1531 2401 1607 2434 Quod
1623 2410 1672 2428 au-

891 2454 945 2476 tem
959 2449 1077 2483 seipsum
1094 2449 1231 2483 abnegaro
1246 2456 1356 2476 necesse
1367 2449 1412 2482 sit,
1426 2452 1453 2475 et
1469 2455 1578 2475 crucem
1592 2455 1670 2474 suam

891 2494 994 2525 tollere,
1017 2498 1043 2521 et
1059 2493 1150 2521 Jcsum
1172 2494 1260 2528 sequi,
1277 2501 1331 2520 non
1353 2493 1428 2520 solus
1453 2492 1530 2525 cujus
1546 2493 1672 2526 apposui-

890 2547 949 2566 mus
962 2539 1045 2566 verba
1059 2539 1201 2566 Matthams
1216 2539 1339 2573 scripsit,
1352 2538 1398 2565 sed
1415 2541 1445 2565 ct
1458 2536 1545 2564 Lucas
1561 2541 1588 2563 et
1601 2536 1672 2563 Har-

888 2593 951 2612 eus.
974 2585 1044 2612 Audi
1064 2586 1136 2612 enim
1156 2585 1258 2612 Lucam
1283 2586 1416 2613 dicentem
1433 2591 1440 2611 :
1458 2583 1506 2611 ιδί
1527 2583 1589 2618 quis
1616 2583 1672 2611 vult

890 2635 951 2664 post
966 2638 1009 2657 me
1022 2631 1125 2664 venire,
1145 2631 1259 2664 abneget
1274 2630 1462 2665 semetipsum,
1477 2634 1505 2657 et
1519 2629 1595 2657 tollat
1609 2636 1669 2656 cru-

891 2683 949 2703 cem
965 2684 1052 2708 suam,
1066 2681 1093 2703 et
1109 2681 1240 2710 sequatur
1256 2682 1309 2703 me.
1323 2675 1374 2708 Qui
1391 2675 1464 2703 enim
1483 2675 1600 2703 voluerit
1612 2673 1673 2702 atti-

81 2779 103 2795 ²⁸
119 2778 218 2805 Matth.
234 2785 281 2808 vu,
297 2777 325 2804 2.
363 2779 385 2795 ¹⁶
403 2778 412 2805 1
429 2779 490 2806 Cor.
508 2777 614 2809 "1,12.
653 2776 674 2793 ¹⁷
695 2776 789 2805 Matth.
808 2785 836 2804 λι

929 2779 999 2813 νὲὅ,
1014 2778 1070 2811 26,
1088 2777 1135 2805 27.

85 2858 139 2894 (75)
153 2859 339 2893 Μιαίνοιμεν.
357 2859 413 2888 his:
422 2859 518 2891 codex,
536 2857 675 2893 μαίνομεν,
691 2858 769 2886 male.

921 2859 977 2893 (76)
992 2857 1053 2890 Ms.,
1068 2857 1195 2895 κελδήσῃ,
1212 2857 1292 2886 male.
