1843 3076
165 115 220 144 533

890 117 971 146 ORIG
975 117 1054 146 ENlb

1738 120 1787 148 581

169 175 196 202 in
211 173 263 202 vita
280 181 411 208 pauperes
426 178 506 205 sunt;
528 173 569 201 sic
592 173 616 200 ei
640 174 856 208 respondendum
883 179 925 202 est
944 184 946 201 :

1047 177 1150 212 νοητοῖς
1166 176 1262 212 κτῆσιν
1271 185 1279 193 ·
1296 176 1405 204 λεκτέον
1418 177 1485 214 πρὸς
1498 177 1589 210 αὐτὸν,
1605 179 1646 204 ὅτι
1658 177 1754 214 ὥσπερ
1766 180 1788 205 οἱ

168 219 392 255 quemadmodum
408 219 453 253 qui
467 223 600 245 tormenta
613 223 676 246 sunt
689 227 878 254 aerumnasque
890 227 951 254 per.

167 265 248 300 pessi.
267 264 441 291 illustriorem
464 265 648 291 exhibuerunt
667 265 694 290 in
713 265 843 300 martyrio
864 265 951 292 virtu-

168 316 220 337 tem
232 310 263 336 iis
271 310 318 344 qui
332 317 364 336 eo
379 310 459 337 modo
475 310 578 344 probati
596 318 648 338 non
659 315 732 343 sunt;
748 312 786 337 sic
793 312 838 346 qui
853 318 951 346 praeter

166 356 287 390 corporis
308 363 426 382 amorem
445 361 472 382 et
489 357 560 387 vine,
579 356 623 382 illa
649 357 731 383 etiam
751 360 826 383 tanta
844 357 950 384 vincula

168 401 319 427 inciderunt
335 405 362 427 et
377 401 539 435 diruperunt
554 409 648 436 magna
664 402 689 428 in
705 402 788 428 Deum
803 403 843 429 usi
859 403 950 430 chari-

168 449 231 475 Iate.
248 450 479 478 susceperuntquc
493 452 557 471 vere
573 446 663 471 vivum
689 446 735 472 Dei
753 454 905 474 sermonem
923 451 951 473 et

165 490 300 517 eﬂicacem
313 495 340 517 et
354 490 590 525 penetrabiliorem
602 492 676 518 omni
691 491 781 526 gladio
793 492 901 526 ancipiti
914 492 949 524 ",

165 541 310 571 potuerunt
324 535 342 562 ii
359 540 397 561 tot
410 536 497 570 ruptis
511 536 636 569 vinculis,
653 537 809 571 paratisque
820 537 871 564 sibi
886 545 951 571 pen-

168 582 219 612 nis,
238 582 310 608 sicut
322 581 412 615 aquila
425 581 522 608 reverti
535 582 568 607 ad
584 583 692 608 domum
708 582 838 616 principis
851 583 903 609 sui.
917 582 951 609 Ut

166 626 248 659 igitur
267 634 373 661 aequum
401 631 443 653 est
460 633 507 653 eos
528 626 574 660 qui
600 627 741 653 tormentis
764 632 791 654 et
813 626 951 655 laboribus

166 672 271 706 probati
286 680 338 699 non
354 677 426 703 sunt,
446 671 548 705 primas
565 671 599 698 iis
615 671 712 698 cedere
723 673 770 707 qui
790 673 816 699 in
829 673 951 707 equuleis

166 721 194 743 et
207 718 289 743 variis
303 721 497 743 tormentorum
510 717 656 750 generibus
673 721 701 743 et
717 718 778 752 igne
791 718 950 752 patientiam

166 762 363 793 exbibuerunt;
384 762 422 788 sic
440 765 467 788 et
485 768 534 787 nos
558 769 691 796 pauperes
704 781 712 794 ,
739 763 789 789 etsi
817 768 951 798 martyres

167 808 279 840 erimus,
302 807 371 833 ratio
389 807 485 834 suadet
506 807 609 841 primas
628 808 704 834 vobis
727 808 881 842 relinquere
905 809 949 844 qui

1002 221 1134 256 βασάνους
1147 222 1194 248 καὶ
1206 220 1303 252 πόνους
1318 222 1511 258 ὑπομείναντες
1523 223 1578 249 τῶν
1595 223 1632 258 μὴ
1648 223 1677 249 ὲν
1689 223 1790 255 τούτοις

1001 268 1191 303 ὲξητασμένων
1216 268 1407 304 λαμπροτέραν
1429 269 1602 302 ἐπεδείξαντο
1627 269 1678 304 τὴν
1705 270 1734 296 ὲν
1755 270 1790 304 τῷ

1003 312 1142 348 μαρτυρίῳ
1162 313 1262 348 ἀρετὴν
1275 333 1282 345 ,
1300 313 1386 344 οὕτως
1407 314 1432 340 οἰ
1449 313 1516 348 πρὸς
1530 313 1570 348 τῷ
1594 313 1790 348 φιλοσωματείν

1002 359 1048 384 καὶ
1068 358 1208 392 φιλοζωεῖν
1223 358 1271 385 καὶ
1284 359 1347 389 τοὺς
1361 359 1503 390 τοσούτους
1517 359 1634 394 δεσμοὺς
1648 359 1792 393 651x640»-

1000 412 1044 434 τες
1058 404 1104 429 καὶ
1115 404 1317 439 διαρρήξαντες,
1333 404 1436 439 μεγάλῃ
1446 406 1479 440 τῇ
1491 405 1559 440 πρὸς
1570 405 1614 430 τὸν
1624 404 1692 431 Θεὸν
1700 405 1792 441 ἀγάπῃ

1000 449 1176 485 χρησάμενοι,
1193 450 1239 476 καὶ
1255 449 1360 483 ἀληθῶς
1379 450 1552 485 ἀνειληφότες
1567 450 1614 476 τὸν
1633 450 1727 482 ζῶντα
1747 450 1792 476 τοῦ

1001 494 1067 521 Θεοῦ
1082 495 1169 528 λόγον,
1186 495 1232 521 καὶ
1250 496 1359 530 ὲνεργῆ,
1376 496 1422 522 καὶ
1438 495 1592 531 τομώτερον
1608 496 1681 530 ὑπὲρ
1703 497 1793 523 πᾶσαν

1003 540 1139 576 μάχαιραν
1150 540 1287 575 δίστομον,
1300 539 1455 576 δεδύνηνται
1466 542 1529 572 τοὺς
1541 541 1688 572 τοσούτους
1703 539 1794 566 διακά-

1000 586 1099 620 ψαντες
1117 586 1242 620 δεσμοὺς,
1257 587 1303 613 καὶ¹
1325 587 1579 618 κατασκευάσαντες
1601 588 1711 617 ἑαυτοῖς
1729 586 1792 612 πτέ-

1002 638 1096 666 ρυγας.
1114 630 1207 665 ὥσπερ
1220 630 1303 662 αὐτὸς
1324 630 1485 665 ἐπιστρέψαι
1512 630 1567 665 (85)
1589 631 1630 662 εὶς
1649 630 1697 656 τὸν
1720 627 1792 656 οἷκον

1000 676 1047 702 τοῦ
1070 676 1268 711 προεστηκότος
1291 675 1405 702 ἑαυτῶν.
1433 675 1523 707 Ἀξιον
1540 673 1604 707 οὖν,
1621 675 1720 710 ὥσπερ
1739 677 1793 706 τοῖς

1003 718 1039 754 μὴ
1056 718 1240 750 ὲξετατθεῖσιν
1255 716 1283 745 ὲν
1296 719 1424 753 βασάνοις
1440 720 1486 746 καὶ
1499 720 1589 751 πόνοις
1615 722 1792 755 παραχωρεῖν

1002 766 1142 801 πρωτείων
1167 766 1235 800 πρὸς
1259 765 1322 796 τοὺς
1351 767 1379 791 ὲν
1407 765 1602 801 ἀρθρεμὸόλοις
1624 766 1674 792 καὶ
1704 766 1792 791 ποικίξ

1001 811 1056 842 λοις
1071 811 1123 845 (86)
1139 811 1362 846 στρεϐλωτηρίοις
1374 811 1422 837 καὶ
1431 812 1498 846 πυρὶ
1509 810 1735 846 ἐπιδειξαμένους
1745 810 1793 844 τὴν

166 858 277 887 promer
305 853 351 879 Dei
381 853 407 879 in
441 853 549 879 Christo
574 853 751 886 charitatem,
779 854 902 882 fallacem
924 860 946 882 el

1038 856 1151 891 Ὧμονὴν,
1168 856 1239 882 οὕτω
1252 857 1298 882 καὶ
1314 857 1379 891 ἡμῖν
1390 857 1445 887 τοῖς
1462 856 1569 891 πένησι,
1582 856 1634 882 κᾶν
1651 856 1795 890 μαρτυρή-

166 899 308 932 quazsitam
327 906 341 924 a
358 898 494 932 plerisque
509 897 623 932 gloriam
642 904 669 925 et
691 901 874 933 possessiones
893 906 951 927 tan-

169 949 209 969 tas
236 947 263 969 et
293 943 442 969 naturalem
462 943 487 969 in
518 943 615 970 liberos
639 951 757 971 amorem
774 945 950 973 conculcatis.

1004 910 1112 936 σωμεν,
1142 901 1156 926 ὁ
1178 901 1256 935 λόγος
1287 901 1431 927 ὑποϐάλλει
1466 901 1619 934 ἐξίστασθαι
1649 900 1793 936 πρωτείων

1004 947 1077 981 ὑμῖν,
1092 947 1147 978 τοῖς
1157 946 1200 973 διὰ
1213 947 1262 981 τὴν
1276 947 1304 972 ὲν
1317 946 1426 982 Χριστῷ
1438 947 1505 981 πρὸς
1520 946 1585 974 Θεὸν
1605 946 1719 980 ἀγάπην
1743 953 1795 970 πα-

165 989 241 1015 τοῦσι
255 988 302 1023 τὴν
314 988 454 1024 ἀπατηλήν
469 987 546 1020 δόξαν
567 989 614 1014 καὶ
631 988 686 1015 τῶν
703 989 807 1016 πολλῶν
827 990 1051 1026 καθικνουμένην,
1073 992 1119 1018 καὶ
1134 991 1182 1027 τὴν
1196 991 1329 1027 τοσαύτην
1351 992 1456 1027 κτῆσιν,
1478 992 1525 1019 καὶ
1545 991 1594 1027 τὴν
1617 991 1687 1027 πρὸς
1710 992 1793 1018 τέκνα

167 1037 365 1072 φιλοστοργίαν.

201 1085 246 1112 16.
264 1085 349 1111 Simul
364 1089 455 1111 autem
471 1083 617 1119 Scriptum
638 1086 798 1120 gravitatem
820 1086 947 1119 observa,

166 1138 225 1164 qum
241 1130 324 1157 tnulto
338 1130 428 1164 plures
442 1138 473 1157 ac
487 1130 626 1164 ceutuplos
637 1132 771 1164 promittit
788 1131 898 1164 fratres,
914 1133 949 1158 li-

167 1175 256 1207 beros,
273 1180 408 1209 parentes,
425 1181 504 1209 agros
517 1182 624 1209 quoque
639 1179 665 1202 et
682 1176 787 1207 dumos:
805 1177 831 1203 in
850 1177 892 1204 his
909 1181 950 1204 ta-

168 1227 226 1247 men
245 1227 313 1246 uxor
331 1228 383 1247 non
397 1225 565 1246 numeratur.
583 1219 638 1247 Nec
660 1221 731 1248 enim
752 1222 853 1249 dictum
878 1227 918 1248 est
942 1233 947 1249 :

167 1266 325 1300 Quicunque
338 1265 475 1300 reliquerit
489 1265 597 1298 fratres,
609 1271 654 1292 aut
666 1274 785 1300 sorores,
798 1272 843 1294 aut
855 1275 951 1302 paren-

168 1317 219 1343 tes,
236 1317 283 1337 aut
298 1311 407 1343 liberos,
422 1315 468 1338 aut.
480 1319 571 1346 agros.
583 1318 630 1338 aut
647 1313 751 1344 domos.
773 1317 820 1339 aut
840 1320 950 1339 uxorem

167 1361 274 1391 propter
286 1364 382 1384 nomen
398 1365 499 1388 meum.
517 1358 651 1384 multoties
664 1357 737 1392 plura
749 1358 883 1392 accipiet:
898 1367 908 1384 ι
923 1358 950 1385 lu

168 1403 366 1430 resurrectione
382 1404 453 1430 enim
466 1408 633 1431 mortuorum
646 1412 733 1437 neque
749 1404 850 1430 nubent
865 1411 953 1438 neque

167 1449 311 1481 nubentur,
325 1449 460 1482 sederunt
468 1451 538 1477 sicut
549 1450 636 1484 angeli
646 1450 691 1484 qui
702 1450 728 1476 in
739 1450 814 1476 cmlis
821 1455 884 1477 s‘unt.
894 1450 926 1478 ἰ.
940 1459 949 1476 ι

203 1550 246 1578 Π.
261 1551 338 1583 Quod
353 1551 435 1585 igitur
450 1551 530 1578 .losue
545 1551 643 1586 populo
659 1551 726 1579 dixit
743 1552 769 1578 in
791 1556 870 1578 terra:
885 1559 948 1583 san-
963 1557 984 1585 α

167 1601 218 1622 cla:
233 1597 432 1629 possessionem
448 1597 571 1628 inducto,
587 1597 612 1624 id
628 1601 656 1623 et
674 1597 752 1624 nobis
770 1605 841 1624 nunc
857 1598 948 1624 dicere

166 1641 253 1675 possit
264 1642 417 1675 Scriptura.
437 1642 481 1668 Sic
497 1647 584 1669 autem
599 1642 637 1669 ait.
656 1651 662 1669 :
681 1652 690 1667 ι
708 1641 781 1669 Nunc
796 1642 888 1669 timete
901 1642 950 1669 Do-

167 1687 269 1713 minum
287 1690 313 1713 et
326 1689 425 1714 servite
440 1688 465 1713 ei
483 1687 508 1714 in
522 1688 649 1721 aequitate
661 1692 689 1714 et
701 1688 825 1722 justitia;
849 1697 858 1714 ι
874 1695 949 1715 cum-

166 1739 219 1766 que
236 1733 269 1758 ad
289 1732 420 1759 idolorum
438 1733 538 1760 cultum
551 1733 730 1767 inipellemur,
749 1727 829 1760 addet
842 1741 873 1760 ea
891 1741 949 1768 qua:

168 1783 318 1812 sequuntur
336 1786 342 1804 :
368 1787 377 1804 ι
402 1779 514 1806 Aul‘erte
527 1783 591 1806 deos
611 1779 712 1806 alienos
732 1779 828 1813 quibus
848 1781 950 1806 servie-

167 1830 229 1851 runt
245 1829 335 1858 patres
348 1826 431 1852 vestri
448 1830 523 1852 trans
536 1825 646 1851 ﬂuvium
663 1830 691 1853 et
712 1826 738 1852 in
764 1825 896 1860 JEgypto,
917 1833 949 1852 ac

165 1872 264 1898 Servite
281 1871 393 1898 Domino
407 1871 439 1898 ".
460 1881 468 1897 ι
487 1871 621 1905 Principio
634 1871 707 1897 enim
722 1879 782 1897 cum
799 1871 885 1905 prima
901 1879 948 1897 vo-

165 1917 207 1944 bis
221 1922 312 1944 essent
330 1917 390 1944 ﬁdei
405 1917 555 1944 rudimenta
571 1917 711 1950 tradenda,
726 1917 788 1951 jure
804 1917 856 1943 dici
874 1916 948 1943 vobis

165 1964 251 1997 potuit
268 1969 275 1989 :
295 1971 304 1988 ι
325 1963 370 1990 Sin
384 1969 472 1990 autem
484 1963 559 1989 vobis
572 1969 623 1989 non
639 1963 726 1996 placet
740 1963 842 1989 servire
858 1962 949 1989 Domi-

165 2016 211 2040 no,
227 2008 317 2042 eligite
333 2009 408 2036 vobis
422 2010 464 2036 cui
479 2008 607 2035 servituri
626 2008 685 2035 sitis
699 2028 706 2040 ,
729 2016 761 2034 an
779 2008 830 2035 diis
852 2008 948 2041 quibus

165 2055 317 2081 semierqu
328 2060 417 2088 patres
429 2057 510 2083 vestri
524 2062 599 2084 trans
610 2055 732 2086 ﬂuvium.
745 2062 778 2080 an
791 2054 842 2080 diis
854 2055 949 2080 Amor-

166 2100 300 2125 rbzrorum
316 2099 340 2126 in
353 2108 467 2134 quoruut
485 2106 555 2127 terra
574 2101 702 2127 habitatis
716 2100 738 2115 ³³
752 2107 758 2131 ;
779 2109 788 2125 ι
810 2100 886 2133 isque
903 2098 947 2131 qui

165 2144 246 2179 285
263 2152 309 2171 ros
326 2145 476 2177 erudiebat,
490 2146 602 2172 dixisset
620 2155 625 2173 :
646 2155 654 2171 ι
672 2145 727 2180 Ego
741 2149 830 2170 autem
851 2147 878 2170 et
898 2143 947 2169 do-

167 2199 225 2217 nius
239 2197 297 2216 mea
315 2191 465 2217 serviemus
480 2191 593 2218 Domino
605 2192 669 2226 quia
690 2195 799 2218 sanctus
820 2194 861 2216 est
882 2189 914 2215 ".
936 2198 944 2215 ι

167 2234 244 2260 Nunc
256 2240 343 2260 autem
358 2235 385 2262 id
401 2236 478 2262 vobis
491 2237 596 2263 dicendi
614 2237 689 2263 locus
705 2243 757 2262 non
783 2240 825 2261 est
847 2243 854 2261 :

165 2279 237 2304 enim
250 2278 379 2306 dixistis:
403 2289 412 2304 ι
430 2280 508 2307 Absit
520 2289 534 2307 a
551 2281 628 2307 nobis
645 2285 673 2307 ut
696 2281 878 2314 relinquamus
896 2278 948 2305 Do-

1037 1086 1112 1120 ’Δμα
1125 1083 1153 1110 δὲ
1168 1083 1215 1110 καὶ
1225 1084 1303 1119 τήρει
1315 1081 1345 1109 τὸ
1357 1083 1454 1118 σεμνὸν
1467 1083 1515 1117 τῆς
1531 1083 1643 1118 Γραφῆς
1656 1082 1794 1109 πολυπλα-

1002 1130 1117 1166 σιασμὸν
1155 1130 1202 1156 καὶ
1237 1128 1539 1163 ὲκατονταπλασιασμδν
1572 1128 1794 1162 ὑπισχνουμένης

1001 1175 1122 1210 ἀδελφῶν
1133 1195 1140 1207 ,
1164 1174 1211 1200 καὶ
1229 1173 1346 1205 τέκνων,
1362 1173 1409 1199 καὶ
1425 1173 1536 1207 γονέων,
1555 1173 1603 1198 καὶ
1623 1172 1729 1207 ἀγρῶν,
1748 1174 1794 1198 καὶ

1001 1221 1104 1248 οἰκιῶν
1121 1221 1151 1247 οὐ
1167 1218 1420 1254 συγκατηρίθμηται
1436 1218 1464 1244 δὲ
1477 1217 1580 1248 τούτοις
1597 1218 1667 1252 γυνή
1682 1217 1750 1252 (87)·
1763 1218 1793 1242 οὐ

1001 1265 1055 1301 γὰρ
1069 1266 1185 1301 εἴρηται·
1199 1265 1256 1295 Πᾶς
1266 1264 1339 1295 ὅστις
1356 1263 1460 1297 ἀφῆκεν
1476 1262 1608 1297 ἀδελφοὺς
1621 1262 1638 1298 ἢ
1662 1262 1792 1296 ἀδελφὰς,

1002 1311 1019 1346 ἦ
1030 1313 1128 1346 γονεῖς,
1141 1311 1156 1346 ἦ
1171 1310 1262 1340 τέκνα,
1275 1309 1291 1344 ἢ
1307 1309 1418 1344 ἀγροὺς,
1432 1309 1448 1343 ἢ
1461 1308 1557 1339 οἰκίας,
1573 1308 1589 1342 ἢ
1602 1309 1720 1342 γυναῖκα
1734 1307 1792 1333 ἓνε-

1002 1364 1049 1383 κεν
1064 1356 1110 1382 τοῦ
1121 1355 1252 1390 ὀνόματός
1266 1363 1328 1390 μου,
1346 1353 1559 1380 πολλαπλασίονα
1574 1353 1699 1388 λήψεται·
1716 1363 1726 1378 ‹
1750 1353 1794 1378 Ἐν

1003 1401 1057 1438 γὰρ
1077 1401 1110 1437 τῇ
1133 1401 1278 1427 ἀναστάσει
1300 1399 1354 1425 τῶν
1374 1398 1478 1434 νεκρῶν
1499 1397 1560 1424 οὗτε
1579 1398 1716 1433 γαμοῦσιν
1731 1398 1793 1424 οὔτε

1003 1447 1188 1483 γαμίσκονται·
1206 1446 1263 1472 ἀλλ’
1278 1445 1345 1472 εἰσὶν
1358 1444 1396 1476 ὼς
1410 1446 1434 1471 οἰ
1449 1443 1570 1478 ἄγγελοι,
1584 1445 1609 1470 οἱ
1625 1445 1655 1470 ἐν
1673 1446 1732 1476 τοῖς
1749 1443 1794 1470 οὑ-

1004 1494 1105 1529 ρανοῖς.
1129 1502 1138 1518 ›

1040 1552 1127 1587 Ὅπερ
1143 1551 1231 1577 τοίνυν
1250 1547 1325 1576 εἶπεν
1344 1549 1448 1585 Ἰησοῦς
1460 1548 1498 1585 τῷ
1511 1548 1577 1584 λαῷ,
1594 1549 1732 1581 καθιστὰς
1743 1550 1794 1576 αὗ-

999 1595 1062 1626 τοὺς
1074 1595 1121 1621 ἐπὶ
1133 1595 1181 1630 τὴν
1197 1594 1278 1628 ἁγίαν
1291 1595 1354 1629 γῆν,
1369 1594 1454 1620 ταῦτα
1466 1594 1512 1620 καὶ
1523 1596 1588 1629 ἡμῖν
1602 1594 1634 1620 ἂν
1655 1594 1724 1630 λέγῃ
1746 1595 1794 1620 νῦν

999 1642 1015 1677 ή
1038 1641 1143 1676 Γραφή.
1170 1641 1246 1675 Ἔχει
1262 1640 1290 1666 δὲ
1306 1639 1392 1671 οὕτως
1412 1640 1428 1674 ή
1447 1639 1526 1671 λέξις·
1554 1649 1563 1664 ι
1580 1639 1638 1675 Νῦν
1655 1640 1793 1675 φοϐήθητε

999 1687 1100 1722 Κύριον
1111 1687 1156 1712 καὶ
1165 1685 1329 1720 λατρεύσατε
1342 1684 1414 1720 αὐτῷ
1426 1686 1454 1711 ὲν
1463 1685 1588 1720 εὐθύτητι
1599 1685 1646 1711 καὶ
1656 1685 1795 1711 ὲνδικαιο-

999 1731 1075 1768 σύνῃ.
1098 1741 1107 1757 ι
1132 1732 1206 1767 Ἐρεῖ
1223 1731 1251 1757 δὲ
1274 1732 1337 1766 ἡμῖν
1350 1730 1572 1765 ἀναπειθομένοις
1585 1730 1794 1765 είδωλολατρεῖν

999 1779 1045 1804 καὶ
1059 1777 1092 1804 τὰ
1108 1778 1170 1812 ἑξῆς
1183 1777 1269 1808 οὕτως
1286 1777 1389 1812 ἔχοντα·
1414 1785 1423 1801 ι
1449 1775 1608 1813 Περιέλεσβε
1627 1776 1692 1807 τοὺς
1713 1776 1794 1807 Θεοίις

998 1825 1060 1855 τοὺς
1077 1823 1242 1859 ἀλλοτρίους,
1255 1820 1295 1854 οἷς
1308 1823 1471 1858 ἐλάτρευσαν
1484 1822 1508 1848 οἱ
1524 1822 1641 1857 πατέρες
1663 1821 1743 1857 ὑμῶν
1764 1822 1792 1847 ἐν

997 1869 1037 1905 τῷ
1052 1870 1138 1905 πέραν
1154 1869 1201 1895 τοῦ
1218 1867 1338 1903 ποταμοῦ
1354 1868 1400 1893 καὶ⁸
1413 1868 1441 1894 ὲν
1454 1866 1593 1901 Αἰγύπτῳ·
1608 1866 1655 1893 καὶ
1672 1866 1790 1902 λατρεύ-

998 1924 1042 1942 ετε
1058 1915 1164 1950 Κυρίῳ.
1188 1924 1197 1940 ι
1216 1915 1283 1941 Κατ’
1301 1913 1387 1949 ἀρχὰς
1408 1913 1456 1948 μὲν
1475 1911 1531 1945 οὖν,
1554 1913 1598 1939 ὅτε
1613 1911 1791 1947 κατηχείσθαι

998 1961 1133 1996 ἐμέλλετε,
1145 1960 1261 1993 εὐλόγως
1274 1959 1305 1986 ἂν
1320 1959 1383 1994 ὑμῖν
1394 1958 1494 1994 εἴρητο·
1512 1967 1521 1983 ι
1540 1958 1572 1984 Εἰ
1582 1957 1610 1984 δὲ
1626 1957 1663 1992 μὴ
1677 1957 1791 1992 ἀρέσκει

999 2006 1063 2040 ὑμῖν
1077 2005 1216 2040 λατρεύειν
1233 2004 1336 2040 Κυρίῳ,
1352 2003 1495 2036 ἐκλέξασθε
1510 2003 1573 2037 ὑμῖν
1584 2023 1591 2035 ,
1611 2003 1663 2028 τίνι
1677 2002 1792 2038 λατρεύ-

999 2059 1074 2085 σητε,
1088 2051 1143 2076 εἴτε
1157 2051 1211 2082 τοῖς
1227 2050 1296 2081 θεοῖς
1317 2049 1370 2075 τῶν
1391 2048 1516 2084 πατέρων
1533 2049 1610 2084 ὑμῶν
1627 2049 1682 2075 τῶν
1700 2050 1731 2075 ὲν
1753 2049 1792 2083 τῷ

999 2096 1085 2132 πέραν
1099 2095 1146 2122 τοῦ
1160 2095 1292 2130 ποταμοῦ,
1313 2096 1367 2121 εἴτε
1381 2095 1438 2126 τοῖς
1452 2095 1522 2126 θεοῖς
1531 2100 1532 2103 ‘
1541 2094 1596 2120 τῶν
1624 2094 1791 2129 Ἀμοραίων,

999 2143 1028 2168 ὲν
1040 2139 1079 2173 οἷς
1094 2141 1172 2177 ὑμεῖς
1182 2142 1332 2167 κατοικεῖτε
1349 2140 1394 2166 ἐπί
1410 2141 1460 2176 τῆς
1473 2141 1534 2175 γῆς·
1556 2149 1566 2166 ι
1584 2139 1631 2166 καὶ
1648 2139 1744 2172 ἔλεγεν
1758 2139 1792 2166 ἂν

1000 2189 1063 2223 ὑμῖν
1078 2188 1092 2214 ό
1102 2186 1238 2222 κατηχᾶΝθ
1253 2195 1262 2212 ι
1288 2186 1358 2220 Ἐγὼ
1371 2186 1399 2212 δὲ
1413 2187 1459 2213 καὶ
1474 2187 1489 2221 ἡ
1510 2187 1582 2212 οίκία
1603 2194 1654 2220 μου
1676 2185 1794 2220 λατρεύ-

882 2239 946 2260 luuc
962 2226 983 2253 D
999 2241 1080 2268 σομεν
1094 2233 1197 2268 Κυρίῳ,
1212 2232 1252 2258 δτι
1266 2232 1342 2266 ἅγιός
1355 2233 1422 2258 ὲστι.
1438 2241 1447 2257 ι
1463 2231 1520 2258 Νῦν
1533 2231 1561 2258 δὲ
1571 2231 1657 2258 ταῦτα
1669 2231 1721 2257 οὐκ
1735 2231 1793 2266 ἔχει

1000 2277 1090 2313 χώραν
1105 2277 1168 2312 ὑμῖν
1183 2277 1319 2311 λέγεσθαι·
1333 2277 1394 2303 τότε
1407 2276 1461 2313 γὰρ
1473 2276 1575 2304 εἴπετι·
1589 2286 1598 2302 ι
1616 2276 1663 2312 Μὴ
1685 2277 1793 2310 γένοιτο

196 2353 219 2370 ³⁸
237 2353 316 2381 Hebr.
334 2364 370 2388 ιν,
391 2357 433 2384 l2.
472 2357 492 2372 "
510 2356 603 2383 Matth.
615 2364 691 2389 xstt,
705 2357 739 2383 50
754 2361 782 2384 et
797 2357 880 2384 Marc.
896 2365 952 2389 xu,
966 2356 1013 2383 ‘25.
1052 2356 1073 2371 "
1091 2355 1147 2383 Jos.
1166 2363 1246 2388 xxtv,
1265 2356 1308 2382 Η.
1347 2356 1370 2371 ³³
1386 2356 1451 2384 Ibid.
1470 2355 1513 2383 l5.
1550 2355 1573 2371 “
1588 2355 1654 2383 Ibid.
1673 2357 1718 2384 16.

166 2435 332 2463 sessionibus
347 2435 461 2469 applicat
475 2443 481 2462 :
498 2443 592 2469 nempe
603 2435 652 2471 alia
665 2435 735 2461 bona
750 2442 810 2471 esse
822 2435 948 2471 αίσθητά,

169 2480 179 2496 ι
199 2471 350 2501 sensibilia.
369 2480 378 2496 ι
393 2479 452 2504 qum
464 2471 599 2501 sensibus:
616 2470 666 2496 alia
678 2470 771 2505 νοητά,
791 2479 799 2495 ι
821 2470 949 2505 intelligi-

166 2505 243 2536 bilia,
272 2514 282 2530 ι
304 2513 363 2538 qua:
389 2506 445 2532 sola
467 2511 556 2532 inelite
574 2505 774 2539 percipiuntur;
796 2505 841 2531 illa
863 2506 948 2532 ferme

165 2546 228 2567 sunt
243 2549 252 2566 ι
273 2541 423 2574 corporalia
441 2545 467 2566 et
484 2545 601 2568 terrena:
624 2549 633 2565 ι
658 2540 708 2565 ista
733 2549 742 2564 ι
762 2539 894 2573 spiritalia
921 2546 947 2567 ct

164 2575 297 2606 mleslia,
318 2585 326 2599 ι
350 2576 368 2601 Il
385 2575 446 2602 Cur.
465 2583 500 2604 Iv.
520 2576 562 2602 l8.
585 2574 778 2602 Wars-remus.

199 2609 256 2644 (85)
269 2610 362 2642 Αὐτὸς
381 2610 567 2643 ἐπιστρέψαι.
590 2609 661 2643 Lrgo
677 2610 754 2640 ἀετὸς
772 2609 944 2645 ἐπιπρέψαι.

199 2645 255 2679 (80‘)
272 2645 320 2670 Ms.
335 2645 431 2675 codex,
442 2645 583 2675 ποικίλοιο,
599 2650 735 2677 corrupte.

199 2679 254 2714 (87)
270 2680 310 2705 Οὐ
321 2679 590 2713 συγ-κατηρίθμηται
601 2678 635 2705 δὲ
651 2679 764 2712 τούτοις
774 2678 861 2713 γυνή.
877 2678 948 2705 Scri-

164 2718 269 2747 ptnram
286 2715 324 2740 ait
339 2715 508 2748 majestatem
522 2723 598 2740 suam
612 2715 637 2740 in
661 2715 709 2740 hoc
732 2721 852 2746 servare,
870 2715 943 2747 quod

166 2748 301 2775 re~tituti0
314 2754 453 2782 parentum
467 2749 642 2782 omniumque
658 2749 788 2776 bonorum
805 2749 831 2774 in
852 2756 944 2774 resur-

165 2783 282 2817 rectione
298 2783 481 2817 promitlatur.
497 2790 581 2810 uxore
604 2789 707 2810 tantum
728 2788 854 2816 excepta;
880 2784 942 2816 quia

163 2816 200 2851 pii
219 2816 320 2845 similes
338 2817 423 2845 futuri
441 2823 504 2846 sunt
520 2818 631 2854 angelis.
654 2819 711 2852 Sic,
727 2823 757 2844 ut
769 2819 942 2846 observatum

1003 2443 1071 2465 esta
1097 2438 1261 2468 Wetstenio,
1293 2437 1475 2465 Tertullianus
1500 2438 1545 2466 lib.
1572 2446 1580 2465 ι
1602 2439 1643 2465 Ad
1668 2447 1790 2473 uxorem,

1002 2481 1063 2507 eap.
1083 2474 1093 2500 l
1116 2482 1121 2498 :
1140 2483 1148 2499 ι
1167 2474 1329 2500 Christianis
1343 2474 1443 2500 sarculo
1465 2473 1594 2507 digressis
1611 2474 1684 2501 nulla
1711 2477 1791 2501 resti-

1001 2510 1068 2534 tutio
1081 2509 1237 2540 nuptiarum
1253 2509 1279 2534 in
1294 2509 1337 2535 die
1352 2508 1560 2535 resurrectionis
1575 2509 1789 2542 repromittitur;

1000 2543 1138 2569 translatis
1150 2543 1254 2570 scilicet
1268 2544 1294 2568 in
1309 2544 1459 2577 angelicam
1477 2543 1634 2576 qualitatem
1647 2549 1675 2570 et
1688 2545 1790 2570 sancti-

1000 2582 1094 2604 tatem.
1111 2587 1125 2613 γι
1144 2578 1216 2613 Nihil
1233 2578 1333 2610 verius,
1355 2584 1381 2604 at
1398 2578 1494 2604 mirum
1509 2586 1559 2604 cur
1575 2579 1673 2604 subilat
1691 2580 1788 2613 Orige-

999 2620 1052 2649 nes
1065 2621 1071 2639 :
1084 2612 1192 2649 Qb_ydtp
1209 2612 1314 2649 εἴρηται
1324 2621 1330 2626 ·
1349 2613 1403 2649 πᾶς
1415 2613 1487 2644 ὅστις
1501 2613 1605 2649 ὰφῇκεν
1624 2612 1757 2648 ἀδελφοὺς
1771 2614 1787 2649 ἢ

999 2621 1047 2637 nes
1065 2621 1120 2639 :uu
1138 2621 1192 2648 γαρ
1209 2621 1250 2647 ειρ
1270 2621 1330 2638 ται·
1349 2621 1403 2644 ποις
1415 2621 1487 2644 oeci;
1501 2621 1605 2648 αφηκεν
1624 2621 1757 2648 αοελφους
1771 2621 1787 2649 η

998 2646 1114 2683 ἀδελφέις
1123 2647 1138 2682 ἢ
1148 2621 1271 2683 vovere}
1284 2648 1375 2679 τέκνα,
1389 2648 1404 2683 ἢ
1422 2648 1522 2683 ἀγροὺς
1536 2647 1552 2682 ἢ
1568 2648 1659 2679 οἰκίας
1668 2668 1675 2679 ,
1702 2648 1718 2683 ἥ
1739 2656 1788 2681 γυ-

996 2681 1182 2718 ναῖκα-ἕνεκεν
1192 2682 1237 2708 τοῦ
1250 2681 1379 2717 ὀνόματός
1390 2681 1688 2717 μουίτολλατιλασίσνα
1704 2681 1788 2718 λήψε-

998 2723 1065 2752 ταινογ
1081 2716 1138 2752 haec
1157 2718 1227 2744 enim
1249 2716 1338 2744 omnia
1352 2716 1452 2752 scripta
1469 2718 1587 2751 reperies
1609 2718 1636 2744 in
1656 2716 1784 2744 clunibus

998 2751 1078 2788 codd.
1101 2751 1203 2788 Grtecis
1227 2752 1333 2788 Mallia,
1360 2751 1424 2783 χιιι,
1446 2752 1497 2788 29,
1515 2753 1537 2778 si
1557 2752 1639 2779 modo
1663 2753 1785 2788 excipias

996 2784 1088 2819 Catt:.,
1107 2787 1152 2813 ubi
1178 2792 1246 2814 teste
1259 2787 1341 2814 Millio
1358 2788 1434 2815 deest.
1449 2787 1466 2823 ἢ
1488 2788 1616 2822 γυναῖκα.
