1843 3076
166 114 219 142 58⁸1

906 111 1066 140 ORIGESIS

1741 115 1790 142 588

166 175 294 210 plaudent
309 181 387 201 manu
403 182 412 198 ι
432 173 457 199 in
477 172 592 207 idipsum
608 172 640 206 ³⁸,
662 177 691 200 et
707 180 716 198 ι
733 177 837 200 montes
856 173 932 200 exsul

1010 173 1061 208 περὶ
1076 172 1288 208 Χριστιανισμοῦ
1311 172 1418 209 ὰγῷνα·
1437 174 1484 200 καὶ
1506 174 1564 210 ἦτοι
1581 175 1605 201 οἰ
1624 175 1652 201 ὲν
1670 175 1792 210 οὐρανοῖς

168 221 275 252 tabunt,
293 224 321 246 ct
337 219 428 246 omnia
441 218 513 253 ligna
527 217 614 251 campi
641 218 725 245 ramis
750 219 808 245 suis
834 218 946 253 applau-

165 267 230 293 dent
245 266 282 298 ’9;
299 274 309 290 ι
326 264 379 297 vel,
401 264 472 298 quod
491 263 579 290 absit!
600 262 713 290 inferna:
738 270 797 298 quae
812 263 890 290 malis
905 263 948 289 de-

166 313 308 343 lectantur,
327 315 477 346 potestates
492 309 667 337 lmtabuntur.
682 309 764 344 286
781 309 836 336 Nec
853 308 902 335 abs
917 315 947 335 re

164 358 217 385 erit
230 364 284 391 quo
303 356 388 391 magis
411 355 561 390 negationis
578 354 746 388 impietatem
773 355 946 386 horreamus,

163 411 197 431 ex
212 403 245 431 iis
259 409 319 437 qua:
332 401 442 436 scripsit
464 400 547 427 lsaias
565 400 658 427 videre
675 407 799 434 quamam
816 401 886 434 apud
906 401 947 427 in-

162 448 236 476 feros
258 446 372 474 dicenda
390 446 445 473 sint
461 445 540 472 victis
553 449 580 471 et
599 453 613 472 a
632 445 736 472 cmlesli
755 446 886 480 martyrio
904 445 945 472 la-

162 494 227 529 psis.
249 493 318 520 Puto
340 492 412 519 cnim
437 492 495 518 haec
509 491 534 518 ci
551 491 596 525 qui
612 490 749 525 negaverit
773 491 874 518 dictum
892 490 943 518 iri:

164 549 174 566 ‹
193 540 319 567 infernus
331 538 425 566 subter
442 537 622 565 exacerbatus
639 541 682 564 est
699 544 847 565 occurrens
875 537 943 570 tibi;

161 588 397 613 consurrexerunt
413 584 460 611 tibi
483 590 578 611 omnes
593 582 717 617 gigantes
731 581 776 617 qui
805 582 945 617 principa-

160 630 260 657 liantur
278 635 365 661 terrae,
379 630 425 664 qui
441 629 597 657 excitabant
608 628 641 655 de
655 627 728 656 soliis
744 635 837 655 eorum
850 635 945 655 omnes

161 683 242 710 rcges
259 676 392 709 gentium.
423 675 549 703 Universi
574 674 779 708 respondebunt
804 679 831 702 et
853 674 946 701 dicent

161 721 211 748 tibi
227 721 261 747 ⁵⁸.
282 729 290 746 ι
313 720 382 754 Quid
396 720 590 747 autemdicent
605 720 685 747 victis
699 721 777 747 victm
796 724 945 754 potestates

160 772 188 794 et
207 775 222 793 a
243 767 350 794 diabolo
364 766 433 800 capti
450 767 493 794 bis
508 766 553 802 qui
566 766 593 793 in
607 767 752 801 negatione
764 766 835 801 capti
848 766 945 793 erunt?

166 821 176 838 ι
194 812 227 838 Et
242 817 267 838 tu
285 816 381 846 captus
398 819 427 838 es
439 811 511 838 sicut
527 816 555 838 et
576 818 626 839 nos
641 811 675 837 “.
692 820 702 837 ι
723 811 779 838 Etsi
806 818 869 838 vero
884 811 944 844 quis

160 865 264 892 magnae
279 862 306 885 et
331 858 453 893 gloriosa:
475 858 501 884 in
521 857 576 885 Deo
598 858 654 892 spci
684 857 789 890 fuerit,
807 862 895 884 tanten
920 857 942 883 si

158 909 255 939 postea
277 911 325 931 seu
342 903 487 931 timiditate
502 911 549 930 seu
564 903 678 938 objectis
704 903 841 930 laboribus
856 903 943 930 victus

158 949 222 981 erit,
243 949 301 976 haec
322 957 337 976 a
356 949 410 976 Deo
437 948 548 975 audiet:
572 958 581 974 ι
611 948 758 976 Descendit
785 948 817 975 ad
841 948 943 975 inferos

157 994 243 1029 gloria
261 999 317 1024 tua.
333 994 428 1021 subter
442 998 467 1021 te
481 997 620 1021 sternetur
635 994 751 1028 putredo
765 1014 772 1026 ,
802 997 830 1021 ct
854 993 943 1029 operi-

159 1045 280 1066 mentum
297 1044 371 1066 tuum
395 1040 447 1067 erit
461 1040 561 1066 vermis
582 1040 615 1066 “.
635 1049 645 1066 ι
662 1039 690 1066 Si
706 1040 767 1074 quis
792 1040 873 1066 etiam
891 1039 942 1066 ful-

158 1092 225 1119 gcus
240 1084 266 1111 in
280 1084 407 1111 Ecclesiis
421 1092 492 1118 smpe
508 1089 537 1111 ut
553 1084 663 1112 Lucifer
677 1085 811 1119 apparuit,
828 1084 942 1112 lucenti-

158 1130 209 1157 bus
233 1130 360 1164 operibus
375 1129 433 1163 ejus
446 1129 525 1157 bonis
540 1137 634 1157 coram
654 1130 821 1162 hominibus,
845 1130 941 1157 deinde

159 1182 258 1210 magno
276 1175 418 1210 certamini
436 1174 599 1202 commissus
615 1183 630 1202 a
643 1180 715 1202 tanta
731 1183 831 1202 corona
850 1179 940 1202 tanto-

157 1208 218 1254 que
227 1219 296 1247 solio
312 1208 454 1251 eiu-idern,
471 1220 564 1247 audiet
581 1231 588 1248 :
612 1229 622 1246 ‹
639 1220 780 1253 Quomodo
795 1221 892 1248 cecidit
907 1221 940 1247 de

157 1267 227 1294 ctelo
252 1267 360 1294 Lucifer
375 1266 419 1300 qui
432 1273 511 1293 mane
525 1267 685 1293 oriebatur?
698 1267 838 1294 Contritus
853 1271 894 1294 est
912 1267 938 1293 in

157 1318 259 1340 terram
275 1312 308 1339 ⁸³.
328 1322 337 1338 ι
356 1312 418 1339 Haec
435 1312 517 1340 etiam
536 1313 569 1339 ad
586 1319 647 1339 eum
666 1313 790 1339 dicentur
804 1320 866 1340 cum
882 1313 940 1339 dia-

154 1359 219 1386 bolo
244 1366 294 1393 per
315 1358 486 1393 negationem
506 1352 607 1385 rsimilis
625 1357 714 1385 factus
731 1358 802 1385 erit:
824 1368 833 1384 ι
851 1358 939 1393 Proji-

155 1406 262 1433 cientur
279 1406 305 1432 in
324 1405 463 1432 montibus
476 1424 483 1437 ,
510 1404 579 1431 sicut
595 1409 719 1432 mortuus
747 1404 916 1431 abominatus
929 1425 936 1437 ,

153 1459 215 1478 cum
231 1450 324 1478 multis
341 1450 475 1482 mortuis;
494 1449 723 1484 quemadmodum
744 1451 938 1478 vestimentum

154 1497 287 1532 sanguine
305 1504 481 1531 conspersum
497 1504 550 1523 non
564 1497 616 1523 erit
637 1497 780 1529 mundum,
799 1497 834 1524 ita
849 1505 937 1534 neque
950 1513 971 1541 ρ

155 1549 183 1570 tu
197 1544 252 1571 eris
265 1543 384 1570 mundus
397 1543 431 1570 “.
448 1552 458 1569 ι
476 1542 617 1575 Quomodo
634 1542 705 1569 enim
721 1543 836 1571 mundus
853 1548 934 1577 esset,

153 1589 336 1616 abominando
362 1588 515 1623 negationis
532 1587 645 1620 scelere,
665 1595 713 1614 ceu
728 1589 801 1615 caede
820 1593 847 1616 et
871 1597 935 1616 san-

153 1635 238 1670 guine
252 1634 383 1669 pollutus,
408 1637 436 1661 et
454 1639 529 1661 tanto
542 1633 614 1661 malo
630 1634 809 1669 inquinatus?
835 1634 937 1662 Cavea-

152 1688 214 1706 mus
229 1687 262 1706 ne
283 1679 325 1706 vel
342 1680 475 1707 dubitatio
502 1686 620 1714 unquam
648 1680 727 1707 nobis
742 1680 884 1708 oboriatur
900 1689 933 1708 an

153 1725 307 1760 negandum
319 1725 365 1758 sit,
380 1733 414 1752 an
425 1725 624 1755 conﬁtendum:
637 1733 670 1753 ne
685 1731 712 1752 ct
726 1727 758 1753 ad
771 1733 819 1753 nos
830 1727 936 1754 dicatur

151 1771 197 1798 hic
214 1770 279 1798 Elite
305 1778 395 1798 sertno
410 1779 417 1798 :
446 1780 454 1796 ι
472 1771 619 1806 Usquequo
636 1771 802 1799 claudieatis.
823 1772 850 1799 in
867 1772 934 1800 duas

150 1816 264 1850 partes?
280 1816 309 1843 Si
333 1816 462 1844 Dominus
477 1822 519 1844 est
534 1817 616 1849 Deus,
633 1817 777 1851 sequimini
797 1825 858 1845 cum
871 1819 903 1846 "..
921 1828 931 1844 ι

1000 218 1108 252 ἄγγελοι
1120 219 1236 254 ἐφ’ήμῖν
1252 219 1494 254 εὐφρανθήσονται,
1512 220 1557 246 καὶ
1573 230 1582 245 ε
1600 221 1721 255 ποταμοὶ
1730 229 1791 256 κρο-

999 263 1110 297 τήσουσι
1120 263 1190 298 χειρὶ
1207 273 1216 288 ›
1232 264 1278 290 ἐπὶ
1291 263 1320 290 τὸ
1332 265 1406 296 αὐτὸ,
1419 265 1465 291 καὶ
1482 274 1490 290 ι
1505 265 1538 291 τὰ
1553 265 1603 301 ὅρη
1617 266 1792 300 ἀγαλλιάσον-

998 316 1053 341 ται,
1078 309 1126 335 καὶ
1143 309 1232 335 πάντα
1249 309 1282 335 τὰ
1295 309 1360 341 ξύλα
1376 310 1423 336 τοῦ
1441 310 1530 336 πεδίου
1546 311 1725 346 ἐπικροτήσει
1739 313 1791 343 τοῖς

999 355 1119 386 κλάδοις·
1134 365 1143 380 ›
1159 355 1186 390 ἢ,
1197 355 1211 381 ὃ
1225 355 1261 391 μὴ
1273 356 1314 391 εἴη
1324 356 1329 382 ί
1341 357 1369 382 αἱ
1381 356 1455 383 κάτω
1465 356 1591 392 δυνάμεις
1606 358 1635 384 αἱ
1649 359 1791 393 ἐπιχαιρη-

999 401 1103 427 σίκακοι
1131 402 1371 437 εὐφρανθήσονται.
1402 403 1485 429 Οὐδὲν
1509 404 1538 429 δὲ
1553 404 1655 430 ἄτοπον
1681 404 1745 430 ἰδεῖν
1761 406 1790 431 ἐκ

997 447 1050 473 τῶν
1064 446 1103 482 τῷ
1121 447 1220 482 Ἡσαΐᾳ
1235 448 1433 483 γεγραμμένων
1460 449 1493 475 τὰ
1522 449 1714 485 λεχθησόμενα
1740 450 1790 476 ὑπὸ

997 491 1050 518 τῶν
1071 492 1099 518 ὲν
1122 491 1184 526 ᾇδου
1199 493 1254 523 τοῖς
1271 493 1456 528 νενικημένοις
1471 493 1518 519 καὶ
1532 493 1587 519 ἀπὸ
1600 494 1646 520 τοῦ
1667 494 1789 529 οὐρανίου

999 537 1146 572 μαρτυρίου
1162 538 1416 569 καταπεπτωκόσιν,
1432 539 1465 565 ἶν’
1478 539 1517 565 ἔτι
1538 539 1683 575 φρίξωμεν
1699 539 1748 574 τὴν
1762 542 1789 566 ἐν

996 582 1034 617 τῷ
1049 583 1188 617 ἀρνεῖσθαι
1205 583 1344 610 ἀσέϐειαν.
1354 583 1540 619 Λεχθήσεσθαι
1552 584 1607 620 γὰρ
1623 583 1712 620 οἶμαι,
1725 587 1791 621 πρὸς

996 627 1042 653 τὸν
1056 628 1244 663 ἀρνησάμενον
1258 628 1385 655 τοιαῦτα’
1410 639 1419 654 I
1440 630 1468 656 Ὀ
1489 630 1556 665 ᾃδης
1579 631 1703 657 κάτωθεν
1731 633 1789 658 ἐπι-

997 671 1100 706 κράνθη
1117 673 1285 707 συναντήσας
1303 682 1357 699 σοι·
1377 673 1581 709 συνηγέρθησάν
1595 683 1636 701 σοι
1650 676 1751 707 πάντες
1765 677 1789 702 οἱ

996 717 1121 751 γίγαντες
1133 718 1156 743 οί
1174 717 1305 752 ἄρξαντες
1317 719 1366 754 ’τῆς
1381 720 1431 754 γῆς
1445 728 1451 734 ⁸
1470 721 1493 746 οἱ
1511 721 1668 755 ἐγείραντες
1688 722 1721 747 ἐκ
1736 721 1788 748 τῶν

997 762 1098 797 θρόνων
1120 763 1208 789 αὐτῶν
1222 764 1326 796 πάντας
1346 765 1465 800 βασιλεῖς
1483 767 1577 793 ἐθνῶν,
1599 768 1707 797 Πάντες
1721 769 1788 794 ἀπο-

995 808 1179 843 κριθήσονται,
1194 811 1240 837 καὶ
1251 809 1343 845 ὲροῧσί
1357 819 1406 837 σοι.
1427 820 1435 836 ι
1447 811 1511 837 Τίνα
1522 812 1550 838 δὲ
1564 812 1674 847 ἐροῦσιν
1683 814 1788 840 αἱνενι-

995 853 1111 888 κημέναι
1124 854 1253 889 δυνάμεις
1273 857 1329 886 τοῖς
1351 857 1550 891 νενικημένοις,
1568 857 1615 883 καὶ
1625 858 1650 883 οἱ
1671 858 1725 884 ὑπὸ
1739 857 1785 884 τοῦ

994 897 1116 924 διαϐόλου
1133 899 1281 931 ἐαλωκότες
1296 902 1351 932 τοῖς
1363 901 1391 927 ὲν
1410 902 1522 936 ἀρνήσει
1536 902 1686 934 ἑαλωκόσι;
1709 913 1718 927 ι
1730 903 1785 928 Καὶ

995 944 1026 970 σὺ
1046 945 1140 976 ἑάλως,
1159 945 1253 981 ὥσπερ
1270 947 1318 973 καὶ
1336 948 1425 981 ἡμεῖς.
1445 957 1454 972 ι
1479 948 1540 974 Ἐὰν
1556 948 1585 974 δὲ
1598 949 1646 974 καὶ
1664 949 1785 983 μεγάλης

992 998 1034 1022 τις
1050 990 1154 1023 ἐλπίδος
1172 992 1311 1026 τυγχάνων
1332 993 1379 1018 καὶ
1398 992 1503 1025 ἐνδόξου
1517 994 1566 1028 τῆς
1587 994 1617 1020 ἐν
1641 994 1717 1028 Θεῷ,
1733 994 1784 1021 ὑπὸ

992 1035 1091 1067 δειλίας
1107 1036 1122 1072 ἦ
1138 1037 1225 1063 πόνων
1237 1038 1447 1072 προσαγομένων
1467 1038 1600 1074 ἡττηθεὶς,
1613 1039 1641 1065 ἐν
1653 1039 1712 1073 Θεῷ
1729 1039 1784 1074 (Μ)

991 1080 1137 1107 ἀκούσεται
1148 1090 1154 1096 ·
1172 1091 1181 1107 ί
1196 1082 1306 1118 Κατέϐη
1321 1084 1361 1114 εἰς
1372 1083 1434 1118 ᾅδου
1457 1085 1473 1118 ἡ
1489 1083 1552 1116 δόξα
1573 1093 1634 1110 σου·
1652 1085 1784 1111 ὑποκάτω

993 1134 1038 1152 σου
1052 1126 1201 1162 στρώσουσι
1216 1128 1307 1162 σῆψιν,
1323 1129 1370 1154 καὶ
1386 1129 1416 1154 τὸ
1431 1129 1636 1164 κατακάλυμμά
1655 1139 1702 1156 σου
1716 1130 1784 1157 σκώ-

990 1170 1049 1206 ληξ.
1063 1181 1072 1196 ι
1081 1172 1111 1197 Ei
1126 1172 1154 1198 δὲ
1168 1172 1214 1198 καὶ
1226 1173 1329 1208 ἔλαμψε
1340 1182 1380 1204 τις
1391 1174 1419 1200 ἐν
1430 1176 1490 1205 ταῖς
1503 1175 1676 1210 Ἐκκλησίαις
1688 1176 1784 1203 πολλά.-

990 1224 1043 1248 κις,
1059 1216 1096 1247 ὼς
1109 1218 1123 1243 ὁ
1141 1218 1293 1253 Ἑωσφόρος
1309 1219 1519 1254 ἐπιφαινόμενος
1534 1221 1640 1253 αὐταῖς,
1655 1221 1783 1256 λαμςκὰν-

989 1269 1042 1286 των
1056 1261 1138 1288 αὑτοῦ
1151 1262 1205 1289 τῶν
1220 1263 1310 1289 καλῶν
1331 1264 1419 1299 ἔργων
1434 1263 1589 1300 ἔμπροσθεν
1603 1266 1658 1292 τῶν
1674 1267 1783 1302 ἀνθρώ-

990 1313 1059 1338 πων,
1076 1307 1122 1332 καὶ
1143 1307 1211 1342 μετὰ
1233 1308 1319 1335 ταῦτα
1343 1309 1392 1336 τὸν
1418 1309 1504 1344 μέγαν
1538 1311 1630 1344 ἀγῶνα
1647 1311 1783 1345 ἀγωνιζό-

991 1359 1082 1384 μενος,
1103 1352 1148 1379 τὺν
1163 1353 1291 1388 στέφανον
1305 1354 1460 1381 ἀπολώλεκε
1471 1355 1517 1381 τοῦ
1534 1356 1656 1383 τοιούτου
1671 1357 1779 1392 θρόνου,

990 1396 1146 1423 ἀκούσεται·
1160 1407 1168 1423 ι
1179 1399 1240 1430 Πῶς
1255 1399 1382 1431 ἐξέπεσεν
1398 1401 1429 1426 ὲκ
1444 1400 1490 1427 τοῦ
1505 1402 1620 1435 οὐρανοῦ
1633 1403 1647 1428 ό
1666 1403 1783 1435 Ἑωσφό-

989 1451 1044 1478 ρος,
1062 1444 1076 1469 ὁ
1088 1444 1158 1479 πρωϊ
1171 1445 1321 1472 ἀνατέλλων
1332 1454 1339 1478 ;
1354 1447 1495 1482 συνετρίϐη
1505 1448 1551 1473 ἐπὶ
1567 1448 1616 1484 τὴν
1629 1448 1691 1483 γῆν.
1704 1458 1714 1474 ι
1727 1450 1783 1475 Καὶ

987 1488 1065 1515 τοῦτο
1074 1489 1101 1515 δὲ
1112 1490 1179 1525 πρὸς
1189 1491 1269 1517 αὑτὸν
1280 1491 1438 1527 λεχθήσεται
1450 1492 1488 1527 τῷ
1498 1493 1612 1528 διαϐόλῳ
1621 1494 1666 1521 διὰ
1671 1494 1723 1529 τῆς
1733 1495 1783 1530 ἀρ-

990 1535 1092 1570 νήσεως
1116 1535 1307 1571 ὡμοιωμένον·
1326 1547 1336 1562 ι
1359 1538 1530 1573 Ῥιφήσονται
1556 1531 1659 1571 ἐντοῖς
1676 1541 1781 1575 ὄρεσιν,

989 1581 1027 1611 ὡς
1041 1581 1136 1616 νεκρὸς
1152 1582 1346 1617 ὲόδελυγμένος
1367 1584 1436 1618 μετὰ
1463 1584 1567 1611 πολλῶν
1589 1585 1759 1620 τεθνηκότων
1775 1595 1781 1601 ·

988 1626 1017 1652 ὃν
1033 1626 1132 1661 τρόπον
1149 1627 1255 1662 ἱμάτιον
1272 1629 1301 1655 ἐν
1319 1629 1417 1664 αἵματι
1440 1621 1613 1666 πεφυρμένον
1635 1632 1685 1657 οὐκ
1703 1631 1782 1658 ἔσται

989 1671 1118 1707 καθαρὸν,
1127 1672 1213 1704 οὕτως
1220 1673 1280 1699 οὐδὲ
1292 1674 1323 1699 σὺ
1337 1674 1385 1709 ἔσῃ
1396 1675 1512 1710 καθαρός
1522 1684 1528 1690 ·
1541 1685 1549 1701 ι
1564 1676 1622 1708 πῶς
1634 1677 1688 1712 γὰρ
1704 1677 1783 1704 ἔσται

989 1717 1116 1753 καθαρὸς,
1134 1719 1227 1753 αἵματι
1249 1719 1295 1745 καὶ
1312 1720 1400 1755 φόνῳ,
1418 1721 1456 1756 τῷ
1473 1721 1608 1757 βδελυκτῷ
1624 1723 1676 1757 τῆς
1696 1724 1783 1758 ἀρνή-

989 1771 1057 1795 σεως
1066 1764 1215 1799 πταίσματι
1226 1766 1420 1800 μεμιασμένος,
1430 1767 1476 1793 καὶ
1486 1768 1696 1804 ἑμπεφυρμένος
1708 1769 1783 1804 τηλι-

990 1809 1082 1844 κούτῳ
1098 1809 1193 1845 κακῷ;
1215 1811 1382 1846 Πρόσχωμεν
1394 1832 1401 1844 ,
1432 1813 1467 1847 μή
1485 1821 1548 1838 ποτε
1566 1813 1616 1839 κᾶν
1631 1813 1783 1849 δισταγμδς

151 1866 214 1900 περὶ
224 1864 270 1891 τοῦ
282 1864 396 1900 πότερόν
410 1873 474 1891 ποτε
488 1864 633 1900 ἀρνητέον,
650 1865 666 1900 ἢ
681 1865 871 1901 ὁμολογητέον,
893 1867 1004 1902 γένηται
1028 1869 1056 1895 ἐν
1081 1870 1162 1904 ἡμῖν·
1182 1870 1225 1896 ἴνα
1250 1869 1287 1905 μὴ
1315 1869 1360 1896 καὶ
1377 1869 1444 1905 πρὸς
1465 1871 1538 1905 ἡμᾶς
1563 1871 1576 1896 ὁ
1604 1870 1652 1896 τοῦ
1688 1870 1779 1897 Ἠλίου

149 1911 231 1948 λεχθῇ
245 1912 332 1946 λόγος,
345 1912 431 1943 οὓτως
448 1912 531 1947 ἔχων·
553 1922 562 1937 ι
584 1913 656 1943 Ἕως
674 1912 739 1939 πότε
766 1914 844 1950 ὑμεῖς
862 1915 1007 1950 χωλανεῖτε
1037 1917 1079 1943 ἐπ’
1103 1917 1271 1952 ἀμφοτέραις
1291 1919 1350 1949 ταῖς
1367 1917 1488 1951 ίγνύαις;
1512 1918 1536 1943 εἰ
1556 1917 1613 1943 ἔστι
1635 1917 1740 1951 Κύριος
1766 1919 1782 1943 ό

150 1956 225 1988 Θεὸς,
244 1957 390 1992 πορεύεσθε
405 1957 492 1983 ὀπίσω
515 1957 607 1984 αὐτοῦ.
627 1967 635 1983 ι

186 2016 235 2049 i9.
246 2014 400 2042 Verisimile
412 2020 454 2043 est
470 2020 561 2043 autem
587 2024 636 2043 nos
650 2020 678 2043 et
697 2017 903 2045 subsauuandos
919 2025 933 2044 a

150 2062 313 2096 quibusdam
328 2068 355 2089 ct
370 2061 516 2096 opprobrio
534 2063 673 2090 habendos
690 2071 704 2089 a
717 2064 814 2091 vicinis
833 2065 934 2091 nostris

148 2109 194 2141 qui
210 2112 274 2134 sunt
289 2108 313 2134 in
339 2107 456 2134 circuitu
472 2112 565 2135 nostro
580 2129 587 2141 ,
616 2109 716 2144 quique
734 2116 815 2143 super
831 2117 878 2136 nos
905 2113 934 2136 ut

149 2160 230 2186 super
244 2152 384 2181 dementes
395 2157 478 2187 caput
493 2154 643 2181 movebunt
656 2163 662 2180 :
680 2162 740 2189 qua:
753 2162 812 2182 cum
827 2155 933 2182 accide-

150 2198 215 2227 rint.
230 2197 353 2224 dicamus
376 2198 430 2225 Deo
446 2207 453 2225 :
472 2207 481 2224 ι
496 2198 613 2226 Posuisti
632 2207 681 2226 uos
697 2200 874 2235 opprobrium
890 2199 932 2226 vi-

148 2242 217 2269 cinis
234 2243 349 2275 nostris,
370 2244 611 2272 subsanuationem
634 2249 661 2272 et
685 2245 804 2272 derisum
825 2245 868 2273 liis
885 2245 931 2279 qui

148 2292 211 2314 sunt
229 2288 255 2314 in
274 2288 390 2316 circuitu
407 2294 509 2317 nostro.
528 2290 648 2317 Posuisti
668 2297 718 2317 nos
732 2290 757 2316 iu
773 2290 930 2316 similitudi-

149 2340 208 2359 nem
227 2334 374 2367 gcntibus,
393 2335 604 2362 commotionem
634 2334 732 2368 capitis
762 2335 786 2361 itt
813 2335 930 2368 populis.

147 2378 214 2405 Tota
228 2379 269 2405 dic
284 2380 444 2406 verecundia
458 2387 516 2406 mea
532 2386 626 2406 contra
649 2386 690 2405 me
700 2385 743 2406 est
765 2386 791 2405 et
810 2381 932 2407 conlusio

145 2423 224 2450 faciei
240 2431 306 2451 mea:
317 2425 457 2458 cooperuit
472 2432 524 2454 me.
537 2432 551 2450 a
567 2432 631 2450 voce
641 2425 832 2457 exprobrantis
846 2429 872 2451 et
886 2426 934 2452 ob-

146 2468 281 2502 loquentis
293 2489 300 2502 ,
317 2477 331 2496 a
350 2471 419 2497 i'acie
435 2469 536 2496 inimici
550 2473 576 2495 et
592 2469 776 2502 pcrsequcntis
788 2469 821 2496 ⁸⁵.
840 2479 849 2496 ι
873 2470 924 2497 Sed

146 2515 177 2540 ad
194 2515 251 2542 lucc
267 2517 394 2543 utendum
411 2520 452 2543 est
473 2515 566 2541 liberis
584 2514 636 2541 illis
653 2514 796 2549 Propheta:
814 2517 902 2544 verbis
923 2528 929 2544 :

147 2569 156 2585 ε
170 2559 232 2588 llaec
249 2561 341 2589 omnia
357 2565 488 2588 venerunt
504 2568 586 2594 super
602 2567 652 2588 nos
670 2568 720 2588 uec
740 2561 815 2588 obliti
831 2569 925 2588 sumus

179 2657 202 2673 ⁸⁸
215 2658 285 2685 Psal.
316 2665 407 2689 xerit,
439 2657 464 2684 9.
518 2657 672 2690 ‘°lsa.t.v,
707 2658 750 2685 1‘2.

145 2692 168 2708 ⁸⁸
185 2693 251 2720 Ibid.
273 2694 316 2721 i9.
354 2693 376 2708 ⁵⁵
390 2692 422 2719 Ill
438 2691 503 2725 Reg.
521 2700 596 2724 xvm,
614 2693 658 2720 2i.

143 2781 228 2843 Θίίὶξὶ)
245 2781 408 2815 ’Πττηθεία
435 2782 469 2808 ἐν
483 2781 552 2814 Θεῷ,
578 2789 628 2811 etc,
645 2783 727 2818 Lego,
743 2783 856 2818 ἡττηθῇ,
874 2783 927 2809 ἀπὸ

167 2825 222 2843 ζου.
237 2821 290 2843 etc.
744 2823 747 2825 ‘

167 2825 222 2847 ζου,
237 2821 290 2843 etc.
744 2823 747 2825 ‘

798 2659 820 2674 ""
846 2658 899 2686 lsa.
928 2667 983 2690 xlv,
1013 2660 1039 2691 9,
1068 2660 1110 2687 10.

698 2694 720 2708 λθ
740 2693 810 2721 Psal.
827 2702 904 2726 xuii,
922 2694 962 2726 l4,
983 2694 1087 2725 13,16.

1023 2017 1103 2048 Εἰκὸς
1119 2017 1147 2043 δὲ
1163 2017 1235 2052 ὑμᾶς
1247 2017 1311 2052 (95).
1331 2018 1377 2044 καὶ
1391 2017 1658 2053 μυκτηρισθήσεσθαι
1672 2018 1727 2044 ὑπό
1738 2026 1779 2044 τι-

987 2073 1040 2090 νων
1065 2063 1112 2090 καὶ
1136 2063 1364 2098 ὀνειδισῦήσεσθαι
1392 2063 1443 2089 ὑπὸ
1458 2063 1585 2097 γειτόνων
1602 2063 1779 2090 κυκλούντων

986 2109 1059 2142 ὑμᾶς
1071 2127 1078 2138 ,
1097 2108 1142 2134 καὶ
1169 2108 1217 2143 τὴν
1233 2108 1352 2143 κεφαλὴν
1369 2107 1406 2139 ὡς
1419 2108 1465 2134 ἐπὶ
1488 2109 1611 2142 ἀνοήτοις
1627 2108 1779 2135 κινούντων

987 2153 1068 2187 ἡμῖν·
1087 2152 1154 2178 ἀλλὰ
1169 2152 1271 2179 τούτων
1294 2152 1495 2187 συμϐαινόντων
1508 2172 1515 2183 ,
1542 2153 1623 2187 ἡμεῖς
1650 2152 1779 2188 λέγωμεν

987 2197 1053 2233 προς
1067 2197 1132 2224 Θεόν
1145 2206 1150 2212 ·
1169 2207 1179 2222 ε
1192 2197 1273 2224 ’ΈΟου
1288 2199 1361 2233 ἡμᾶς
1373 2197 1473 2229 όνειδος
1487 2199 1542 2229 τοῖς
1554 2198 1673 2231 γείτοσιν
1685 2198 1776 2233 ἡμῶν,

985 2243 1174 2278 μυκτηρισμὸν
1188 2244 1233 2269 καὶ
1248 2243 1399 2278 χλευασμὸν
1410 2245 1466 2275 τοῖς
1483 2243 1574 2278 κύκλῳ
1585 2243 1676 2278 ήμῶν.
1692 2244 1776 2270 Ἐθου

985 2289 1058 2324 ήμᾶς
1073 2291 1111 2321 εἰς
1127 2290 1283 2326 παραϐολὴν
1300 2291 1328 2317 ἐν
1342 2292 1397 2321 τοῖς
1412 2289 1515 2322 ἔθνεσι,
1531 2290 1638 2324 κίνησιν
1652 2290 1777 2325 κεφαλῆς

983 2335 1011 2361 ὲν
1025 2337 1081 2366 τοῖς
1095 2335 1179 2367 λαοῖς.
1197 2336 1280 2371 Ὅλην
1297 2336 1345 2372 τὴν
1361 2336 1465 2372 ἡμέραν
1477 2337 1492 2371 ἡ
1505 2336 1623 2370 ἐντροπή
1642 2345 1692 2371 μου
1715 2338 1776 2362 κατ’

961 2389 966 2394 ·
983 2381 1104 2408 ἐναντίον
1120 2390 1169 2416 μου
1184 2382 1251 2413 ἐστὶ,
1265 2382 1311 2408 καὶ
1323 2383 1339 2416 ή
1352 2379 1525 2416 αἰσχύνηποῦ
1555 2381 1703 2415 προσώπου
1723 2390 1774 2416 μου

984 2424 1102 2460 ἐκάλυψέ
1117 2435 1161 2461 με,
1176 2427 1229 2453 ἀπὸ
1241 2428 1332 2462 φωνῆς
1344 2426 1517 2458 ὀνειδίζοντος
1528 2427 1574 2452 καὶ
1588 2427 1773 2454 καταλαλοῦν-

978 2479 1033 2503 τος,
1050 2472 1102 2498 ἀπὸ
1119 2472 1264 2507 προσώπου
1281 2472 1377 2508 ἐχθροῦ
1392 2473 1438 2499 καὶ
1457 2472 1642 2504 ὲκδιὼκοντος.
1658 2483 1667 2498 ι
1694 2473 1773 2499 Ἀλλὰ

983 2518 1052 2553 πρὸς
1068 2518 1154 2544 ταῦτα
1170 2519 1209 2544 δεῖ
1223 2519 1272 2554 τὴν
1295 2518 1362 2553 μετὰ
1390 2517 1544 2553 παρρησίας
1559 2518 1606 2544 τοῦ
1629 2519 1770 2553 προφήτου

982 2563 1183 2599 ἐπιφερομένην
1197 2563 1287 2598 φωνὴν
1302 2564 1387 2589 εἰπεῖν
1404 2563 1441 2598 τῷ
1457 2562 1514 2597 Θεῴ
1527 2571 1532 2577 ·
1551 2573 1560 2588 1
1573 2563 1669 2589 Ταῦτα
1685 2564 1771 2590 πάντα

1378 2659 1400 2676 ⁸⁸
1417 2659 1482 2687 ibid.
1503 2659 1547 2686 11.

1161 2660 1181 2675 ⁵⁸
1198 2659 1263 2687 Ibid.
1284 2660 1327 2689 10.
1378 2659 1400 2676 ¹⁸¹
1417 2659 1482 2687 ibid.
1503 2659 1547 2686 11.
1604 2660 1628 2675 ⁸³
1639 2659 1707 2689 ibid.
1728 2660 1756 2687 i2

998 2784 1072 2824 fit?)
1095 2783 1194 2824 Tyde.
1220 2772 1283 2819 licg.
1301 2786 1392 2824 ﬁttﬁg,
1409 2786 1502 2820 sicque
1530 2785 1614 2819 paulo
1641 2790 1702 2821 post
1717 2792 1759 2812 κυ-

980 2820 1113 2845 κλούντων
1130 2820 1212 2854 ἡμεῖς,
1230 2828 1281 2846 non
1297 2820 1376 2855 ὑμᾶς.
