1843 3076
63 136 118 164 589

62 194 147 231 ἦλθεν
167 194 210 229 ἐφ’
222 195 306 230 ἡμᾶς,
323 194 370 221 καὶ
386 194 435 220 οὐκ
448 195 636 230 ἐπελαθόμεθά
664 204 721 228 σου,
737 195 785 222 καὶ
807 195 857 221 οὑκ

62 241 235 276 ἠδικήσαμεν
253 241 281 266 ὲν
297 239 414 276 διαθήκῃ
438 249 499 273 σου,
517 241 564 267 καὶ
577 241 627 267 οὐκ
652 241 754 275 ἀπέστη
770 243 809 273 είς
823 241 857 268 τὰ

63 286 155 312 ὀπίσω
169 286 186 320 ὴ
200 285 299 320 καρδία
317 284 406 320 ἡμῶν.
426 295 435 310 ι

99 331 334 366 Μνημονεύωμεν,
343 331 393 361 ὅτι,
405 332 433 356 ὲν
445 330 483 364 τῷ
498 330 547 365 βίῳ
560 330 645 366 τούτῳ
667 332 855 366 τυγχάνοντες,

64 377 113 403 καὶ
128 376 252 407 νοοῦντες
271 377 321 408 τὰς
341 375 393 408 ἔξω
402 375 449 402 τοῦ
461 376 518 410 βίου
525 376 610 408 ὥοὺς,
625 377 664 412 τῷ
681 377 740 412 Θεῴ
753 385 853 412 φαμεν,

64 423 104 448 ὅτι
112 432 121 447 ι
147 421 307 454 Ἐξέκλινας
320 422 370 453 τὰς
382 422 491 458 τρίϐους
501 422 579 457 ἡμῶν
590 423 642 449 ἀπὸ
649 423 699 457 τῆς
711 423 769 449 ὁδοῦ
781 432 836 450 σου.
844 433 853 449 3

72 468 338 503 ’Δναμιμνήσκεσθαι
353 468 403 500 δεῖ,
418 469 458 494 ὅτι
473 468 553 500 τόπος
566 468 714 500 κακώσεώς
734 469 791 496 ἐστι
807 470 856 505 τῆς

64 514 156 549 ψυχῆς
167 514 197 540 τὸ
213 514 310 550 χωρίον
321 513 410 545 τοῦτο,
428 515 456 540 ὲν
470 510 491 547 ᾦ
506 513 738 549 τεταπεινὼμεθα,
760 515 792 540 ἵν’
812 515 856 541 εὐ-

64 559 175 594 χόμενοι
192 559 326 594 λέγωμεν,
344 559 384 585 ὅτι
403 569 411 584 ‹
435 560 639 590 Ἐταπείνωσας
653 561 726 594 ἡμᾶς
742 561 771 586 ὲν
780 560 856 596 τόπῳ

64 605 226 637 κακώσεως,
249 606 294 632 καὶ
314 605 485 640 ἐπεκάλυψεν
510 607 584 641 ἡμᾶς
603 606 666 633 σκιὰ
697 606 822 633 θανάτου.
843 616 852 633 ι

64 652 236 687 Θαρροῦντες
258 652 286 677 δὲ
310 651 434 686 λέγωμεν
455 651 502 677 καὶ
528 651 568 677 τό·
589 661 597 677 ι
616 653 647 678 Εἰ
669 652 856 687 ὲπελαθόμεθα

63 697 111 723 τοῦ
135 697 268 732 ὀνόματος
290 697 336 723 τοῦ
360 697 427 724 Θεοῦ
446 697 533 732 ἡμῶν,
550 697 598 724 καὶ
620 699 643 724 εἰ
658 698 855 733 διεπετάσαμεν

63 743 159 777 χεῖρας
177 741 254 776 ἡμῶν
272 741 340 777 πρὸς
360 741 419 768 θεὸν
434 741 581 777 ἀλλότριον,
596 743 656 777 οὐχὶ
669 743 683 769 ὁ
693 742 758 774 Θεὸς
774 743 854 778 ἐκζη-

62 787 146 822 τήσει
166 787 271 819 mina;
292 796 302 812 ›

98 833 146 867 Μὴ
166 832 196 858 τὺ
213 834 242 858 ἓν
261 832 371 868 φανερῷ
386 832 414 859 δὲ
438 833 516 868 μόνον
539 833 593 868 (94)
613 833 770 868 μαρτύριον,
787 833 854 860 ἀλλά

63 877 156 902 καὶτὸ
176 878 205 902 ὲν
223 877 335 912 κρυπτῷ
356 876 466 908 τελείως
488 878 637 919 ἀναλαϐεῖν
646 878 852 913 ἀγωνισώμεθα,

64 923 108 948 ἵνα
123 922 171 948 καὶ
187 923 262 948 αὐτοὶ
275 922 459 954 ἀποστολικῶς
473 923 661 958 φθεγξώμεθα·
677 934 686 949 ί
703 925 787 950 Τοῦτο
801 925 855 961 γάρ

65 968 124 994 ἐστι
148 968 179 994 τὸ
202 968 331 1003 καύχημα
348 968 426 1003 ἡμῶν
441 968 471 995 τὸ
497 969 644 1004 μαρτύριον
659 969 708 1004 τῆς
735 969 855 1005 συνειδή-

64 1023 146 1045 σεως,
165 1015 205 1040 ὅτι
217 1015 246 1041 ὲν
261 1015 382 1050 ἁγιότητι
406 1016 453 1042 καὶ
468 1015 627 1050 εἰλικρινείᾳ
642 1015 707 1042 Θεοῦ
723 1016 854 1052 ἀνεστρά-

64 1068 102 1095 ιρη
108 1068 157 1094 μεν
169 1060 198 1086 ὲν
212 1059 250 1094 τῷ
261 1059 365 1095 κόσμῳ.
379 1070 388 1085 ι
402 1060 586 1096 Συνάπτωμεν
599 1060 626 1086 δὲ
638 1061 677 1095 τῷ
687 1061 855 1096 ἀποστολικῷ

62 1105 94 1131 τὸ
109 1106 276 1139 προφητικὸν
294 1105 332 1131 τό·
351 1115 360 1130 ‹
372 1106 456 1137 Αὐτὸς
467 1106 494 1131 δὲ
505 1105 633 1139 γινώσκει
645 1107 679 1132 τὰ
692 1106 793 1142 κρύφια
806 1107 855 1142 τῆς

61 1151 177 1186 καρδίας
189 1160 197 1166 ·
213 1161 222 1177 I
239 1152 284 1177 καὶ
300 1151 416 1186 μάλιστα
438 1151 485 1178 ἐὰν
499 1152 548 1186 τὴν
559 1152 605 1178 ἐπὶ
620 1152 725 1188 θανάτῳ
743 1152 855 1186 ἀπαγώ-

63 1197 147 1232 μεθα,
157 1198 202 1223 ὅτε
220 1198 341 1232 φήσομεν
358 1197 387 1223 τὸ
405 1197 456 1223 ὑπὸ
475 1197 561 1232 μόνων
578 1197 722 1233 μαρτύρων
741 1198 855 1233 λεγόμε-

60 1251 107 1269 νον
124 1242 164 1278 τῷ
181 1242 240 1277 Θεῷ
251 1251 257 1257 ·
271 1251 280 1267 I
296 1243 355 1268 ’Ὁτι
369 1242 448 1268 ἕνεκά
465 1251 510 1268 σου
525 1242 716 1278 θανατούμεθα
729 1243 792 1279 ὃλην
807 1244 855 1279 τὴν

60 1288 182 1323 ἡμέραν,
196 1288 373 1323 ἐλογίσθημεν
392 1288 429 1319 ὡς
445 1287 567 1323 πρόϐατα
584 1288 700 1323 σφαγῆς.
719 1298 728 1313 ι
752 1288 812 1314 Ἐὰν
827 1289 856 1315 δέ

60 1342 128 1360 ποτε
145 1332 200 1359 ἀπὺ
215 1333 261 1359 τοῦ
285 1333 457 1368 φρονήματος
478 1332 526 1367 τῆς
552 1333 651 1368 σαρκὸς
672 1333 855 1368 ὑποϐάλληται

59 1380 129 1414 ἡμῖν
142 1379 225 1413 φόϐος
236 1379 289 1405 τῶν
308 1379 489 1405 ἀπειλούντων
503 1380 568 1414 ἡμῖν
582 1379 695 1406 θάνατον
711 1379 854 1413 δικαστῶν,

57 1424 123 1451 τότε
130 1425 252 1459 εἴπωμεν
258 1425 349 1456 αὐτοῖς
358 1423 424 1459 (94⁸)
435 1423 465 1450 τὺ
475 1423 529 1450 ἀπὸ
536 1424 761 1460 τῶνΠαροιμιῶν·
774 1434 783 1450 I
796 1425 854 1457 Υἱὲ,

58 1470 131 1505 τίμα
145 1470 192 1496 τὸν
203 1470 314 1505 Κύριον,
329 1470 374 1496 καὶ
391 1469 519 1504 ἰσχύσεις·
531 1470 605 1505 ,πλὴν
619 1470 647 1496 δὲ
660 1468 741 1496 αὑτοῦ
755 1470 792 1506 μὴ
807 1478 855 1504 φο-

58 1516 112 1543 6οὖ
127 1517 219 1544 ἄλλον.
226 1526 236 1542 ι

97 1563 155 1589 Καὶ
169 1562 248 1589 τοῦτο
264 1563 292 1589 δὲ
309 1563 378 1598 πρὸς
392 1563 427 1590 τὰ
443 1562 612 1598 προκείμενά
626 1563 685 1590 ἐστι
706 1563 851 1598 χρήσιμον.

59 1609 150 1643 Φησὶν
172 1610 202 1635 ἐν
223 1608 262 1644 τῷ
287 1609 483 1643 Ἐκκλησιαστῇ
510 1608 650 1643 Σολομῶν·
680 1618 689 1633 ‹
720 1608 853 1643 Ἐπῄνεσα

56 1654 116 1688 ἐγὼ
138 1655 243 1685 πάντας
260 1656 322 1686 τοὺς
336 1654 498 1690 τεθνηκότας
510 1655 580 1689 ὑπὲρ
593 1654 660 1685 ,τοὺς
670 1654 784 1686 ζῶντας,
795 1655 852 1681 ὅσοι

56 1701 140 1727 αὐτοὶ
151 1701 235 1732 ζῶσιν
250 1701 302 1732 ἓως
319 1701 365 1727 τοῦ
382 1700 438 1727 νῦν.
457 1710 466 1725 ι
483 1700 529 1732 Τίς
550 1700 572 1726 δ’
587 1700 620 1726 ἂν
636 1700 721 1732 οὕτως
735 1701 852 1734 εὐλόγως

56 1746 200 1771 ἐπαινοῖτο
215 1744 363 1779 τεθνηκὼς,
378 1744 415 1776 ὡς
430 1744 444 1769 ὁ
457 1745 489 1770 αὖ
498 1744 698 1781 τοπροαιρέτως
711 1745 756 1771 τὸν
771 1745 852 1771 θάνα-

55 1799 104 1817 τον
119 1789 193 1825 ὐήρ
207 1790 346 1821 εὐσεϐείας
360 1789 572 1825 ἀναδεξάμενος;
593 1791 698 1822 Ὀποῖος
708 1788 741 1825 ἦν
761 1790 852 1817 Ἐλεά-

56 1836 161 1871 ζαρος,
191 1843 201 1860 ί
219 1835 264 1861 τὸν
288 1835 344 1869 μετ’
363 1835 487 1866 εὐκλείας
511 1834 623 1861 θάνατον
647 1834 744 1869 μᾶλλον
766 1835 782 1870 ἢ
806 1835 852 1862 τὸν

57 1881 133 1916 μετὰ
149 1880 252 1916 μύσους
266 1880 323 1915 βίον
336 1880 542 1918 ἀναδεξάμενος,
558 1880 604 1906 καὶ
616 1880 853 1915 αύτοπροαιρὲτως

55 1928 105 1954 ἐπι
123 1927 155 1952 τὸ
163 1925 305 1961 τύμπανον
317 1927 455 1960 προάγων
467 1935 476 1952 ›
490 1927 572 1958 ὅστις,
584 1935 594 1952 ἰ
606 1926 733 1961 λογισμὸν
747 1926 852 1952 ἀστεῖον

53 1971 216 2004 ἀναλαϐὼν,
236 1971 308 2003 ἄξιον
323 1973 371 2006 τῆς
385 1971 638 2008 ὲννενηκονταετοῦς
650 1972 732 1998 αὐτοῦ
746 1971 853 2006 ἡλικίας

55 2018 106 2045 καί
118 2018 170 2052 τῆς
181 2017 228 2044 τοῦ
241 2018 335 2052 γήρως
346 2017 492 2053 ὑπεροχῆς,
509 2017 555 2043 καλ¹
571 2017 620 2051 τῆς
641 2016 790 2051 ἐπιφανοῦς
804 2025 852 2042 πο-

54 2063 129 2094 λιᾶς,
143 2063 193 2089 καὶ
205 2063 255 2098 τῆς
268 2063 300 2088 ὲκ
313 2062 406 2094 παιδὸς
417 2063 561 2098 καλλίστης
574 2063 738 2098 ἀνατροφῆς,
753 2063 852 2097 μᾶλλον

54 2110 83 2136 δὲ
107 2109 160 2143 τῆς
178 2109 261 2142 ἁγίας
277 2109 323 2135 καὶ
337 2108 491 2134 θεοκτίστου
508 2108 678 2143 νομοθεσίας,
697 2106 782 2140 εἶπεν,
798 2109 850 2134 ὅτι·

55 2155 116 2181 Οὐκ
135 2154 197 2179 ἐστι
213 2153 263 2188 τῆς
278 2153 415 2188 ἡμετερας
433 2153 541 2188 ἡλικίας
565 2153 639 2186 ἄξιον
661 2153 851 2189 ὑποκριθῆναι,

55 2201 101 2227 ἵνα
117 2200 215 2226 πολλοὶ
226 2199 279 2226 τῶν
294 2199 371 2231 νέων,
388 2199 622 2233 ὑπολαμϐάνοντες
640 2199 799 2235 Ἐλεάζαρον
809 2199 854 2225 τὸν

54 2246 290 2280 ὲννενηκονταετῆ
309 2245 522 2280 μεταϐεϐηκέναι
533 2247 572 2277 εἰς
584 2245 790 2279 ἀλλοφυλισμὺν,
807 2245 853 2271 καὶ

53 2293 135 2319 αὐτοὶ
150 2291 197 2318 διὰ
211 2291 259 2326 τὴν
273 2291 341 2326 ἐμὴν
354 2292 506 2327 ὑπόκρισιν,
525 2292 571 2318 καὶ
586 2290 630 2317 διὰ
648 2290 678 2317 τὸ
695 2290 791 2325 μικρὸν
807 2291 853 2316 καὶ

54 2337 206 2372 ἀκαριαῖον
220 2336 286 2371 ζῇν,
305 2336 460 2372 πλανηθῶσι
475 2336 509 2362 δι’
526 2336 586 2371 ἐμὲ,
610 2336 657 2362 καὶ
680 2335 780 2371 μῦσος,
805 2335 851 2361 καὶ

53 2383 156 2418 mea:
174 2380 223 2408 τοῦ
241 2382 334 2416 γήρως
344 2382 560 2417 κατακτήσομαι·
581 2381 604 2406 εἰ
617 2380 671 2415 γὰρ
685 2380 730 2406 καὶ
742 2380 788 2406 ἐπὶ
802 2379 849 2406 τοῦ

53 2428 196 2462 παρόντος
210 2426 322 2460 ἐκφύγω
338 2427 388 2461 τὴν
401 2426 431 2458 ἐξ
448 2426 599 2461 ἀνθρώπων
623 2425 767 2461 τιμωρίαν,
784 2425 851 2452 ἀλλὰ

53 2474 104 2506 τὰς
122 2474 172 2501 τοῦ
186 2473 407 2508 [παντοκράτορος
419 2474 514 2508 χεῖρας
528 2472 590 2498 οὗτε
610 2471 673 2503 ζῶν,
691 2471 751 2497 οὔτε
766 2471 852 2498 θανὼν

53 2519 206 2553 φεύξομαι.
221 2517 330 2552 Διόπερ,
345 2517 472 2552 ἀνδρείως
484 2515 531 2543 νῦν
543 2515 710 2551 μεταλλάξας
726 2515 770 2542 τὸν
784 2515 851 2549 βίον,
873 2538 882 2545 .,

52 2563 101 2590 τοῦ
119 2563 171 2597 μὲν
187 2562 281 2596 γήρως
306 2561 378 2594 ἄξιος
395 2561 562 2595 φανήσομαι,
577 2561 633 2591 τοῖς
651 2559 680 2586 δὲ
697 2560 767 2591 νέοις
785 2559 852 2585 ὑπό-

52 2609 159 2643 δειγμα
186 2607 310 2641 γενναῖον
331 2605 534 2637 καταλελοιπὼς
559 2605 615 2641 (95)
639 2606 679 2637 είς
700 2605 730 2631 τὺ
753 2603 853 2640 προθύ-

90 2676 125 2692 ⁵⁶⁸
148 2675 224 2702 Psai.
241 2681 319 2706 XLIII,
335 2674 376 2701 18.
416 2674 438 2689 ⁸⁷
456 2673 520 2700 Ibid.
561 2672 662 2700 "Ibid.
679 2673 721 2700 i9.
759 2672 781 2688 "
797 2671 851 2699 Ibid

54 2712 76 2726 "
95 2711 181 2738 Prov.
203 2717 251 2742 vn,
269 2710 296 2735 2.
336 2709 357 2724 ⁸³
373 2709 460 2736 Eccle.
490 2708 565 2739 Iv,‘2.

93 2781 151 2818 (Ei-il
167 2780 205 2808 Δὲ
213 2780 321 2814 μόνον.
338 2778 388 2805 Ms.
403 2778 485 2805 codex
508 2778 635 2805 mendose
646 2777 737 2808 habet,
756 2775 850 2810 δαιμό-

54 2824 162 2887 mutili?)
177 2850 260 2878 Forte
281 2849 422 2884 legendum
444 2848 547 2881 αὐτοῖς,
570 2852 598 2873 ιιι
617 2854 711 2874 sensus
725 2846 760 2873 sit
774 2855 780 2872 :
797 2853 845 2872 no-

613 137 838 166 EXHORTATIO
858 137 904 164 AD
921 137 1142 166 MARTYRIUM.

1644 144 1696 171 590

871 198 893 226 Α
909 200 946 228 te,
961 201 986 223 et
1001 198 1084 232 287
1110 198 1202 232 inique
1221 205 1272 225 non
1286 199 1391 234 egimus
1406 199 1432 227 in
1458 204 1620 230 testamento
1638 209 1694 236 tuo,

908 247 935 268 et
950 250 1001 269 non
1016 244 1130 270 recessit
1147 248 1220 274 retro
1234 252 1281 271 cor
1296 250 1418 272 nostrum
1432 245 1477 273 “'i
1493 256 1503 272 ι

943 330 987 357 20.
1002 330 1206 359 Meminerimus
1229 340 1277 360 nos
1293 334 1318 360 in
1343 335 1393 362 hac
1416 335 1471 364 vita
1488 330 1650 365 constitutos
1667 344 1694 368 et

907 376 1057 410 cagitantes
1069 376 1126 403 vias
1141 383 1199 410 quae
1219 382 1294 405 extra
1312 379 1396 406 vitam
1411 385 1482 414 sunt,
1499 370 1591 410 dicere
1618 384 1691 411 Deo:

916 429 925 445 ί
946 420 1094 448 Declinasli
1115 424 1226 451 semitas
1242 428 1351 451 nostras
1370 432 1384 452 a
1401 426 1442 452 via
1457 428 1550 455 tua".
1571 439 1580 454 ι
1599 429 1695 458 Memi-

909 465 982 493 nisse
1002 471 1110 500 oportet
1128 468 1216 496 locum
1236 469 1390 497 aiilietionis
1414 471 1510 500 animae
1523 481 1583 502 esse
1602 475 1692 503 locmn

908 511 988 538 istum
1003 513 1029 539 in
1044 521 1098 547 quo
1117 515 1254 542 humiliati
1279 523 1382 548 sumus,
1402 522 1430 543 ut
1452 518 1478 544 in
1496 521 1624 553 precibus
1644 530 1694 549 no-

907 558 971 585 stris
983 558 1127 586 dicamus:
1144 569 1154 585 ‹
1173 560 1326 588 ilumiliasti
1342 569 1391 588 nos
1408 562 1435 588 in
1455 562 1515 590 loco
1530 565 1693 600 aﬂiictionis,

908 606 935 628 et
949 604 1088 637 cooperuit
1103 612 1152 631 nos
1166 606 1290 632 umbram
1301 606 1371 633 ortis
1386 606 1419 632 ⁸⁸.
1435 617 1444 633 ι
1458 607 1633 638 Conlidenter
1644 620 1693 640 au-

909 651 962 674 tem
976 652 1003 675 et
1017 649 1081 675 illud
1095 650 1234 677 dicamus:
1251 660 1260 676 ι
1285 651 1313 678 Si
1331 652 1407 679 obliti
1424 660 1630 682 sumus‘nomen
1647 657 1694 684 Dei

911 693 1010 725 nostri,
1029 698 1055 720 et
1074 693 1097 721 si
1120 695 1299 728 expandimus
1322 704 1417 725 manus
1433 705 1539 727 nostras
1557 701 1589 728 ad
1613 701 1694 729 deum

906 737 1035 771 alienum,
1053 746 1143 767 nonne
1159 740 1229 767 Deus
1242 743 1364 776 requiret
1379 743 1429 770 ista
1444 744 1484 772 "'2
1495 753 1504 768 ι

940 826 984 854 21.
1001 827 1058 854 Non
1072 833 1194 862 apertum
1210 831 1290 858 modo
1304 833 1478 867 martyrium,
1498 835 1545 862 sed
1561 840 1589 863 et
1604 837 1694 864 oceul~

870 862 891 892 Β
907 876 962 899 tum
977 872 1096 906 perfecte
1106 875 1246 909 suscipere
1259 862 1466 912 contendamus,
1482 884 1510 906 ut
1526 885 1554 907 el.
1567 881 1616 915 ipsi
1630 891 1695 917 apo-

907 917 1004 944 stolico
1033 926 1108 945 more
1132 919 1255 958 dicamus
1273 930 1279 947 :
1297 931 1306 947 σ
1327 922 1392 950 Nam
1412 924 1497 958 gloria
1527 932 1619 954 nostra
1636 929 1694 956 lucc

907 967 950 989 est
965 963 1149 990 testimonium
1168 966 1352 1001 conscientize,
1379 970 1451 1002 quod
1465 970 1492 997 in
1508 973 1655 999 sanctitate
1666 979 1695 1000 et

907 1006 1063 1034 sinceritate
1078 1009 1124 1035 Dei
1136 1012 1291 1038 convcrsati
1308 1020 1402 1040 sumus
1420 1014 1446 1041 in
1462 1015 1514 1042 hoc
1530 1018 1630 1044 mundo
1641 1018 1690 1045 ⁵⁶.›

905 1051 1070 1086 Apostolicis
1082 1059 1171 1081 autem
1188 1056 1281 1084 verbis
1294 1056 1453 1092 prophetica
1477 1061 1522 1088 illa
1547 1068 1694 1091 connecta-

906 1105 983 1126 mns:
998 1108 1006 1124 ι
1017 1099 1076 1134 ipse
1089 1102 1164 1129 novit
1178 1102 1334 1131 abscondita
1350 1106 1440 1134 cordis
1451 1107 1491 1140 “;
1508 1118 1517 1135 ι
1534 1114 1558 1136 et
1577 1111 1694 1139 maxime

907 1151 967 1170 cum
981 1145 1013 1171 ad
1031 1151 1146 1174 mortem
1173 1148 1315 1182 docemur,
1336 1153 1446 1186 quando
1463 1153 1585 1182 dicemus
1603 1163 1663 1190 quze
1677 1165 1694 1184 ιι

907 1188 971 1216 solis
985 1191 1151 1226 martyribus
1164 1192 1218 1220 Deo
1234 1194 1361 1223 dicuntur
1375 1205 1382 1222 :
1402 1206 1410 1222 ι
1430 1197 1562 1230 Quoniam
1580 1188 1693 1236 propter

909 1237 934 1260 te
947 1234 1144 1262 mortiﬁcamur
1161 1241 1218 1264 tota
1230 1238 1284 1270 die,
1294 1239 1421 1269 aestimati
1435 1249 1528 1270 sumus
1543 1234 1615 1272 sicut
1630 1234 1694 1272 oves

906 1280 1051 1308 occisionis
1062 1281 1112 1308 δ’.)
1127 1282 1204 1315 Quod
1219 1284 1242 1311 si
1255 1284 1333 1312 nobis
1347 1293 1463 1320 unquam
1476 1289 1694 1322 prudentiaear-

907 1326 950 1352 nis
978 1326 1083 1360 injiciat
1104 1334 1205 1356 metum
1233 1331 1393 1359 minantium
1417 1339 1532 1362 mortem
1556 1336 1691 1371 judicum,

908 1374 970 1398 tunc
997 1371 1063 1399 illud
1090 1381 1105 1401 e
1123 1373 1280 1402 Proverbiis
1299 1375 1424 1404 dicamus
1442 1386 1449 1405 :
1469 1387 1478 1404 ‹
1496 1379 1558 1411 Fili,
1586 1380 1691 1408 honora

907 1416 1065 1451 Dominum,
1082 1423 1109 1446 et
1128 1419 1249 1453 valebis;
1265 1427 1366 1456 praeter
1380 1430 1441 1451 eum
1454 1432 1528 1459 vero,
1542 1433 1576 1453 ne
1596 1427 1692 1455 timeas

907 1462 987 1489 alium
1005 1464 1036 1490 ⁵³.
1055 1473 1067 1491 ι

866 1533 888 1561 c
939 1551 984 1579 22.
1000 1551 1033 1578 Et
1046 1551 1110 1579 illud
1124 1555 1265 1588 proposito
1280 1555 1345 1583 utile
1355 1560 1406 1584 est.
1421 1557 1467 1584 Ait
1483 1558 1510 1584 in
1527 1558 1693 1588 Ecclesiaste

904 1597 1180 1626 SalomonuLaudavi
1192 1608 1242 1636 ego
1251 1602 1336 1636 magis
1348 1607 1462 1631 Cunctos
1473 1609 1594 1632 mortuos
1609 1614 1692 1640 quam

904 1643 1024 1671 viventes
1041 1645 1195 1680 quicunque
1216 1647 1313 1674 vivunt
1328 1655 1412 1682 usque
1438 1656 1510 1676 nunc
1527 1649 1561 1677 ".
1578 1660 1586 1676 ι
1605 1651 1691 1684 Quem

903 1693 992 1715 autem
1009 1690 1112 1724 aequius
1128 1695 1170 1717 est
1182 1696 1318 1718 mortuum
1336 1692 1438 1719 laudari
1453 1701 1533 1728 quam
1549 1696 1596 1729 qui
1619 1703 1693 1724 mor-

904 1737 957 1760 tem
978 1739 1076 1768 sponte
1089 1742 1121 1762 ac
1137 1735 1223 1763 libere
1234 1744 1284 1770 pro
1304 1738 1436 1773 religione
1448 1741 1582 1774 oppetiit?
1598 1742 1692 1776 Qualis

903 1779 955 1806 fuit
968 1779 1117 1808 Eleazarus
1128 1778 1186 1815 qui,
1202 1791 1211 1807 ι
1230 1783 1454 1817 gloriosissimam
1468 1791 1582 1813 mortem
1602 1789 1692 1823 magis

902 1832 983 1859 quam
997 1826 1125 1853 odibilem
1144 1827 1224 1853 vitam
1245 1829 1441 1863 complectens,
1457 1831 1611 1860 voluntarie
1623 1841 1693 1868 pra:-

903 1870 960 1897 ibat
970 1871 1002 1897 ad
1013 1872 1182 1907 supplicium,
1195 1882 1205 1899 I
1214 1875 1314 1908 quique
1324 1884 1332 1900 ι
1344 1880 1482 1903 strenuam
1492 1884 1634 1907 assumens
1646 1887 1690 1906 ra-

905 1916 1117 1949 tiocinationem,
1128 1917 1234 1952 dignam
1244 1924 1322 1946 aetate
1331 1928 1378 1946 sua
1387 1923 1568 1955 nonagenaria
1577 1928 1603 1949 et
1612 1931 1691 1951 sene—

903 1963 984 1989 ctutis
997 1970 1052 1989 sua:
1061 1963 1220 1997 eminentia,
1235 1965 1388 2000 illustriquc
1402 1967 1512 2000 canitie,
1529 1974 1610 2004 atque
1622 1971 1691 2005 opti-

904 2015 946 2034 ma
963 2015 976 2034 a
990 2009 1106 2042 pueritia
1123 2010 1300 2044 educatione,
1313 2012 1430 2039 maxime
1443 2020 1509 2041 vero
1521 2021 1614 2042 sancta
1632 2021 1659 2043 et
1673 2025 1688 2044 a

904 2053 958 2081 Deo
975 2055 1083 2082 condita
1101 2055 1171 2091 lege,
1190 2057 1258 2083 dixit
1273 2065 1280 2083 :
1298 2057 1357 2084 NOII
1377 2062 1419 2085 est
1431 2062 1509 2087 tetate
1526 2061 1577 2088 hac
1595 2067 1688 2090 nostra

905 2099 1014 2134 dignum
1042 2100 1146 2136 lingere
1160 2107 1190 2129 ut
1203 2103 1281 2129 multi
1305 2104 1493 2132 adolescentes
1518 2106 1687 2135 arbitrantes

905 2144 1063 2172 Eleazarum
1081 2147 1230 2179 nonaginta
1250 2155 1381 2175 annorum
1405 2150 1536 2178 transisse
1551 2152 1585 2178 ad
1606 2154 1688 2181 vitam

870 2201 892 2230 ι)
907 2190 1132 2225 alienigenarum,
1142 2197 1177 2219 'et
1192 2193 1242 2227 ipsi
1258 2192 1367 2227 propter
1378 2202 1476 2227 meam,
1488 2196 1690 2226 simulationem

907 2241 934 2263 et
949 2242 1060 2271 propter
1073 2238 1208 2264 modicum
1227 2239 1414 2273 corruptibilis
1426 2241 1489 2268 vitae
1501 2246 1605 2277 tempus
1617 2243 1692 2271 deci-

906 2283 1016 2316 piantur
1029 2288 1140 2317 propter
1161 2291 1213 2317 me,
1230 2289 1257 2311 et
1272 2286 1487 2314 exsecrationem
1503 2292 1584 2322 atque
1600 2297 1691 2317 macu-

907 2329 959 2356 lam
974 2330 1106 2356 senectuti
1122 2331 1281 2365 acquiram;
1299 2339 1360 2358 nam
1376 2333 1426 2360 etsi
1440 2333 1466 2360 in
1482 2335 1607 2368 praesenti
1623 2339 1691 2362 tem-

905 2383 970 2409 pore
988 2376 1125 2410 suppliciis
1142 2377 1279 2404 hominum
1297 2378 1409 2411 eripiar,
1423 2379 1469 2405 sed
1487 2387 1581 2406 manus
1596 2379 1691 2407 Omni-

904 2422 1021 2455 potentis
1036 2429 1085 2448 nec
1099 2422 1176 2449 vivus
1192 2430 1242 2449 nec
1253 2423 1393 2450 defunctus
1407 2423 1542 2459 edugiam.
1554 2425 1691 2457 Quamob-

906 2473 962 2492 rem
994 2466 1103 2493 i‘ortitcr
1130 2468 1285 2495 excedenda
1311 2469 1393 2504 288
1420 2475 1559 2496 senectute
1579 2471 1690 2504 quidem

905 2512 1002 2546 dignus
1020 2513 1176 2546 apparebo;
1192 2513 1411 2542 adolescentibus
1428 2520 1515 2541 autem
1534 2516 1689 2548 exemplum

882 2577 887 2582 .
904 2557 975 2583 forte
991 2557 1154 2592 relinquam,
1167 2563 1196 2586 ut
1210 2565 1336 2594 prompto
1356 2560 1447 2586 animo
1467 2567 1498 2586 ac
1519 2558 1625 2586 fortiter
1642 2567 1689 2593 pro

906 2602 1073 2637 gravissimis
1090 2611 1122 2631 ac
1137 2605 1317 2632 sanctissimis
1333 2605 1436 2640 legibus
1458 2606 1571 2633 honesta
1597 2612 1687 2634 morte

856 2671 920 2699 .20.
957 2671 1010 2698 “Il
1023 2672 1085 2700 Cor.
1098 2672 1173 2706 1,12.
1211 2673 1232 2688 “
1249 2672 1320 2700 Psal.
1337 2681 1414 2705 XLI",
1432 2673 1476 2701 21.
1515 2674 1537 2690 ⁸⁸
1550 2673 1616 2701 ibid.
1640 2673 1686 2701 9‘2.

904 2775 996 2801 bismet
1015 2775 1079 2807 ipsi!
1094 2773 1223 2801 dicamus.
1243 2773 1299 2800 Hoc
1314 2772 1386 2809 eni_m
1404 2780 1552 2805 pronomen
1568 2775 1600 2802 ad
1611 2774 1686 2809 judi-

902 2817 947 2836 ces
963 2810 1056 2836 referri
1074 2816 1125 2834 non
1145 2813 1241 2842 potest.
1259 2808 1336 2834 Εῡιτ.
1353 2807 1471 2833 ΡΑτιιοι.

937 2844 991 2880 (95)
1010 2842 1246 2876 Καταλελοιπώς.
1265 2843 1326 2876 Ms,
1342 2842 1546 2875 καταλελοιπός.
