1843 3076
51 117 103 145 593

605 114 828 154 EXHORTATIO
848 113 893 140 AD
911 112 1131 141 MARTYRIUM.

1631 114 1684 142 ὅθι

49 177 228 216 ἁτωνοίῇίτης
243 177 298 204 τῶν
311 177 362 213 τῆς
377 176 517 209 εὐσεϐείας
528 177 660 219 ἀθλητῶν,
675 175 830 212 παρακαλού

926 182 996 202 'zcses
1013 174 1178 201 certantium
1196 180 1245 208 pro
1260 172 1371 208 pietate.
1391 172 1454 201 dum
1478 172 1538 208 ipse
1557 174 1682 200 consoia‘

51 232 142 259 μενος,
168 224 220 251 καὶ
246 223 278 251 iv‘
294 223 380 255 οὕτως
405 223 539 259 ὀνομάσω,
564 223 775 259 εὐφραινόμενος
800 221 846 247 ἐπὶ

49 271 104 301 τοῖς
113 269 392 303 κατεξανισταμένοις
403 268 456 296 τῶν
465 267 630 304 τηλικούτων
642 268 738 295 πόνων.
748 266 846 293 Εὔκαι-

52 324 96 351 ρον
106 315 129 341 δ’
144 315 180 341 ἂν
191 315 234 350 εἴη
244 315 292 341 καὶ
306 315 380 350 ἡμᾶς
392 315 420 341 ὲν
439 314 568 346 τοιούτοις
582 314 743 350 γενομένους
758 314 845 340 εἰπεῖν

50 361 113 392 τοὺς
123 360 240 388 ἐκείνων
254 360 349 394 λόγους
357 359 425 396 πρὸς
438 360 561 392 ἑαυτοὺς,
569 359 663 386 τοῦτον
677 359 786 395 ἔχοντας
800 359 845 385 τὸν

50 407 160 441 τρόπον,
179 405 284 438 οὕτως·
301 415 311 432 «
326 405 428 442 Κύριος
444 407 458 433 ό
471 406 537 438 Θεὸς
554 406 639 441 ἐφορᾷ
651 406 698 433 καὶ
707 406 767 437 ταῖς
780 404 845 440 ἀλη-

52 451 136 483 θείαις
151 452 196 486 ἐφ’
215 453 280 487 ἡμῖν
296 452 505 488 παρακαλεῖται.
524 461 534 478 ι

84 497 138 524 Τοῦ
156 497 269 534 πρώτου
281 497 376 525 τοῦτον
389 498 433 525 τὸν
447 497 546 533 τρόπον
560 496 767 532 δοκιμασθέντος
785 505 794 521 «
806 495 844 528 ὡς

51 542 230 577 δοκιμάζεται
244 542 342 578 χρυσὸς
357 542 386 569 ὲν
401 542 602 577 χωνευτηρίῳ,›
613 544 627 568 ό
638 541 763 577 δεύτερος
776 550 785 566 «
797 540 843 568 ἐπὶ

51 588 93 613 τὸν
118 587 282 622 ἐμπαιγμὺν
298 587 335 623 (5)
355 588 452 623 ἧγετοο
481 587 528 614 καὶ
549 587 579 614 τὸ
600 586 689 622 δέρμα
713 586 760 613 σὺν
783 587 843 617 ταῖς

50 633 120 668 Θριξὶ
145 633 371 668 περισύραντες)
401 634 425 659 ot
456 633 573 659 διάκονοι
598 631 648 666 τῆς
678 631 843 667 τυραννικῆς

50 678 209 713 ὠμότητος,
238 677 285 704 ἐπὶ
310 678 452 713 μετάνοιαν
478 677 591 704 ἐκάλουν
618 676 662 703 τὸν
679 676 840 708 πεπονθότα,

53 722 285 757 ιὲπερωτῶντες,
307 722 332 747 εί
352 721 469 755 φάγεται
492 720 547 747 τῶν
563 719 755 752 εἰδωλοθύτων,
777 719 841 754 πρὶν

50 767 240 803 τιμωρηθῆναι
253 767 284 794 τδ
303 766 384 801 σῶμα
399 766 469 793 κατὰ
484 765 563 801 μέλος
577 765 678 800 αὐτῷ.»
703 765 747 796 Ὠς
758 763 780 790 δ’
796 764 841 799 ἡρ-

49 811 147 846 νὴσατο
162 811 215 846 τὴν
234 811 387 846 μετάνοιαν,
401 820 410 836 «
425 810 471 836 ἐπὶ
479 810 527 845 τὴν
537 809 600 845 ἑξῆς
609 809 678 845 ἤχθη
688 809 837 844 βάσανον..)

50 855 136 891 τηρῶν
151 856 203 891 τὴν
230 855 355 882 ἔνστασιν
380 856 460 891 μέχρι
483 855 533 890 τῆς
550 855 668 889 ἐσχάτης
692 855 837 890 ἀναπνοῆς.

49 899 187 935 Μηδαμῶς
203 900 259 936 γὰρ
284 900 447 936 θραυσθεὶς,
478 900 545 936 μηδὲ
568 899 659 931 ἐνδοὺς
686 900 752 935 πρὸς
775 900 839 932 τοὺς

50 945 160 977 πόνους,
186 945 276 972 ταῦτα
288 939 348 972 εἷπε
370 945 439 981 πρὸς
455 945 499 971 τὸν
516 945 617 980 ὰσεόῆι
646 954 655 970 «
668 945 704 971 Σὺ
727 945 838 980 μᾶλλον,

48 991 175 1026 ἁλάστορ,
193 991 228 1017 ὲκ
244 991 291 1018 τοῦ
304 992 437 1028 παρόντος
457 991 531 1026 ἡμᾶς
554 990 602 1026 ζῇν
616 990 741 1022 ἀπολύεις
751 999 757 1005 ·
780 992 794 1017 ό
810 991 839 1017 δὲ

48 1035 91 1063 τοῦ
117 1037 222 1072 κόσμου
249 1036 373 1071 βασιλεὺς
397 1036 579 1068 ἀποθανόντας
601 1037 674 1071 ἡμᾶς
698 1036 768 1071 ὑπὲρ
784 1036 838 1062 τῶν

47 1081 124 1108 αὐτοῦ
133 1082 226 1117 νόμων
241 1083 280 1114 εἰς
293 1082 399 1109 αἰώνιον
414 1081 560 1109 ἀναϐίωσιν
571 1081 642 1116 ζωῆς
655 1082 811 1117 ἀναστήσει.
825 1090 834 1107 ι

80 1128 133 1154 Καὶ
144 1129 158 1154 ό
170 1127 265 1164 τρίτος
280 1128 307 1154 δὲ
322 1130 350 1154 ἐν
366 1128 453 1155 οὐδενὶ
466 1128 515 1160 τὰς
526 1127 675 1163 ἀλγηδόνας
686 1127 836 1163 τιθέμενος,

48 1172 91 1200 καὶ
100 1172 144 1200 διὰ
159 1173 209 1208 τὴν
222 1174 291 1209 πρὸς
303 1174 348 1200 τὸν
360 1174 426 1200 Θεὸν
437 1174 547 1209 ἀγάπην
564 1173 729 1200 καταπατῶν
740 1174 835 1206 αὐτὰς,

50 1218 114 1254 ιτὴν
129 1219 257 1253 γλῶσσαν
273 1219 393 1254 αἰτηθεὶς
403 1238 411 1251 ,
426 1219 531 1254 ταχέως
549 1219 681 1254 προέϐαλε
691 1239 699 1251 ,
717 1220 764 1246 καὶ
788 1219 836 1251 τὰς

48 1266 136 1300 χεῖρας
149 1265 292 1301 εὐθαρσῶς
308 1266 475 1301 προέτεινεν,
494 1263 555 1291 εἶπέ
573 1273 621 1291 τε·
637 1265 686 1291 Διὰ
707 1266 770 1297 τοὺς
788 1265 835 1292 τοῦ

48 1311 110 1338 Θεοῦ
132 1312 230 1348 νόμους
244 1322 254 1338 ι
273 1312 359 1339 ταῦτα
374 1312 541 1344 καταλιπὼν,
562 1322 571 1337 «
583 1311 685 1344 ἐλπίζω
698 1311 768 1338 αὐτὰ
781 1312 836 1338 ἀπὸ

48 1357 109 1383 Θεοῦ
126 1357 291 1393 κομίσασθαι
306 1368 316 1384 ι
332 1358 454 1390 τοιαῦτα,
473 1355 516 1384 οἶα
531 1358 563 1384 ἂν
576 1358 684 1394 ἀποδῴη
697 1357 763 1388 Θεὸς
777 1359 841 1390 τοῖς-

49 1402 94 1436 τῆς
109 1404 147 1435 εἰς
167 1404 250 1431 αὐτὸν
268 1403 408 1435 εὐσεϐείας
422 1403 561 1439 ἀοληῃῖς.
582 1403 718 1435 Ὡσαύτως
738 1403 765 1430 δὲ
788 1403 835 1431 καὶ

49 1448 61 1473 ὁ
71 1447 194 1483 τέταρτος
206 1449 392 1481 ἐϐασανίζετο,
403 1449 453 1480 τὰς
464 1448 555 1480 αἰκίας
567 1449 667 1484 φέρων,
678 1449 724 1476 καὶ
737 1449 833 1483 λέγων,

899 220 998 248 tionem
1022 220 1131 254 accipit,
1145 223 1183 251 et,
1198 223 1227 246 ut
1251 219 1288 245 ita
1303 218 1405 252 dicam,
1419 219 1521 253 gaudet
1541 226 1624 254 super
1639 220 1682 247 his

897 266 943 300 qui
966 269 1057 293 tantos
1078 264 1186 292 labores
1212 268 1353 300 superant.
1379 264 1568 299 Opportunum
1592 270 1683 293 autem

895 312 949 339 erit
967 316 995 339 et
1009 319 1069 344 nos,
1083 319 1145 338 cum
1166 311 1261 338 eodem
1280 311 1381 339 erimus
1402 312 1474 344 loco,
1499 312 1606 339 illorum
1625 319 1683 339 ser-

896 364 990 384 mones
1002 357 1036 384 ad
1051 356 1232 390 nosmetipsos
1247 356 1338 383 dicere
1349 356 1396 391 qui
1411 357 1450 384 sic
1462 357 1564 385 habent
1578 367 1585 385 :
1604 367 1614 384 «
1631 358 1682 385 Do-

896 401 987 429 minus
1005 402 1076 429 Deus
1093 401 1199 436 aspicit,
1212 405 1239 429 et
1249 401 1410 429 veritatibus
1421 403 1478 430 suis
1485 403 1642 431 consolatur
1653 404 1680 431 in

896 448 973 475 nobis
989 447 1021 474 ⁵⁸.
1037 457 1046 473 ι

930 493 975 521 24.
996 493 1062 521 Cum
1075 493 1179 528 primus
1189 493 1239 521 hoc
1252 493 1332 520 modo
1351 494 1479 527 probatus
1494 499 1578 527 esset,
1592 505 1601 522 «
1618 500 1681 529 tans

895 547 977 574 quam
988 546 1082 566 aurum
1096 540 1123 566 in
1135 538 1272 572 fornace,»
1288 539 1425 567 secundus
1436 540 1636 569 «deducebatur
1647 541 1680 568 ad

895 584 1073 617 illudendum,
1086 590 1113 611 et
1127 589 1189 612 cute
1202 584 1262 620 ejus
1273 585 1449 620 cumicapillis
1461 587 1611 620 abstracta,
1625 596 1634 612 ι
1646 588 1680 614 ad

894 629 1082 664 ptenitentiam
1104 629 1239 657 vocabant
1264 630 1412 665 tyrannicae
1435 630 1606 657 crudelitatis
1629 630 1680 656 mi-

894 675 973 704 nistri
985 675 1201 710 «interrogantes
1212 674 1235 702 si
1248 675 1424 702 manducaret
1433 675 1584 710 idolothyta
1595 675 1682 710 prius-

893 727 973 755 quam
983 723 1040 747 toto
1050 727 1164 755 corpore
1173 727 1221 754 per
1229 719 1350 747 membra
1364 719 1471 755 singula
1480 721 1659 754 puniretur“.
1669 730 1678 746 ι

895 764 928 793 Ut
940 770 1030 793 autem
1046 765 1181 799 poenitere
1196 771 1226 792 se
1242 765 1360 799 negavit,
1375 764 1424 791 «ad
1434 765 1573 799 sequentia
1584 765 1681 792 ductus

892 815 935 839 est
943 814 1078 839 tormenta
1088 820 1097 837 ›
1107 811 1243 838 intensnm
1252 817 1339 845 usque
1347 810 1381 838 ad
1392 815 1544 838 extremum
1553 811 1680 846 spiritum

891 857 1013 885 animum
1031 864 1156 885 servans.
1177 856 1355 892 Nequaquam
1374 857 1447 885 enim
1471 856 1574 885 fractus
1591 865 1680 892 neque

891 903 1035 932 tormentis
1055 903 1154 931 cedens
1175 895 1282 931 haecad
1303 903 1417 938 impium
1441 903 1515 931 illum
1533 905 1595 931 ait:
1619 904 1680 931 «Tu

890 951 1010 985 quidem,
1020 949 1221 981 scelestissitnc,
1233 957 1394 984 praesentem
1402 950 1486 977 vitam
1498 951 1574 978 nobis
1584 951 1677 985 eripis.

889 995 947 1023 Rex
969 1001 1059 1023 autem
1082 997 1173 1024 mundi
1193 996 1340 1023 defunctos
1362 1003 1411 1023 nos
1431 1003 1481 1028 pro
1504 996 1560 1023 suis
1575 995 1680 1031 legibus

890 1041 917 1068 in
932 1045 1040 1069 aeterna
1056 1041 1120 1068 vita:
1137 1041 1340 1069 resurrectione
1356 1039 1501 1068 suscitabit
1513 1040 1546 1066 θ’.
1560 1049 1570 1066 ι

923 1129 969 1157 25.
991 1129 1109 1161 Tertius,
1132 1129 1241 1157 dolores
1256 1099 1453 1156 nihili.faciens
1464 1133 1491 1156 et
1512 1137 1567 1164 pra:
1581 1136 1678 1165 magna

889 1174 917 1202 in
934 1176 1017 1202 Deum
1033 1175 1172 1203 eharitate
1183 1174 1363 1210 proculcans,
1379 1174 1513 1210 «linguam
1527 1176 1678 1209 postulatus

889 1221 943 1248 cito
960 1221 1072 1255 protulit
1093 1225 1120 1248 et
1144 1227 1240 1248 manus
1257 1224 1416 1247 constanter
1433 1221 1556 1247 extendit
1571 1225 1599 1247 et
1617 1221 1654 1247 ait
1668 1229 1676 1248 :

887 1267 1002 1303 Propter
1016 1268 1090 1303 leges
1101 1267 1148 1294 Dei
1159 1277 1168 1294 ι
1187 1268 1245 1295 ιιωο
1265 1268 1433 1302 relinquens,
1448 1277 1458 1294 «
1469 1267 1502 1294 ab
1517 1267 1575 1302 ipso
1586 1275 1629 1294 me
1645 1275 1677 1294 ea

889 1317 1061 1347 recepturum
1075 1320 1154 1347 spero
1161 1312 1199 1338 ⁸³»
1212 1313 1275 1339 talia
1288 1313 1377 1347 qualia
1393 1313 1462 1340 Deus
1473 1321 1529 1340 suae
1538 1313 1677 1348 religionis

888 1358 999 1390 athletis
1017 1359 1174 1385 redditurus
1190 1363 1242 1385 est.
1271 1358 1402 1385 Similiter
1427 1364 1454 1385 et
1477 1363 1592 1393 quartus
1618 1364 1674 1387 tor-

888 1405 1022 1439 quebatur
1035 1404 1225 1438 cruciatusque
1240 1404 1354 1432 ferendo
1363 1405 1472 1432 dicebat
1487 1414 1493 1432 :
1508 1414 1518 1430 «
1530 1405 1623 1432 Potius
1634 1410 1677 1432 est

887 1450 921 1477 ab
941 1450 1098 1478 hominibus
1115 1450 1286 1477 discedentes
1301 1458 1378 1485 spem
1400 1455 1558 1485 exspectare
1573 1459 1587 1478 a
1608 1451 1674 1484 Deo,

48 1492 84 1519 ὅτι
100 1503 108 1519 ι
118 1494 240 1529 Αἱρετὸν,
257 1494 491 1529 μεταλλάσσοντας
505 1495 541 1530 (ιι)
556 1496 602 1522 ἀπ’
614 1495 774 1530 ἀνθρώπων,
786 1495 830 1527 τὰς

928 1504 986 1523 rum
999 1496 1032 1523 ab
1047 1497 1105 1530 ipso
1117 1497 1336 1524 resuscitandas»
1349 1497 1609 1531 resurrectionequa
1622 1505 1674 1524 non

48 1539 97 1564 ἀπὸ
111 1539 157 1566 τοῦ
171 1540 239 1566 Θεοῦ
259 1541 409 1576 προσδοκᾷν
422 1541 533 1573 ἐλπίδας
543 1561 551 1572 ,
564 1542 609 1568 καὶ
619 1541 663 1567 ὑπ’
674 1541 757 1568 αὑτοῦ
770 1542 834 1568 ἁνα-

50 1584 189 1619 στήσεσθαι
202 1596 211 1611 ›
232 1586 389 1618 ἀνάστασιν,
408 1586 441 1621 ἣν
454 1587 502 1613 οὐκ
514 1587 695 1622 ἀναστήσεται
707 1588 721 1613 ὁ
735 1587 833 1623 τύραν-

49 1636 104 1659 νος·
137 1630 186 1656 (ού
208 1631 265 1666 γὰρ
286 1631 326 1662 εἰς
343 1631 425 1666 ζωὴν,
442 1641 451 1656 ι
479 1631 537 1658 ἀλλ’
553 1632 592 1663 είς
614 1632 764 1667 ὀνειδισμὸν
788 1633 834 1658 καὶ

49 1674 170 1711 αἰσχύνην
185 1676 294 1702 αἰώνιον
312 1677 501 1712 ἀναστήσεται.
529 1677 608 1712 Ἑξῆς
628 1679 694 1704 (τὸν
712 1678 834 1713 πέμπτον

49 1720 166 1754 ᾐκίζοντο
177 1721 231 1756 (5)·
251 1732 259 1746 ι
286 1722 330 1755 ὃς,
353 1723 446 1749 ἐνιδὼν
465 1723 503 1758 τῷ
526 1724 669 1759 Ἀντιόχῳ,
699 1724 834 1751 ὠνείδισεν

51 1765 118 1800 αὐτῷ
133 1767 162 1792 τὸ
180 1768 298 1802 φθαρτὸν
318 1769 354 1803 μὴ
373 1769 505 1795 κολλούων
518 1770 556 1805 (6)
573 1770 655 1796 αύτοῦ
669 1770 717 1805 τὴν
729 1771 833 1806 ὑπερη-

51 1812 149 1844 φανίαν,
170 1812 325 1848 νομίζοντος
351 1813 471 1849 μεγάλην
492 1813 561 1841 εἴναι
586 1815 710 1847 ἐξουσίαν
734 1815 782 1850 τὴν
805 1816 833 1841 ἐν

50 1856 144 1890 ὀλίγαις
155 1858 272 1894 ἡμέραις
283 1859 436 1893 τυραννίδα.
453 1860 575 1893 Ἔφασκε
587 1859 616 1884 δὲ
631 1859 678 1885 καὶ
691 1860 718 1886 ἐν
729 1859 833 1891 τούτοις

50 1900 98 1932 ὢν,
127 1903 156 1929 τὺ
181 1903 257 1935 ἔθνος
288 1904 324 1939 μὴ
356 1905 563 1939 καταλελεῖφθαι
591 1906 644 1932 ὑπὸ
674 1905 741 1932 Θεοῦ
767 1906 830 1938 τοῦ,

51 1945 106 1971 ὅσον
123 1947 240 1979 οὐδέπω,
266 1948 310 1974 τὸν
333 1949 467 1983 Ἀντίοχον
493 1950 539 1975 καὶ
563 1949 593 1975 τὸ
617 1949 726 1984 σπέρμα
750 1950 831 1976 αὑτοῦ

52 1988 241 2024 βασανίσαντος.
274 1992 352 2019 Μετὰ
377 1994 468 2020 τοῦτον
492 1995 569 2026 ἕκτος
587 1994 655 2029 πρὸς
671 1995 700 2020 τὸ
715 1995 833 2030 ἀποθνή-

53 2042 119 2061 σκειν
144 2038 288 2072 γενόμενος
300 2048 306 2053 ·
334 2048 343 2064 «
358 2040 402 2074 Μὴ
430 2040 533 2072 πλανῶ,
550 2051 558 2066 ι
584 2038 658 2067 εἶπεν
671 2049 677 2055 ·
709 2051 718 2066 «
731 2042 810 2076 ἡμεῖς
823 2063 830 2074 ,

53 2080 114 2116 ὑπὲρ
130 2084 270 2119 ἡμετέρων
288 2085 491 2120 ἁμαρτημάτων
503 2086 580 2117 δίκας
594 2086 711 2118 τίνοντες
721 2106 727 2116 ,
755 2087 787 2112 ἵν’
803 2087 831 2114 ἐν

51 2127 99 2157 τοῖς
107 2128 194 2160 πόνοις
212 2130 403 2165 καθαρθῶμεν,
414 2131 543 2163 ἑκουσίως
557 2131 643 2158 ταῦτα
662 2133 827 2167 πάσχομεν.»

887 1541 1067 1569 suscitabitur
1092 1541 1275 1575 tyrannus“;
1300 1550 1310 1566 «
1326 1548 1377 1568 non
1404 1541 1478 1568 enim
1498 1541 1531 1568 ad
1552 1542 1673 1574 vitam,»

886 1588 933 1615 sed
951 1586 984 1614 ad
1002 1586 1195 1614 contumeliam
1216 1590 1342 1621 resurget
1364 1585 1558 1621 infandumque
1572 1588 1675 1622 sempi-

888 1639 1002 1661 ternam.
1036 1632 1139 1659 Deinde
1156 1632 1301 1666 «quintum
1317 1631 1510 1659 vexabant“.t
1533 1633 1558 1660 Is
1585 1633 1674 1668 respi—

885 1680 961 1707 ciens
976 1679 1153 1712 Antiochum,
1182 1678 1368 1712 exprobrabat
1387 1678 1460 1712 quod
1478 1678 1558 1706 homo
1580 1686 1676 1707 corru-
1698 1693 1705 1704 ι

886 1726 975 1760 ptioni
990 1723 1126 1752 obnoxius
1144 1723 1322 1750 nihilominus
1335 1723 1509 1758 superbiret,
1522 1727 1550 1751 et
1569 1724 1673 1752 dierum

885 1778 1035 1805 paucorum
1048 1769 1218 1804 tyrannidem
1237 1775 1362 1803 magnam
1382 1773 1490 1803 putaret
1505 1777 1565 1796 esse
1579 1774 1675 1805 poten-

887 1814 962 1841 tiam.
978 1814 1023 1840 Ait
1039 1813 1123 1840 etiam
1139 1808 1200 1839 cuni
1219 1812 1246 1838 in
1261 1812 1304 1839 bis
1321 1816 1395 1838 esset
1409 1813 1552 1846 angustiis,
1564 1819 1672 1848 gentem

885 1868 961 1888 suam
981 1867 1034 1887 non
1048 1867 1109 1887 esse
1127 1859 1285 1886 derelictam
1300 1866 1314 1885 a
1329 1858 1383 1886 Deo
1403 1860 1448 1893 qui
1471 1860 1580 1888 insolito
1597 1870 1674 1890 more

885 1911 912 1932 et
925 1904 1086 1933 Antiochum
1106 1907 1133 1931 et
1150 1909 1242 1930 semen
1258 1902 1317 1936 ejus
1333 1906 1393 1928 erat
1407 1903 1588 1931 cruciaturus.
1608 1903 1673 1932 Post

885 1951 958 1978 hunc
973 1954 1067 1977 sextus
1084 1949 1152 1976 mori
1171 1948 1304 1982 incipiens
1317 1948 1356 1974 sic
1373 1947 1411 1975 ait
1430 1957 1436 1975 :
1462 1958 1471 1974 «
1483 1948 1542 1976 Noli
1560 1957 1670 1982 errare;

884 2003 934 2024 nos
948 1999 1123 2031 peccatorum
1140 1998 1294 2021 nostrorum
1307 2002 1402 2029 pwnas
1415 1995 1512 2022 damus
1522 2016 1529 2028 ,
1545 2001 1627 2030 utque
1643 1996 1671 2023 in

884 2042 1024 2076 suppliciis
1040 2048 1198 2077 purgentur,
1216 2040 1331 2068 libenter
1346 2042 1401 2069 haec
1415 2041 1528 2068 ferimus
1539 2041 1571 2068 ⁸⁵.
1588 2051 1597 2066 ι
1609 2041 1670 2068 Ait-

884 2096 936 2124 quc
950 2089 983 2115 ad
1001 2089 1088 2122 ipsum
1101 2108 1109 2120 ,
1134 2094 1187 2114 non
1200 2087 1412 2122 existimandum
1427 2087 1477 2122 ipsi
1499 2088 1611 2122 impune
1627 2087 1670 2114 fu-

887 2140 976 2161 turum
994 2133 1064 2168 quod
1078 2133 1160 2168 290
1173 2137 1268 2160 contra
1286 2132 1368 2159 Deum
1388 2138 1508 2166 pugnare
1522 2136 1669 2162 tentasset;

54 2171 140 2206 Ἐλεγέ
160 2183 188 2200 τε
216 2176 307 2211 αὐτῷ,
341 2176 377 2208 ὡς
398 2177 452 2213 ἄρα
475 2179 505 2204 οὺ
529 2178 582 2214 χρὴ
609 2179 728 2214 νομιζειν
750 2180 830 2206 αὐτὸν

926 2180 932 2206 i
952 2180 1033 2212 enim
1051 2179 1224 2213 impngnator
1251 2183 1292 2206 cst
1309 2178 1353 2213 qui
1372 2185 1439 2212 quos
1456 2177 1576 2205 Verbum
1601 2178 1666 2205 deos

52 2216 128 2244 ἀθῶον
152 2220 278 2253 ἔσεσθαι,
305 2222 449 2258 θεομαχεῖν
476 2224 679 2259 ἐπιχειροῦντα·
697 2225 829 2261 θεομάχος

52 2264 99 2299 γὰρ
110 2266 123 2291 ὁ
136 2269 187 2299 τοῖς
202 2270 256 2295 ἀπὸ
267 2269 314 2295 τοῦ
323 2269 408 2303 Λόγου
422 2269 605 2306 θεοποιηθεῖσι
615 2272 652 2306 (7)
666 2272 827 2307 μαχόμενος.

884 2225 971 2252 θίῘθοὶι
983 2244 990 2256 ,
1012 2225 1160 2259 impugnat.

83 2334 102 2349 ⁶⁰
121 2334 139 2361 II
158 2337 244 2364 Μυσὴ.
265 2346 312 2370 \‘tl,
330 2339 356 2364 ϐ.
395 2338 415 2353 ⁸¹
433 2338 498 2366 Ibid.
516 2339 542 2364 7.
580 2341 601 2355 δ’
618 2339 683 2367 Ibid.
700 2341 727 2367 9.
766 2341 787 2356 ⁵³
799 2341 830 2374 Ibi

942 2339 984 2366 II.
1024 2336 1124 2363 “‘Ihid.
1144 2336 1183 2363 Μ.
1224 2336 1245 2352 (⁸⁵
1260 2330 1325 2363 Ibid.
1344 2336 1384 2362 15.
1428 2337 1450 2352 ⁵⁸
1466 2337 1532 2364 Ibid.
1553 2337 1594 2363 I8.

85 2401 119 2472 (δὲ
142 2405 332 2441 Ἑμπαιγμόν.
348 2407 436 2434 Codex
451 2416 502 2434 ms.
518 2416 668 2443 perperam,
683 2409 826 2444 ἐπαιγμόν.

85 2437 109 2471 (4
135 2440 419 2472 Μεταλλάσσονταρ.
440 2443 531 2469 Codex
549 2451 612 2472 tus..
632 2443 826 2472 μεταλλάσσον-

84 2437 118 2496 ξ4)
127 2437 419 2499 Πὴνιῗταλλᾶσσοντας.
440 2437 531 2469 Codex
549 2437 612 2475 nis.,
631 2437 829 2478 μεταλλάσσον-

100 2491 107 2499 ι
153 2483 164 2499 3
178 2484 201 2499 Β.

53 2478 107 2501 ται.
127 2478 201 2500 male.

84 2506 118 2573 ξεί)
142 2508 299 2544 ᾙιιίζοντο.
323 2511 411 2539 Codex
429 2520 480 2539 ms.
494 2512 581 2544 male,
595 2513 744 2547 ᾐκίζοντος.

94 2540 117 2573 6)
135 2543 180 2573 Μὴ
197 2547 362 2572 κολλούων.
390 2546 460 2573 Lezo
487 2547 525 2573 uia
546 2548 655 2573 κολοῦον
688 2547 743 2573 refe

82 2540 122 2581 161
135 2540 362 2582 Μὴνκοεῑλούων.
390 2546 460 2581 Lego
487 2547 525 2582 μὴ
546 2540 656 2574 κόλὸὒοῦ
688 2540 828 2574 referendo

54 2581 197 2618 κολουονῆηεὶ
216 2580 246 2606 τὸ
258 2581 387 2616 φοαρτόν.
410 2580 574 2610 Wetstenius
602 2587 694 2610 autem
707 2582 826 2615 legebat,

56 2613 87 2644 μὴ
103 2613 243 2641 καλλύνων.

85 2645 119 2687 (ἶ)
133 2649 344 2687 penam-adsim.
383 2651 567 2687 Θεοποιεῖσθαι
600 2652 669 2686 apud
703 2658 826 2680 auctores

55 2680 239 2721 ecclesiasticos
251 2680 381 2712 iliruntur
398 2687 413 2712 ii
429 2684 469 2716 οἷς
484 2706 491 2717 ,
507 2692 536 2713 ιιι
553 2688 592 2713 ait
612 2680 731 2714 Ioannes
745 2691 765 2719 ι,
779 2688 823 2720 12,

55 2713 141 2756 ξόωκεν
158 2719 171 2743 ό
195 2719 280 2756 Λόγος
293 2720 416 2752 ἐξουσίαν
440 2713 522 2748 τέκνα
542 2713 765 2756 Θεοῦγγενέσθαι

56 2755 97 2781 II"!
110 2770 117 2781 ν
131 2757 158 2789 ut
181 2755 309 2788 scriptum
327 2762 368 2782 est
389 2756 410 2783 II
441 2756 511 2784 I’etr.
528 2765 554 2788 ι,
581 2760 598 2783 4
610 2777 616 2789 ,
631 2755 736 2784 divina!
757 2766 823 2784 con-

58 2787 209 2826 ff’l'leleacli
225 2787 288 2826 sunt
299 2795 412 2823 naturai,
422 2792 545 2817 κοινωνοὶ
557 2787 693 2826 τῆςθείας
706 2792 821 2826 φύσεως.

58 2820 125 2849 Quod
138 2821 246 2851 illustris
264 2820 410 2854 conﬁrmat
429 2827 567 2854 Athanasii
586 2820 672 2854 'Iocus
684 2820 771 2861 'epist.
791 2820 822 2854 a'd

881 2407 1041 2441 Adelphium
1059 2415 1065 2433 ι
1086 2406 1198 2441 Γέγονεν
1211 2405 1363 2440 ἄνθρωπος,
1386 2405 1439 2441 ἴναν
1452 2405 1526 2441 ἡμᾶς
1539 2406 1567 2430 ὲν
1581 2406 1669 2440 ἑαυτῷ

882 2439 1028 2477 θεοποιήσῃ
1040 2462 1046 2473 ,
1066 2441 1112 2467 καὶ
1134 2439 1276 2477 γενώμεθα
1296 2440 1395 2477 ἒλοιπὺν
1411 2440 1486 2477 γένος
1501 2439 1605 2477 ἅγιον,
1623 2439 1668 2467 καὶ

881 2471 1105 2514 κοινωνὸὶὍείας
1133 2471 1255 2514 (ῥύσεως,
1287 2475 1324 2506 ὡς
1352 2471 1470 2514 ἔγραψεν
1495 2471 1668 2514 ό“μακάριος

882 2513 994 2547 Πέτρος.
1026 2511 1149 2547 «Factus
1165 2515 1207 2547 est
1229 2511 1310 2537 homo
1327 2514 1356 2536 ut
1371 2518 1421 2537 nos
1439 2510 1465 2536 in
1489 2510 1580 2542 seipso
1602 2510 1666 2536 deos

883 2548 1003 2578 faceret,
1021 2546 1172 2579 ﬁatnnsque
1192 2546 1217 2572 in
1233 2550 1370 2579 posterum
1385 2552 1471 2579 genus
1485 2549 1621 2576 sanctum,
1639 2549 1667 2570 et

882 2582 979 2609 divina:
1000 2581 1144 2614 participes
1169 2584 1339 2614 ιιιιιιιγίιτμυι
1369 2579 1478 2613 scripsit
1499 2579 1601 2614 beatus
1615 2579 1666 2604 Pe-

883 2622 948 2643 trus.
965 2625 974 2642 ι
998 2613 1068 2642 Idem
1084 2613 1122 2641 De
1135 2616 1264 2642 incarnat.
1287 2613 1363 2641 Verbi
1382 2614 1497 2647 idipsutu
1511 2613 1551 2639 sic
1565 2613 1642 2639 effort
1657 2623 1664 2639 :

878 2651 1002 2679 Christus
1015 2651 1113 2676 dicitur
1129 2649 1289 2685 ’Ἄνθρωπος
1304 2649 1466 2685 γεγενῆσθαι
1487 2648 1573 2685 μένων
1589 2647 1664 2685 Θεὸς,

878 2687 920 2712 ἵνα
934 2685 996 2717 τοὺς
1011 2684 1169 2721 ἀνθρώπους
1182 2682 1258 2715 θεοὺς
1276 2682 1402 2719 ἀποδείξῄ
1419 2682 1549 2721 μένοντας
1563 2682 1668 2721 ἀνθρώ-

878 2730 945 2752 πους
955 2740 962 2751 ,
985 2729 993 2744 «
1008 2721 1089 2747 homo
1103 2720 1189 2746 Iactus
1203 2727 1264 2745 esse
1276 2727 1389 2745 mancus
1403 2721 1485 2752 Deus,
1498 2724 1527 2745 ut
1542 2720 1665 2745 homines

877 2757 942 2783 deos
964 2755 1066 2782 faceret
1087 2759 1224 2780 manentes
1244 2754 1378 2789 ltontjnes.
1390 2763 1399 2780 ι
1429 2754 1456 2780 Id
1473 2759 1524 2786 est,
1541 2759 1570 2780 ut
1586 2754 1665 2789 paulo

877 2796 956 2817 antea
971 2791 1085 2824 explicat
1099 2797 1105 2814 2
1123 2789 1168 2824 Εἰς
1181 2789 1310 2824 ομοίῳσιν
1322 2787 1374 2824 τὴν
1389 2788 1457 2822 πρὸς
1470 2789 1550 2816 αὑτὸν
1564 2787 1666 2816 ἐπανά-

877 2834 918 2864 γει
943 2822 1040 2858 πάλιν,
1066 2822 1207 2858 όμοιωθεὶς
1229 2822 1268 2858 τῷ
1294 2823 1349 2857 ἰδίῳ
1370 2824 1512 2858 ποιήματι.
1542 2825 1665 2852 «Similis
