1843 3076
173 101 227 136 5J3

911 104 1071 133 ORIGENIS

1718 112 1723 116 ‘
1750 105 1803 133 595

212 168 259 196 26.
279 167 400 201 Denique
411 166 655 194 adolescentiorem
667 167 818 195 Antiochus
831 167 855 194 in
868 175 943 193 manu

1050 165 1209 191 Τελευταῖον
1235 163 1263 189 δὲ
1287 162 1332 189 τὸν
1348 162 1478 197 νεώτερον
1501 161 1634 195 Ἀντίοχος
1650 160 1691 191 εις
1714 159 1810 195 χεῖρας

177 221 286 242 sumens
311 220 428 247 eumque
451 219 620 248 cognoscens
640 213 748 240 illorum
767 220 830 240 vere
849 213 961 239 fratrem

176 267 238 288 esse
253 260 298 293 qui
314 257 422 286 dolores
436 258 570 293 ejusmodi
587 259 666 286 nihili
685 259 823 291 facerent,
835 258 960 293 idemque

175 313 208 332 ac
224 304 283 331 illos
296 305 463 338 propositum
480 312 601 337 servare,
620 305 671 331 alia
683 305 725 331 via
737 311 881 339 aggressus
899 309 959 336 est,

173 354 272 384 putans
288 356 350 376 eum
362 355 389 376 et
405 349 497 377 verbis
512 350 646 377 hortando
663 351 826 384 persuadere
841 358 918 385 posse
933 356 960 378 et

173 401 235 421 cum
261 394 418 429 iuramento
432 395 594 422 aﬂirmando
617 403 665 422 «se
679 395 789 423 divitem
807 400 834 422 et
851 396 959 423 beatum

171 441 307 468 facturum
330 446 358 468 et
378 441 536 468 translatum
562 449 576 468 a
601 442 696 476 patriis
718 442 822 477 legibus
841 443 958 470 amicum

172 487 329 514 habitarunt
339 506 346 518 ,
363 491 391 513 et
406 487 514 521 negotia
527 487 599 522 regia
607 488 632 514 ei
643 487 809 514 crediturum
820 487 852 515 ".
863 497 873 513 ι
891 488 958 515 Cum

172 537 264 559 autem
289 532 356 559 nihil
374 532 532 566 proﬁceret.
550 540 583 559 ac
604 540 638 560 ne
652 533 686 560 ab
701 533 777 560 initio
791 533 899 567 quidem
918 537 959 560 at-

172 579 298 606 tenderet
314 578 489 610 adolescens,
507 579 606 614 quippe
623 579 795 606 sermonibus
820 587 835 606 a
861 587 959 614 propo-

171 625 226 652 sito
241 632 290 651 suo
304 625 383 659 plane
399 624 496 652 alienis
508 644 515 656 .
531 625 638 652 vocavit
655 630 769 652 matrem
785 630 812 652 et
825 625 958 652 suadebat

172 670 198 696 ei
227 675 256 697 ut
282 671 447 698 adolescenti
466 670 607 698 consilium
631 671 709 698 daret
737 672 770 697 ad
793 671 908 698 salutem
923 671 955 698 °'.

171 714 237 745 Quae
254 722 315 742 cum
334 715 502 749 promisisset
525 722 667 742 suasuram
691 722 720 742 se
746 715 801 742 ﬁlio
821 723 871 742 suo
896 723 957 750 quae

171 761 267 792 vellet,
296 769 306 786 ι
319 761 436 788 irridens
460 766 604 796 tyrannum
615 761 637 776 θ’
654 770 662 786 ι
682 761 766 788 multa
788 760 843 788 ﬁlio
857 761 889 788 dc
907 769 955 795 pa-

174 806 267 832 tientia
279 805 360 833 verba
373 806 448 839 fecit,
465 807 532 833 adeo
543 811 571 833 ut
583 806 693 841 juvenis
706 807 807 834 intenta
823 807 955 841 supplicia

170 857 224 878 non
238 853 427 886 exspectaret],
444 852 492 879 sed
511 857 699 886 prmverteret,
717 857 744 879 et
763 856 880 879 tortores
895 861 957 887 pro-

169 901 281 923 vocaret
299 897 392 924 dicens
407 906 413 924 :
444 897 513 930 Quid
530 898 712 931 cunctamini,
739 898 804 932 quid
823 898 957 926 cessatis?

169 940 311 968 obedimus
327 941 379 976 legi
395 949 410 968 a
422 942 478 969 Deo
491 943 576 975 datm;
593 943 693 970 divinis
709 943 878 971 sermonibus
891 950 957 971 con-

170 986 253 1013 traria
269 986 357 1014 edicta
373 987 478 1014 admitti
494 996 547 1015 non
570 988 680 1016 debent.
703 989 856 1022 Quinetiam
874 989 956 1015 veluti

169 1038 218 1058 rex
234 1031 332 1066 aliquis
349 1032 394 1067 qui
416 1032 451 1059 de
468 1033 585 1060 subditis
608 1033 723 1068 imperio
745 1041 794 1061 suo
818 1034 955 1067 ediceret,

166 1077 298 1111 judicium
314 1077 341 1104 in
359 1070 507 1112 tyrannuni
519 1078 595 1105 illum
612 1080 753 1114 proposuit
768 1080 851 1114 judex
866 1080 956 1114 potius

169 1130 251 1155 quam
273 1129 353 1155 reus,
369 1128 397 1150 et
413 1123 481 1151 dixit
504 1124 562 1151 fore
585 1129 614 1151 nt
640 1125 769 1160 quoniam
796 1126 955 1153 cmlestibus

168 1170 263 1205 pueris
279 1178 376 1198 manus
390 1171 535 1204 intulerat,
558 1181 568 1198 ι
579 1173 773 1207 omnipotentis
791 1173 838 1201 Dei
854 1179 880 1200 et
896 1181 955 1201 om-

169 1217 215 1244 nia
232 1217 401 1251 inspicientis
424 1218 557 1253 judicium
573 1227 627 1246 non
643 1219 815 1255 effugeret".
828 1229 837 1246 ›

201 1350 247 1377 27.
268 1350 377 1377 ΙΙΙοι-ιιηι
402 1351 486 1378 etiam
510 1356 625 1378 matrem
646 1351 737 1378 videre
752 1355 813 1378 erat
834 1351 952 1378 ﬁliorum

167 1398 305 1426 cruciatus
328 1403 355 1426 et
380 1403 461 1426 neces
483 1398 554 1425 bono
578 1399 668 1425 animo
687 1399 818 1432 ferentem
843 1403 953 1433 propter

167 1444 274 1471 divinas
288 1451 368 1479 spes;
391 1451 436 1471 ros
460 1443 532 1470 enim
551 1443 660 1478 pietatis
675 1448 702 1470 ct
719 1451 785 1470 aura
798 1444 952 1471 sanctitatis

167 1497 220 1516 non
234 1489 341 1516 sinebat
361 1490 387 1516 in
400 1489 549 1516 visceribus
566 1488 626 1522 ejus
640 1489 750 1516 accendi
769 1489 858 1524 ignem
876 1489 951 1516 illum

167 1534 285 1562 materni
299 1535 399 1561 amoris
418 1542 472 1568 quo
488 1539 588 1561 matres
608 1534 700 1561 multa:
717 1533 790 1561 velut
807 1535 833 1561 in
846 1535 951 1569 gravis-

166 1580 243 1607 simis
255 1579 332 1608 malis
343 1579 547 1614 deﬂagrassent.
562 1579 689 1606 Arbitror
704 1586 746 1606 me
757 1578 899 1606 utilissime
914 1579 948 1606 ad

167 1625 337 1658 propositum
361 1624 419 1650 haec
438 1622 558 1649 breviter
573 1630 588 1650 e
611 1623 754 1657 Scriptura
776 1624 950 1659 proposuisse

135 1663 138 1668 ’
166 1673 196 1696 ut
213 1668 352 1696 videamus
368 1669 433 1702 quid
449 1668 581 1696 adversus
597 1669 736 1696 cruciatus
757 1669 949 1697 acerbissimos

165 1718 194 1741 et
210 1714 368 1749 gravissima
385 1719 520 1742 tormenta
547 1716 633 1750 possit
651 1715 738 1749 pietas
759 1720 786 1742 et
810 1723 886 1743 amor
903 1716 948 1743 Dei

165 1761 262 1795 quovis
281 1767 374 1788 amore
393 1760 473 1796 longe
488 1761 634 1796 potentior.

198 1879 243 1907 28.
279 1879 362 1913 Quale
394 1889 460 1910 vero
495 1883 530 1910 sit
562 1884 721 1919 martyrium
755 1888 782 1911 et
816 1888 946 1918 quantam

163 1933 224 1953 cum
252 1927 306 1954 Deo
339 1928 434 1962 agendi
472 1928 626 1956 libertatem
663 1930 784 1963 tribuat,
822 1936 849 1958 et
882 1931 945 1958 hinc

163 1973 289 2007 cognosci
325 1979 425 2008 potest.
462 1975 529 2002 Cum
560 1975 634 2003 vinci
666 1976 733 2002 nolit
760 1976 806 2010 qui
835 1981 945 2003 sanctus

162 2024 223 2051 est,
259 2019 378 2054 velitque
410 2020 539 2048 beneﬁcia
581 2023 729 2056 rependere
758 2022 854 2056 quibus
883 2029 944 2048 eum

163 2065 242 2100 291
260 2064 331 2092 Deus
348 2066 497 2100 pravenit,
512 2067 610 2100 quaerit
634 2067 698 2102 Quid
725 2067 840 2094 Domino
864 2067 945 2094 faciat

161 2117 210 2144 pro
227 2111 363 2138 universis
379 2118 440 2145 quae
453 2113 486 2138 ab
501 2111 546 2138 illo
561 2112 686 2146 accepit;
713 2119 763 2138 nec
782 2111 853 2138 aliud
870 2111 945 2146 quid-

160 2162 242 2190 quam
266 2156 370 2182 invenit
395 2156 468 2189 quod
494 2155 580 2190 possit
601 2157 683 2183 homo
706 2161 800 2191 gratus
818 2157 870 2183 Deo
886 2157 945 2183 red-

160 2201 226 2228 dere
250 2209 300 2228 ccu
335 2202 438 2236 aequale
469 2201 625 2233 beneﬁciis,
651 2209 731 2235 quam
758 2202 785 2228 in
814 2202 945 2237 martyrio

160 2247 241 2273 mori.
259 2246 396 2280 Scriptum
422 2251 464 2274 est
485 2246 575 2274 enim:
600 2255 609 2272 ι
628 2246 697 2280 Quid
719 2247 869 2274 retribuam
891 2247 944 2274 Do-

159 2290 235 2317 mino
253 2297 302 2324 pro
317 2290 444 2318 omnibus
459 2298 519 2325 qua:
534 2291 661 2318 retribuit
674 2291 739 2318 mihi
752 2292 763 2318 ‘i
778 2300 787 2317 ι
803 2291 836 2318 Ει
848 2291 922 2318 addit
936 2301 942 2320 :

161 2344 172 2360 ι
193 2334 312 2362 Calicem
334 2335 461 2362 salutaris
480 2335 632 2369 accipiam,
656 2340 685 2362 et
710 2343 808 2363 nomen
836 2336 943 2364 Domini

159 2381 291 2408 invocabo
303 2381 336 2407 "'.
352 2391 361 2407 ι
382 2380 458 2408 Solet
473 2387 563 2408 autem
581 2381 739 2416 martyrium
758 2391 767 2407 ‹
783 2383 851 2409 calix
870 2383 943 2410 salu-

159 2425 224 2453 taris
242 2435 252 2452 ι
275 2427 387 2459 vocari,
415 2430 444 2453 ut
469 2426 495 2453 in
517 2426 664 2461 Evangelio
688 2429 847 2461 reperimus.
873 2428 940 2455 Cum

194 2479 216 2496 ⁸⁷
234 2479 256 2507 ll
273 2480 359 2508 Mach.
382 2489 430 2516 vlt,
445 2481 492 2508 24.
530 2481 552 2498 ⁸⁸
566 2481 632 2508 Ibid.
656 2481 701 2508 25.

156 2527 414 2565 factusrcreatum.
429 2537 488 2556 eam
506 2530 538 2557 ad
562 2529 766 2557 similitudinem
785 2539 845 2565 quae
869 2532 894 2558 in
912 2539 941 2559 se

156 2568 197 2590 est
216 2564 330 2591 reducit.
347 2574 355 2589 ι
371 2565 564 2593 Wmsrexms.

205 2599 232 2631 8)
257 2599 341 2635 _’AJ.{'
358 2600 486 2635 ἐφόδοις.
514 2601 590 2635 Leg.,
614 2599 833 2634 ἄλλαιςὲφόδοις.

203 2636 242 2671 ῼλ
257 2633 492 2671 Ἐπιδειξαμέιῃ.
525 2634 606 2671 Forte
629 2636 723 2665 scrib..
742 2633 939 2671 ἑπιδεξαμένη,

205 2669 246 2706 to)
267 2670 443 2706 ρᾲρανίους.
532 2669 616 2706 codex
637 2671 777 2702 mendose,
799 2669 939 2706 οὐρανούς.

205 2703 248 2740 il)
268 2705 428 2740 Εὺψύχως.
458 2704 520 2740 Ms”
533 2703 668 2739 εὐχύχως,
684 2712 818 2740 corrupte.

207 2738 248 2773 12)
277 2739 473 2775 Ἐπιτεμόνος.
502 2739 582 2765 Forte
601 2738 774 2766 scribendum
788 2761 794 2770 .
814 2741 940 2775 ἐπιτεμό-

156 2781 209 2810 νως
226 2774 302 2810 quasi
319 2774 471 2808 ὲπιτόμως,
489 2783 497 2799 ι
510 2775 683 2810 υοιιψεηιίὶο;
697 2785 706 2801 ι
724 2781 770 2803 aut
785 2774 937 2810 legendam,

156 2808 346 2843 ἐπιστημόνως
360 2828 367 2841 ,
385 2818 393 2834 ι
405 2810 483 2843 scite,
498 2809 653 2844 prudenter.
675 2821 684 2837 ι

191 2669 202 2773 Ξ

739 2482 840 2509 “ibid.
864 2484 909 2510 27.
948 2485 1051 2512 "Ibid.
1075 2485 1118 2512 55.

1017 210 1117 241 λαϐὼν,
1134 209 1181 235 καὶ
1194 207 1316 240 πεισθεὶς
1331 207 1377 234 καί¹
1387 207 1481 233 τοῦτον
1497 205 1565 234 εἶναι
1581 205 1694 239 ἀδελφὸν
1710 205 1768 231 τῶν
1783 206 1811 231 ὲν

1015 255 1102 281 οὐδενὶ
1118 253 1284 289 τηλικαύτας
1297 252 1445 287 ἀλγηδόνας
1459 251 1588 286 θεμένων,
1600 250 1646 276 καὶ
1659 250 1712 285 τὴν
1725 250 1811 284 αὐτὴν

1014 299 1086 335 ἔχειν
1110 299 1223 330 ἐκείνοις
1241 298 1416 333 προαίρεσιν,
1442 296 1500 323 ἀλλ’
1516 296 1619 330 ἐφόδοις
1634 295 1670 329 (8)
1690 294 1810 330 ἐχρῆτοο

1014 344 1132 380 νομίζων
1146 344 1225 370 αὐτὸν
1241 342 1430 378 παρακλήσεσι
1450 339 1643 375 πεισθήσεσθαι
1653 360 1661 372 ,
1677 339 1728 365 καὶ
1749 341 1810 370 ταῖς

1012 391 1046 416 δι’
1059 391 1148 425 ὅρκων
1163 388 1309 416 πιστώσεσι
1323 387 1386 423 περὶ
1402 387 1448 413 τοῦ
1468 396 1476 411 ι
1491 385 1616 412 πλούσιον
1632 385 1717 410 αὑτὸν
1732 385 1810 419 ποιή-

1012 444 1068 462 σειν
1095 436 1142 462 καὶ
1165 434 1334 470 μακαριστὸν
1356 432 1537 468 μεταθέμενόν
1551 440 1580 457 τε
1602 431 1657 458 ἀπὸ
1681 430 1740 456 τῶν
1756 438 1808 456 πα-

1010 481 1103 516 τρίων,
1122 482 1160 513 εἰς
1179 480 1272 514 φίλους
1286 479 1537 513 ἐγκαταταχθῆναι,
1554 477 1601 504 καὶ
1620 477 1718 512 χρείας
1733 476 1810 510 βασι-

1011 525 1090 558 λικὰς
1110 525 1351 561 ὲμπιστευῦἧναι.»
1379 525 1422 555 Ὡς
1437 523 1459 549 δ’
1472 523 1547 550 οὐδὲν
1562 523 1637 557 ἤνυε,
1650 522 1701 557 τὴν
1719 521 1807 556 ἀρχὴν

1012 571 1080 606 μηδὲ
1104 571 1282 606 προσέχοντος
1304 569 1350 595 τοῦ
1378 568 1482 595 νεανίου
1510 567 1548 598 ὡς
1576 565 1731 601 ἀλλοτρίοις
1759 565 1807 599 τῆς

1010 616 1107 643 ἑαυτοῦ
1130 615 1315 651 προαιρέσεως
1336 615 1392 645 τοῖς
1419 612 1591 647 λεγομένοις,
1615 610 1807 646 προσκαλεσά-

1011 669 1090 696 μενος
1107 661 1159 695 τὴν
1175 660 1300 695 μητέρα,
1324 658 1438 693 παρῄνει
1451 656 1572 691 γίνεσθαι
1590 655 1638 682 τοῦ
1659 655 1804 690 μειρακίου

1010 705 1160 740 σύμϐουλον
1186 705 1232 731 ἐπὶ
1256 704 1386 740 σωτηρίᾳ.
1420 704 1452 729 Ἦ
1475 702 1523 734 δὲ,
1553 701 1753 736 ἐπιδειξαμένη
1770 700 1803 733 (9)

1009 751 1112 777 πείσειν
1129 750 1192 785 περὶ
1205 747 1242 776 ὧν
1259 749 1338 784 ἤθελε
1354 749 1399 775 τὸν
1414 748 1481 779 υἱὸν,
1495 747 1541 774 καὶ
1560 756 1570 772 ι
1582 747 1744 781 χλευάσασα
1761 745 1803 771 τὸν

1008 796 1148 831 τύραννον,
1162 805 1170 821 ι
1186 795 1300 826 πολλοὺς
1316 794 1355 829 τῷ
1369 793 1420 829 υἱῷ
1437 792 1520 819 ὲκίνει
1535 793 1631 826 λόγους
1652 792 1720 827 περὶ
1739 792 1802 817 ὑπο-

974 834 994 861 Β
1011 843 1110 878 μονῆς·
1133 842 1170 873 ὡς
1183 841 1228 867 τον
1238 840 1356 872 νεανίαν,
1375 839 1411 874 μὴ
1432 838 1627 874 περιμείναντα
1643 837 1694 872 τὴν
1709 838 1803 871 ἐπιφε-

1011 888 1126 924 ρομένην
1149 886 1270 918 κόλασιν,
1299 884 1465 921 προλαϐόντα
1490 883 1716 924 προκαλέσασθαι
1742 883 1802 914 τοὺς

1008 923 1136 968 δημίους,
1150 931 1277 965 λέγοντα·
1293 930 1324 956 Τί
1340 929 1449 965 μέλλετε
1464 929 1511 955 καὶ
1525 923 1692 964 βραδύνετε;
1707 927 1802 954 ἀκούο-

1009 986 1058 1012 μεν
1073 977 1128 1012 γὰρ
1143 977 1225 1012 νόμου
1241 975 1288 1002 τοῦ
1301 975 1421 1006 δοθέντος
1442 974 1495 1000 ἀπὺ
1511 973 1577 1000 Θεοῦ
1588 982 1594 988 ·
1613 973 1644 999 οὐ
1659 973 1801 1008 προσιέναι

1007 1024 1047 1050 δεῖ
1069 1023 1232 1058 πρόσταγμα
1252 1022 1455 1056 ἐναντιούμενον
1476 1019 1558 1050 Οεὶοις
1576 1019 1679 1052 λόγοις.
1721 1018 1801 1044 Ἀλλὰ

1007 1069 1054 1096 καὶ
1073 1068 1192 1104 ὡσπερεὶ
1213 1067 1337 1102 βασιλεὺς
1354 1066 1568 1100 ἀποφαινόμενος
1592 1065 1667 1091 κατὰ
1684 1065 1742 1091 τῶν
1759 1065 1800 1091 ὑπ’

1006 1115 1080 1150 αὐτῷ
1097 1114 1292 1149 δικαζομένων,
1316 1113 1473 1148 ἀπεφήνατο
1495 1111 1584 1147 κρίσιν
1598 1111 1649 1146 τὴν
1665 1111 1742 1138 κατὰ
1757 1111 1800 1137 τοῦ

1005 1160 1148 1195 τυράννου,
1173 1157 1289 1190 δικάζων
1308 1157 1406 1192 μᾶλλον
1420 1157 1500 1183 αὐτὸν
1517 1156 1590 1191 ἢπερ
1603 1155 1800 1190 δικαζόμενος,

1005 1206 1053 1233 καὶ
1068 1205 1196 1239 ἔφασκεν,
1215 1204 1252 1235 ὡς
1270 1198 1328 1239 ἄρα’
1342 1203 1388 1229 ἐπὶ
1404 1203 1465 1234 τοὺς
1479 1202 1621 1237 οὐρανίους
1631 1201 1690 1236 (10)
1704 1201 1800 1232 παῖδας

1005 1252 1140 1287 ἀράμενος
1166 1252 1276 1285 χεῖρας,
1298 1259 1307 1274 ‹
1322 1250 1372 1275 οὐκ
1394 1247 1552 1282 ἐκφεύξεται
1569 1248 1619 1283 τὴν
1635 1248 1685 1274 τοῦ
1703 1256 1800 1274 παντο-

1005 1297 1137 1333 κράτορος
1149 1296 1266 1323 ὲπόπῑου
1281 1294 1348 1320 Θεοῦ
1366 1293 1464 1329 κρίσιν.
1483 1302 1492 1318 ι

1039 1339 1093 1368 Ἷίν
1112 1341 1141 1368 δὲ
1157 1341 1217 1366 τότε
1234 1339 1283 1375 τὴν
1306 1339 1412 1374 μητέρα
1427 1337 1480 1363 τῶν
1496 1336 1631 1363 τοσούτων
1656 1336 1735 1370 ἰδεῖν,
1757 1337 1799 1362 εῦ-

1003 1388 1096 1424 ψύχως
1108 1387 1162 1423 (Η)
1177 1386 1311 1421 φέρουσαν
1325 1385 1368 1411 διὰ
1382 1383 1431 1415 τὰς
1447 1384 1493 1409 ἐπὶ
1509 1383 1554 1409 τὸν
1575 1383 1642 1409 Θεὸν
1668 1383 1795 1415 ἐλπίδας,

1003 1435 1068 1466 τοὺς
1085 1433 1182 1464 πόνους
1198 1432 1244 1458 καὶ
1259 1431 1322 1462 τοὺς
1335 1429 1464 1460 θανάτους
1475 1429 1529 1454 τῶν
1542 1427 1606 1454 υἱῶν
1615 1437 1621 1443 ·
1639 1428 1736 1464 δρόσοι
1747 1429 1796 1463 γὰρ

966 1497 986 1525 C
1003 1479 1144 1510 εὐσεόείας
1160 1478 1206 1504 καὶ
1221 1476 1328 1512 πνεῦμα
1341 1475 1478 1510 ὁσιότητος
1490 1475 1539 1500 οὐκ
1551 1475 1614 1500 εἴων
1628 1475 1795 1501 ἀνάπτεσθαι

1003 1527 1031 1552 ὲν
1043 1526 1098 1556 τοῖς
1111 1524 1274 1558 σπλάγχνοις
1291 1522 1375 1556 αὐτῆς
1386 1521 1416 1547 τὸ
1434 1520 1564 1556 μητρικὺν
1578 1520 1626 1546 καὶ
1643 1521 1674 1546 ἐν
1688 1521 1794 1552 tollat;

1000 1571 1216 1605 ἀναφλεγόμενον
1236 1569 1273 1600 ὡς
1289 1568 1334 1594 ἐπὶ
1353 1567 1512 1602 βαρυτάτοις
1534 1568 1630 1597 κακοῖς
1647 1566 1717 1601 πῦρ.
1746 1567 1794 1593 Nc-

1000 1617 1071 1653 μίζω
1083 1617 1111 1643 δὲ
1125 1616 1172 1642 καὶ
1191 1614 1276 1641 ταῦτα
1296 1613 1492 1649 χρησιμώτατα.
1508 1613 1576 1648 πρὸς
1594 1613 1624 1639 τὺ
1646 1613 1793 1648 προκείμεο

998 1671 1042 1689 νον
1055 1661 1214 1697 ὲπιτεμόνος
1229 1659 1284 1696 (l2)
1300 1659 1354 1686 ἀπὸ
1374 1659 1422 1694 τῆς
1439 1658 1550 1694 Γραφῆς
1567 1658 1790 1694 παρατεθεῖσθαί.

1002 1707 1035 1734 ἵν’
1053 1707 1161 1742 ἴδωμεν,
1181 1706 1243 1732 ὅσον
1263 1705 1374 1731 δύναται
1391 1703 1462 1730 κατὰ
1478 1703 1531 1730 τῶν
1550 1704 1731 1738 τραχυτάτων
1748 1703 1791 1729 πό-

1002 1759 1053 1777 νων
1082 1751 1128 1776 καὶ
1152 1749 1206 1776 τῶν
1232 1748 1389 1784 βαρυτάτων
1413 1747 1536 1783 βασάνων
1558 1747 1686 1774 εὐσέϐεια
1703 1748 1750 1774 καὶ
1762 1745 1789 1771 τὸ

1001 1797 1070 1832 πρὸς
1088 1796 1153 1822 Θεὸν
1168 1795 1292 1830 φίλτρον,
1312 1794 1411 1825 παντὸς
1432 1793 1542 1830 φίλτρου
1559 1792 1620 1820 καθ’
1638 1792 1787 1828 ὑπερϐολὴν

1001 1843 1092 1869 πλεῖον
1108 1841 1265 1876 δυνάμενον.

1042 1887 1147 1914 Ὀποῖον
1164 1886 1187 1912 δ’
1203 1886 1261 1912 ἐστὶ
1286 1885 1315 1912 τὺ
1337 1884 1499 1920 μαρτύριον,
1516 1884 1563 1911 καὶ
1579 1884 1666 1918 πόσην
1683 1885 1785 1918 παρρη-

1001 1932 1060 1958 σίαν
1087 1930 1215 1965 ὲμποιοῦν
1238 1930 1305 1966 πρὸς
1330 1929 1374 1956 τὸν
1399 1929 1481 1960 Θεὸν,
1507 1929 1553 1955 καὶ
1581 1927 1708 1954 ἐντεῦθεν
1734 1927 1784 1953 ἔστι

999 1975 1177 2010 καταμαθεῖν.
1210 1974 1351 2009 Φιλότιμος
1379 1982 1419 2004 τις
1439 1974 1453 2000 ὁ
1469 1973 1545 2007 ἆγιος
1568 1973 1618 2004 ὢν,
1644 1972 1693 1998 καὶ
1712 1971 1785 2006 ἀμεί-

998 2021 1098 2056 ψασθαι
1111 2020 1195 2047 Θέλων
1208 2020 1256 2051 τὰς
1267 2019 1408 2054 φθασάσας
1420 2019 1460 2050 εἰς
1472 2018 1551 2045 αὑτὸν
1561 2018 1722 2053 εὐεργεσίας
1735 2018 1783 2045 ἀπὸ

999 2066 1077 2098 Θεοῦ,
1095 2065 1170 2101 ζητεῖ
1191 2065 1217 2091 τί
1235 2065 1268 2091 ἂν
1289 2065 1398 2100 ποιήσαι
1420 2064 1458 2099 τῷ
1473 2064 1568 2099 Κυρίῳ
1585 2064 1651 2099 περὶ
1666 2064 1782 2095 πάντων,

998 2108 1034 2138 ὧν
1049 2112 1095 2138 ἀπ’
1108 2110 1190 2137 αὑτοῦ
1207 2111 1317 2146 εἰληφε’
1336 2111 1382 2136 καὶ
1395 2110 1469 2136 οὐδὲν
1482 2109 1546 2136 ἄλλο
1565 2109 1689 2143 εὑρίσκει
1706 2110 1783 2136 οἱονεὶ

997 2157 1140 2192 ἰσόρροπον
1156 2158 1215 2188 ταῖς
1228 2156 1398 2192 εὐεργεσίαις
1411 2156 1558 2190 δυνάμενον
1571 2155 1624 2181 ἀπὸ
1641 2155 1780 2190 ἀνθρώπου

994 2201 1192 2237 εὺπροαιρὲτου
1205 2201 1367 2235 ἀποδοθῆναι
1389 2199 1464 2234 Θεῷ,
1479 2199 1516 2231 ὡς
1529 2199 1578 2234 τὴν
1595 2200 1625 2226 ἐν
1643 2199 1780 2234 μαρτυρίῳ

993 2246 1128 2282 τελευτήν.
1147 2246 1302 2282 Γέγραπται
1316 2245 1370 2280 γάρ
1383 2253 1390 2259 ’
1408 2255 1416 2270 ι
1434 2245 1465 2271 Τί
1477 2244 1662 2272 ἀνταποδώσω
1674 2245 1713 2280 τῷ
1731 2247 1781 2272 Κυ-

996 2292 1045 2328 ρίῳ
1060 2293 1123 2328 περὶ
1144 2292 1251 2319 πάντων
1268 2288 1304 2318 ὧν
1322 2290 1493 2318 ἀνταπὲδωκέ
1508 2299 1570 2325 μοις
1586 2300 1596 2316 ι
1615 2291 1673 2317 Καὶ
1688 2291 1779 2324 ἐπάγει

996 2339 1081 2373 λέγων
1092 2347 1098 2354 ·
1115 2349 1124 2364 ι
1141 2339 1273 2374 Ποτήριον
1289 2338 1421 2374 σωτηρίου
1437 2337 1567 2372 λήψομαι,
1583 2338 1630 2363 καὶ
1647 2338 1680 2363 τὸ
1702 2338 1779 2373 om:

995 2385 1096 2420 Κυρίου
1105 2384 1310 2419 ἐπικαλέσομαι.
1319 2394 1378 2410 »-‹
1386 2384 1515 2419 Ποτήριον
1522 2383 1550 2409 δὲ
1559 2383 1696 2418 σωτηρίου
1708 2394 1716 2409 ι
1725 2384 1777 2415 ἔθος

994 2430 1172 2467 ὀνομάζεσθαι
1185 2430 1215 2455 τὸ
1229 2429 1375 2465 μαρτύριον
1396 2429 1460 2465 (15),
1476 2429 1513 2460 ὡς
1525 2430 1553 2455 ἐν
1569 2429 1608 2464 τῷ
1623 2429 1776 2464 Εὑαγγελίῳ

1157 2485 1178 2500 ⁷¹
1193 2485 1266 2512 Psal.
1287 2493 1337 2512 cxv
1349 2505 1356 2516 ,
1383 2485 1426 2512 12.

1031 2532 1086 2567 (l5)
1103 2531 1248 2565 Ποτήριον
1261 2532 1294 2558 δὲ
1307 2532 1455 2565 σωτηρίου
1467 2532 1535 2565 ἔθος
1545 2531 1737 2567 όνιμάζεσθαι
1746 2532 1774 2558 τὸ

993 2568 1166 2601 μαρτύριον.
1182 2567 1308 2594 Pontium
1325 2568 1463 2598 salutaris,
1482 2567 1569 2601 inquit
1603 2567 1771 2597 Wctsteuins,

995 2603 1127 2636 Origenes
1144 2609 1195 2628 non
1212 2603 1279 2628 dicit
1298 2610 1344 2635 per
1360 2602 1560 2632 llebraismutn.
1579 2602 1702 2634 genitivo
1717 2604 1772 2629 sub-

995 2637 1103 2664 stantivi
1120 2644 1168 2670 pro
1179 2637 1312 2669 adjective
1325 2637 1687 2671 sumpto:quemadmodum
1701 2638 1771 2670 vulgo

994 2677 1113 2701 vertunt,
1130 2671 1249 2705 poculum
1261 2672 1354 2698 salutis
1373 2673 1510 2703 accipiunt,
1526 2672 1550 2697 id
1571 2677 1614 2697 est
1640 2673 1769 2704 salutare;

994 2707 1041 2733 Sed
1056 2706 1086 2732 τὸ
1101 2707 1241 2741 σωτήριον,
1258 2706 1390 2737 salutare,
1404 2711 1549 2740 usurpatur
1570 2706 1631 2732 vice
1650 2708 1768 2734 substan-

996 2742 1040 2767 tivi
1058 2741 1188 2776 σωτηρία,
1200 2745 1226 2767 et
1241 2741 1282 2766 hic
1295 2741 1392 2776 iterum
1405 2742 1563 2767 abstractum
1580 2748 1631 2774 pro
1644 2748 1766 2773 concreto,

994 2783 1089 2809 nelnpe
1105 2775 1241 2802 samum
1259 2775 1327 2809 ipso.
1346 2775 1382 2802 Ita
1398 2776 1506 2803 Simeon
1521 2777 1683 2809 complexus
1699 2777 1767 2803 Chri-

992 2808 1063 2838 stuni
1083 2810 1186 2838 Domini
1207 2808 1296 2837 natum
1315 2810 1379 2838 Luc.
1395 2819 1431 2844 ιι,
1445 2810 1479 2837 20
1492 2820 1498 2837 :
1512 2809 1574 2837 Ὅτι
1591 2808 1662 2838 εἶδον
1684 2812 1708 2838 οἱ
1725 2811 1764 2845 4;-
