1843 3076
78 137 128 166 597

625 138 850 168 EXHORTATIO
871 139 915 166 AD
935 135 1154 165 MARTYRIUM.

1655 131 1706 160 598

77 197 214 233 εὕρομεν·
231 199 312 233 ἡνίκα
324 197 377 234 γὰρ
392 197 513 234 μείζονος
535 199 670 234 ὠρέγοντο
692 200 774 234 τιμῆς
790 200 815 225 οἱ
830 199 865 225 Οὲ-

946 199 998 224 nim
1024 196 1154 230 majorem
1177 199 1338 229 appeterent
1357 194 1487 222 honorem
1503 193 1548 228 qui
1573 201 1587 220 a
1604 193 1706 220 dextris

77 243 170 275 λοντες
197 245 229 270 ἐκ
249 244 345 277 δεξιῶν
367 245 414 272 καὶ
444 245 472 278 ἐξ
491 245 636 281 εὐωνύμων
659 245 820 280 καθεσθῆναι
832 245 871 280 τῷ

84 290 174 325 Ἰησοῦ
192 290 220 327 ἐν
245 292 277 325 τῇ
300 290 424 326 βασιλείᾳ
448 291 546 323 αὑτοῦ,
565 292 631 326 φησὶ
655 291 722 327 πρὸς
744 291 841 322 αὐτοὺς
857 292 870 317 ὁ

78 335 182 371 Κύριος
192 344 199 351 ο
218 345 227 361 ‹
246 336 366 362 ΔύνασΘε
381 338 452 362 πιεῖν
464 336 494 363 τὸ
509 337 637 372 ποτήριον
655 337 669 363 ὃ
682 337 738 371 ἐγὼ
754 337 839 368 πίνω;
858 346 867 362 ι

78 382 210 416 ποτήριον
231 380 318 414 λέγων
340 381 370 407 τὸ
386 381 552 417 μαρτύριον·
568 382 635 417 ὅπερ
651 383 708 408 ἐστὶ
729 382 811 417 σαφὲς
823 383 870 409 καὶ

78 428 110 452 ὲκ
125 426 173 452 τοῦ
184 435 191 441 ·
211 435 219 451 ι
240 427 341 461 Πάτερ,
359 427 382 452 εί
395 427 505 453 δυνατὸν
520 427 586 462 (14),
604 427 755 463 παρένεγκε
772 427 801 453 τὸ
822 436 869 453 πο-

76 472 173 506 τήριον
192 471 269 498 τοῦτο
286 471 334 498 ἀπ’
356 471 423 506 ἐμοῦ
434 480 440 486 ·
457 471 526 506 πλὴν
549 472 580 498 οὐ
601 472 627 498 τί
639 471 694 506 ἐγὼ
708 472 787 504 Θέλω,
802 471 869 499 ἀλλὰ

76 517 102 543 τί
128 516 171 543 σύ.
190 526 199 543 ι
224 517 296 552 Πλὴν
323 516 494 552 μανθάνομεν
510 518 550 544 ὅτι
578 517 718 551 συγκαθιεϊ
744 517 799 552 (15)
821 517 869 544 καὶ

77 561 301 597 συμϐασιλεύσει,
319 562 366 587 καὶ
384 562 535 589 συνδικάσει
548 563 587 597 τῷ
603 562 706 597 βασιλεῖ
722 561 774 588 τῶν
793 562 869 597 βασι-

75 606 210 634 λευόντων
223 608 237 634 ὁ
259 606 328 633 πιὼν
352 607 382 633 τὸ
413 608 540 643 ποτήριον
558 609 660 639 ἐκεῖνο,
674 609 742 644 ὅπερ
763 607 839 634 ἔπιεν
854 608 868 634 ὁ

82 652 208 688 Ἰησοῦς·
228 652 301 678 τοῦτ’
325 649 370 679 οὖν
384 653 441 679 ἐστι
458 653 487 679 τὸ
508 653 554 679 τοῦ
574 655 708 689 σωτηρίου
728 655 866 690 ποτήριον,

75 698 146 733 ὅπερ
183 699 197 724 ὁ
231 697 320 724 λαϐὼν
358 698 548 725 ἐπικαλέσεται
580 699 610 726 τὸ
640 700 724 735 ὖνομα
746 700 865 735 Κυρίου”

78 752 87 768 r
104 743 164 774 Πᾶς
180 743 208 769 δὲ
220 744 249 775 ὃς
265 743 311 769 ἐὰν
324 744 517 780 ἐπικαλέσηται
538 745 568 772 τὸ
581 746 667 781 ὄνομα
681 746 794 781 Κυρίου,
814 754 867 772 σω-

75 787 203 823 θήσεται.
221 797 230 813 ι

117 832 199 858 Ἀλλὰ
211 832 284 864 εἰκός
298 841 357 859 τινα
373 833 417 860 διὰ
432 833 471 866 τὸ,
489 843 498 859 ι
511 833 612 868 Πάτερ,
626 834 650 859 εί
665 833 778 860 δυνατόν
796 835 865 866 ἐστι,

922 250 949 271 et
963 251 978 271 a
993 242 1112 271 sinistris
1126 241 1190 269 Jesu
1206 241 1232 268 in
1249 241 1333 275 ipsius
1354 247 1437 274 regno
1457 239 1552 267 sedere
1566 239 1704 269 volebant,

923 291 961 318 ait
975 290 1028 316 illis
1044 288 1176 316 Dominus
1192 294 1200 312 ί
1227 295 1236 312 ι
1253 286 1370 313 Potestis
1390 286 1482 313 bibere
1498 284 1609 312 calicem
1625 292 1706 318 quem

921 343 971 370 ego
986 335 1048 362 bibo
1059 333 1103 360 7'?
1123 343 1132 358 ι
1149 331 1263 359 calicem
1279 339 1380 358 vocans
1395 331 1554 366 martyrium
1569 339 1576 357 ε
1590 329 1660 364 quod
1679 334 1707 357 et

922 389 954 409 ex
973 381 1017 408 illo
1034 379 1205 406 manifestum
1227 381 1291 405 est:
1318 385 1327 402 ι
1347 375 1446 409 Pater,
1469 376 1491 402 si
1511 375 1638 410 possibile
1653 379 1704 406 est,

922 426 1040 455 transfer
1057 425 1170 453 calicem
1195 425 1277 452 istum
1303 431 1317 450 a
1341 431 1384 450 me
1404 431 1412 455 ς
1438 426 1624 450 verumtamen
1649 429 1704 449 non

921 472 992 507 quod
1015 478 1066 505 ego
1081 470 1142 498 volo
1155 490 1163 502 ,
1188 470 1234 497 sed
1250 468 1322 503 quod
1339 473 1366 495 tu
1378 468 1413 494 ⁷³.
1435 477 1444 493 ι
1463 467 1596 494 Discimus
1612 467 1705 500 itaque

921 517 1000 544 simul
1016 525 1076 544 cum
1094 523 1156 550 rege
1172 522 1265 548 regum
1281 520 1420 541 sessurum
1439 517 1466 539 et
1485 517 1660 547 regnaturum
1677 516 1705 538 et

918 564 1103 598 judicaturum
1128 562 1202 588 illum
1227 567 1289 588 esse
1313 559 1358 593 qui
1376 559 1448 586 hunc
1473 558 1583 584 calicem
1605 558 1705 585 biberit

920 616 1001 644 quem
1026 608 1096 635 bibit
1119 607 1208 634 Jesus.
1228 605 1279 633 llic
1302 605 1385 639 igitur
1403 608 1444 631 cst
1469 603 1540 630 calix
1565 603 1704 634 salutaris,

920 662 999 690 quem
1015 654 1060 688 qui
1075 653 1220 687 acceperit,
1231 650 1369 678 invocabit
1379 657 1478 676 nomen
1489 648 1605 675 Domini.
1621 656 1630 673 ι
1644 647 1706 675 0m-

920 701 962 727 nis
984 704 1075 726 autem
1101 699 1257 733 quicunque
1279 696 1446 724 invocaverit
1463 702 1562 723 nomen
1584 694 1704 728 Domini,

920 746 1011 774 salvns
1026 745 1078 772 erit
1093 744 1127 772 ⁷⁸.
1146 754 1155 770 ι

953 834 1000 862 29.
1013 833 1067 861 Sed
1081 833 1179 868 aliquis
1195 833 1264 860 forte
1277 835 1388 866 propter
1399 831 1458 858 hazc
1472 830 1553 857 verba
1567 839 1573 856 :
1590 838 1600 854 ι
1612 828 1706 861 Pater,

74 877 237 913 παρελθέτω
253 878 299 904 ἀπ’
321 878 387 913 ἐμοῦ
400 879 429 904 τὸ
446 879 575 914 ποτήριον
591 878 685 911 τοῦτο,
706 888 714 904 ι
737 878 774 913 μὴ
790 879 865 914 ἀκρι-

958 879 1084 914 possibile
1100 883 1153 911 est,
1170 882 1292 906 transeat
1304 886 1318 904 a
1333 884 1376 905 me
1391 876 1460 904 calix
1477 876 1537 908 iste,
1557 885 1566 902 ι
1581 883 1633 902 non
1648 882 1706 909 per-

74 922 203 950 ϐὡσαντα
215 923 245 950 τὸ
258 923 379 958 βούλημα
391 924 439 959 τῆς
455 924 576 959 Γραφῆς,
590 924 720 958 νομίζειν,
735 924 775 951 ὅτι
788 925 867 950 οἱονεὶ

74 969 124 996 καὶ
139 969 234 1005 Σωτὴρ
253 970 383 997 ἐδειλίασε
401 972 475 1007 παρὰ
493 971 538 998 τὸν
561 972 608 998 τοῦ
632 971 734 1003 πάθους
754 972 865 1008 καιρόν·

73 1014 182 1040 ἐκείνου
205 1014 231 1041 δὲ
254 1014 453 1048 δειλιάσαντος,
480 1016 549 1043 εἴποι
568 1025 609 1048 τις
623 1016 655 1043 ἂν
666 1036 672 1048 ,
686 1016 728 1047 τίς
746 1017 867 1050 γενναῖος

72 1060 183 1092 simul;
199 1060 308 1095 Πρῶτον
323 1061 350 1088 δέ
374 1061 529 1096 πευσόμεθα
553 1062 606 1088 τῶν
629 1062 714 1088 ταῦτα
734 1062 798 1097 περὶ
819 1061 865 1088 τοῦ

71 1105 202 1141 Σωτῆρος
217 1106 470 1142 ὑπολαμϐανόντων,
489 1108 513 1133 εί
527 1108 645 1134 ἐλάττων
661 1105 695 1143 ἦν
708 1107 755 1134 τοῦ
772 1107 866 1141 λέγον-

70 1159 119 1182 τος
133 1160 139 1165 ·
170 1160 178 1176 ι
194 1151 295 1186 Κύριος
319 1153 457 1188 φωτισμός
481 1161 530 1187 μου
554 1153 600 1179 καὶ
622 1154 714 1188 σωτήρ
730 1162 791 1188 μου,
806 1153 866 1180 τίνα

71 1197 264 1234 φοϐηθήσομαι
279 1206 286 1230 ;
300 1198 402 1233 Κύριος
416 1199 621 1234 ὑπερασπιστὴς
643 1199 692 1234 τῆς
705 1199 778 1235 ζωῆς
793 1209 844 1235 μου
856 1209 863 1215 ο

68 1243 128 1270 ἀπὸ
145 1244 216 1276 τίνος
233 1245 375 1278 δειλιάσως
399 1245 442 1272 Ἑν
454 1245 493 1280 τῷ
506 1245 625 1280 ἐγγίζειν
639 1246 682 1272 ἐπ’
695 1246 744 1281 ἐμὲ
753 1246 866 1273 κακοῦν-

68 1297 122 1319 τας
135 1289 182 1315 τοῦ
202 1291 298 1324 φαγεῖν
311 1290 360 1322 τὰς
374 1291 478 1326 σάρκας
495 1299 556 1326 μου,
570 1291 594 1317 οῑ
607 1291 742 1322 θλίϐοντές
756 1300 799 1326 με,
818 1292 864 1319 καὶ

68 1334 95 1360 οἱ
112 1334 205 1370 ἐχθροί
221 1344 282 1370 μου,
296 1336 372 1362 αὐτοὶ
386 1337 547 1372 ἡσθένησαν,
564 1337 610 1363 καὶ
627 1336 736 1363 ἔπεσον·
755 1337 802 1363 ἐὰν
814 1345 864 1363 πα-

70 1380 224 1416 ρατάξηται-
250 1381 293 1407 ἐπ’
318 1382 368 1416 ὲμέ
392 1382 567 1418 παρεμϐολὴ,
591 1382 621 1408 οὺ
649 1382 863 1418 φοϐηθήσεταιὴ

68 1425 172 1461 καρδία
186 1435 247 1461 μου,
266 1436 275 1453 ι
291 1427 337 1453 καὶ
350 1427 384 1453 τὰ
400 1427 471 1462 ἑξῆς.
490 1428 565 1463 Τάχα
580 1428 608 1455 δὲ
622 1428 682 1455 οὐδὲ
699 1428 779 1455 ἄλλου
793 1429 864 1461 τινός

67 1473 131 1498 ἐστι
151 1471 236 1498 ταῦτα
253 1473 282 1498 ἐν
302 1472 340 1507 τῷ
351 1473 483 1509 Προφήτῃ
502 1474 635 1509 λεγόμενα
655 1475 688 1501 τὰ
712 1475 822 1510 ῥήματα
845 1475 862 1510 ἦ

65 1516 118 1543 τοῦ
134 1517 259 1553 Σωτῆρος
279 1517 323 1544 διὰ
343 1518 388 1545 τὸν
404 1519 457 1545 ἀπὸ
470 1519 516 1545 τοῦ
533 1519 640 1556 Πατρὺς
656 1520 795 1556 φωτισμὸν
815 1520 863 1547 καὶ

65 1562 119 1598 τὴν
143 1563 192 1589 ἀπ’
214 1563 295 1589 αὑτοῦ
313 1563 464 1599 σωτηρίαν,
491 1564 586 1591 οὐδένα
609 1565 790 1600 φοϐουμένου,
815 1566 862 1592 καὶ

66 1607 114 1634 διὰ
127 1608 174 1634 τὸν
191 1607 409 1643 ὑπερασπισμὺν,
420 1609 449 1635 ὃν
465 1609 648 1645 ὑπερήσπιζεν
658 1609 741 1637 αὐτοῦ
755 1612 770 1637 ὁ
784 1611 860 1644 Θεὸς,

65 1653 124 1679 ἀπὸ
146 1653 259 1688 μηδενὸς
271 1653 432 1685 δειλιῶντος.
449 1654 551 1681 Τούτου
565 1655 593 1681 δὲ
607 1655 654 1682 καὶ
668 1656 684 1691 ἡ
702 1656 797 1691 καρδία
814 1657 860 1683 οὐ·

65 1698 164 1734 δαμῶς
178 1699 312 1733 ἐφοϐεῖτο,
323 1700 569 1736 παρατασσομένης
583 1700 626 1726 ἐπ’
639 1700 719 1727 αὐτὸν
736 1701 800 1737 ὅλης
811 1701 860 1736 τῆς

64 1745 116 1772 τοῦ
133 1746 240 1772 Σατανᾶ
256 1746 430 1782 παρεμϐολῆς
443 1755 450 1762 ⁸
465 1746 562 1782 ἤλπιζε
578 1746 606 1773 δὲ
622 1748 668 1774 καὶ
684 1747 729 1774 ἐπὶ
752 1749 784 1783 τῇ
803 1747 857 1783 (16)

66 1791 274 1826 πεπληρωμένη
297 1791 536 1826 ἱερῶν⁸δογμάτων
553 1791 634 1818 αὺτοῦ
651 1792 759 1828 καρδία,
776 1793 859 1819 ἐπαν-

68 1837 214 1872 ισταμένου
241 1837 315 1871 αὑτῷ
338 1836 466 1872 πολέμου.
481 1837 517 1863 Οὺ
532 1836 603 1864 κατὰ
613 1837 658 1863 τὸν
675 1838 755 1864 αὑτὸν
771 1839 859 1865 τοίνυν

66 1883 128 1910 ἐστὶ
141 1883 189 1909 καὶ
206 1882 278 1909 κατὰ
299 1882 399 1909 δειλίαν
419 1882 508 1917 λέγειν
522 1883 568 1909 τό·
585 1892 595 1908 ι
616 1883 706 1919 Πάτερ
717 1903 723 1915 ,
746 1885 769 1909 εί
784 1884 859 1910 δυναι

66 1930 114 1958 τόν
132 1929 189 1964 (17)
209 1930 267 1956 ἐστι
281 1949 289 1962 ,
318 1929 477 1965 παρελθέτω
500 1929 547 1956 ἀπ’
579 1929 646 1964 ἐμοῦ
667 1930 698 1956 τὺ
732 1931 858 1966 ποτήριον

103 1997 126 2012 η
143 1996 397 2029 Matth.xx,21,22.
416 1997 438 2013 "
453 1996 548 2025 Matth.
564 2005 637 2029 xxvt,
653 1997 696 2025 59.
734 1998 757 2013 "‘
769 1997 837 2025 Joel.
854 2006 861 2025 ι

946 1997 1042 2031 ;Rom.
1057 2006 1086 2031 χ,
1101 1999 1146 2026 15.

67 2068 168 2104 ϐαλμοί
182 2077 233 2104 μου
247 2068 277 2094 τὸ
293 2068 424 2104 σωτήριόν
439 2077 485 2095 σου
498 2089 506 2100 ,
532 2078 541 2094 ι
562 2069 688 2097 viderunt
715 2070 786 2097 oculi
804 2070 856 2097 mei

66 2091 284 2131 saltitarerlttum
297 2124 304 2136 ,
327 2113 336 2128 ι
358 2091 408 2130 brae
426 2109 479 2136 est,
493 2091 567 2130 t'uum
580 2091 857 2132 .illtimi'sal‘iitis-saln:

66 2145 176 2166 ctorum
194 2144 333 2174 auctorem
347 2157 354 2169 ,
364 2138 417 2174 τὸν
441 2139 556 2174 Σωτῆρα
566 2139 581 2174 ,ξ
595 2139 769 2171 Sera-alerent,
793 2141 854 2168 eod.

66 2182 137 2208 cap..
150 2174 226 2201 v.11.
236 2167 352 2200 Consule
361 2173 499 2208 llngonem
508 2167 630 2200 Erotium
641 2174 666 2201 in
677 2167 853 2202 hunclocum.

65 2209 116 2236 Est
132 2210 215 2243 igitur
227 2209 348 2244 poculum
364 2209 489 2244 salutaris
502 2209 572 2244 idem
581 2209 690 2242 Origeui
705 2210 775 2244 quod
784 2211 854 2236 calix

66 2244 231 2275 Servatoris,
244 2244 302 2279 sive
313 2243 419 2270 Domini
431 2243 505 2279 ὤθει).
522 2243 580 2277 Quo
594 2244 711 2278 pertinet
722 2245 853 2279 quidquid

66 2279 178 2306 disserit
194 2279 227 2305 de
239 2278 321 2305 calice
331 2278 465 2312 passionis
476 2277 575 2305 Christi
588 2277 713 2312 {etquod
727 2277 851 2306 eumdem

67 2313 164 2340 bibere
180 2313 222 2340 vel
237 2317 346 2347 gustare
359 2335 366 2346 ,
383 2318 437 2340 tttm
460 2314 649 2343 honorificum.
666 2319 720 2340 tum
733 2314 854 2341 salutare

66 2349 115 2383 sit,
131 2352 214 2382 atque
232 2349 265 2374 ad
281 2349 429 2383 maximam
442 2348 555 2382 gloriam
576 2349 656 2375 faciat
673 2350 852 2383 genuinorum

67 2382 154 2417 ipsius
171 2382 377 2416 discipulorum,
391 2388 454 2417 puta
471 2392 480 2408 (
494 2382 684 2410 confessor-uni
694 2388 721 2410 et
731 2384 853 2411 veritatis

68 2421 179 2445 testium
200 2426 209 2442 ι
225 2418 282 2444 sive
299 2422 465 2452 martyrum,
483 2417 561 2444 Rom.
579 2426 637 2450 vm,
655 2419 704 2450 17;
721 2425 770 2445 nec
786 2426 853 2452 Opus

67 2453 213 2485 pluribus,
235 2460 296 2479 cum
324 2452 502 2486 liquidissime
530 2453 600 2480 infra
626 2458 742 2487 exponat
760 2453 790 2479 τὸ
806 2453 852 2479 τοῦ

67 2488 193 2522 Σωτῆρος
211 2487 349 2522 ποτήριον,
365 2495 373 2511 ι
393 2487 546 2516 Servatoris
562 2486 867 2521 poettlunntl’sal.cn),

66 2523 200 2549 denotare
217 2527 364 2556 martyrum
378 2527 503 2555 tuortcm,
518 2523 580 2557 quia
593 2527 701 2556 propter
715 2522 851 2550 Christum

67 2557 246 2584 Servatorcm
258 2562 374 2592 mortem
383 2562 524 2590 oppetunt.
537 2557 607 2584 Idem
620 2558 773 2591 significant
787 2565 854 2592 pra:-

66 2593 155 2619 sentia
176 2592 257 2618 verba
272 2598 279 2617 :
294 2601 302 2616 ι
318 2591 447 2618 Paculam
471 2593 599 2619 salutaris
618 2593 754 2618 nominari
777 2591 852 2618 mar-

67 2628 181 2660 lyrium.
197 2632 214 2652 ἰ
229 2626 359 2659 Origenes
373 2631 452 2653 tract.
467 2628 501 2654 12
517 2627 610 2653 Matth.
625 2627 718 2653 multis
732 2627 781 2653 hoc
796 2632 852 2652 tra-

68 2662 115 2688 dit.
128 2662 245 2696 Grcgor.
261 2661 349 2695 Magn.
363 2661 451 2688 libim
471 2662 586 2696 Dialog.,
610 2667 751 2696 postquam
772 2663 852 2688 Vt'l'lttt

67 2697 167 2723 Christi
183 2706 189 2723 :
211 2705 220 2722 ι
241 2696 356 2722 Potestis
373 2698 464 2724 bibere
479 2698 608 2729 calicem,
635 2705 644 2722 ι
663 2702 729 2729 etc.,
752 2697 851 2728 attulit,

68 2732 160 2758 addit:
178 2741 186 2756 ι
202 2732 272 2763 Quid
290 2736 379 2758 autem
398 2732 490 2759 calicis
509 2739 624 2763 nomen,
643 2731 693 2758 nisi
719 2732 853 2765 passionis

69 2767 193 2798 poculum
207 2766 319 2801 signat?
333 2775 342 2791 ι
357 2766 481 2794 Clemens
494 2767 570 2793 Alex.
592 2765 699 2800 Ρωίίιιῃ.
711 2766 728 2792 Ι.
747 2774 766 2797 ι,
783 2775 808 2793 c.
825 2766 852 2796 6.

69 2807 93 2833 p.
104 2801 137 2837 777
152 2811 158 2828 :
177 2802 234 2836 Τὴν
250 2800 444 2837 συμπλήριιηιν
460 2801 506 2828 τοῦ
529 2801 594 2827 ἰδίου
607 2801 709 2835 πᾲοους
724 2801 852 2837 ποτήριον

69 2836 185 2871 κέκληκε
201 2837 439 2871 καταχρηστικῶς,
455 2837 499 2863 ὅτε
524 2838 628 2862 ἐκπιεῖν
645 2837 690 2862 καὶ
713 2836 852 2862 ἐκτελέσαι

72 2871 148 2904 μόνον
165 2872 250 2907 ἐγρῆν
265 2872 339 2898 αὐτό.
358 2881 367 2897 ι
383 2872 502 2907 l‘rnprm-
520 2873 652 2907 passionis
671 2873 852 2905 complemen-

918 933 1001 960 penso
1024 924 1172 959 Scriptura:
1197 923 1476 957 scnsu,Servatorem
1497 921 1547 949 sub
1571 918 1705 956 passitinis

918 976 1025 1005 tempus
1046 970 1137 998 minus
1159 970 1269 998 fortiter
1291 977 1321 998 se
1339 969 1467 998 habuisse
1489 968 1645 1003 putaverit:
1659 967 1705 994 illo

916 1023 1008 1045 autem
1025 1017 1138 1045 timente
1151 1037 1159 1050 ,
1177 1017 1249 1044 dicet
1265 1016 1363 1051 aliquis
1376 1036 1384 1050 ,
1409 1016 1471 1050 quis
1492 1021 1601 1050 semper
1624 1013 1705 1041 fortis

916 1064 968 1090 erit
987 1063 998 1090 ?
1021 1062 1142 1090 Primum
1170 1066 1259 1089 autem
1283 1061 1516 1096 interrogabimus
1538 1067 1586 1088 eos
1605 1060 1650 1094 qui
1670 1060 1704 1086 de

916 1110 1059 1137 Salvatore
1075 1109 1131 1136 haec
1145 1109 1331 1143 suspicantur,
1352 1115 1386 1134 an
1404 1108 1493 1134 minor
1515 1106 1598 1134 fuerit
1612 1113 1643 1133 eo
1657 1106 1702 1140 qui

916 1155 1044 1182 dicebat:
1063 1163 1072 1180 ι
1091 1155 1223 1181 Dominus
1238 1153 1399 1180 illuminatio
1417 1160 1476 1180 mea
1491 1157 1518 1179 et
1542 1152 1616 1179 salus
1631 1159 1707 1182 mea.,

915 1207 996 1235 quem
1015 1200 1134 1228 timebo?
1148 1199 1279 1227 Dominus
1297 1202 1435 1233 protector
1450 1198 1512 1224 vita:
1528 1204 1605 1228 mete,
1622 1204 1636 1222 a
1648 1203 1702 1230 quo

918 1246 1056 1280 trepidabo
1074 1246 1085 1272 ?
1107 1245 1176 1272 Dum
1198 1245 1359 1280 appropiant
1378 1251 1458 1278 super
1473 1251 1516 1271 me
1534 1247 1662 1270 nocentes
1675 1247 1704 1269 ut

915 1291 998 1319 edant
1011 1298 1108 1318 carnes
1123 1298 1208 1324 meas,
1226 1291 1271 1325 qui
1288 1290 1418 1318 tribulant
1441 1297 1484 1318 me
1508 1289 1612 1317 inimici
1637 1289 1706 1320 mei,

915 1337 968 1371 ipsi
986 1336 1114 1364 infirmati
1131 1341 1194 1364 sunt
1214 1341 1242 1363 et
1254 1337 1426 1370 ceciderunt;
1443 1338 1466 1364 si
1483 1336 1636 1364 consistant
1651 1335 1702 1362 ad-

914 1390 1022 1410 versum
1038 1390 1081 1410 me
1107 1388 1208 1415 castra,
1224 1391 1276 1411 non
1293 1383 1399 1410 timebit
1417 1390 1465 1410 cor
1489 1390 1578 1409 meum
1590 1382 1626 1414 ⁷⁵,
1646 1391 1654 1407 ι
1675 1387 1702 1408 et

914 1429 1029 1464 reliqua.
1048 1428 1129 1456 Forte
1144 1433 1233 1456 autem
1249 1436 1301 1456 non
1318 1428 1432 1456 alterius
1455 1433 1518 1456 sunt
1533 1435 1548 1454 a
1565 1428 1699 1462 Propheta

916 1473 1001 1501 relata
1017 1473 1108 1505 verba,
1125 1481 1206 1508 quam
1223 1473 1379 1500 Servatoris
1402 1473 1487 1508 ipsius
1514 1472 1560 1507 qui
1587 1477 1699 1506 propter

915 1520 1140 1547 illuminationetn
1161 1524 1188 1547 et
1214 1519 1327 1547 salutem
1345 1526 1425 1554 quam
1444 1526 1458 1545 a
1480 1518 1560 1545 Patre
1581 1518 1698 1552 accepit,

914 1566 984 1593 nihil
1000 1566 1096 1599 timet;
1115 1566 1216 1600 quique
1230 1570 1339 1600 propter
1355 1565 1550 1599 protectionem
1566 1572 1619 1598 qua
1633 1571 1699 1598 pro-

913 1612 978 1647 tegit
990 1619 1051 1639 eum
1066 1612 1138 1640 Deus
1151 1634 1158 1646 ,
1173 1619 1188 1639 a
1204 1611 1278 1638 nullo
1300 1610 1427 1646 trepidat.
1448 1610 1533 1644 Hujus
1546 1615 1574 1638 et
1589 1617 1636 1638 eor
1649 1618 1697 1638 ne-

911 1665 1049 1692 quaquam
1074 1657 1179 1690 timuit,
1203 1664 1265 1684 cum
1291 1657 1423 1684 adversus
1443 1663 1504 1683 eum
1520 1660 1575 1683 tota
1590 1655 1699 1682 Salante

912 1708 1001 1731 castra
1012 1704 1210 1731 consisterent:
1221 1702 1302 1737 292
1313 1703 1439 1737 sperabat
1449 1702 1530 1730 etiam
1547 1702 1573 1729 in
1587 1701 1642 1728 Deo
1651 1709 1700 1728 cor

912 1749 970 1784 ejus
990 1756 1070 1776 sacra
1086 1749 1207 1776 doctrina
1227 1749 1353 1783 plenum,
1371 1755 1432 1776 cum
1452 1747 1553 1775 bellum
1569 1747 1700 1774 adversus

913 1802 974 1822 eum
992 1794 1156 1830 insurgeret.
1172 1795 1300 1829 Ejusdem
1316 1794 1400 1828 igitur
1417 1802 1470 1821 non
1489 1798 1530 1821 est
1549 1793 1642 1821 timide
1655 1793 1699 1820 di—~

913 1846 992 1867 cere:
1010 1848 1020 1866 ι
1035 1839 1127 1872 Pater,
1145 1840 1168 1866 si
1185 1839 1314 1874 possibile
1326 1843 1384 1872 est,
1403 1843 1524 1867 transeat
1539 1847 1554 1866 a
1567 1846 1610 1865 me
1627 1838 1699 1865 calix

913 1885 974 1917 iste,
993 1894 1003 1910 ι
1020 1889 1047 1912 et
1060 1884 1168 1912 fortiter
1185 1884 1388 1920 pronuntiare:
1410 1893 1419 1910 ι
1437 1884 1465 1911 Si
1487 1884 1636 1912 consistant
1651 1883 1700 1909 ad-

912 1937 1019 1957 versum
1041 1937 1084 1958 me
1108 1934 1196 1958 castra
1211 1949 1219 1963 ,
1244 1938 1298 1958 non
1314 1930 1420 1958 timebit
1445 1937 1494 1957 cor
1508 1937 1609 1957 meutn.
1629 1938 1640 1955 ι
1660 1928 1699 1955 Ne

1184 1998 1206 2014 ⁷⁸
1221 1997 1294 2026 Psal.
1307 2005 1383 2031 χχιι,
1401 1997 1426 2030 1,
1443 1998 1471 2032 2,
1487 1997 1513 2025 3.

912 2074 968 2097 tum
980 2070 1091 2098 abusive
1105 2070 1231 2104 poculum
1252 2069 1406 2104 appellavit,
1425 2068 1533 2104 quando
1544 2075 1604 2104 eam
1626 2068 1694 2104 bau-

912 2105 966 2132 rire
985 2110 1012 2132 et
1025 2102 1155 2140 perlicere
1171 2105 1256 2133 solum
1269 2102 1457 2140 oportebat.)
1484 2102 1549 2131 Vide
1566 2103 1697 2131 Basilium

911 2140 937 2167 in
951 2140 1051 2167 Psalm.
1063 2148 1135 2168 cxvt.

908 2210 923 2236 δ
946 2176 1001 2236 (164)
1025 2175 1166 2202 Δυνατόν.
1195 2175 1223 2202 1η
1255 2182 1305 2202 ms.
1335 2173 1430 2201 codice
1457 2173 1553 2200 vitiose
1585 2172 1695 2208 legitur,

924 2218 970 2236 uv1
987 2218 1010 2236 ν.

962 2225 1010 2236 μιν.

870 2231 893 2260 ί)
904 2231 1178 2306 ³ζέιέἷΞῨΣυ-ίικαθιεῖ.
1195 2244 1261 2272 Cod.
1278 2251 1331 2271 ms.
1351 2250 1493 2278 perperam
1514 2242 1615 2276 habet,
1632 2251 1698 2277 συγ-

904 2288 940 2306 κα

939 2289 998 2351 Eia).
1019 2314 1083 2342 Ἐπὶ
1101 2314 1146 2348 τῇ.
1163 2314 1318 2351 Legeudmn
1335 2313 1453 2351 videtur,
1466 2313 1512 2351 ἐπὶ
1524 2313 1593 2351 Θεῷ.

940 2348 996 2384 (17)
1023 2351 1063 2376 Οὺ
1085 2350 1160 2376 κατὰ
1177 2349 1230 2376 τὸν
1244 2348 1336 2384 αὺτὸν
1349 2349 1453 2384 τοίνυν
1467 2348 1531 2384 ἐστὶ
1553 2348 1601 2374 καὶ
1621 2348 1696 2384 νέατᾲ

903 2383 1020 2412 δειλίαν
1032 2384 1133 2418 λέγειν
1147 2384 1190 2416 τὸ,
1204 2383 1311 2417 Πάτερ,
1326 2385 1352 2410 εί
1364 2383 1503 2411 δυνατόν.
1518 2383 1603 2417 Negat
1619 2383 1695 2409 Chri-

903 2425 975 2446 stum
991 2417 1126 2450 timuisse,
1141 2427 1202 2446 cum
1217 2419 1414 2452 deprecaretur
1426 2418 1548 2444 calicctu.
1564 2417 1609 2444 Sic
1626 2422 1694 2444 lout.

904 2454 953 2482 ult.
972 2455 998 2481 in
1013 2454 1110 2481 Joan.:
1128 2454 1184 2489 Τὴν
1200 2453 1332 2489 σωτήριον
1352 2453 1507 2489 οἰκονομίαν
1519 2452 1614 2489 οὐκέτι
1630 2452 1694 2489 μελ-

903 2489 968 2522 λειν,
983 2489 1043 2515 οὐδὲ
1059 2487 1196 2523 βραδύνειν
1206 2508 1213 2520 ,
1232 2487 1288 2514 ἀλλ’
1305 2488 1341 2519 ὡς
1355 2489 1371 2523 ἡ
1385 2487 1496 2523 δύναμις
1512 2487 1619 2523 νίσχύειν
1632 2487 1695 2521 ἢθε-

902 2525 960 2551 λεν·
970 2525 1000 2551 οὐ
1013 2521 1202 2555 δειλιίὒν,σ-ὼς
1218 2523 1318 2549 οἴονταί
1332 2521 1402 2553 τινες
1419 2522 1472 2548 τῶν
1489 2522 1525 2556 μὴ
1540 2521 1693 2556 νοησάντων

903 2559 965 2586 τίνα
988 2559 1086 2594 τρόπον
1103 2557 1185 2594 εἶπεν
1198 2567 1204 2574 ο
1225 2557 1339 2594 ῌΠάτερ,
1360 2559 1386 2594 el
1402 2556 1561 2594 δυνᾳτᾷν,
1581 2558 1692 2594 παρελτ

904 2595 976 2620 θέτω
991 2591 1023 2620 τίδ
1032 2593 1175 2627 ποτήριον
1185 2592 1282 2624 τοῦτο,
1298 2607 1333 2612 -——
1346 2592 1414 2620 ἀλλὰ
1423 2591 1634 2627 θαρῤαλεώτατα
1648 2592 1693 2618 ἐπὶ

903 2629 950 2655 τὸν
963 2629 1055 2662 ἀγῶνα
1066 2629 1259 2663 ἀποδυόμενος.
1272 2637 1280 2652 ι
1294 2628 1446 2654 Salutarem
1459 2628 1692 2663 dispensationem

905 2671 953 2691 uec
974 2661 1078 2690 irritam
1101 2664 1159 2690 fieri
1172 2661 1222 2689 'aut
1241 2665 1378 2690 retardare
1399 2663 1497 2695 voluit,
1515 2662 1561 2688 sed
1584 2668 1633 2694 pro
1655 2661 1694 2687 νὶ-

904 2699 946 2725 rili
963 2698 1099 2725 ellii'acem
1116 2705 1187 2729 esse.
1205 2705 1256 2724 nou
1273 2697 1371 2725 timens
1385 2698 1425 2732 (ut.
1442 2697 1693 2732 nonnttllippittattf

905 2738 960 2764 tur,
980 2742 1033 2760 non
1052 2733 1234 2766 intelligentcs
1244 2739 1295 2766 qua
1311 2730 1417 2760 ratione
1431 2732 1547 2760 dixerit:
1567 2730 1655 2762 Pater,
1672 2731 1694 2757 si

904 2768 1025 2802 possibile
1038 2773 1092 2799 est,
1111 2771 1226 2794 transeat
1243 2766 1313 2802 (alia:
1336 2767 1411 2802 iste),
1428 2768 1476 2795 sed
1498 2768 1575 2802 plena
1594 2767 1693 2792 Iidttcia

904 2801 937 2829 ad
954 2808 1098 2830 certamen
1117 2810 1177 2829 sese
1194 2801 1350 2833 aet-ingens.
1371 2810 1379 2826 I
1397 2802 1468 2829 Idem
1485 2802 1531 2828 lib.
1546 2809 1583 2828 \'ll
1601 2806 1693 2827 contra

905 2837 1019 2868 Celsum.
1035 2846 1108 2864 ntttn.
1132 2838 1167 2864 55
1181 2847 1186 2863 :
1202 2837 1258 2862 Οὐκ
1274 2835 1307 2872 ἦν
1321 2835 1366 2864 οὖν
1380 2837 1450 2863 κατὰ
1465 2837 1509 2862 τὸν
1526 2836 1579 2862 ἀπὸ
1595 2844 1694 2872 καρτε-

905 2873 965 2906 ρίας
981 2873 1055 2908 παρὰ.
1074 2875 1133 2904 ταῖς
1150 2872 1256 2907 μάστιξι
1271 2873 1462 2908 σιωπήσαντα,
1479 2871 1525 2898 καὶ
1541 2871 1594 2898 ἀπὸ
1609 2871 1691 2906 πραόο
