1843 3076
155 123 238 151 599.

889 116 1050 147 ORIGENIS

1726 119 1774 147 600

130 188 133 190 ·
155 182 219 216 quid
247 181 329 216 igitur
347 188 396 208 nos
420 180 504 208 lateat
530 179 580 207 hoc
602 179 672 212 loco,
690 179 922 208 demonstrativuu

1012 177 1078 204 ιῦτο·
1101 186 1110 202 ι
1127 177 1175 204 καὶ
1198 176 1252 204 ἀπὸ
1271 176 1396 213 ἀνδρείας
1417 178 1531 212 φάσκειν
1543 186 1550 193 ”
1569 187 1578 204 ι
1605 179 1669 205 Ἐὰν
1689 188 1774 215 παρα-

155 227 252 255 calicis
263 233 412 262 pronomen
421 226 492 261 quod
507 234 521 253 a
539 226 626 254 tribus
641 226 936 262 evangelistisexpres-

154 280 214 302 sum
224 277 276 305 est,
290 272 461 299 observabis.
476 272 619 300 Matthaeus
631 272 704 300 enim
718 272 830 307 scripsit
845 272 936 299 dicen-

154 325 207 348 tem
224 319 366 347 Dominum
381 327 388 346 :
408 328 418 345 ι
441 318 521 346 Pater
535 319 581 350 mi,
599 318 622 346 si
634 318 764 353 possibile
779 323 831 351 est,
846 322 936 345 trans-

152 370 197 393 eat
218 373 233 392 a
253 371 296 392 me
313 365 383 392 calix
399 365 451 392 iste
463 365 506 398 7°;
527 374 537 390 ι
554 364 642 391 Lucas
656 371 742 391 vero:
762 372 772 389 ι
792 363 890 395 Pater,
911 363 933 390 si

151 412 203 442 vis,
221 410 338 438 transfer
358 410 470 437 calicem
487 410 570 437 istum
586 417 600 436 a
619 417 661 436 me
674 409 696 424 '”
711 416 719 441 ;
734 418 744 434 ι
765 408 873 436 Marcus
888 415 936 435 au-

152 461 206 483 tetu
225 463 234 482 :
251 465 261 482 ι
282 455 357 483 Abba
383 455 481 489 Pater,
500 455 592 482 omnia
618 454 666 481 libi
689 453 829 488 possibilia
849 458 932 486 sunt;

152 502 269 529 transfer
287 502 398 529 calicem
423 501 496 528 hunc
515 507 529 526 a
552 507 596 527 me
607 499 639 526 ⁷⁸.
657 508 666 525 ι
685 498 753 526 Vide
777 499 875 534 igitur,
897 507 932 525 an

149 555 211 575 cum
232 554 313 574 omne
338 546 496 581 martyrium
512 550 626 572 vocetur
650 545 684 572 ab
701 544 746 572 illo
759 545 932 580 martyrium,

149 600 310 627 quacunque
323 599 356 620 ex
371 599 454 620 causa
469 591 533 619 hinc
549 591 714 621 discederet.
729 591 820 618 dicere
830 591 931 626 possis,

148 645 202 666 non
224 646 312 673 genus
330 637 453 673 martyrii
476 644 537 666 eum
564 644 716 671 recusasse,
730 644 791 664 cum
807 637 930 664 diceret:

150 693 160 711 ι
175 684 332 713 Transeata
345 691 388 711 me
403 683 471 711 calix
488 683 539 710 iste
553 692 562 709 ι
573 683 695 718 (dixisset
704 683 932 715 enim,’l‘rauseat

147 738 163 757 a
180 737 223 757 me
235 729 333 765 calix),
351 729 398 756 sed
415 728 485 755 forte
502 728 621 761 speciem
644 727 718 755 illam
733 727 875 762 refugisse.
897 728 932 755 Et

146 774 256 802 attende
271 781 305 801 an
322 774 375 800 dici
393 773 479 807 possit
492 772 661 799 Salvatorem
676 773 777 805 varias,
793 777 822 800 ut
836 773 874 800 ita
887 773 931 800 di-

145 826 217 852 cam,
233 819 348 846 calicum
363 818 551 852 inspicientem
568 819 683 853 species,
698 822 725 844 et
747 824 807 852 quae
825 824 857 845 ex
873 826 928 846 uno

144 873 252 901 quoque
261 869 450 900 sequerentur,
461 871 612 900 eorumque
622 863 787 892 differentias
794 864 926 892 altissima

145 912 262 946 quadam
279 911 414 946 sapientia
432 912 692 946 deprehendentem,
706 910 777 938 hanc
790 918 839 946 per
853 918 928 938 mar-

144 958 242 993 tyrium
261 958 351 985 exitus
367 958 488 992 speciem
503 964 663 991 recusasse,
680 962 706 985 et
718 958 798 986 aliam
813 958 928 986 fortasse

143 1003 294 1038 graviorem
311 1003 393 1031 tacite
407 1003 574 1037 postulasse,
595 1007 624 1030 ut
638 1010 685 1038 per
709 1003 792 1031 alium
813 1004 926 1032 calicem

142 1048 323 1076 universalius
345 1049 454 1083 aliquod
469 1053 496 1076 et
511 1049 545 1076 ad
565 1049 657 1083 plures
673 1050 831 1085 pertingens
845 1050 927 1078 bene-

141 1093 233 1121 ﬁcium
255 1094 411 1128 perliceret.
432 1094 510 1127 Quod
532 1099 564 1121 ut
585 1094 661 1122 ﬁeret
684 1095 802 1122 nondum
828 1104 928 1123 conce-

141 1139 224 1167 debat
249 1140 401 1175 sapientior
430 1140 569 1168 voluntate
592 1140 655 1168 Filii
680 1142 805 1169 voluntas
823 1142 924 1176 Patris,

141 1185 222 1211 aliter
237 1192 268 1212 ac
284 1185 392 1212 videbat
414 1185 550 1219 Salvator,
571 1186 613 1212 via
629 1191 656 1213 et
669 1187 764 1214 ordine
782 1195 826 1214 res
838 1188 925 1214 admi-

140 1230 296 1258 nistrantis.
311 1231 410 1265 Aperte
426 1236 515 1258 autem
535 1232 562 1258 in
580 1231 695 1259 Psalmis
713 1231 862 1260 Salvatoris
877 1241 925 1261 ca-

141 1275 178 1301 lix
196 1280 345 1310 martyrum
356 1283 429 1303 mors
440 1281 490 1304 est.
505 1277 595 1310 Quare
604 1278 645 1304 his
657 1278 745 1305 verbis
758 1286 764 1304 :
781 1286 790 1303 (
806 1277 925 1306 Calicem

140 1320 269 1348 salutaris
290 1321 442 1356 accipiant,
458 1326 485 1349 et
502 1329 599 1354 nomen
617 1323 722 1349 Domini
746 1323 890 1356 invocabo,
912 1333 922 1349 ι

140 1366 293 1394 subduntur
315 1367 366 1395 ista
388 1374 395 1393 :
422 1377 431 1393 ι
449 1360 573 1395 Pretiosa
596 1368 622 1394 in
649 1374 796 1403 conspectu
818 1369 925 1397 Domini

141 1419 214 1439 mors
223 1417 379 1440 sanctorum
390 1413 446 1446 ejus
456 1413 527 1440 7"”.
541 1423 550 1439 ι
563 1404 684 1441 Pretiosa
698 1415 779 1449 igitur
789 1416 868 1443 nobis
877 1416 925 1444 ad-

139 1457 214 1484 venit
228 1465 313 1490 mors,
332 1463 362 1485 ut
378 1459 481 1486 sanctis
502 1458 565 1491 Dei,
584 1466 634 1486 nec
652 1459 696 1486 illo
712 1459 840 1494 indignis,
861 1469 923 1488 cum

986 223 1101 258 τάξηται
1120 223 1163 249 ἐπ’
1183 222 1233 258 ἐμὲ
1251 222 1421 258 παρεμϐολὴ,
1436 223 1467 250 οὐ
1479 223 1664 260 φοϐηθήσεται
1681 225 1698 260 ἡ
1713 233 1776 262 καρ-

986 268 1030 295 δία
1045 277 1107 304 μου.
1130 277 1139 294 ›
1155 267 1262 303 Μήποτ’
1277 266 1324 295 οὖν
1335 267 1455 304 λανθάνῃ
1467 276 1494 294 τι
1508 269 1580 303 ἡμᾶς
1594 269 1624 295 ὲν
1641 268 1683 304 τῷ
1693 270 1775 305 τόπῳ,

986 315 1033 342 καὶ
1052 314 1209 349 ἐπιστήσεις
1225 313 1264 350 τῷ
1286 314 1358 349 παρὰ
1378 315 1435 345 τοῖς
1454 314 1541 349 τρισὶν
1563 314 1705 350 εἰρημένῳ
1725 315 1777 341 δει-

985 361 1072 394 κτικῷ
1082 361 1129 387 τοῦ
1146 361 1287 396 ποτηρίου.
1309 360 1337 386 Ὀ
1356 359 1404 394 μὲν
1417 359 1471 395 γὰρ
1485 359 1622 391 Ματθαῖος
1638 359 1777 396 ἀνέγραψε

984 406 1096 441 λέγοντα
1112 406 1157 433 τὸν
1173 405 1274 441 Κύριον
1285 414 1292 420 ·
1310 415 1319 431 ι
1339 405 1443 440 Πάτερ,
1461 406 1485 431 εί
1504 404 1615 431 δυνατόν
1626 406 1697 437 ἐστι,
1714 414 1777 441 παρ-

984 452 1083 479 ελθέτω
1104 453 1150 479 ἀπ’
1163 451 1229 487 ἐμοῦ
1242 451 1272 478 τὸ
1287 452 1414 487 ποτήριον
1428 450 1515 477 τοῦτο
1525 458 1532 466 ·
1554 460 1564 476 ι
1577 451 1592 477 ό
1607 450 1637 477 δὲ
1651 451 1759 482 Λουκᾶς
1768 460 1774 466 ·

987 507 996 523 ι
1017 497 1108 532 Πάτερ
1120 517 1127 529 ,
1148 498 1172 523 εἰ
1191 496 1295 532 βούλει,
1313 499 1464 532 παρένεγκε
1485 496 1515 522 τὸ
1541 497 1673 532 ποτήριον
1691 497 1777 523 τοῦτο

984 544 1029 570 ἀπ’
1047 543 1113 579 ἐμοῦ
1125 551 1131 558 ·
1155 553 1163 569 ι
1183 543 1197 569 ὁ
1216 543 1246 569 δὲ
1261 543 1391 579 Μάρκος·
1412 552 1422 568 ι
1449 542 1548 575 ’Δ66ᾶ,
1567 543 1581 569 ὁ
1603 543 1720 578 Πατήρ·
1738 543 1776 569 δυ-

982 591 1050 617 νατά
1074 598 1114 616 σοι
1138 590 1235 617 πάντα’
1251 589 1402 625 παρένεγκε
1423 589 1453 615 τὸ
1469 590 1597 625 ποτήριον
1622 589 1715 616 τοῦτο
1731 591 1776 617 ἀπ’

982 636 1059 671 ἐμοῦ.
1078 646 1087 661 ι
1109 637 1179 672 Ὅρα
1188 636 1283 662 τοίνυν
1299 636 1323 662 ει
1345 635 1477 668 δύνασαι,
1496 635 1597 667 παντὸς
1621 636 1775 672 μαρτυρίου

982 682 1042 709 καθ’
1056 681 1196 709 ὁποιανοῦν
1216 681 1351 717 πρόφασιν
1367 681 1456 713 ἐξόδου
1473 681 1625 717 μαρτυρίου
1643 681 1777 717 καλουμέ-

981 736 1042 760 νου,
1065 726 1144 753 τοῦτο
1167 727 1302 762 φάσκειν,
1327 727 1368 754 ὃτι
1389 727 1420 754 οὗ
1445 726 1475 753 τὸ
1496 727 1573 761 γένος
1596 726 1645 753 τοῦ
1672 735 1774 763 μαρτυ-

983 774 1040 809 ρίου
1056 773 1111 808 (18)
1125 774 1282 809 παρῃτεῖτο,
1302 773 1388 808 λέγων
1401 781 1408 788 ·
1429 782 1439 798 ι
1457 772 1619 808 Παρελθέτω
1641 773 1692 800 ἀπ’
1708 774 1774 809 ἐμοῦ

980 819 1010 846 τὸ
1026 819 1154 855 ποτήριον
1169 819 1248 845 τοῦτο
1263 827 1272 844 ι
1290 817 1402 852 (ἔφασκε
1419 817 1472 853 γὰρ
1483 817 1526 851 ἂν,
1548 818 1714 853 Παρελθέτω
1729 819 1773 845 ἀπ’

981 865 1048 901 ἐμοῦ
1074 865 1104 891 τὸ
1125 865 1282 900 ποτήριον),
1302 864 1368 891 ἀλλὰ
1389 864 1459 900 τάχα
1479 865 1509 891 τὸ
1533 862 1603 897 εἶδος
1624 865 1697 891 τόδε.
1721 866 1774 892 Καὶ

981 911 1100 946 πρός-χες
1109 930 1116 942 ,
1131 911 1154 937 εἰ
1169 909 1280 937 δυνατὸν
1295 910 1429 945 ἐνορῶντα
1442 910 1488 937 τὸν
1501 910 1618 945 Σωτῆρα
1630 912 1689 942 τοῖς
1706 911 1774 937 stas-

981 965 1023 983 σιν
1034 977 1040 989 ,
1060 956 1092 983 ἵν’
1105 955 1191 987 οὕτως
1204 956 1345 991 όνομάσω,
1367 955 1420 982 τῶν
1437 955 1573 990 ποτηρίων
1582 975 1589 987 ,
1607 956 1657 982 καὶ
1668 958 1728 988 τοῖς
1741 957 1772 982 δι’

979 1002 1095 1029 ἕκαστον
1124 1002 1280 1037 γενομένοις
1295 1001 1345 1034 ἂν,
1368 1001 1414 1028 καὶ
1435 1001 1681 1036 καταλαμϐάνοντα
1704 1002 1773 1037 μετά

978 1057 1050 1079 τινος
1073 1047 1228 1083 βαθυτάτης
1241 1047 1336 1081 σοφίας
1357 1047 1406 1078 τὰς
1421 1046 1562 1083 διαφορὰς,
1579 1047 1640 1073 τόδε
1658 1047 1690 1074 τὸ
1704 1045 1772 1079 εἶδος

978 1095 1027 1130 τῆς
1039 1094 1128 1126 ἐξόδου
1138 1093 1330 1130 παραιτεῖσθαι
1343 1093 1390 1119 τοῦ
1403 1092 1564 1129 μαρτυρίου,
1574 1091 1643 1120 ἄλλα
1658 1093 1687 1120 δὲ
1701 1093 1772 1128 τάχα

979 1141 1127 1177 βαρύτερον
1141 1141 1226 1166 αἰτεῖν
1252 1139 1420 1174 λεληθότως,
1444 1139 1487 1165 ἵνα
1507 1138 1728 1174 καθολικώτερον
1746 1148 1772 1166 τι

978 1187 1024 1214 καὶ
1046 1186 1092 1213 ἐπὶ
1109 1185 1216 1216 πλείους
1239 1184 1337 1219 φθάνον
1352 1184 1524 1220 εὐεργέτημα
1538 1183 1640 1219 ἀνυσθῇ
1661 1183 1696 1209 δι’
1714 1184 1772 1210 ἐτέ-

979 1241 1024 1268 ρου
1041 1231 1179 1266 ποτηρίου.
1199 1231 1286 1265 Ὅπερ
1302 1229 1408 1256 οὐδέπω
1424 1227 1457 1264 ἦν
1474 1229 1581 1264 θέλημα
1595 1228 1642 1255 τοῦ
1661 1229 1771 1265 [Ia-ago;

977 1277 1101 1311 γενέσθαι
1111 1275 1261 1311 σοφώτερον
1271 1275 1347 1310 παρὰ
1355 1275 1384 1301 τὸ
1397 1274 1519 1310 βούλημα
1526 1274 1573 1300 τοῦ
1582 1274 1686 1309 Υίοῦ,(1
1694 1275 1770 1309 {Uni

978 1324 1041 1359 παρ’
1056 1322 1070 1348 ὃ
1087 1322 1159 1357 ἐώρα
1173 1323 1186 1348 ὁ
1201 1321 1296 1357 Σωτὴρ
1306 1341 1313 1353 ,
1329 1320 1383 1355 ὀδῷ
1400 1320 1446 1346 καὶ
1469 1319 1544 1352 τάξει
1562 1319 1769 1354 οἱκονομοῦντος

976 1369 1010 1396 τὰ
1026 1368 1185 1404 πράγματα.
1198 1367 1295 1401 Σαφῶς
1308 1366 1337 1393 δὲ
1352 1367 1381 1392 ὲν
1397 1366 1522 1400 Ψαλμοῖς
1535 1365 1566 1391 τὺ
1582 1364 1628 1391 τοῦ
1642 1365 1770 1400 Σωτῆρος

976 1417 1104 1451 ποτήριον
1121 1416 1135 1441 ό
1145 1415 1198 1441 τῶν
1213 1414 1358 1449 μαρτύρων
1373 1412 1429 1447 ('20)
1449 1413 1506 1439 ἐστὶ
1521 1412 1647 1444 θάνατος.
1663 1413 1766 1448 Διόπερ

976 1461 1024 1496 τῷ,
1044 1469 1052 1486 t
1072 1460 1204 1495 Ποτήριον
1222 1459 1355 1493 σωτηρίου
1368 1458 1498 1494 λήψομαι,
1513 1458 1560 1484 καὶ
1571 1458 1601 1484 τὸ
1613 1458 1701 1493 ὅνομα
1714 1459 1770 1484 Κυ-

139 1510 192 1528 nnn
223 1505 378 1535 communi,
405 1509 435 1530 ut
460 1505 496 1531 ita
517 1504 605 1531 dicam
621 1525 628 1537 ,
654 1509 682 1532 et
711 1506 811 1539 pietate
841 1514 922 1534 vacua

1012 1516 1035 1532 >υ
1051 1505 1259 1540 ὲπικαλέσομαι,
1275 1514 1284 1530 ›
1298 1503 1503 1540 ὲπιφέρεταιτό·
1517 1513 1526 1529 ι
1539 1503 1635 1538 Τίμιος
1647 1504 1768 1530 ἐναντίον

141 1552 240 1576 morte.
278 1548 323 1574 sed
362 1549 460 1575 eximia
488 1549 542 1575 -illa
581 1548 753 1584 delungimur
781 1558 840 1585 quae
860 1559 922 1586 pro-

138 1596 200 1625 pter
237 1592 422 1620 Christianam
459 1595 617 1629 religionem
655 1596 836 1632 pietatemque
872 1598 922 1625 in—

140 1637 152 1663 t'
169 1643 236 1664 rtur.

977 1552 1080 1588 Κυρίου
1097 1552 1113 1578 ὁ
1130 1551 1243 1582 Θάνατος
1257 1549 1310 1577 τῶν
1328 1550 1409 1576 ὁσίων
1424 1550 1517 1576 αὑτοῦ.
1532 1560 1540 1575 ι
1562 1549 1660 1584 Τίμιος
1678 1550 1768 1576 τοίνυν

977 1599 1042 1633 ἡμῖν
1066 1597 1210 1634 ἐπέρχεται
1236 1596 1368 1627 θάνατος,
1393 1595 1431 1626 ὡς
1451 1595 1535 1626 ὁσίοις
1559 1595 1608 1621 τοῦ
1628 1595 1697 1621 Θεοῦ
1723 1596 1769 1622 καὶ

974 1645 1024 1671 οὐκ
1041 1644 1169 1676 ἀναξίοις,
1187 1644 1235 1670 οὐκ
1255 1643 1282 1669 ὲν
1297 1641 1335 1677 τῷ
1352 1642 1450 1674 κοινὸν,
1467 1642 1499 1668 ἵν’
1521 1641 1607 1673 οὓτως
1629 1641 1767 1677 ὀνομάσω,

139 1685 184 1711 καὶ
198 1685 280 1721 ἀργὸν
294 1686 447 1717 θεοσεϐείας
461 1688 573 1716 θάνατον
589 1690 742 1722 ἀποθανεῖν,
759 1689 826 1718 ἀλλά
842 1700 912 1723 τινος
925 1692 1072 1728 ἐξαίρετον,
1083 1692 1129 1718 τὸν
1141 1691 1185 1718 διὰ
1196 1690 1408 1725 Χριστιανισμὸν
1421 1690 1466 1716 καὶ
1481 1689 1631 1716 εὐσέϐειαν.

175 1733 220 1760 50.
244 1733 446 1762 Meminerimus
457 1736 540 1763 etiam
557 1744 606 1763 nos
622 1745 758 1770 peccasse,
774 1746 822 1765 nec
838 1739 918 1775 293

140 1786 221 1812 posse
249 1781 434 1808 remissionem
469 1787 641 1816 peccatorum
674 1784 732 1810 sine
756 1784 921 1819 Baptismate

139 1825 240 1859 accipi:
257 1834 305 1853 nos
322 1832 410 1854 autem
436 1827 511 1861 juxta
529 1829 700 1863 evungelieas
729 1830 801 1864 leges
822 1831 918 1857 iterum

172 1895 197 1911 ⁷⁸
213 1896 309 1924 Matth.
327 1904 402 1929 xxvi,
416 1897 461 1924 59.

137 1971 217 1998 τητος
233 1962 322 1999 πάντα
338 1963 504 1999 ὑπομένοντα
517 1963 550 1989 τά
571 1964 644 1999 παρὰ
660 1963 713 1990 τῶν
736 1964 923 1998 ὲμπαιζόντων

138 1998 345 2033 προσαγόμενοι,
368 1998 507 2033 εἰρηκέναι
524 1999 577 2033 ἀπὸ
591 1998 730 2031 ἀγεννείας
757 1999 803 2033 (ὡς
825 1999 924 2025 οἴονταί

137 2032 218 2067 τινες)
237 2033 283 2059 κα)¹
304 2033 348 2065 τὸ,
361 2032 467 2066 Πάτερ,
485 2032 664 2059 εὶδυνατόν.
681 2042 690 2058 ‹
708 2034 758 2064 Qui
777 2034 856 2066 igitur
869 2041 924 2066 pra:

138 2068 298 2094 fortitudine
315 2069 399 2094 lacnit
411 2069 436 2094 in
451 2068 595 2102 supplicio,
608 2068 653 2101 qui
667 2068 756 2094 omnia
772 2068 822 2094 sibi
837 2075 851 2093 a
866 2068 922 2094 suis

137 2102 305 2129 dcrisoribus
318 2102 420 2129 inﬂicta
432 2103 570 2133 sustinuit,
585 2103 607 2128 is
623 2109 675 2128 non
694 2109 748 2135 pra:
761 2102 877 2135 ignavia,
895 2106 924 2128 ut

137 2137 283 2170 opinantur
297 2137 430 2167 nonnulli,
449 2137 516 2163 dixit
532 2137 603 2163 istud
618 2144 625 2163 :
647 2136 727 2162 Pater
741 2157 747 2167 ,
761 2137 782 2162 si
799 2136 920 2168 possibile

135 2177 183 2197 est.
201 2181 210 2197 ›
221 2171 293 2197 ldem
306 2172 407 2204 passim
418 2171 547 2201 inculcat,
559 2171 622 2204 quia
634 2171 819 2204 nequissimus
827 2170 922 2197 Celsus

137 2206 236 2240 amplus
251 2206 301 2233 hoc
319 2206 421 2238 objicit.
436 2206 485 2231 Adi
500 2205 561 2232 libr.
579 2213 597 2231 ιι
614 2211 704 2232 contra
720 2205 834 2233 Celsum.
850 2212 924 2240 num.

136 2239 189 2269 24’,
213 2240 249 2266 '25
270 2249 276 2265 :
302 2240 467 2273 Epiphanius
486 2239 511 2265 in
537 2239 699 2270 Anc/torulo,
721 2240 779 2266 ait:
801 2240 830 2265 Ὀ
842 2239 927 2265 εἰπὼν

136 2275 190 2309 πρὸ
206 2275 252 2300 τοῦ
271 2274 361 2300 θανεῖν
377 2275 442 2309 περὶ
469 2273 583 2309 θανάτου
596 2293 602 2304 ,
627 2273 677 2300 κᾶν
699 2273 744 2309 διά
763 2275 793 2300 τὸ
809 2274 845 2309 μὴ
861 2275 927 2300 ὐπο-

137 2309 272 2343 ὶιηφθῆναι
288 2308 407 2344 ψευστὴν
416 2308 502 2344 αὐτὸν
511 2328 517 2340 ,
528 2309 578 2334 οὐκ
590 2308 704 2344 ἠδυνατο
718 2308 844 2344 εὔξασθαι
857 2317 927 2344 παρ-

137 2344 223 2369 ελθεῖν
239 2343 280 2385 ,τὸ
301 2343 519 2385 ποτήριοελ,έὶλλὰ
532 2343 707 2385 προκαλεῖται
723 2343 767 2385 διά
781 2343 828 2385 τοῦ
839 2344 930 2385 τοιού-

136 2387 183 2404 του
198 2378 298 2413 τρόπον
316 2378 361 2403 τὸν
383 2378 518 2404 ἀντίδικον
529 2399 535 2410 ,
552 2378 595 2413 ἵνα
606 2398 613 2409 ,
629 2378 732 2404 ἐκείνου
750 2378 928 2410 ὑπολαϐόντος

136 2412 249 2449 essent
273 2413 318 2439 τὸν
341 2413 453 2448 Σωτῆρα
477 2413 522 2439 τὸν
551 2412 680 2449 θάνατον,
705 2414 830 2449 ἐπαγάγῃ
854 2414 928 2449 αὐτῴ

137 2447 250 2484 θάνατον
272 2449 313 2484 είς
340 2447 475 2484 σωτηρίαν
498 2450 553 2479 τοῖς
573 2447 718 2484 θνήσκουσι
739 2447 782 2474 διὰ
792 2447 841 2483 τῆς
856 2447 927 2484 olito-

136 2483 242 2518 νομίας.
266 2492 275 2508 ι
291 2483 340 2515 Qui
359 2488 423 2510 ante
436 2489 550 2510 mortetn
569 2483 637 2508 dixit
660 2483 693 2508 de
715 2487 802 2510 tuorte
817 2483 871 2518 (vel
892 2484 926 2510 ob

137 2519 188 2545 hoc
206 2520 293 2552 ipsum
310 2518 606 2552 netleprchenderelur
623 2518 749 2549 mendax)
769 2526 821 2544 non
837 2519 926 2551 potuit

156 2553 259 2583 reeari,
281 2558 310 2580 ιιι
333 2553 462 2579 transiret
486 2553 631 2586 poculum,
660 2552 705 2578 sed
730 2558 858 2586 prover-al
879 2561 927 2587 per

156 2561 259 2583 reant't,
281 2561 310 2580 ιιι
333 2561 462 2579 ll‘nIIStl‘ct
486 2561 631 2586 poculum,
660 2561 705 2578 seu
730 2561 858 2586 prover-at
879 2561 925 2587 per

135 2561 209 2614 hunc
238 2588 347 2614 modum
374 2595 454 2614 suum
479 2588 664 2614 adversarium
687 2594 782 2620 :quo,
806 2588 851 2614 illo
864 2589 925 2621 opi-

136 2629 219 2649 nante
243 2623 342 2649 timere
365 2622 534 2649 Salvatorcm
559 2626 673 2648 tnortetn
688 2641 695 2654 ,
719 2623 857 2649 induceret
875 2623 925 2656 ipsi

136 2662 265 2688 mortem,
279 2658 311 2683 ad
332 2658 446 2684 salutent
465 2657 662 2689 morientibus,
682 2664 730 2690 per
747 2658 926 2692 dispensatio—

137 2699 207 2718 nem.
224 2701 233 2717 ›
254 2692 448 2721 Ἒνετςιτεκιυε.

172 2727 228 2761 (18)
253 2728 293 2753 οὐ
317 2727 349 2753 τὸ
367 2727 461 2762 γένος
486 2726 539 2753 τοῦ
551 2727 725 2762 pupum/oo,
752 2733 805 2754 εις.
827 2727 926 2755 Confer

136 2767 197 2793 qum
213 2761 323 2795 scripsit
339 2761 387 2788 lib’.
407 2769 425 2788 ιι
441 2766 533 2787 contra
551 2761 672 2793 Celsum,
688 2771 762 2790 num.
779 2763 813 2790 ‘25
829 2769 855 2790 et
877 2763 923 2790 lib.

137 2802 173 2821 vlt
189 2801 283 2822 contra
299 2798 435 2828 cmmtcm,
452 2804 515 2822 num
542 2796 586 2824 55.

172 2830 228 2865 (l9)
243 2829 310 2858 Vide
325 2831 370 2858 lib.
386 2838 406 2857 ll
420 2831 583 2866 0rigenmn.,
604 2840 630 2866 ιι,
644 2833 669 2859 ‘2.

498 1897 519 1912 ⁷⁷
536 1897 684 1928 Luc.xxtt,
697 1898 741 1926 42.
779 1899 803 1914 ⁷⁸
820 1899 903 1926 Marc.
920 1908 974 1933 xiv,
991 1901 1035 1928 56.

1013 1738 1246 1774 ’Υπομνησθῶμεν
1255 1738 1282 1764 δὲ
1291 1738 1337 1764 καὶ
1345 1734 1381 1764 ὦν
1393 1737 1603 1772 ἡμαρτήκαμενθ
1612 1737 1660 1763 καὶ
1671 1737 1712 1762 ὅτι
1720 1737 1769 1763 οὐκ

974 1786 1047 1812 ἐστιν
1063 1785 1158 1819 ἄφεσιν
1176 1784 1381 1820 ἁμαρτημάτων
1400 1783 1484 1818 χωρὶς
1499 1782 1695 1818 Βαπτίσματος
1712 1783 1759 1809 λα-

974 1831 1030 1858 ϐεῖν
1042 1831 1097 1867 (21)
1107 1839 1114 1846 ’
1134 1830 1180 1857 καὶ
1195 1831 1236 1856 ὅτι
1252 1829 1302 1855 οὐκ.
1314 1829 1371 1855 ἔστι
1387 1828 1496 1855 δυνατὸν
1513 1827 1583 1855 κατὰ
1598 1829 1663 1860 τοὺς
1679 1829 1760 1861 εὐαγ-

1074 1901 1133 1917 τ⁹¹⁸⁰
1148 1900 1218 1927 Psul.
1234 1907 1296 1931 cxv,
1312 1899 1354 1926 l3.

1012 1966 1067 2000 (20)
1085 1966 1258 2000 Μαρτύρων.
1274 1965 1301 1992 ln
1320 1965 1413 1993 codice
1425 1972 1478 1992 ms.
1501 1969 1630 2000 corrupte
1654 1965 1766 2001 legitur,

977 2001 1144 2036 μαρτυρίων,

1012 2034 1075 2069 (ΞΠ
1094 2036 1153 2061 Οὐκ
1185 2035 1269 2061 ἔστιν
1290 2034 1400 2069 ἄφεσιν
1427 2034 1645 2069 ἁμαρτημάτων
1676 2036 1766 2069 χωρὶς

977 2070 1186 2103 Βαπτίσμιιτος
1200 2070 1311 2096 λαϐεῖν.
1323 2069 1515 2100 Terlttllianus,
1527 2070 1566 2096 De
1578 2071 1662 2103 bnpl.,
1677 2078 1702 2097 c.
1714 2072 1746 2098 12
1758 2081 1764 2098 :

983 2114 991 2129 ι
1013 2104 1202 2130 l‘rmscrihitur
1217 2104 1317 2130 nemini
1333 2104 1390 2130 sine
1404 2104 1537 2138 baptismo
1549 2110 1708 2138 competere
1723 2114 1766 2132 sa-

979 2141 1081 2174 lutem_._
1093 2147 1126 2165 ex
1141 2139 1185 2165 illa
1203 2140 1319 2166 maxime
1333 2140 1555 2172 pronuntiatione
1577 2139 1699 2171 Domini,
1720 2141 1765 2174 qui

979 2174 1018 2199 ait
1032 2183 1037 2199 :
1056 2172 1115 2200 Nisi
1131 2179 1207 2200 natus
1223 2181 1255 2200 ex
1271 2182 1338 2207 aqua
1349 2174 1407 2207 quis
1419 2175 1477 2204 erit,
1491 2182 1542 2200 non
1557 2174 1633 2200 habet
1646 2172 1738 2202 vitant;
1755 2185 1763 2200 ι

978 2208 1148 2239 Ambrosius,
1167 2208 1186 2236 Ι.
1206 2208 1244 2234 De
1255 2210 1298 2239 iis,
1313 2209 1357 2242 qui
1373 2209 1502 2242 mysteriis
1519 2209 1669 2239 initiantur,
1686 2217 1712 2236 c.
1730 2211 1764 2236 4:

982 2252 991 2266 ι
1017 2243 1108 2269 Credit
1129 2244 1209 2269 etiam
1239 2244 1449 2270 catechumenos
1473 2244 1498 2270 in
1522 2251 1630 2269 crucem
1655 2243 1764 2271 Domini

978 2277 1053 2309 Jesn,
1069 2285 1120 2312 qua
1134 2282 1160 2304 et
1173 2279 1229 2310 ipse
1241 2279 1381 2311 signatur:
1399 2278 1456 2310 sed,
1473 2279 1524 2304 nisi
1541 2278 1694 2311 baptizatus
1707 2279 1766 2306 fue-

979 2313 1014 2339 rit
1027 2313 1052 2338 in
1074 2313 1183 2338 nomine
1199 2312 1286 2339 Patris
1301 2317 1327 2338 et
1341 2311 1401 2338 Filii
1417 2318 1444 2339 et
1465 2312 1584 2346 Spiritus
1600 2313 1700 2345 sancti,
1720 2322 1765 2340 re-

978 2348 1135 2374 missionem
1162 2354 1215 2373 non
1238 2352 1326 2382 potest
1350 2348 1474 2380 accipere
1493 2352 1689 2382 peccatorum,
1714 2356 1765 2376 nec

979 2382 1106 2415 spiritalis
1132 2383 1225 2416 gratize
1242 2389 1338 2408 munus
1358 2382 1476 2408 haurire.
1502 2392 1511 2407 ι
1531 2382 1655 2408 llemittit
1671 2388 1762 2410 tamen

979 2418 1040 2444 alibi
1063 2418 1096 2443 tle
1115 2417 1165 2443 hoc
1187 2418 1274 2450 rigere
1294 2417 1453 2443 Ambrosius
1476 2417 1612 2445 Conso/al.
1635 2418 1668 2443 tle
1689 2419 1762 2444 obitu

983 2451 1180 2483 Valentiniani,
1198 2459 1271 2478 nunt.
1289 2451 1319 2477 51
1335 2460 1342 2478 :
1363 2460 1372 2476 ι
1393 2452 1480 2478 Audio
1495 2459 1543 2478 vos
1559 2451 1652 2478 dolere
1665 2473 1672 2485 ,
1691 2453 1763 2486 quod

978 2494 1031 2512 non
1045 2487 1181 2520 acceperit
1194 2491 1365 2513 sat-ramenta
1384 2486 1668 2520 Baptismatis.Dicite
1684 2488 1760 2517 mihi,

979 2522 1041 2555 quid
1061 2521 1133 2547 aliud
1156 2521 1181 2546 in
1198 2521 1275 2547 nobis
1293 2525 1333 2547 est
1347 2521 1485 2551 voluntas,
1501 2522 1552 2548 nisi
1567 2521 1687 2553 petitio?
1703 2522 1760 2548 Non

978 2556 1060 2582 habet
1075 2563 1139 2590 ergo
1155 2556 1281 2589 gratiam,
1297 2563 1377 2589 quant
1391 2556 1575 2582 desideravit?
1593 2556 1652 2583 Non
1668 2558 1759 2588 habet,

977 2599 1057 2624 quant
1083 2590 1226 2623 poposcit?
1248 2590 1328 2617 Certe
1353 2591 1414 2624 quia
1432 2591 1573 2624 poposcit,
1591 2593 1709 2625 accepit.
1732 2592 1758 2618 Si

978 2631 1126 2660 martyres,
1150 2625 1194 2658 qui
1211 2625 1397 2652 catechumeni
1415 2625 1528 2657 fuerint,
1545 2633 1595 2652 suo
1611 2627 1761 2652 abluuntur

978 2661 1126 2694 sanguine,
1143 2665 1170 2686 et
1185 2660 1257 2686 hunc
1273 2666 1320 2686 sua
1335 2660 1420 2693 pietas
1443 2660 1532 2687 abluit,
1550 2666 1577 2686 et
1592 2662 1728 2688 voluntas.
1747 2670 1756 2686 ι

976 2695 1122 2729 Augustin.
1138 2694 1156 2721 Ι.
1177 2702 1202 2720 tv
1225 2700 1293 2720 cont.
1311 2694 1443 2722 Domum.
1458 2713 1465 2726 ,
1489 2703 1513 2721 c.
1534 2694 1570 2721 22
1587 2704 1594 2722 :
1621 2704 1631 2720 ι
1650 2695 1758 2722 Invenio

978 2737 1029 2756 non
1043 2734 1145 2755 tantum
1162 2730 1312 2762 passionem
1328 2737 1376 2763 pro
1389 2730 1497 2756 nomine
1508 2729 1624 2761 Christi,
1636 2731 1673 2762 id,
1688 2731 1757 2764 quod

978 2772 1010 2790 ex
1029 2765 1162 2798 baptismo
1177 2765 1285 2795 deerat,
1302 2771 1381 2798 posse
1400 2765 1541 2798 supplere;
1561 2765 1609 2791 scd
1628 2766 1712 2792 etiam
1729 2766 1759 2791 li—

978 2799 1037 2824 dem
1055 2799 1314 2832 conversionemque
1329 2799 1429 2832 cordis,
1441 2800 1462 2826 si
1480 2799 1549 2826 forte
1567 2801 1600 2827 ad
1617 2800 1757 2827 celebran-

978 2834 1040 2860 dtnn
1066 2833 1224 2868 mysterium
1248 2834 1377 2869 Baptismi
1403 2834 1429 2861 in
1455 2835 1589 2868 angustiis
1607 2840 1757 2869 temporqu
