  <div class='ocr_page' id='page_1' title='image "/cluster/home/n/w/nwhite01/storage/ocr_20150623/11/njp.32101077772414/336.png"; bbox 0 0 1843 3076; ppageno 0'>
   <div class='ocr_carea' id='block_1_1' title="bbox 60 133 109 162">
    <p class='ocr_par' dir='ltr' id='par_1_1' title="bbox 60 133 109 162">
     <span class='ocr_line' id='line_1_1' title="bbox 60 133 109 162; baseline -0.041 0"><span class='ocrx_word' id='word_1_1' title='bbox 60 133 109 162; x_wconf 76' lang='grc'><strong>601</strong></span> 
     </span>
    </p>
   </div>
   <div class='ocr_carea' id='block_1_2' title="bbox 606 126 1138 159">
    <p class='ocr_par' dir='ltr' id='par_1_2' title="bbox 606 126 1138 159">
     <span class='ocr_line' id='line_1_2' title="bbox 606 126 1138 159; baseline 0.004 -2"><span class='ocrx_word' id='word_1_2' title='bbox 606 126 835 158; x_wconf 71' lang='grc' dir='ltr'><strong>ΕΧΗΟΒΤΑΤῘΟ</strong></span> <span class='ocrx_word' id='word_1_3' title='bbox 855 129 901 158; x_wconf 78' lang='lat' dir='ltr'><strong>AD</strong></span> <span class='ocrx_word' id='word_1_4' title='bbox 919 130 1138 159; x_wconf 78' lang='lat' dir='ltr'><strong>MARTYRIUM.</strong></span> 
     </span>
    </p>
   </div>
   <div class='ocr_carea' id='block_1_3' title="bbox 1637 130 1690 157">
    <p class='ocr_par' dir='ltr' id='par_1_3' title="bbox 1637 130 1690 157">
     <span class='ocr_line' id='line_1_3' title="bbox 1637 130 1690 157; baseline 0 0"><span class='ocrx_word' id='word_1_5' title='bbox 1637 130 1690 157; x_wconf 71' lang='grc'><strong>602</strong></span> 
     </span>
    </p>
   </div>
   <div class='ocr_carea' id='block_1_4' title="bbox 60 185 862 226">
    <p class='ocr_par' dir='ltr' id='par_1_4' title="bbox 60 185 853 226">
     <span class='ocr_line' id='line_1_4' title="bbox 60 185 853 226; baseline -0.006 -7"><span class='ocrx_word' id='word_1_6' title='bbox 60 191 186 226; x_wconf 80' lang='grc' dir='ltr'>γελικοὺς</span> <span class='ocrx_word' id='word_1_7' title='bbox 196 189 295 225; x_wconf 82' lang='grc' dir='ltr'>νόμους</span> <span class='ocrx_word' id='word_1_8' title='bbox 301 185 378 220; x_wconf 80' lang='grc' dir='ltr'>αὖθις</span> <span class='ocrx_word' id='word_1_9' title='bbox 387 187 569 223; x_wconf 78' lang='grc' dir='ltr'>βαπτίσασθαι</span> <span class='ocrx_word' id='word_1_10' title='bbox 575 187 652 215; x_wconf 75' lang='grc' dir='ltr'>’ὕδατι</span> <span class='ocrx_word' id='word_1_11' title='bbox 659 188 707 214; x_wconf 75' lang='grc' dir='ltr'>καὶ</span> <span class='ocrx_word' id='word_1_12' title='bbox 715 188 784 214; x_wconf 79' lang='grc' dir='ltr'><strong>[Ινεύ</strong></span> <span class='ocrx_word' id='word_1_13' title='bbox 789 196 853 223; x_wconf 88' lang='grc' dir='ltr'>ματι</span> 
     </span>
    </p>
   </div>
   <div class='ocr_carea' id='block_1_5' title="bbox 953 185 1689 226">
    <p class='ocr_par' dir='ltr' id='par_1_5' title="bbox 953 188 1689 225">
     <span class='ocr_line' id='line_1_5' title="bbox 953 188 1689 225; baseline -0.003 -8"><span class='ocrx_word' id='word_1_14' title='bbox 953 198 958 217; x_wconf 82' lang='grc' dir='ltr'>ι</span> <span class='ocrx_word' id='word_1_15' title='bbox 974 197 1054 225; x_wconf 78' lang='lat' dir='ltr'><strong>posse</strong></span> <span class='ocrx_word' id='word_1_16' title='bbox 1065 189 1198 225; x_wconf 75' lang='lat' dir='ltr'><strong>baptizari</strong></span> <span class='ocrx_word' id='word_1_17' title='bbox 1216 196 1285 224; x_wconf 83' lang='lat' dir='ltr'><strong>aqua</strong></span> <span class='ocrx_word' id='word_1_18' title='bbox 1297 193 1326 217; x_wconf 89' lang='lat' dir='ltr'><strong>et</strong></span> <span class='ocrx_word' id='word_1_19' title='bbox 1341 188 1445 224; x_wconf 86' lang='lat' dir='ltr'><strong>Spiritu</strong></span> <span class='ocrx_word' id='word_1_20' title='bbox 1459 189 1486 216; x_wconf 90' lang='lat' dir='ltr'><strong>in</strong></span> <span class='ocrx_word' id='word_1_21' title='bbox 1506 188 1689 216; x_wconf 74' lang='lat' dir='ltr'><strong>remissionem</strong></span> 
     </span>
    </p>
   </div>
   <div class='ocr_carea' id='block_1_6' title="bbox 62 233 854 271">
    <p class='ocr_par' dir='ltr' id='par_1_6' title="bbox 62 233 854 271">
     <span class='ocr_line' id='line_1_6' title="bbox 62 233 854 271; baseline -0.006 -7"><span class='ocrx_word' id='word_1_22' title='bbox 62 239 101 270; x_wconf 86' lang='grc' dir='ltr'>εῐς</span> <span class='ocrx_word' id='word_1_23' title='bbox 113 237 212 271; x_wconf 76' lang='grc' dir='ltr'>ἄφεσιν</span> <span class='ocrx_word' id='word_1_24' title='bbox 228 235 435 270; x_wconf 82' lang='grc' dir='ltr'><strong>ἁμαρτημάτων</strong></span> <span class='ocrx_word' id='word_1_25' title='bbox 445 242 452 248; x_wconf 91' lang='grc'><strong>·</strong></span> <span class='ocrx_word' id='word_1_26' title='bbox 469 234 517 260; x_wconf 74' lang='grc' dir='ltr'>καὶ</span> <span class='ocrx_word' id='word_1_27' title='bbox 529 234 570 260; x_wconf 82' lang='grc' dir='ltr'>ὃτι</span> <span class='ocrx_word' id='word_1_28' title='bbox 586 234 731 269; x_wconf 64' lang='grc' dir='ltr'>βάπτισμα</span> <span class='ocrx_word' id='word_1_29' title='bbox 743 234 809 269; x_wconf 80' lang='grc' dir='ltr'>ἡμῖν</span> <span class='ocrx_word' id='word_1_30' title='bbox 821 233 854 259; x_wconf 85' lang='grc' dir='ltr'><strong>δί-</strong></span> 
     </span>
    </p>
   </div>
   <div class='ocr_carea' id='block_1_7' title="bbox 60 278 854 316">
    <p class='ocr_par' dir='ltr' id='par_1_7' title="bbox 60 278 854 316">
     <span class='ocr_line' id='line_1_7' title="bbox 60 278 854 316; baseline -0.005 -7"><span class='ocrx_word' id='word_1_31' title='bbox 60 282 136 309; x_wconf 75' lang='grc' dir='ltr'>δοται</span> <span class='ocrx_word' id='word_1_32' title='bbox 151 281 182 308; x_wconf 77' lang='grc' dir='ltr'>τὸ</span> <span class='ocrx_word' id='word_1_33' title='bbox 197 280 244 306; x_wconf 82' lang='grc' dir='ltr'>τοῦ</span> <span class='ocrx_word' id='word_1_34' title='bbox 267 279 416 316; x_wconf 78' lang='grc' dir='ltr'>μαρτυρίου</span> <span class='ocrx_word' id='word_1_35' title='bbox 431 279 487 314; x_wconf 72' lang='grc'>(22)</span> <span class='ocrx_word' id='word_1_36' title='bbox 499 287 505 294; x_wconf 91' lang='grc'>·</span> <span class='ocrx_word' id='word_1_37' title='bbox 523 279 594 306; x_wconf 73' lang='grc' dir='ltr'>οὕτω</span> <span class='ocrx_word' id='word_1_38' title='bbox 615 278 671 314; x_wconf 85' lang='grc' dir='ltr'>γὰρ</span> <span class='ocrx_word' id='word_1_39' title='bbox 689 279 854 314; x_wconf 83' lang='grc' dir='ltr'>ὠνόμασται,</span> 
     </span>
    </p>
   </div>
   <div class='ocr_carea' id='block_1_8' title="bbox 61 324 856 362">
    <p class='ocr_par' dir='ltr' id='par_1_8' title="bbox 61 324 856 362">
     <span class='ocr_line' id='line_1_8' title="bbox 61 324 856 362; baseline -0.005 -8"><span class='ocrx_word' id='word_1_40' title='bbox 61 327 99 359; x_wconf 82' lang='grc' dir='ltr'>ὤς</span> <span class='ocrx_word' id='word_1_41' title='bbox 119 327 197 362; x_wconf 80' lang='grc' dir='ltr'>δῆλον</span> <span class='ocrx_word' id='word_1_42' title='bbox 220 327 252 352; x_wconf 79' lang='grc' dir='ltr'>ὲκ</span> <span class='ocrx_word' id='word_1_43' title='bbox 276 325 324 352; x_wconf 85' lang='grc' dir='ltr'>τοῦ</span> <span class='ocrx_word' id='word_1_44' title='bbox 349 324 528 361; x_wconf 76' lang='grc' dir='ltr'><strong>ἐπιφέρεσθαι</strong></span> <span class='ocrx_word' id='word_1_45' title='bbox 555 325 604 360; x_wconf 83' lang='grc' dir='ltr'>μὲν</span> <span class='ocrx_word' id='word_1_46' title='bbox 627 325 681 360; x_wconf 84' lang='grc' dir='ltr'><strong>τῷ·</strong></span> <span class='ocrx_word' id='word_1_47' title='bbox 711 335 720 350; x_wconf 82' lang='grc' dir='ltr'>ι</span> <span class='ocrx_word' id='word_1_48' title='bbox 737 324 856 351; x_wconf 82' lang='grc' dir='ltr'>Δύνασθε</span> 
     </span>
    </p>
   </div>
   <div class='ocr_carea' id='block_1_9' title="bbox 63 369 857 406">
    <p class='ocr_par' dir='ltr' id='par_1_9' title="bbox 63 369 857 406">
     <span class='ocr_line' id='line_1_9' title="bbox 63 369 857 406; baseline -0.004 -7"><span class='ocrx_word' id='word_1_49' title='bbox 63 374 135 399; x_wconf 80' lang='grc' dir='ltr'>πιεῖν</span> <span class='ocrx_word' id='word_1_50' title='bbox 157 372 188 398; x_wconf 83' lang='grc' dir='ltr'>τὸ</span> <span class='ocrx_word' id='word_1_51' title='bbox 210 372 338 406; x_wconf 77' lang='grc' dir='ltr'>ποτήριον</span> <span class='ocrx_word' id='word_1_52' title='bbox 358 370 372 397; x_wconf 82' lang='grc' dir='ltr'>ὅ</span> <span class='ocrx_word' id='word_1_53' title='bbox 392 370 447 404; x_wconf 73' lang='grc' dir='ltr'><strong>ἐγὼ</strong></span> <span class='ocrx_word' id='word_1_54' title='bbox 467 370 553 403; x_wconf 85' lang='grc' dir='ltr'>πίνω;</span> <span class='ocrx_word' id='word_1_55' title='bbox 574 379 584 396; x_wconf 85' lang='grc'><strong>›</strong></span> <span class='ocrx_word' id='word_1_56' title='bbox 604 370 652 397; x_wconf 88' lang='grc' dir='ltr'>τό·</span> <span class='ocrx_word' id='word_1_57' title='bbox 674 379 683 396; x_wconf 83' lang='grc' dir='ltr'><strong>ι</strong></span> <span class='ocrx_word' id='word_1_58' title='bbox 704 371 739 397; x_wconf 86' lang='grc' dir='ltr'><strong><em>Ἦ</em></strong></span> <span class='ocrx_word' id='word_1_59' title='bbox 758 370 788 396; x_wconf 84' lang='grc' dir='ltr'>τὸ</span> <span class='ocrx_word' id='word_1_60' title='bbox 809 369 857 405; x_wconf 87' lang='grc' dir='ltr'><strong>βά-</strong></span> 
     </span>
    </p>
   </div>
   <div class='ocr_carea' id='block_1_10' title="bbox 63 414 855 452">
    <p class='ocr_par' dir='ltr' id='par_1_10' title="bbox 63 414 855 452">
     <span class='ocr_line' id='line_1_10' title="bbox 63 414 855 452; baseline -0.003 -9"><span class='ocrx_word' id='word_1_61' title='bbox 63 425 180 452; x_wconf 79' lang='grc' dir='ltr'>πτισμα,</span> <span class='ocrx_word' id='word_1_62' title='bbox 194 416 208 442; x_wconf 82' lang='grc' dir='ltr'><strong>ὅ</strong></span> <span class='ocrx_word' id='word_1_63' title='bbox 222 415 277 450; x_wconf 80' lang='grc' dir='ltr'><strong>ἐγὼ</strong></span> <span class='ocrx_word' id='word_1_64' title='bbox 290 415 465 450; x_wconf 81' lang='grc' dir='ltr'><strong>βαπτίζομαι,</strong></span> <span class='ocrx_word' id='word_1_65' title='bbox 482 414 678 450; x_wconf 73' lang='grc' dir='ltr'>βαπτισθῆναις</span> <span class='ocrx_word' id='word_1_66' title='bbox 699 425 708 440; x_wconf 77' lang='grc' dir='ltr'><strong>ι</strong></span> <span class='ocrx_word' id='word_1_67' title='bbox 728 414 855 449; x_wconf 81' lang='grc' dir='ltr'>Ἀλλαχοῦ</span> 
     </span>
    </p>
   </div>
   <div class='ocr_carea' id='block_1_11' title="bbox 63 460 856 498">
    <p class='ocr_par' dir='ltr' id='par_1_11' title="bbox 63 460 856 498">
     <span class='ocr_line' id='line_1_11' title="bbox 63 460 856 498; baseline -0.003 -10"><span class='ocrx_word' id='word_1_68' title='bbox 63 463 90 488; x_wconf 74' lang='grc' dir='ltr'>δὲ</span> <span class='ocrx_word' id='word_1_69' title='bbox 106 462 231 498; x_wconf 75' lang='grc' dir='ltr'>εἴρηται·</span> <span class='ocrx_word' id='word_1_70' title='bbox 255 471 263 486; x_wconf 81' lang='grc' dir='ltr'><strong>ι</strong></span> <span class='ocrx_word' id='word_1_71' title='bbox 277 461 423 496; x_wconf 87' lang='grc' dir='ltr'>Βάπτισμα</span> <span class='ocrx_word' id='word_1_72' title='bbox 437 460 465 487; x_wconf 82' lang='grc' dir='ltr'><strong>δὲ</strong></span> <span class='ocrx_word' id='word_1_73' title='bbox 482 460 536 496; x_wconf 72' lang='grc' dir='ltr'>ἔχω</span> <span class='ocrx_word' id='word_1_74' title='bbox 560 460 740 496; x_wconf 81' lang='grc' dir='ltr'><strong>βαπτισθῆναι</strong></span> <span class='ocrx_word' id='word_1_75' title='bbox 750 469 756 476; x_wconf 87' lang='grc'>·</span> <span class='ocrx_word' id='word_1_76' title='bbox 772 461 819 486; x_wconf 75' lang='grc' dir='ltr'>καὶ</span> <span class='ocrx_word' id='word_1_77' title='bbox 830 461 856 486; x_wconf 86' lang='grc' dir='ltr'><strong>τί</strong></span> 
     </span>
    </p>
   </div>
   <div class='ocr_carea' id='block_1_12' title="bbox 64 507 857 543">
    <p class='ocr_par' dir='ltr' id='par_1_12' title="bbox 64 507 857 543">
     <span class='ocr_line' id='line_1_12' title="bbox 64 507 857 543; baseline -0.001 -9"><span class='ocrx_word' id='word_1_78' title='bbox 64 508 214 543; x_wconf 75' lang='grc' dir='ltr'><strong>συνέχομαι</strong></span> <span class='ocrx_word' id='word_1_79' title='bbox 230 507 282 539; x_wconf 71' lang='grc' dir='ltr'>ἕως</span> <span class='ocrx_word' id='word_1_80' title='bbox 297 507 358 534; x_wconf 82' lang='grc' dir='ltr'>ὅτου</span> <span class='ocrx_word' id='word_1_81' title='bbox 374 507 503 542; x_wconf 85' lang='grc' dir='ltr'>τελεσθῇ;</span> <span class='ocrx_word' id='word_1_82' title='bbox 524 516 533 533; x_wconf 81' lang='grc' dir='ltr'><strong>ι</strong></span> <span class='ocrx_word' id='word_1_83' title='bbox 555 507 611 534; x_wconf 74' lang='grc' dir='ltr'>Καὶ</span> <span class='ocrx_word' id='word_1_84' title='bbox 625 508 781 542; x_wconf 79' lang='grc' dir='ltr'>ἐπίστησον,</span> <span class='ocrx_word' id='word_1_85' title='bbox 795 507 857 533; x_wconf 83' lang='grc' dir='ltr'>είτὺ</span> 
     </span>
    </p>
   </div>
   <div class='ocr_carea' id='block_1_13' title="bbox 63 551 857 588">
    <p class='ocr_par' dir='ltr' id='par_1_13' title="bbox 63 551 857 588">
     <span class='ocr_line' id='line_1_13' title="bbox 63 551 857 588; baseline -0.001 -8"><span class='ocrx_word' id='word_1_86' title='bbox 63 553 135 580; x_wconf 77' lang='grc' dir='ltr'>κατὰ</span> <span class='ocrx_word' id='word_1_87' title='bbox 149 553 180 579; x_wconf 78' lang='grc' dir='ltr'>τὸ</span> <span class='ocrx_word' id='word_1_88' title='bbox 196 551 343 588; x_wconf 76' lang='grc' dir='ltr'>μαρτύριον</span> <span class='ocrx_word' id='word_1_89' title='bbox 360 551 511 587; x_wconf 83' lang='grc' dir='ltr'><strong>βάπτισμα,</strong></span> <span class='ocrx_word' id='word_1_90' title='bbox 528 552 621 588; x_wconf 85' lang='grc' dir='ltr'>ὥσπερ</span> <span class='ocrx_word' id='word_1_91' title='bbox 632 553 663 579; x_wconf 79' lang='grc' dir='ltr'>τὸ</span> <span class='ocrx_word' id='word_1_92' title='bbox 674 552 720 579; x_wconf 83' lang='grc' dir='ltr'>τοῦ</span> <span class='ocrx_word' id='word_1_93' title='bbox 732 553 857 588; x_wconf 81' lang='grc' dir='ltr'><strong>Σωτῆρος</strong></span> 
     </span>
    </p>
   </div>
   <div class='ocr_carea' id='block_1_14' title="bbox 63 597 857 634">
    <p class='ocr_par' dir='ltr' id='par_1_14' title="bbox 63 597 857 634">
     <span class='ocr_line' id='line_1_14' title="bbox 63 597 857 634; baseline -0.001 -9"><span class='ocrx_word' id='word_1_94' title='bbox 63 598 213 634; x_wconf 80' lang='grc' dir='ltr'>καθάρσιον</span> <span class='ocrx_word' id='word_1_95' title='bbox 226 598 322 632; x_wconf 82' lang='grc' dir='ltr'>γέγονε</span> <span class='ocrx_word' id='word_1_96' title='bbox 335 597 382 624; x_wconf 77' lang='grc' dir='ltr'>τοῦ</span> <span class='ocrx_word' id='word_1_97' title='bbox 400 597 515 632; x_wconf 81' lang='grc' dir='ltr'>κόσμου,</span> <span class='ocrx_word' id='word_1_98' title='bbox 533 599 580 624; x_wconf 79' lang='grc' dir='ltr'>καὶ</span> <span class='ocrx_word' id='word_1_99' title='bbox 599 598 664 625; x_wconf 78' lang='grc' dir='ltr'>αὐτὸ</span> <span class='ocrx_word' id='word_1_100' title='bbox 684 598 731 625; x_wconf 77' lang='grc' dir='ltr'><strong>ἐπὶ</strong></span> <span class='ocrx_word' id='word_1_101' title='bbox 753 597 857 624; x_wconf 86' lang='grc' dir='ltr'>πολλῶν</span> 
     </span>
    </p>
   </div>
   <div class='ocr_carea' id='block_1_15' title="bbox 63 643 856 680">
    <p class='ocr_par' dir='ltr' id='par_1_15' title="bbox 63 643 856 680">
     <span class='ocr_line' id='line_1_15' title="bbox 63 643 856 680; baseline 0 -10"><span class='ocrx_word' id='word_1_102' title='bbox 63 644 200 680; x_wconf 78' lang='grc' dir='ltr'>θεραπείᾳ</span> <span class='ocrx_word' id='word_1_103' title='bbox 221 643 420 678; x_wconf 82' lang='grc' dir='ltr'><strong>καθαιρόμενον</strong></span> <span class='ocrx_word' id='word_1_104' title='bbox 434 643 549 678; x_wconf 84' lang='grc' dir='ltr'>γίνεται.</span> <span class='ocrx_word' id='word_1_105' title='bbox 573 644 616 675; x_wconf 84' lang='grc' dir='ltr'>Ὠς</span> <span class='ocrx_word' id='word_1_106' title='bbox 627 643 682 679; x_wconf 87' lang='grc' dir='ltr'>γὰρ</span> <span class='ocrx_word' id='word_1_107' title='bbox 704 644 729 670; x_wconf 86' lang='grc' dir='ltr'>οἱ</span> <span class='ocrx_word' id='word_1_108' title='bbox 749 643 789 679; x_wconf 82' lang='grc' dir='ltr'>τῷ</span> <span class='ocrx_word' id='word_1_109' title='bbox 802 644 856 679; x_wconf 72' lang='grc'>(25)</span> 
     </span>
    </p>
   </div>
   <div class='ocr_carea' id='block_1_16' title="bbox 63 688 858 724">
    <p class='ocr_par' dir='ltr' id='par_1_16' title="bbox 63 688 858 724">
     <span class='ocr_line' id='line_1_16' title="bbox 63 688 858 724; baseline -0.003 -8"><span class='ocrx_word' id='word_1_110' title='bbox 63 689 135 716; x_wconf 81' lang='grc' dir='ltr'>κατὰ</span> <span class='ocrx_word' id='word_1_111' title='bbox 147 689 194 715; x_wconf 81' lang='grc' dir='ltr'>τὸν</span> <span class='ocrx_word' id='word_1_112' title='bbox 205 688 327 719; x_wconf 78' lang='grc' dir='ltr'><strong>Μωσέως</strong></span> <span class='ocrx_word' id='word_1_113' title='bbox 341 688 422 723; x_wconf 85' lang='grc' dir='ltr'>νόμον</span> <span class='ocrx_word' id='word_1_114' title='bbox 434 688 619 724; x_wconf 77' lang='grc' dir='ltr'>θυσιαστηρίῳ</span> <span class='ocrx_word' id='word_1_115' title='bbox 633 688 858 724; x_wconf 69' lang='grc' dir='ltr'>προσεδρεύοντες</span> 
     </span>
    </p>
   </div>
   <div class='ocr_carea' id='block_1_17' title="bbox 63 733 859 769">
    <p class='ocr_par' dir='ltr' id='par_1_17' title="bbox 63 733 859 769">
     <span class='ocr_line' id='line_1_17' title="bbox 63 733 859 769; baseline -0.001 -8"><span class='ocrx_word' id='word_1_116' title='bbox 63 734 202 761; x_wconf 82' lang='grc' dir='ltr'>διακονεῖν</span> <span class='ocrx_word' id='word_1_117' title='bbox 216 733 325 760; x_wconf 77' lang='grc' dir='ltr'>ἐδόκουν</span> <span class='ocrx_word' id='word_1_118' title='bbox 333 733 366 759; x_wconf 86' lang='grc' dir='ltr'><strong>δι’</strong></span> <span class='ocrx_word' id='word_1_119' title='bbox 372 733 488 768; x_wconf 79' lang='grc' dir='ltr'>αἳματος</span> <span class='ocrx_word' id='word_1_120' title='bbox 499 733 607 768; x_wconf 82' lang='grc' dir='ltr'>ταύρων</span> <span class='ocrx_word' id='word_1_121' title='bbox 620 733 666 760; x_wconf 79' lang='grc' dir='ltr'>καὶ</span> <span class='ocrx_word' id='word_1_122' title='bbox 676 734 784 769; x_wconf 83' lang='grc' dir='ltr'>τράγων</span> <span class='ocrx_word' id='word_1_123' title='bbox 792 733 859 767; x_wconf 78' lang='grc' dir='ltr'>ἄφε-</span> 
     </span>
    </p>
   </div>
   <div class='ocr_carea' id='block_1_18' title="bbox 64 778 857 814">
    <p class='ocr_par' dir='ltr' id='par_1_18' title="bbox 64 778 857 814">
     <span class='ocr_line' id='line_1_18' title="bbox 64 778 857 814; baseline 0 -9"><span class='ocrx_word' id='word_1_124' title='bbox 64 787 108 805; x_wconf 88' lang='grc' dir='ltr'><strong>σιν</strong></span> <span class='ocrx_word' id='word_1_125' title='bbox 123 778 333 814; x_wconf 71' lang='grc' dir='ltr'>ἁμαρτημάτων</span> <span class='ocrx_word' id='word_1_126' title='bbox 349 778 476 810; x_wconf 78' lang='grc' dir='ltr'>ἐκείνοις,</span> <span class='ocrx_word' id='word_1_127' title='bbox 493 778 582 810; x_wconf 80' lang='grc' dir='ltr'>οὕτως</span> <span class='ocrx_word' id='word_1_128' title='bbox 598 779 626 805; x_wconf 85' lang='grc' dir='ltr'>αἱ</span> <span class='ocrx_word' id='word_1_129' title='bbox 638 778 723 814; x_wconf 72' lang='grc' dir='ltr'>ψυχαὶ</span> <span class='ocrx_word' id='word_1_130' title='bbox 739 778 793 806; x_wconf 83' lang='grc' dir='ltr'><strong>τῶν</strong></span> <span class='ocrx_word' id='word_1_131' title='bbox 807 787 857 805; x_wconf 85' lang='grc' dir='ltr'>πε-</span> 
     </span>
    </p>
   </div>
   <div class='ocr_carea' id='block_1_19' title="bbox 62 822 858 860">
    <p class='ocr_par' dir='ltr' id='par_1_19' title="bbox 62 822 858 860">
     <span class='ocr_line' id='line_1_19' title="bbox 62 822 858 860; baseline 0.001 -10"><span class='ocrx_word' id='word_1_132' title='bbox 62 823 270 858; x_wconf 81' lang='grc' dir='ltr'>πελεκισμένων</span> <span class='ocrx_word' id='word_1_133' title='bbox 289 823 344 858; x_wconf 73' lang='grc'>(24)</span> <span class='ocrx_word' id='word_1_134' title='bbox 361 822 452 850; x_wconf 69' lang='grc' dir='ltr'>ἕνεκεν</span> <span class='ocrx_word' id='word_1_135' title='bbox 467 824 517 858; x_wconf 86' lang='grc' dir='ltr'>τῆς</span> <span class='ocrx_word' id='word_1_136' title='bbox 532 824 685 860; x_wconf 85' lang='grc' dir='ltr'>μαρτυρίας</span> <span class='ocrx_word' id='word_1_137' title='bbox 705 823 802 859; x_wconf 83' lang='grc' dir='ltr'>Ἰησοῦ,</span> <span class='ocrx_word' id='word_1_138' title='bbox 821 824 858 860; x_wconf 82' lang='grc' dir='ltr'>μὴ</span> 
     </span>
    </p>
   </div>
   <div class='ocr_carea' id='block_1_20' title="bbox 64 868 856 906">
    <p class='ocr_par' dir='ltr' id='par_1_20' title="bbox 64 868 856 906">
     <span class='ocr_line' id='line_1_20' title="bbox 64 868 856 906; baseline 0.001 -11"><span class='ocrx_word' id='word_1_139' title='bbox 64 869 156 904; x_wconf 74' lang='grc' dir='ltr'>μάτην</span> <span class='ocrx_word' id='word_1_140' title='bbox 177 868 218 904; x_wconf 82' lang='grc' dir='ltr'>τῷ</span> <span class='ocrx_word' id='word_1_141' title='bbox 236 869 265 895; x_wconf 83' lang='grc' dir='ltr'>ὲν</span> <span class='ocrx_word' id='word_1_142' title='bbox 282 869 408 903; x_wconf 80' lang='grc' dir='ltr'>οὐρανοῖς</span> <span class='ocrx_word' id='word_1_143' title='bbox 432 868 616 904; x_wconf 81' lang='grc' dir='ltr'>θυσιαστηρίῳ</span> <span class='ocrx_word' id='word_1_144' title='bbox 642 869 856 906; x_wconf 86' lang='grc' dir='ltr'>παρεδρεύουσαι</span> 
     </span>
    </p>
   </div>
   <div class='ocr_carea' id='block_1_21' title="bbox 62 914 855 952">
    <p class='ocr_par' dir='ltr' id='par_1_21' title="bbox 62 914 855 952">
     <span class='ocr_line' id='line_1_21' title="bbox 62 914 855 952; baseline 0.004 -12"><span class='ocrx_word' id='word_1_145' title='bbox 62 914 219 941; x_wconf 75' lang='grc' dir='ltr'>διακονοῦσι</span> <span class='ocrx_word' id='word_1_146' title='bbox 249 916 305 947; x_wconf 82' lang='grc' dir='ltr'>τοῖς</span> <span class='ocrx_word' id='word_1_147' title='bbox 333 914 490 950; x_wconf 81' lang='grc' dir='ltr'>εὐχομένοις</span> <span class='ocrx_word' id='word_1_148' title='bbox 518 914 614 950; x_wconf 79' lang='grc' dir='ltr'>ἄφεσιν</span> <span class='ocrx_word' id='word_1_149' title='bbox 640 916 855 952; x_wconf 81' lang='grc' dir='ltr'>ἁμαρτημάτων.</span> 
     </span>
    </p>
   </div>
   <div class='ocr_carea' id='block_1_22' title="bbox 65 959 857 997">
    <p class='ocr_par' dir='ltr' id='par_1_22' title="bbox 65 959 857 997">
     <span class='ocr_line' id='line_1_22' title="bbox 65 959 857 997; baseline 0.003 -11"><span class='ocrx_word' id='word_1_150' title='bbox 65 961 144 995; x_wconf 72' lang='grc' dir='ltr'>’Ἅμα</span> <span class='ocrx_word' id='word_1_151' title='bbox 164 960 192 987; x_wconf 84' lang='grc' dir='ltr'>δὲ</span> <span class='ocrx_word' id='word_1_152' title='bbox 213 961 261 987; x_wconf 79' lang='grc' dir='ltr'>καὶ</span> <span class='ocrx_word' id='word_1_153' title='bbox 281 959 461 995; x_wconf 83' lang='grc' dir='ltr'>γινώσκομεν,</span> <span class='ocrx_word' id='word_1_154' title='bbox 485 961 536 992; x_wconf 84' lang='grc' dir='ltr'>ὅτι,</span> <span class='ocrx_word' id='word_1_155' title='bbox 562 960 656 996; x_wconf 82' lang='grc' dir='ltr'>ὥσπερ</span> <span class='ocrx_word' id='word_1_156' title='bbox 675 962 689 987; x_wconf 85' lang='grc' dir='ltr'>ὁ</span> <span class='ocrx_word' id='word_1_157' title='bbox 710 961 857 997; x_wconf 80' lang='grc' dir='ltr'>ἀρχιερεὺς</span> 
     </span>
    </p>
   </div>
   <div class='ocr_carea' id='block_1_23' title="bbox 63 1005 858 1041">
    <p class='ocr_par' dir='ltr' id='par_1_23' title="bbox 63 1005 858 1041">
     <span class='ocr_line' id='line_1_23' title="bbox 63 1005 858 1041; baseline 0 -9"><span class='ocrx_word' id='word_1_158' title='bbox 63 1006 162 1032; x_wconf 81' lang='grc' dir='ltr'>θυσίαν</span> <span class='ocrx_word' id='word_1_159' title='bbox 174 1006 270 1032; x_wconf 79' lang='grc' dir='ltr'>ἑαυτὸν</span> <span class='ocrx_word' id='word_1_160' title='bbox 282 1006 467 1041; x_wconf 80' lang='grc' dir='ltr'>προσήνεγκεν</span> <span class='ocrx_word' id='word_1_161' title='bbox 485 1005 589 1040; x_wconf 75' lang='grc' dir='ltr'>Ἰησοῦς</span> <span class='ocrx_word' id='word_1_162' title='bbox 600 1006 614 1031; x_wconf 86' lang='grc' dir='ltr'>ὁ</span> <span class='ocrx_word' id='word_1_163' title='bbox 624 1006 750 1041; x_wconf 84' lang='grc' dir='ltr'>Χριστὸς,</span> <span class='ocrx_word' id='word_1_164' title='bbox 772 1006 858 1038; x_wconf 82' lang='grc' dir='ltr'>οὕτως</span> 
     </span>
    </p>
   </div>
   <div class='ocr_carea' id='block_1_24' title="bbox 63 1048 859 1093">
    <p class='ocr_par' dir='ltr' id='par_1_24' title="bbox 63 1048 859 1093">
     <span class='ocr_line' id='line_1_24' title="bbox 63 1048 859 1093; baseline 0 -15"><span class='ocrx_word' id='word_1_165' title='bbox 63 1053 88 1078; x_wconf 76' lang='lat' dir='ltr'><strong>ot</strong></span> <span class='ocrx_word' id='word_1_166' title='bbox 105 1053 199 1087; x_wconf 80' lang='grc' dir='ltr'>ἱερεῖς,</span> <span class='ocrx_word' id='word_1_167' title='bbox 209 1048 245 1078; x_wconf 80' lang='grc' dir='ltr'>ὧν</span> <span class='ocrx_word' id='word_1_168' title='bbox 261 1052 334 1093; x_wconf 66' lang='grc' dir='ltr'>ἐστιν</span> <span class='ocrx_word' id='word_1_169' title='bbox 345 1052 500 1088; x_wconf 79' lang='grc' dir='ltr'>ἀρχιερεὺς,</span> <span class='ocrx_word' id='word_1_170' title='bbox 512 1051 606 1078; x_wconf 80' lang='grc' dir='ltr'>θυσίαν</span> <span class='ocrx_word' id='word_1_171' title='bbox 620 1052 730 1084; x_wconf 77' lang='grc' dir='ltr'>ἑαυτοὺς</span> <span class='ocrx_word' id='word_1_172' title='bbox 744 1052 859 1088; x_wconf 80' lang='grc' dir='ltr'>προσφέ-</span> 
     </span>
    </p>
   </div>
   <div class='ocr_carea' id='block_1_25' title="bbox 64 1096 860 1133">
    <p class='ocr_par' dir='ltr' id='par_1_25' title="bbox 64 1096 860 1133">
     <span class='ocr_line' id='line_1_25' title="bbox 64 1096 860 1133; baseline 0 -10"><span class='ocrx_word' id='word_1_173' title='bbox 64 1105 156 1132; x_wconf 81' lang='grc' dir='ltr'>ρουσι,</span> <span class='ocrx_word' id='word_1_174' title='bbox 169 1097 204 1124; x_wconf 81' lang='grc' dir='ltr'>δι’</span> <span class='ocrx_word' id='word_1_175' title='bbox 216 1097 249 1132; x_wconf 84' lang='grc' dir='ltr'>ἢν</span> <span class='ocrx_word' id='word_1_176' title='bbox 257 1097 294 1129; x_wconf 87' lang='grc' dir='ltr'>ὼς</span> <span class='ocrx_word' id='word_1_177' title='bbox 308 1097 385 1133; x_wconf 84' lang='grc' dir='ltr'>παρὰ</span> <span class='ocrx_word' id='word_1_178' title='bbox 399 1097 490 1132; x_wconf 82' lang='grc' dir='ltr'>οἰκείῳ</span> <span class='ocrx_word' id='word_1_179' title='bbox 503 1097 577 1133; x_wconf 85' lang='grc' dir='ltr'>τόπῳ</span> <span class='ocrx_word' id='word_1_180' title='bbox 587 1097 702 1132; x_wconf 82' lang='grc' dir='ltr'>ὁρῶνται</span> <span class='ocrx_word' id='word_1_181' title='bbox 717 1098 757 1132; x_wconf 83' lang='grc' dir='ltr'>τῷ</span> <span class='ocrx_word' id='word_1_182' title='bbox 770 1096 860 1124; x_wconf 86' lang='grc' dir='ltr'>θυσια-</span> 
     </span>
    </p>
   </div>
   <div class='ocr_carea' id='block_1_26' title="bbox 65 1142 860 1178">
    <p class='ocr_par' dir='ltr' id='par_1_26' title="bbox 65 1142 860 1178">
     <span class='ocr_line' id='line_1_26' title="bbox 65 1142 860 1178; baseline -0.001 -8"><span class='ocrx_word' id='word_1_183' title='bbox 65 1143 182 1178; x_wconf 82' lang='grc' dir='ltr'>στηρίῳ.</span> <span class='ocrx_word' id='word_1_184' title='bbox 204 1142 284 1169; x_wconf 83' lang='grc' dir='ltr'><strong>Ἀλλὰ</strong></span> <span class='ocrx_word' id='word_1_185' title='bbox 299 1143 352 1169; x_wconf 82' lang='grc' dir='ltr'><strong>τῶν</strong></span> <span class='ocrx_word' id='word_1_186' title='bbox 371 1143 464 1178; x_wconf 80' lang='grc' dir='ltr'>ἱερέων</span> <span class='ocrx_word' id='word_1_187' title='bbox 478 1144 502 1169; x_wconf 91' lang='grc' dir='ltr'>οἱ</span> <span class='ocrx_word' id='word_1_188' title='bbox 521 1143 570 1178; x_wconf 77' lang='grc' dir='ltr'>μὲν</span> <span class='ocrx_word' id='word_1_189' title='bbox 584 1143 694 1178; x_wconf 82' lang='grc' dir='ltr'>ἄμωμοι</span> <span class='ocrx_word' id='word_1_190' title='bbox 716 1143 764 1170; x_wconf 74' lang='grc' dir='ltr'>καὶ</span> <span class='ocrx_word' id='word_1_191' title='bbox 784 1142 860 1178; x_wconf 76' lang='grc' dir='ltr'><strong>ἀμώ-</strong></span> 
     </span>
    </p>
   </div>
   <div class='ocr_carea' id='block_1_27' title="bbox 68 1180 859 1223">
    <p class='ocr_par' dir='ltr' id='par_1_27' title="bbox 68 1180 859 1223">
     <span class='ocr_line' id='line_1_27' title="bbox 68 1180 859 1223; baseline 0.001 -10"><span class='ocrx_word' id='word_1_192' title='bbox 68 1180 138 1222; x_wconf 77' lang='grc' dir='ltr'>μους</span> <span class='ocrx_word' id='word_1_193' title='bbox 152 1187 353 1223; x_wconf 76' lang='grc' dir='ltr'>προσφέροντες</span> <span class='ocrx_word' id='word_1_194' title='bbox 369 1187 464 1219; x_wconf 79' lang='grc' dir='ltr'>θυσίας</span> <span class='ocrx_word' id='word_1_195' title='bbox 478 1187 644 1223; x_wconf 75' lang='grc' dir='ltr'>ἐθεράπευον</span> <span class='ocrx_word' id='word_1_196' title='bbox 662 1188 691 1214; x_wconf 82' lang='grc' dir='ltr'>τὸ</span> <span class='ocrx_word' id='word_1_197' title='bbox 701 1188 781 1214; x_wconf 83' lang='grc' dir='ltr'>θεῖον·</span> <span class='ocrx_word' id='word_1_198' title='bbox 794 1189 818 1214; x_wconf 87' lang='grc' dir='ltr'>οἱ</span> <span class='ocrx_word' id='word_1_199' title='bbox 831 1188 859 1214; x_wconf 81' lang='grc' dir='ltr'><strong>δὲ</strong></span> 
     </span>
    </p>
   </div>
   <div class='ocr_carea' id='block_1_28' title="bbox 67 1232 860 1269">
    <p class='ocr_par' dir='ltr' id='par_1_28' title="bbox 67 1232 860 1269">
     <span class='ocr_line' id='line_1_28' title="bbox 67 1232 860 1269; baseline 0.004 -12"><span class='ocrx_word' id='word_1_200' title='bbox 67 1232 270 1267; x_wconf 83' lang='grc' dir='ltr'>μεμωμημένοι</span> <span class='ocrx_word' id='word_1_201' title='bbox 286 1232 402 1268; x_wconf 84' lang='grc' dir='ltr'>μώμοις,</span> <span class='ocrx_word' id='word_1_202' title='bbox 426 1232 473 1264; x_wconf 77' lang='grc' dir='ltr'>οὓς</span> <span class='ocrx_word' id='word_1_203' title='bbox 495 1233 633 1269; x_wconf 75' lang='grc' dir='ltr'>ἀνέγραψε</span> <span class='ocrx_word' id='word_1_204' title='bbox 656 1233 758 1269; x_wconf 84' lang='grc' dir='ltr'>Μωσῆς</span> <span class='ocrx_word' id='word_1_205' title='bbox 777 1234 806 1260; x_wconf 84' lang='grc' dir='ltr'>ἐν</span> <span class='ocrx_word' id='word_1_206' title='bbox 821 1233 860 1268; x_wconf 84' lang='grc' dir='ltr'>τῷ</span> 
     </span>
    </p>
   </div>
   <div class='ocr_carea' id='block_1_29' title="bbox 65 1278 861 1315">
    <p class='ocr_par' dir='ltr' id='par_1_29' title="bbox 65 1278 861 1315">
     <span class='ocr_line' id='line_1_29' title="bbox 65 1278 861 1315; baseline 0.003 -11"><span class='ocrx_word' id='word_1_207' title='bbox 65 1278 214 1313; x_wconf 77' lang='grc' dir='ltr'>Λευῖτικῷ,</span> <span class='ocrx_word' id='word_1_208' title='bbox 228 1278 387 1314; x_wconf 79' lang='grc' dir='ltr'>ἐξωρίζοντο</span> <span class='ocrx_word' id='word_1_209' title='bbox 400 1279 454 1305; x_wconf 78' lang='grc' dir='ltr'><strong>ἀπὸ</strong></span> <span class='ocrx_word' id='word_1_210' title='bbox 466 1278 513 1305; x_wconf 76' lang='grc' dir='ltr'>τοῦ</span> <span class='ocrx_word' id='word_1_211' title='bbox 527 1278 730 1315; x_wconf 79' lang='grc' dir='ltr'>θυσιαστηρίου.</span> <span class='ocrx_word' id='word_1_212' title='bbox 747 1279 795 1311; x_wconf 90' lang='grc' dir='ltr'>Τίς</span> <span class='ocrx_word' id='word_1_213' title='bbox 809 1280 837 1306; x_wconf 78' lang='grc' dir='ltr'><strong>δὲ</strong></span> <span class='ocrx_word' id='word_1_214' title='bbox 847 1279 861 1305; x_wconf 76' lang='grc' dir='ltr'>ὁ</span> 
     </span>
    </p>
   </div>
   <div class='ocr_carea' id='block_1_30' title="bbox 65 1322 859 1360">
    <p class='ocr_par' dir='ltr' id='par_1_30' title="bbox 65 1322 859 1360">
     <span class='ocr_line' id='line_1_30' title="bbox 65 1322 859 1360; baseline 0.004 -12"><span class='ocrx_word' id='word_1_215' title='bbox 65 1322 185 1357; x_wconf 80' lang='grc' dir='ltr'>ἄμωμος</span> <span class='ocrx_word' id='word_1_216' title='bbox 201 1323 290 1358; x_wconf 85' lang='grc' dir='ltr'>ἱερεὺς</span> <span class='ocrx_word' id='word_1_217' title='bbox 304 1323 418 1359; x_wconf 82' lang='grc' dir='ltr'>ἄμωμον</span> <span class='ocrx_word' id='word_1_218' title='bbox 434 1324 530 1359; x_wconf 79' lang='grc' dir='ltr'>ἱερεῖον</span> <span class='ocrx_word' id='word_1_219' title='bbox 547 1325 719 1360; x_wconf 71' lang='grc' dir='ltr'>προσφέρων,</span> <span class='ocrx_word' id='word_1_220' title='bbox 736 1325 752 1360; x_wconf 84' lang='grc' dir='ltr'>ἢ</span> <span class='ocrx_word' id='word_1_221' title='bbox 768 1326 781 1350; x_wconf 88' lang='grc' dir='ltr'><strong>ό</strong></span> <span class='ocrx_word' id='word_1_222' title='bbox 794 1334 859 1360; x_wconf 88' lang='grc' dir='ltr'>κρα-</span> 
     </span>
    </p>
   </div>
   <div class='ocr_carea' id='block_1_31' title="bbox 65 1367 861 1406">
    <p class='ocr_par' dir='ltr' id='par_1_31' title="bbox 65 1367 861 1406">
     <span class='ocr_line' id='line_1_31' title="bbox 65 1367 861 1406; baseline 0.005 -13"><span class='ocrx_word' id='word_1_223' title='bbox 65 1367 121 1393; x_wconf 81' lang='grc' dir='ltr'>τῶν</span> <span class='ocrx_word' id='word_1_224' title='bbox 138 1369 188 1403; x_wconf 79' lang='grc' dir='ltr'><strong>τῆς</strong></span> <span class='ocrx_word' id='word_1_225' title='bbox 207 1369 362 1403; x_wconf 80' lang='grc' dir='ltr'>ὁμολογίας,</span> <span class='ocrx_word' id='word_1_226' title='bbox 385 1369 432 1396; x_wconf 76' lang='grc' dir='ltr'><strong>καὶ</strong></span> <span class='ocrx_word' id='word_1_227' title='bbox 453 1369 563 1405; x_wconf 86' lang='grc' dir='ltr'>πληρῶν</span> <span class='ocrx_word' id='word_1_228' title='bbox 584 1370 672 1396; x_wconf 86' lang='grc' dir='ltr'>πάντα</span> <span class='ocrx_word' id='word_1_229' title='bbox 689 1370 812 1406; x_wconf 74' lang='grc' dir='ltr'>ἀριθμὸν,</span> <span class='ocrx_word' id='word_1_230' title='bbox 832 1370 861 1397; x_wconf 79' lang='grc' dir='ltr'>δν</span> 
     </span>
    </p>
   </div>
   <div class='ocr_carea' id='block_1_32' title="bbox 65 1413 863 1450">
    <p class='ocr_par' dir='ltr' id='par_1_32' title="bbox 65 1413 863 1450">
     <span class='ocr_line' id='line_1_32' title="bbox 65 1413 863 1450; baseline 0.005 -11"><span class='ocrx_word' id='word_1_231' title='bbox 65 1414 207 1440; x_wconf 83' lang='grc' dir='ltr'>ἀπαιτεῖό</span> <span class='ocrx_word' id='word_1_232' title='bbox 220 1414 266 1440; x_wconf 84' lang='grc' dir='ltr'>τοῦ</span> <span class='ocrx_word' id='word_1_233' title='bbox 282 1415 431 1450; x_wconf 84' lang='grc' dir='ltr'>μαρτυρίου</span> <span class='ocrx_word' id='word_1_234' title='bbox 447 1415 540 1450; x_wconf 80' lang='grc' dir='ltr'>λόγος·</span> <span class='ocrx_word' id='word_1_235' title='bbox 556 1416 620 1450; x_wconf 74' lang='grc' dir='ltr'>περὶ</span> <span class='ocrx_word' id='word_1_236' title='bbox 636 1413 665 1443; x_wconf 71' lang='grc' dir='ltr'>οὗ</span> <span class='ocrx_word' id='word_1_237' title='bbox 681 1417 709 1442; x_wconf 80' lang='grc' dir='ltr'>ἐν</span> <span class='ocrx_word' id='word_1_238' title='bbox 723 1418 779 1448; x_wconf 86' lang='grc' dir='ltr'>τοῖς</span> <span class='ocrx_word' id='word_1_239' title='bbox 794 1417 863 1443; x_wconf 80' lang='grc' dir='ltr'>ἀνω-</span> 
     </span>
    </p>
   </div>
   <div class='ocr_carea' id='block_1_33' title="bbox 64 1460 372 1496">
    <p class='ocr_par' dir='ltr' id='par_1_33' title="bbox 64 1460 372 1496">
     <span class='ocr_line' id='line_1_33' title="bbox 64 1460 372 1496; baseline 0.003 -10"><span class='ocrx_word' id='word_1_240' title='bbox 64 1460 140 1494; x_wconf 79' lang='grc' dir='ltr'>τέρω</span> <span class='ocrx_word' id='word_1_241' title='bbox 156 1461 372 1496; x_wconf 74' lang='grc' dir='ltr'>προειρήκαμεν.</span> 
     </span>
    </p>
   </div>
   <div class='ocr_carea' id='block_1_34' title="bbox 104 1505 862 1542">
    <p class='ocr_par' dir='ltr' id='par_1_34' title="bbox 104 1505 862 1542">
     <span class='ocr_line' id='line_1_34' title="bbox 104 1505 862 1542; baseline 0.001 -10"><span class='ocrx_word' id='word_1_242' title='bbox 104 1506 150 1541; x_wconf 76' lang='grc' dir='ltr'><strong>Μὴ</strong></span> <span class='ocrx_word' id='word_1_243' title='bbox 163 1505 349 1540; x_wconf 81' lang='grc' dir='ltr'>θαυμάζωμεν</span> <span class='ocrx_word' id='word_1_244' title='bbox 362 1505 400 1537; x_wconf 80' lang='grc' dir='ltr'>δὲ,</span> <span class='ocrx_word' id='word_1_245' title='bbox 417 1506 440 1531; x_wconf 84' lang='grc' dir='ltr'><strong>εί</strong></span> <span class='ocrx_word' id='word_1_246' title='bbox 454 1505 503 1540; x_wconf 83' lang='grc' dir='ltr'>τὴν</span> <span class='ocrx_word' id='word_1_247' title='bbox 514 1505 679 1541; x_wconf 80' lang='grc' dir='ltr'>τηλικαύτην</span> <span class='ocrx_word' id='word_1_248' title='bbox 690 1506 744 1532; x_wconf 87' lang='grc' dir='ltr'>τῶν</span> <span class='ocrx_word' id='word_1_249' title='bbox 758 1507 862 1542; x_wconf 84' lang='grc' dir='ltr'>μαρτύ-</span> 
     </span>
    </p>
   </div>
   <div class='ocr_carea' id='block_1_35' title="bbox 68 1551 861 1588">
    <p class='ocr_par' dir='ltr' id='par_1_35' title="bbox 68 1551 861 1588">
     <span class='ocr_line' id='line_1_35' title="bbox 68 1551 861 1588; baseline 0.001 -10"><span class='ocrx_word' id='word_1_250' title='bbox 68 1561 124 1588; x_wconf 85' lang='grc' dir='ltr'><strong>ρων</strong></span> <span class='ocrx_word' id='word_1_251' title='bbox 136 1551 327 1586; x_wconf 80' lang='grc' dir='ltr'>μακαριότητα</span> <span class='ocrx_word' id='word_1_252' title='bbox 341 1551 474 1586; x_wconf 72' lang='grc' dir='ltr'>ἐσομένην</span> <span class='ocrx_word' id='word_1_253' title='bbox 488 1552 515 1577; x_wconf 62' lang='lat' dir='ltr'><strong>sv</strong></span> <span class='ocrx_word' id='word_1_254' title='bbox 527 1551 621 1586; x_wconf 81' lang='grc' dir='ltr'>βαθείᾳ</span> <span class='ocrx_word' id='word_1_255' title='bbox 635 1552 739 1588; x_wconf 80' lang='grc' dir='ltr'>εἰρήνῃ,</span> <span class='ocrx_word' id='word_1_256' title='bbox 756 1553 802 1579; x_wconf 80' lang='grc' dir='ltr'>καὶ</span> <span class='ocrx_word' id='word_1_257' title='bbox 813 1561 861 1586; x_wconf 87' lang='grc' dir='ltr'><strong>γα-</strong></span> 
     </span>
    </p>
   </div>
   <div class='ocr_carea' id='block_1_36' title="bbox 65 1595 860 1633">
    <p class='ocr_par' dir='ltr' id='par_1_36' title="bbox 65 1595 860 1633">
     <span class='ocr_line' id='line_1_36' title="bbox 65 1595 860 1633; baseline 0.003 -10"><span class='ocrx_word' id='word_1_258' title='bbox 65 1599 147 1633; x_wconf 78' lang='grc' dir='ltr'>λήνῃ,</span> <span class='ocrx_word' id='word_1_259' title='bbox 166 1597 214 1623; x_wconf 73' lang='grc' dir='ltr'>καὶ</span> <span class='ocrx_word' id='word_1_260' title='bbox 232 1596 307 1631; x_wconf 74' lang='grc' dir='ltr'>εὐδίᾳ</span> <span class='ocrx_word' id='word_1_261' title='bbox 324 1596 363 1622; x_wconf 85' lang='grc' dir='ltr'><strong>δεῖ</strong></span> <span class='ocrx_word' id='word_1_262' title='bbox 378 1595 512 1631; x_wconf 77' lang='grc' dir='ltr'>ἄρξασθαι</span> <span class='ocrx_word' id='word_1_263' title='bbox 527 1597 582 1622; x_wconf 84' lang='grc' dir='ltr'>ἀπό</span> <span class='ocrx_word' id='word_1_264' title='bbox 595 1605 667 1628; x_wconf 86' lang='grc' dir='ltr'>τινος</span> <span class='ocrx_word' id='word_1_265' title='bbox 681 1598 860 1633; x_wconf 80' lang='grc' dir='ltr'>νομιζομένου</span> 
     </span>
    </p>
   </div>
   <div class='ocr_carea' id='block_1_37' title="bbox 67 1640 860 1677">
    <p class='ocr_par' dir='ltr' id='par_1_37' title="bbox 67 1640 860 1677">
     <span class='ocr_line' id='line_1_37' title="bbox 67 1640 860 1677; baseline 0.001 -9"><span class='ocrx_word' id='word_1_266' title='bbox 67 1641 310 1676; x_wconf 73' lang='grc' dir='ltr'>σκυθρωποτέρου,</span> <span class='ocrx_word' id='word_1_267' title='bbox 325 1641 380 1672; x_wconf 73' lang='grc' dir='ltr'>καὶ,</span> <span class='ocrx_word' id='word_1_268' title='bbox 399 1641 431 1666; x_wconf 80' lang='grc' dir='ltr'><strong>ἵν’</strong></span> <span class='ocrx_word' id='word_1_269' title='bbox 447 1640 533 1672; x_wconf 74' lang='grc' dir='ltr'>οὕτως</span> <span class='ocrx_word' id='word_1_270' title='bbox 549 1641 684 1676; x_wconf 81' lang='grc' dir='ltr'>ὀνομάσω,</span> <span class='ocrx_word' id='word_1_271' title='bbox 706 1642 860 1677; x_wconf 78' lang='grc' dir='ltr'>χειμερινοῦ</span> 
     </span>
    </p>
   </div>
   <div class='ocr_carea' id='block_1_38' title="bbox 65 1687 862 1723">
    <p class='ocr_par' dir='ltr' id='par_1_38' title="bbox 65 1687 862 1723">
     <span class='ocr_line' id='line_1_38' title="bbox 65 1687 862 1723; baseline -0.001 -8"><span class='ocrx_word' id='word_1_272' title='bbox 65 1689 300 1723; x_wconf 78' lang='grc' dir='ltr'>καταστήματος·</span> <span class='ocrx_word' id='word_1_273' title='bbox 321 1688 452 1723; x_wconf 83' lang='grc' dir='ltr'>πρότερον</span> <span class='ocrx_word' id='word_1_274' title='bbox 468 1687 521 1723; x_wconf 75' lang='grc' dir='ltr'><strong>γὰρ</strong></span> <span class='ocrx_word' id='word_1_275' title='bbox 545 1697 554 1713; x_wconf 74' lang='grc' dir='ltr'><strong>ε</strong></span> <span class='ocrx_word' id='word_1_276' title='bbox 573 1688 623 1722; x_wconf 82' lang='grc' dir='ltr'>τὴν</span> <span class='ocrx_word' id='word_1_277' title='bbox 645 1689 739 1723; x_wconf 87' lang='grc' dir='ltr'>στενὴν</span> <span class='ocrx_word' id='word_1_278' title='bbox 759 1689 804 1715; x_wconf 81' lang='grc' dir='ltr'><strong>καὶ</strong></span> <span class='ocrx_word' id='word_1_279' title='bbox 818 1697 862 1714; x_wconf 83' lang='grc' dir='ltr'>τε-</span> 
     </span>
    </p>
   </div>
   <div class='ocr_carea' id='block_1_39' title="bbox 67 1733 861 1769">
    <p class='ocr_par' dir='ltr' id='par_1_39' title="bbox 67 1733 861 1769">
     <span class='ocr_line' id='line_1_39' title="bbox 67 1733 861 1769; baseline 0 -9"><span class='ocrx_word' id='word_1_280' title='bbox 67 1734 224 1769; x_wconf 77' lang='grc' dir='ltr'>θλιμμένην</span> <span class='ocrx_word' id='word_1_281' title='bbox 238 1744 246 1759; x_wconf 78' lang='grc' dir='ltr'>ι</span> <span class='ocrx_word' id='word_1_282' title='bbox 261 1733 387 1760; x_wconf 78' lang='grc' dir='ltr'>ὀδεύοντα</span> <span class='ocrx_word' id='word_1_283' title='bbox 403 1735 431 1759; x_wconf 71' lang='grc' dir='ltr'>ἐν</span> <span class='ocrx_word' id='word_1_284' title='bbox 447 1733 559 1769; x_wconf 80' lang='grc' dir='ltr'>χειμῶνι</span> <span class='ocrx_word' id='word_1_285' title='bbox 576 1733 665 1769; x_wconf 81' lang='grc' dir='ltr'>δεήσει</span> <span class='ocrx_word' id='word_1_286' title='bbox 678 1734 861 1767; x_wconf 74' lang='grc' dir='ltr'>ἐπιδείξασθαι</span> 
     </span>
    </p>
   </div>
   <div class='ocr_carea' id='block_1_40' title="bbox 64 1779 863 1815">
    <p class='ocr_par' dir='ltr' id='par_1_40' title="bbox 64 1779 863 1815">
     <span class='ocr_line' id='line_1_40' title="bbox 64 1779 863 1815; baseline 0 -10"><span class='ocrx_word' id='word_1_287' title='bbox 64 1780 99 1814; x_wconf 76' lang='grc' dir='ltr'>ἢν</span> <span class='ocrx_word' id='word_1_288' title='bbox 114 1780 254 1814; x_wconf 74' lang='grc' dir='ltr'>ἐκτήσατο</span> <span class='ocrx_word' id='word_1_289' title='bbox 268 1779 381 1810; x_wconf 67' lang='grc' dir='ltr'>ἕκαστος</span> <span class='ocrx_word' id='word_1_290' title='bbox 393 1779 447 1804; x_wconf 81' lang='grc' dir='ltr'>τῶν</span> <span class='ocrx_word' id='word_1_291' title='bbox 467 1779 608 1814; x_wconf 82' lang='grc' dir='ltr'>μακαρίων</span> <span class='ocrx_word' id='word_1_292' title='bbox 628 1779 800 1815; x_wconf 74' lang='grc' dir='ltr'>κυϐέρνησιν,</span> <span class='ocrx_word' id='word_1_293' title='bbox 821 1780 863 1806; x_wconf 87' lang='grc' dir='ltr'><strong>ἴνα</strong></span> 
     </span>
    </p>
   </div>
   <div class='ocr_carea' id='block_1_41' title="bbox 67 1825 862 1860">
    <p class='ocr_par' dir='ltr' id='par_1_41' title="bbox 67 1825 862 1860">
     <span class='ocr_line' id='line_1_41' title="bbox 67 1825 862 1860; baseline -0.001 -8"><span class='ocrx_word' id='word_1_294' title='bbox 67 1826 141 1860; x_wconf 63' lang='grc' dir='ltr'>μετὰ</span> <span class='ocrx_word' id='word_1_295' title='bbox 157 1826 247 1852; x_wconf 80' lang='grc' dir='ltr'>ταῦτα</span> <span class='ocrx_word' id='word_1_296' title='bbox 259 1825 370 1860; x_wconf 77' lang='grc' dir='ltr'>γένηται</span> <span class='ocrx_word' id='word_1_297' title='bbox 385 1825 415 1851; x_wconf 82' lang='grc' dir='ltr'>τὸ</span> <span class='ocrx_word' id='word_1_298' title='bbox 431 1826 460 1850; x_wconf 80' lang='grc' dir='ltr'>ὲν</span> <span class='ocrx_word' id='word_1_299' title='bbox 477 1825 515 1860; x_wconf 82' lang='grc' dir='ltr'><strong>τῷ</strong></span> <span class='ocrx_word' id='word_1_300' title='bbox 530 1825 648 1860; x_wconf 77' lang='grc' dir='ltr'>ᾊσματι</span> <span class='ocrx_word' id='word_1_301' title='bbox 663 1825 717 1851; x_wconf 79' lang='grc' dir='ltr'>τῶν</span> <span class='ocrx_word' id='word_1_302' title='bbox 734 1825 862 1860; x_wconf 82' lang='grc' dir='ltr'>ᾀσμάτων</span> 
     </span>
    </p>
   </div>
   <div class='ocr_carea' id='block_1_42' title="bbox 65 1869 859 1905">
    <p class='ocr_par' dir='ltr' id='par_1_42' title="bbox 65 1869 859 1905">
     <span class='ocr_line' id='line_1_42' title="bbox 65 1869 859 1905; baseline -0.003 -8"><span class='ocrx_word' id='word_1_303' title='bbox 65 1871 138 1905; x_wconf 75' lang='grc' dir='ltr'>πρὸς</span> <span class='ocrx_word' id='word_1_304' title='bbox 163 1870 215 1905; x_wconf 84' lang='grc' dir='ltr'>τὴν</span> <span class='ocrx_word' id='word_1_305' title='bbox 236 1870 281 1896; x_wconf 74' lang='grc' dir='ltr'><strong>τὸν</strong></span> <span class='ocrx_word' id='word_1_306' title='bbox 303 1870 423 1905; x_wconf 78' lang='grc' dir='ltr'>χειμῶνα</span> <span class='ocrx_word' id='word_1_307' title='bbox 449 1869 647 1905; x_wconf 75' lang='grc' dir='ltr'>διανηξαμένην</span> <span class='ocrx_word' id='word_1_308' title='bbox 664 1869 719 1905; x_wconf 72' lang='grc'>(25)</span> <span class='ocrx_word' id='word_1_309' title='bbox 735 1869 859 1904; x_wconf 76' lang='grc' dir='ltr'>νύμφην·</span> 
     </span>
    </p>
   </div>
   <div class='ocr_carea' id='block_1_43' title="bbox 103 1925 604 1959">
    <p class='ocr_par' dir='ltr' id='par_1_43' title="bbox 103 1925 604 1959">
     <span class='ocr_line' id='line_1_43' title="bbox 103 1925 604 1959; baseline -0.002 -5"><span class='ocrx_word' id='word_1_310' title='bbox 103 1928 127 1946; x_wconf 83' lang='grc'><em>³³</em></span> <span class='ocrx_word' id='word_1_311' title='bbox 144 1927 231 1954; x_wconf 84' lang='lat' dir='ltr'><strong>Marc.</strong></span> <span class='ocrx_word' id='word_1_312' title='bbox 246 1936 274 1959; x_wconf 74' lang='grc' dir='ltr'>ις,</span> <span class='ocrx_word' id='word_1_313' title='bbox 292 1927 336 1954; x_wconf 83' lang='lat'><strong>&#39;58.</strong></span> <span class='ocrx_word' id='word_1_314' title='bbox 373 1927 395 1942; x_wconf 84' lang='grc'>⁸¹</span> <span class='ocrx_word' id='word_1_315' title='bbox 410 1926 476 1954; x_wconf 89' lang='lat' dir='ltr'><strong>Luc.</strong></span> <span class='ocrx_word' id='word_1_316' title='bbox 495 1935 543 1958; x_wconf 74' lang='lat' dir='ltr'><strong>xu,</strong></span> <span class='ocrx_word' id='word_1_317' title='bbox 560 1925 604 1953; x_wconf 80' lang='lat'><strong>50.</strong></span> 
     </span>
    </p>
   </div>
   <div class='ocr_carea' id='block_1_44' title="bbox 66 1972 858 2008">
    <p class='ocr_par' dir='ltr' id='par_1_44' title="bbox 66 1972 858 2008">
     <span class='ocr_line' id='line_1_44' title="bbox 66 1972 858 2008; baseline -0.003 -6"><span class='ocrx_word' id='word_1_318' title='bbox 66 1975 199 2003; x_wconf 77' lang='lat' dir='ltr'><strong>succurri</strong></span> <span class='ocrx_word' id='word_1_319' title='bbox 219 1982 272 2000; x_wconf 91' lang='lat' dir='ltr'><strong>non</strong></span> <span class='ocrx_word' id='word_1_320' title='bbox 289 1978 386 2008; x_wconf 87' lang='lat' dir='ltr'><strong>potest.</strong></span> <span class='ocrx_word' id='word_1_321' title='bbox 406 1983 414 1999; x_wconf 82' lang='grc' dir='ltr'>ι</span> <span class='ocrx_word' id='word_1_322' title='bbox 429 1973 475 1999; x_wconf 86' lang='lat' dir='ltr'><strong>llis</strong></span> <span class='ocrx_word' id='word_1_323' title='bbox 491 1973 596 2008; x_wconf 70' lang='lat' dir='ltr'><strong>duobus</strong></span> <span class='ocrx_word' id='word_1_324' title='bbox 611 1972 705 1999; x_wconf 82' lang='lat' dir='ltr'><strong>fulcris</strong></span> <span class='ocrx_word' id='word_1_325' title='bbox 720 1973 746 1998; x_wconf 88' lang='lat' dir='ltr'><strong>in</strong></span> <span class='ocrx_word' id='word_1_326' title='bbox 763 1972 858 2006; x_wconf 82' lang='lat' dir='ltr'>primis</span> 
     </span>
    </p>
   </div>
   <div class='ocr_carea' id='block_1_45' title="bbox 66 2007 858 2042">
    <p class='ocr_par' dir='ltr' id='par_1_45' title="bbox 66 2007 858 2042">
     <span class='ocr_line' id='line_1_45' title="bbox 66 2007 858 2042; baseline -0.006 -4"><span class='ocrx_word' id='word_1_327' title='bbox 66 2011 169 2038; x_wconf 86' lang='lat' dir='ltr'><strong>nititur</strong></span> <span class='ocrx_word' id='word_1_328' title='bbox 183 2007 339 2035; x_wconf 61' lang='lat' dir='ltr'><strong>Bernartius</strong></span> <span class='ocrx_word' id='word_1_329' title='bbox 350 2028 356 2040; x_wconf 83' lang='lat'><strong>,</strong></span> <span class='ocrx_word' id='word_1_330' title='bbox 375 2008 452 2042; x_wconf 86' lang='lat' dir='ltr'><strong>epist.</strong></span> <span class='ocrx_word' id='word_1_331' title='bbox 468 2008 499 2033; x_wconf 84' lang='grc' dir='ltr'><strong>’Π</strong></span> <span class='ocrx_word' id='word_1_332' title='bbox 514 2008 547 2034; x_wconf 84' lang='lat' dir='ltr'><strong>ad</strong></span> <span class='ocrx_word' id='word_1_333' title='bbox 565 2007 703 2042; x_wconf 79' lang='lat' dir='ltr'><strong>Hugouem</strong></span> <span class='ocrx_word' id='word_1_334' title='bbox 723 2007 755 2034; x_wconf 86' lang='lat' dir='ltr'><strong>de</strong></span> <span class='ocrx_word' id='word_1_335' title='bbox 770 2007 798 2034; x_wconf 89' lang='lat' dir='ltr'><strong>S.</strong></span> <span class='ocrx_word' id='word_1_336' title='bbox 817 2007 858 2034; x_wconf 88' lang='lat' dir='ltr'><strong>Vi-</strong></span> 
     </span>
    </p>
   </div>
   <div class='ocr_carea' id='block_1_46' title="bbox 67 2043 860 2077">
    <p class='ocr_par' dir='ltr' id='par_1_46' title="bbox 67 2043 860 2077">
     <span class='ocr_line' id='line_1_46' title="bbox 67 2043 860 2077; baseline -0.005 -5"><span class='ocrx_word' id='word_1_337' title='bbox 67 2051 166 2076; x_wconf 78' lang='lat' dir='ltr'><strong>ctore,</strong></span> <span class='ocrx_word' id='word_1_338' title='bbox 186 2051 237 2077; x_wconf 88' lang='lat' dir='ltr'><strong>qua</strong></span> <span class='ocrx_word' id='word_1_339' title='bbox 255 2043 405 2070; x_wconf 85' lang='lat' dir='ltr'><strong>absolutam</strong></span> <span class='ocrx_word' id='word_1_340' title='bbox 422 2043 553 2076; x_wconf 78' lang='lat' dir='ltr'><strong>Baptismi</strong></span> <span class='ocrx_word' id='word_1_341' title='bbox 571 2043 759 2077; x_wconf 80' lang='lat' dir='ltr'><strong>necessitatem</strong></span> <span class='ocrx_word' id='word_1_342' title='bbox 775 2043 860 2077; x_wconf 82' lang='lat' dir='ltr'><strong>solide</strong></span> 
     </span>
    </p>
   </div>
   <div class='ocr_carea' id='block_1_47' title="bbox 66 2076 862 2111">
    <p class='ocr_par' dir='ltr' id='par_1_47' title="bbox 66 2076 862 2111">
     <span class='ocr_line' id='line_1_47' title="bbox 66 2076 862 2111; baseline -0.006 -4"><span class='ocrx_word' id='word_1_343' title='bbox 66 2086 95 2107; x_wconf 71' lang='lat' dir='ltr'><strong>et</strong></span> <span class='ocrx_word' id='word_1_344' title='bbox 111 2079 177 2105; x_wconf 86' lang='lat' dir='ltr'><strong>fuse</strong></span> <span class='ocrx_word' id='word_1_345' title='bbox 191 2076 344 2111; x_wconf 72' lang='lat' dir='ltr'><strong>impugnat.</strong></span> <span class='ocrx_word' id='word_1_346' title='bbox 360 2077 476 2105; x_wconf 85' lang='lat' dir='ltr'><strong>Consule</strong></span> <span class='ocrx_word' id='word_1_347' title='bbox 498 2078 583 2103; x_wconf 87' lang='lat' dir='ltr'><strong>Vossii</strong></span> <span class='ocrx_word' id='word_1_348' title='bbox 604 2078 706 2111; x_wconf 83' lang='lat' dir='ltr'><strong>dispnl.</strong></span> <span class='ocrx_word' id='word_1_349' title='bbox 723 2076 749 2109; x_wconf 87' lang='lat'><strong>7,</strong></span> <span class='ocrx_word' id='word_1_350' title='bbox 765 2078 796 2103; x_wconf 76' lang='lat' dir='ltr'><strong>{le</strong></span> <span class='ocrx_word' id='word_1_351' title='bbox 811 2076 862 2102; x_wconf 80' lang='lat' dir='ltr'><strong>Bu-</strong></span> 
     </span>
    </p>
   </div>
   <div class='ocr_carea' id='block_1_48' title="bbox 66 2111 863 2147">
    <p class='ocr_par' dir='ltr' id='par_1_48' title="bbox 66 2111 863 2147">
     <span class='ocr_line' id='line_1_48' title="bbox 66 2111 863 2147; baseline -0.004 -7"><span class='ocrx_word' id='word_1_352' title='bbox 66 2115 182 2147; x_wconf 76' lang='lat' dir='ltr'><strong>rtismo.</strong></span> <span class='ocrx_word' id='word_1_353' title='bbox 199 2113 383 2146; x_wconf 67' lang='lat' dir='ltr'><strong>Catteroqitin,</strong></span> <span class='ocrx_word' id='word_1_354' title='bbox 399 2113 469 2146; x_wconf 85' lang='lat' dir='ltr'><strong>apud</strong></span> <span class='ocrx_word' id='word_1_355' title='bbox 484 2112 578 2139; x_wconf 83' lang='lat' dir='ltr'><strong>Patres</strong></span> <span class='ocrx_word' id='word_1_356' title='bbox 591 2111 732 2138; x_wconf 76' lang='lat' dir='ltr'><strong>Africanos</strong></span> <span class='ocrx_word' id='word_1_357' title='bbox 746 2112 863 2138; x_wconf 91' lang='lat' dir='ltr'><strong>obtinuit</strong></span> 
     </span>
    </p>
   </div>
   <div class='ocr_carea' id='block_1_49' title="bbox 66 2147 861 2178">
    <p class='ocr_par' dir='ltr' id='par_1_49' title="bbox 66 2147 861 2178">
     <span class='ocr_line' id='line_1_49' title="bbox 66 2147 861 2178; baseline -0.005 -2"><span class='ocrx_word' id='word_1_358' title='bbox 66 2157 163 2176; x_wconf 82' lang='lat' dir='ltr'><strong>canon</strong></span> <span class='ocrx_word' id='word_1_359' title='bbox 184 2157 191 2174; x_wconf 91' lang='lat'><strong>:</strong></span> <span class='ocrx_word' id='word_1_360' title='bbox 216 2157 225 2172; x_wconf 82' lang='grc' dir='ltr'>ι</span> <span class='ocrx_word' id='word_1_361' title='bbox 242 2147 410 2174; x_wconf 83' lang='lat' dir='ltr'><strong>Firmissinie</strong></span> <span class='ocrx_word' id='word_1_362' title='bbox 428 2152 488 2173; x_wconf 79' lang='lat' dir='ltr'><strong>tene</strong></span> <span class='ocrx_word' id='word_1_363' title='bbox 501 2166 508 2178; x_wconf 91' lang='lat'><strong>,</strong></span> <span class='ocrx_word' id='word_1_364' title='bbox 532 2151 558 2173; x_wconf 90' lang='lat' dir='ltr'><strong>et</strong></span> <span class='ocrx_word' id='word_1_365' title='bbox 580 2147 731 2173; x_wconf 71' lang='lat' dir='ltr'><strong>nullatenus</strong></span> <span class='ocrx_word' id='word_1_366' title='bbox 746 2147 861 2175; x_wconf 68' lang='lat' dir='ltr'><strong>dubites.</strong></span> 
     </span>
    </p>
   </div>
   <div class='ocr_carea' id='block_1_50' title="bbox 68 2181 862 2215">
    <p class='ocr_par' dir='ltr' id='par_1_50' title="bbox 68 2181 862 2215">
     <span class='ocr_line' id='line_1_50' title="bbox 68 2181 862 2215; baseline -0.004 -6"><span class='ocrx_word' id='word_1_367' title='bbox 68 2191 128 2210; x_wconf 84' lang='lat' dir='ltr'><strong>non</strong></span> <span class='ocrx_word' id='word_1_368' title='bbox 159 2183 247 2209; x_wconf 82' lang='lat' dir='ltr'><strong>solum</strong></span> <span class='ocrx_word' id='word_1_369' title='bbox 279 2183 401 2209; x_wconf 79' lang='lat' dir='ltr'><strong>homines</strong></span> <span class='ocrx_word' id='word_1_370' title='bbox 416 2183 471 2215; x_wconf 84' lang='lat' dir='ltr'><strong>jam</strong></span> <span class='ocrx_word' id='word_1_371' title='bbox 495 2181 602 2207; x_wconf 75' lang='lat' dir='ltr'><strong>ratione</strong></span> <span class='ocrx_word' id='word_1_372' title='bbox 627 2186 743 2212; x_wconf 88' lang='lat' dir='ltr'><strong>utentes,</strong></span> <span class='ocrx_word' id='word_1_373' title='bbox 769 2188 862 2206; x_wconf 82' lang='lat' dir='ltr'><strong>Verum</strong></span> 
     </span>
    </p>
   </div>
   <div class='ocr_carea' id='block_1_51' title="bbox 68 2215 902 2251">
    <p class='ocr_par' dir='ltr' id='par_1_51' title="bbox 68 2215 902 2251">
     <span class='ocr_line' id='line_1_51' title="bbox 68 2215 902 2251; baseline -0.002 -6"><span class='ocrx_word' id='word_1_374' title='bbox 68 2221 158 2246; x_wconf 79' lang='lat' dir='ltr'><strong>etiam</strong></span> <span class='ocrx_word' id='word_1_375' title='bbox 186 2217 331 2251; x_wconf 84' lang='lat' dir='ltr'><strong>parvulos,</strong></span> <span class='ocrx_word' id='word_1_376' title='bbox 351 2217 395 2251; x_wconf 90' lang='lat' dir='ltr'><strong>qui</strong></span> <span class='ocrx_word' id='word_1_377' title='bbox 420 2217 477 2244; x_wconf 89' lang='lat' dir='ltr'><strong>sive</strong></span> <span class='ocrx_word' id='word_1_378' title='bbox 497 2216 522 2242; x_wconf 95' lang='lat' dir='ltr'><strong>iu</strong></span> <span class='ocrx_word' id='word_1_379' title='bbox 541 2217 626 2242; x_wconf 78' lang='lat' dir='ltr'><strong>uteris</strong></span> <span class='ocrx_word' id='word_1_380' title='bbox 642 2220 756 2242; x_wconf 85' lang='lat' dir='ltr'><strong>matrum</strong></span> <span class='ocrx_word' id='word_1_381' title='bbox 773 2215 864 2242; x_wconf 79' lang='lat' dir='ltr'><strong>vivere</strong></span> <span class='ocrx_word' id='word_1_382' title='bbox 881 2217 902 2243; x_wconf 93' lang='lat' dir='ltr'><strong>D</strong></span> 
     </span>
    </p>
   </div>
   <div class='ocr_carea' id='block_1_52' title="bbox 69 2250 864 2287">
    <p class='ocr_par' dir='ltr' id='par_1_52' title="bbox 69 2250 864 2287">
     <span class='ocr_line' id='line_1_52' title="bbox 69 2250 864 2287; baseline -0.004 -7"><span class='ocrx_word' id='word_1_383' title='bbox 69 2250 216 2287; x_wconf 86' lang='lat' dir='ltr'><strong>incipiunt</strong></span> <span class='ocrx_word' id='word_1_384' title='bbox 233 2257 260 2278; x_wconf 85' lang='lat' dir='ltr'><strong>cl.</strong></span> <span class='ocrx_word' id='word_1_385' title='bbox 281 2253 316 2279; x_wconf 91' lang='lat' dir='ltr'><strong>ibi</strong></span> <span class='ocrx_word' id='word_1_386' title='bbox 334 2250 508 2287; x_wconf 74' lang='lat' dir='ltr'><strong>moriuntur,</strong></span> <span class='ocrx_word' id='word_1_387' title='bbox 524 2251 588 2287; x_wconf 19' lang='lat' dir='ltr'><strong>rsit’e</strong></span> <span class='ocrx_word' id='word_1_388' title='bbox 604 2258 664 2287; x_wconf 84' lang='lat' dir='ltr'><strong>cum</strong></span> <span class='ocrx_word' id='word_1_389' title='bbox 680 2250 864 2287; x_wconf 65' lang='lat' dir='ltr'><strong>«lentati-ibus</strong></span> 
     </span>
    </p>
   </div>
   <div class='ocr_carea' id='block_1_53' title="bbox 70 2285 863 2319">
    <p class='ocr_par' dir='ltr' id='par_1_53' title="bbox 70 2285 863 2319">
     <span class='ocr_line' id='line_1_53' title="bbox 70 2285 863 2319; baseline -0.005 -5"><span class='ocrx_word' id='word_1_390' title='bbox 70 2285 211 2315; x_wconf 43' lang='lat' dir='ltr'><strong>nati—sine</strong></span> <span class='ocrx_word' id='word_1_391' title='bbox 221 2291 394 2314; x_wconf 77' lang='lat' dir='ltr'><strong>sat-ramento</strong></span> <span class='ocrx_word' id='word_1_392' title='bbox 409 2287 437 2312; x_wconf 79' lang='lat' dir='ltr'><strong>S.</strong></span> <span class='ocrx_word' id='word_1_393' title='bbox 452 2286 630 2319; x_wconf 78' lang='lat' dir='ltr'><strong>Baptismatis</strong></span> <span class='ocrx_word' id='word_1_394' title='bbox 646 2285 727 2318; x_wconf 87' lang='lat' dir='ltr'><strong>(quml</strong></span> <span class='ocrx_word' id='word_1_395' title='bbox 743 2286 822 2311; x_wconf 88' lang='lat' dir='ltr'><strong>datur</strong></span> <span class='ocrx_word' id='word_1_396' title='bbox 839 2285 863 2311; x_wconf 92' lang='lat' dir='ltr'><strong>iu</strong></span> 
     </span>
    </p>
   </div>
   <div class='ocr_carea' id='block_1_54' title="bbox 71 2319 866 2355">
    <p class='ocr_par' dir='ltr' id='par_1_54' title="bbox 71 2319 866 2355">
     <span class='ocr_line' id='line_1_54' title="bbox 71 2319 866 2355; baseline -0.004 -6"><span class='ocrx_word' id='word_1_397' title='bbox 71 2323 190 2349; x_wconf 86' lang='lat' dir='ltr'><strong>nomine</strong></span> <span class='ocrx_word' id='word_1_398' title='bbox 214 2322 304 2348; x_wconf 82' lang='lat' dir='ltr'><strong>Patris</strong></span> <span class='ocrx_word' id='word_1_399' title='bbox 329 2326 356 2348; x_wconf 90' lang='lat' dir='ltr'><strong>et</strong></span> <span class='ocrx_word' id='word_1_400' title='bbox 373 2322 433 2348; x_wconf 80' lang='lat' dir='ltr'><strong>Filii</strong></span> <span class='ocrx_word' id='word_1_401' title='bbox 455 2327 479 2347; x_wconf 88' lang='lat' dir='ltr'><strong>et</strong></span> <span class='ocrx_word' id='word_1_402' title='bbox 501 2321 619 2354; x_wconf 77' lang='lat' dir='ltr'><strong>Spiritus</strong></span> <span class='ocrx_word' id='word_1_403' title='bbox 632 2319 745 2355; x_wconf 74' lang='lat' dir='ltr'><strong>Stltit&#39;ll),</strong></span> <span class='ocrx_word' id='word_1_404' title='bbox 765 2321 797 2346; x_wconf 89' lang='lat' dir='ltr'><strong>de</strong></span> <span class='ocrx_word' id='word_1_405' title='bbox 815 2320 866 2346; x_wconf 90' lang='lat' dir='ltr'><strong>hoc</strong></span> 
     </span>
    </p>
   </div>
   <div class='ocr_carea' id='block_1_55' title="bbox 71 2355 864 2391">
    <p class='ocr_par' dir='ltr' id='par_1_55' title="bbox 71 2355 864 2391">
     <span class='ocr_line' id='line_1_55' title="bbox 71 2355 864 2391; baseline -0.006 -7"><span class='ocrx_word' id='word_1_406' title='bbox 71 2358 181 2384; x_wconf 79' lang='lat' dir='ltr'><strong>s.l-culo</strong></span> <span class='ocrx_word' id='word_1_407' title='bbox 205 2362 357 2383; x_wconf 73' lang='lat' dir='ltr'><strong>transeunt.</strong></span> <span class='ocrx_word' id='word_1_408' title='bbox 384 2357 452 2391; x_wconf 80' lang='lat' dir='ltr'><strong>ignis</strong></span> <span class='ocrx_word' id='word_1_409' title='bbox 479 2355 572 2391; x_wconf 74' lang='lat' dir='ltr'><strong>a-tcrui</strong></span> <span class='ocrx_word' id='word_1_410' title='bbox 598 2355 729 2391; x_wconf 85' lang='lat' dir='ltr'><strong>supplicio</strong></span> <span class='ocrx_word' id='word_1_411' title='bbox 741 2355 864 2391; x_wconf 60' lang='lat' dir='ltr'><strong>punien-</strong></span> 
     </span>
    </p>
   </div>
   <div class='ocr_carea' id='block_1_56' title="bbox 71 2388 867 2423">
    <p class='ocr_par' dir='ltr' id='par_1_56' title="bbox 71 2388 867 2423">
     <span class='ocr_line' id='line_1_56' title="bbox 71 2388 867 2423; baseline -0.001 -7"><span class='ocrx_word' id='word_1_412' title='bbox 71 2394 136 2423; x_wconf 80' lang='lat' dir='ltr'><strong>dos,</strong></span> <span class='ocrx_word' id='word_1_413' title='bbox 154 2397 209 2418; x_wconf 85' lang='lat' dir='ltr'><strong>etc.</strong></span> <span class='ocrx_word' id='word_1_414' title='bbox 232 2401 240 2416; x_wconf 76' lang='grc' dir='ltr'><strong>ι</strong></span> <span class='ocrx_word' id='word_1_415' title='bbox 257 2391 295 2417; x_wconf 75' lang='lat' dir='ltr'><strong>Ex</strong></span> <span class='ocrx_word' id='word_1_416' title='bbox 315 2392 331 2417; x_wconf 94' lang='grc' dir='ltr'><strong>Ι.</strong></span> <span class='ocrx_word' id='word_1_417' title='bbox 348 2391 385 2417; x_wconf 87' lang='lat' dir='ltr'><strong>De</strong></span> <span class='ocrx_word' id='word_1_418' title='bbox 395 2388 455 2423; x_wconf 62' lang='grc' dir='ltr'>Ἰἰίιε</span> <span class='ocrx_word' id='word_1_419' title='bbox 471 2391 504 2416; x_wconf 82' lang='lat' dir='ltr'><strong>ad</strong></span> <span class='ocrx_word' id='word_1_420' title='bbox 522 2390 578 2416; x_wconf 75' lang='lat' dir='ltr'><strong>Pet.</strong></span> <span class='ocrx_word' id='word_1_421' title='bbox 594 2388 676 2420; x_wconf 48' lang='lat' dir='ltr'><strong>dimi,</strong></span> <span class='ocrx_word' id='word_1_422' title='bbox 693 2397 717 2416; x_wconf 90' lang='lat' dir='ltr'><strong>c.</strong></span> <span class='ocrx_word' id='word_1_423' title='bbox 733 2388 777 2415; x_wconf 68' lang='lat'><strong>27.</strong></span> <span class='ocrx_word' id='word_1_424' title='bbox 796 2390 867 2415; x_wconf 84' lang='lat' dir='ltr'><strong>Inte-</strong></span> 
     </span>
    </p>
   </div>
   <div class='ocr_carea' id='block_1_57' title="bbox 72 2424 864 2461">
    <p class='ocr_par' dir='ltr' id='par_1_57' title="bbox 72 2424 864 2461">
     <span class='ocr_line' id='line_1_57' title="bbox 72 2424 864 2461; baseline -0.004 -9"><span class='ocrx_word' id='word_1_425' title='bbox 72 2428 127 2453; x_wconf 85' lang='lat' dir='ltr'><strong>rim</strong></span> <span class='ocrx_word' id='word_1_426' title='bbox 144 2434 195 2460; x_wconf 82' lang='lat' dir='ltr'><strong>per</strong></span> <span class='ocrx_word' id='word_1_427' title='bbox 212 2427 373 2461; x_wconf 84' lang='lat' dir='ltr'><strong>uiarlyrium</strong></span> <span class='ocrx_word' id='word_1_428' title='bbox 397 2426 515 2460; x_wconf 70' lang='lat' dir='ltr'><strong>suppleri</strong></span> <span class='ocrx_word' id='word_1_429' title='bbox 534 2425 705 2461; x_wconf 63' lang='lat' dir='ltr'><strong>baptismatis</strong></span> <span class='ocrx_word' id='word_1_430' title='bbox 720 2424 864 2453; x_wconf 73' lang='lat' dir='ltr'><strong>(lelecluni,</strong></span> 
     </span>
    </p>
   </div>
   <div class='ocr_carea' id='block_1_58' title="bbox 71 2459 868 2494">
    <p class='ocr_par' dir='ltr' id='par_1_58' title="bbox 71 2459 868 2494">
     <span class='ocr_line' id='line_1_58' title="bbox 71 2459 868 2494; baseline -0.006 -6"><span class='ocrx_word' id='word_1_431' title='bbox 71 2459 235 2488; x_wconf 76' lang='lat' dir='ltr'><strong>statuerunt</strong></span> <span class='ocrx_word' id='word_1_432' title='bbox 254 2468 261 2486; x_wconf 89' lang='lat'><strong>:</strong></span> <span class='ocrx_word' id='word_1_433' title='bbox 276 2459 337 2487; x_wconf 67' lang='lat' dir='ltr'><strong>eod.</strong></span> <span class='ocrx_word' id='word_1_434' title='bbox 352 2462 383 2492; x_wconf 84' lang='lat'><strong>1.,</strong></span> <span class='ocrx_word' id='word_1_435' title='bbox 399 2459 458 2494; x_wconf 59' lang='lat' dir='ltr'><strong>cap.</strong></span> <span class='ocrx_word' id='word_1_436' title='bbox 475 2461 509 2487; x_wconf 76' lang='grc'><strong>50</strong></span> <span class='ocrx_word' id='word_1_437' title='bbox 523 2467 530 2485; x_wconf 87' lang='lat'>:</span> <span class='ocrx_word' id='word_1_438' title='bbox 545 2469 553 2483; x_wconf 79' lang='grc' dir='ltr'>ι</span> <span class='ocrx_word' id='word_1_439' title='bbox 572 2459 740 2485; x_wconf 73' lang='lat' dir='ltr'><strong>Firmissime</strong></span> <span class='ocrx_word' id='word_1_440' title='bbox 754 2463 824 2489; x_wconf 79' lang='lat' dir='ltr'><strong>leue,</strong></span> <span class='ocrx_word' id='word_1_441' title='bbox 840 2464 868 2484; x_wconf 90' lang='lat' dir='ltr'><strong>et</strong></span> 
     </span>
    </p>
   </div>
   <div class='ocr_carea' id='block_1_59' title="bbox 71 2494 868 2528">
    <p class='ocr_par' dir='ltr' id='par_1_59' title="bbox 71 2494 868 2528">
     <span class='ocr_line' id='line_1_59' title="bbox 71 2494 868 2528; baseline -0.006 -5"><span class='ocrx_word' id='word_1_442' title='bbox 71 2496 233 2523; x_wconf 83' lang='lat' dir='ltr'><strong>miliatcnus</strong></span> <span class='ocrx_word' id='word_1_443' title='bbox 257 2495 383 2528; x_wconf 79' lang='lat' dir='ltr'><strong>dubites,</strong></span> <span class='ocrx_word' id='word_1_444' title='bbox 398 2497 518 2528; x_wconf 72' lang='lat' dir='ltr'><strong>exreptis</strong></span> <span class='ocrx_word' id='word_1_445' title='bbox 542 2494 612 2527; x_wconf 82' lang='lat' dir='ltr'><strong>illis,</strong></span> <span class='ocrx_word' id='word_1_446' title='bbox 631 2495 676 2528; x_wconf 89' lang='lat' dir='ltr'><strong>qui</strong></span> <span class='ocrx_word' id='word_1_447' title='bbox 698 2501 746 2527; x_wconf 83' lang='lat' dir='ltr'><strong>pro</strong></span> <span class='ocrx_word' id='word_1_448' title='bbox 761 2494 868 2519; x_wconf 85' lang='lat' dir='ltr'><strong>uoiuine</strong></span> 
     </span>
    </p>
   </div>
   <div class='ocr_carea' id='block_1_60' title="bbox 72 2528 867 2564">
    <p class='ocr_par' dir='ltr' id='par_1_60' title="bbox 72 2528 867 2564">
     <span class='ocr_line' id='line_1_60' title="bbox 72 2528 867 2564; baseline -0.006 -6"><span class='ocrx_word' id='word_1_449' title='bbox 72 2531 181 2558; x_wconf 72' lang='lat' dir='ltr'><strong>Christi</strong></span> <span class='ocrx_word' id='word_1_450' title='bbox 199 2538 250 2557; x_wconf 84' lang='lat' dir='ltr'><strong>suo</strong></span> <span class='ocrx_word' id='word_1_451' title='bbox 263 2532 394 2564; x_wconf 80' lang='lat' dir='ltr'><strong>sanguine</strong></span> <span class='ocrx_word' id='word_1_452' title='bbox 411 2530 598 2564; x_wconf 81' lang='lat' dir='ltr'><strong>baptizantttr,</strong></span> <span class='ocrx_word' id='word_1_453' title='bbox 609 2529 714 2555; x_wconf 88' lang='lat' dir='ltr'><strong>nullum</strong></span> <span class='ocrx_word' id='word_1_454' title='bbox 732 2528 867 2564; x_wconf 82' lang='lat' dir='ltr'><strong>hominem</strong></span> 
     </span>
    </p>
   </div>
   <div class='ocr_carea' id='block_1_61' title="bbox 73 2563 869 2600">
    <p class='ocr_par' dir='ltr' id='par_1_61' title="bbox 73 2563 869 2600">
     <span class='ocr_line' id='line_1_61' title="bbox 73 2563 869 2600; baseline -0.005 -8"><span class='ocrx_word' id='word_1_455' title='bbox 73 2571 257 2600; x_wconf 82' lang='lat' dir='ltr'><strong>accepturum</strong></span> <span class='ocrx_word' id='word_1_456' title='bbox 284 2563 365 2591; x_wconf 69' lang='lat' dir='ltr'><strong>vitam</strong></span> <span class='ocrx_word' id='word_1_457' title='bbox 392 2563 532 2595; x_wconf 76' lang='lat' dir='ltr'><strong>:cternam,</strong></span> <span class='ocrx_word' id='word_1_458' title='bbox 549 2565 594 2598; x_wconf 93' lang='lat' dir='ltr'><strong>qui</strong></span> <span class='ocrx_word' id='word_1_459' title='bbox 619 2572 671 2590; x_wconf 84' lang='lat' dir='ltr'><strong>nun</strong></span> <span class='ocrx_word' id='word_1_460' title='bbox 693 2563 737 2590; x_wconf 90' lang='lat' dir='ltr'><strong>hic</strong></span> <span class='ocrx_word' id='word_1_461' title='bbox 759 2571 773 2589; x_wconf 91' lang='lat' dir='ltr'><strong>a</strong></span> <span class='ocrx_word' id='word_1_462' title='bbox 791 2563 869 2589; x_wconf 87' lang='lat' dir='ltr'><strong>malis</strong></span> 
     </span>
    </p>
   </div>
   <div class='ocr_carea' id='block_1_62' title="bbox 72 2599 869 2634">
    <p class='ocr_par' dir='ltr' id='par_1_62' title="bbox 72 2599 869 2634">
     <span class='ocr_line' id='line_1_62' title="bbox 72 2599 869 2634; baseline -0.006 -6"><span class='ocrx_word' id='word_1_463' title='bbox 72 2602 136 2628; x_wconf 86' lang='lat' dir='ltr'><strong>suis</strong></span> <span class='ocrx_word' id='word_1_464' title='bbox 147 2600 232 2627; x_wconf 79' lang='lat' dir='ltr'><strong>fuerit</strong></span> <span class='ocrx_word' id='word_1_465' title='bbox 251 2607 299 2634; x_wconf 81' lang='lat' dir='ltr'><strong>per</strong></span> <span class='ocrx_word' id='word_1_466' title='bbox 313 2599 503 2634; x_wconf 72' lang='lat' dir='ltr'><strong>pteuitentiam</strong></span> <span class='ocrx_word' id='word_1_467' title='bbox 521 2600 654 2634; x_wconf 82' lang='lat' dir='ltr'><strong>ﬁdemque</strong></span> <span class='ocrx_word' id='word_1_468' title='bbox 668 2605 828 2629; x_wconf 77' lang='lat' dir='ltr'><strong>conversus,</strong></span> <span class='ocrx_word' id='word_1_469' title='bbox 842 2602 869 2624; x_wconf 90' lang='lat' dir='ltr'><strong>et</strong></span> 
     </span>
    </p>
   </div>
   <div class='ocr_carea' id='block_1_63' title="bbox 73 2633 867 2670">
    <p class='ocr_par' dir='ltr' id='par_1_63' title="bbox 73 2633 867 2670">
     <span class='ocr_line' id='line_1_63' title="bbox 73 2633 867 2670; baseline -0.004 -9"><span class='ocrx_word' id='word_1_470' title='bbox 73 2643 127 2670; x_wconf 86' lang='lat' dir='ltr'><strong>per</strong></span> <span class='ocrx_word' id='word_1_471' title='bbox 144 2633 348 2662; x_wconf 74' lang='lat' dir='ltr'><strong>sacramentum</strong></span> <span class='ocrx_word' id='word_1_472' title='bbox 375 2634 436 2661; x_wconf 87' lang='lat' dir='ltr'><strong>Iidci</strong></span> <span class='ocrx_word' id='word_1_473' title='bbox 462 2639 488 2670; x_wconf 73' lang='lat' dir='ltr'><strong>et</strong></span> <span class='ocrx_word' id='word_1_474' title='bbox 512 2633 687 2668; x_wconf 68' lang='lat' dir='ltr'><strong>pmnitcntize,</strong></span> <span class='ocrx_word' id='word_1_475' title='bbox 705 2633 731 2670; x_wconf 81' lang='lat' dir='ltr'><strong>id</strong></span> <span class='ocrx_word' id='word_1_476' title='bbox 759 2637 867 2670; x_wconf 83' lang='lat' dir='ltr'><strong>est_pe_r</strong></span> 
     </span>
    </p>
   </div>
   <div class='ocr_carea' id='block_1_64' title="bbox 79 2667 870 2704">
    <p class='ocr_par' dir='ltr' id='par_1_64' title="bbox 79 2667 870 2704">
     <span class='ocr_line' id='line_1_64' title="bbox 79 2667 870 2704; baseline -0.004 -8"><span class='ocrx_word' id='word_1_477' title='bbox 79 2671 265 2704; x_wconf 84' lang='lat' dir='ltr'><strong>Baptismum,</strong></span> <span class='ocrx_word' id='word_1_478' title='bbox 282 2670 422 2696; x_wconf 73' lang='lat' dir='ltr'><strong>liberalius.</strong></span> <span class='ocrx_word' id='word_1_479' title='bbox 443 2678 451 2694; x_wconf 83' lang='grc' dir='ltr'><strong>ι</strong></span> <span class='ocrx_word' id='word_1_480' title='bbox 468 2667 623 2696; x_wconf 78' lang='lat' dir='ltr'><strong>Gennadius</strong></span> <span class='ocrx_word' id='word_1_481' title='bbox 635 2669 729 2702; x_wconf 68' lang='lat' dir='ltr'><strong>paucis</strong></span> <span class='ocrx_word' id='word_1_482' title='bbox 744 2678 765 2704; x_wconf 23' lang='grc' dir='ltr'><strong>ευ</strong></span> <span class='ocrx_word' id='word_1_483' title='bbox 777 2676 786 2692; x_wconf 77' lang='grc' dir='ltr'><strong>ι</strong></span> <span class='ocrx_word' id='word_1_484' title='bbox 805 2667 870 2693; x_wconf 74' lang='lat' dir='ltr'><strong>Nul-</strong></span> 
     </span>
    </p>
   </div>
   <div class='ocr_carea' id='block_1_65' title="bbox 75 2702 870 2738">
    <p class='ocr_par' dir='ltr' id='par_1_65' title="bbox 75 2702 870 2738">
     <span class='ocr_line' id='line_1_65' title="bbox 75 2702 870 2738; baseline -0.004 -7"><span class='ocrx_word' id='word_1_485' title='bbox 75 2702 133 2731; x_wconf 84' lang='lat' dir='ltr'><strong>lum</strong></span> <span class='ocrx_word' id='word_1_486' title='bbox 149 2705 379 2732; x_wconf 81' lang='lat' dir='ltr'><strong>catecbumeuum</strong></span> <span class='ocrx_word' id='word_1_487' title='bbox 390 2725 397 2737; x_wconf 84' lang='lat'><strong>,</strong></span> <span class='ocrx_word' id='word_1_488' title='bbox 414 2704 538 2738; x_wconf 75' lang='lat' dir='ltr'><strong>quamvis</strong></span> <span class='ocrx_word' id='word_1_489' title='bbox 552 2704 577 2729; x_wconf 91' lang='lat' dir='ltr'><strong>in</strong></span> <span class='ocrx_word' id='word_1_490' title='bbox 592 2704 669 2730; x_wconf 91' lang='lat' dir='ltr'><strong>bonis</strong></span> <span class='ocrx_word' id='word_1_491' title='bbox 683 2702 810 2736; x_wconf 78' lang='lat' dir='ltr'><strong>operibus</strong></span> <span class='ocrx_word' id='word_1_492' title='bbox 824 2703 870 2729; x_wconf 89' lang='lat' dir='ltr'><strong>de-</strong></span> 
     </span>
    </p>
   </div>
   <div class='ocr_carea' id='block_1_66' title="bbox 76 2738 870 2771">
    <p class='ocr_par' dir='ltr' id='par_1_66' title="bbox 76 2738 870 2771">
     <span class='ocr_line' id='line_1_66' title="bbox 76 2738 870 2771; baseline -0.003 -6"><span class='ocrx_word' id='word_1_493' title='bbox 76 2741 218 2771; x_wconf 75' lang='lat' dir='ltr'><strong>functum,</strong></span> <span class='ocrx_word' id='word_1_494' title='bbox 237 2741 320 2765; x_wconf 82' lang='lat' dir='ltr'><strong>vitam</strong></span> <span class='ocrx_word' id='word_1_495' title='bbox 336 2745 463 2765; x_wconf 73' lang='lat' dir='ltr'><strong>:cteruam</strong></span> <span class='ocrx_word' id='word_1_496' title='bbox 480 2738 579 2765; x_wconf 77' lang='lat' dir='ltr'><strong>habere</strong></span> <span class='ocrx_word' id='word_1_497' title='bbox 592 2739 740 2770; x_wconf 83' lang='lat' dir='ltr'><strong>credimus,</strong></span> <span class='ocrx_word' id='word_1_498' title='bbox 756 2742 870 2771; x_wconf 78' lang='lat' dir='ltr'><strong>excepto</strong></span> 
     </span>
    </p>
   </div>
   <div class='ocr_carea' id='block_1_67' title="bbox 76 2773 867 2809">
    <p class='ocr_par' dir='ltr' id='par_1_67' title="bbox 76 2773 867 2809">
     <span class='ocr_line' id='line_1_67' title="bbox 76 2773 867 2809; baseline -0.004 -8"><span class='ocrx_word' id='word_1_499' title='bbox 76 2775 225 2809; x_wconf 76' lang='lat' dir='ltr'><strong>martyrio,</strong></span> <span class='ocrx_word' id='word_1_500' title='bbox 237 2774 281 2800; x_wconf 91' lang='lat' dir='ltr'><strong>ubi</strong></span> <span class='ocrx_word' id='word_1_501' title='bbox 291 2779 346 2799; x_wconf 84' lang='lat' dir='ltr'><strong>tota</strong></span> <span class='ocrx_word' id='word_1_502' title='bbox 358 2774 481 2808; x_wconf 80' lang='lat' dir='ltr'><strong>baptismi</strong></span> <span class='ocrx_word' id='word_1_503' title='bbox 491 2773 850 2809; x_wconf 14' lang='lat' dir='ltr'><strong>suorumet]tarcompl‘entur.</strong></span> <span class='ocrx_word' id='word_1_504' title='bbox 859 2782 867 2797; x_wconf 85' lang='lat' dir='ltr'><strong>I</strong></span> 
     </span>
    </p>
   </div>
   <div class='ocr_carea' id='block_1_68' title="bbox 82 2807 869 2842">
    <p class='ocr_par' dir='ltr' id='par_1_68' title="bbox 82 2807 869 2842">
     <span class='ocr_line' id='line_1_68' title="bbox 82 2807 869 2842; baseline -0.004 -6"><span class='ocrx_word' id='word_1_505' title='bbox 82 2807 212 2837; x_wconf 39' lang='lat' dir='ltr'><strong>LibIDe</strong></span> <span class='ocrx_word' id='word_1_506' title='bbox 235 2810 325 2842; x_wconf 85' lang='lat' dir='ltr'><strong>dogm.</strong></span> <span class='ocrx_word' id='word_1_507' title='bbox 353 2807 428 2838; x_wconf 68' lang='lat' dir='ltr'><strong>ccciu</strong></span> <span class='ocrx_word' id='word_1_508' title='bbox 453 2817 511 2842; x_wconf 89' lang='lat' dir='ltr'><strong>cap.</strong></span> <span class='ocrx_word' id='word_1_509' title='bbox 531 2808 574 2835; x_wconf 73' lang='grc' dir='ltr'><strong>Ἠ.</strong></span> <span class='ocrx_word' id='word_1_510' title='bbox 597 2808 698 2834; x_wconf 79' lang='lat' dir='ltr'><strong>Cunl&#39;er</strong></span> <span class='ocrx_word' id='word_1_511' title='bbox 717 2807 816 2842; x_wconf 74' lang='lat' dir='ltr'><strong>Ol‘igt&#39;u</strong></span> <span class='ocrx_word' id='word_1_512' title='bbox 844 2807 869 2834; x_wconf 89' lang='lat' dir='ltr'><strong>in</strong></span> 
     </span>
    </p>
   </div>
   <div class='ocr_carea' id='block_1_69' title="bbox 78 2843 747 2878">
    <p class='ocr_par' dir='ltr' id='par_1_69' title="bbox 78 2843 747 2878">
     <span class='ocr_line' id='line_1_69' title="bbox 78 2843 747 2878; baseline -0.001 -7"><span class='ocrx_word' id='word_1_513' title='bbox 78 2845 148 2872; x_wconf 88' lang='lat' dir='ltr'><strong>Luc.</strong></span> <span class='ocrx_word' id='word_1_514' title='bbox 169 2851 231 2878; x_wconf 77' lang='lat' dir='ltr'><strong>cap.</strong></span> <span class='ocrx_word' id='word_1_515' title='bbox 248 2851 278 2877; x_wconf 85' lang='grc' dir='ltr'><strong>ιι,</strong></span> <span class='ocrx_word' id='word_1_516' title='bbox 296 2844 389 2872; x_wconf 88' lang='lat' dir='ltr'><strong>homil.</strong></span> <span class='ocrx_word' id='word_1_517' title='bbox 409 2843 452 2876; x_wconf 76' lang='grc' dir='ltr'>Μ,</span> <span class='ocrx_word' id='word_1_518' title='bbox 468 2843 538 2870; x_wconf 86' lang='lat' dir='ltr'><strong>med.</strong></span> <span class='ocrx_word' id='word_1_519' title='bbox 556 2843 747 2870; x_wconf 73' lang='lat' dir='ltr'><strong>Wrzrsrsmus.</strong></span> 
     </span>
    </p>
   </div>
   <div class='ocr_carea' id='block_1_70' title="bbox 643 1925 902 1958">
    <p class='ocr_par' dir='ltr' id='par_1_70' title="bbox 643 1925 902 1958">
     <span class='ocr_line' id='line_1_70' title="bbox 643 1925 902 1958; baseline -0.004 -6"><span class='ocrx_word' id='word_1_520' title='bbox 643 1926 665 1942; x_wconf 82' lang='grc'><strong>⁸³</strong></span> <span class='ocrx_word' id='word_1_521' title='bbox 682 1925 777 1953; x_wconf 82' lang='lat' dir='ltr'><strong>Matth.</strong></span> <span class='ocrx_word' id='word_1_522' title='bbox 790 1925 902 1958; x_wconf 65' lang='lat'><strong>“1,”.</strong></span> 
     </span>
    </p>
   </div>
   <div class='ocr_carea' id='block_1_71' title="bbox 906 234 1689 271">
    <p class='ocr_par' dir='ltr' id='par_1_71' title="bbox 906 234 1689 271">
     <span class='ocr_line' id='line_1_71' title="bbox 906 234 1689 271; baseline -0.001 -9"><span class='ocrx_word' id='word_1_523' title='bbox 906 240 1094 271; x_wconf 82' lang='lat' dir='ltr'><strong>peccatorum,</strong></span> <span class='ocrx_word' id='word_1_524' title='bbox 1122 237 1170 262; x_wconf 66' lang='lat' dir='ltr'><strong>Sed</strong></span> <span class='ocrx_word' id='word_1_525' title='bbox 1189 234 1282 262; x_wconf 89' lang='lat' dir='ltr'><strong>datum</strong></span> <span class='ocrx_word' id='word_1_526' title='bbox 1307 235 1386 262; x_wconf 91' lang='lat' dir='ltr'><strong>nobis</strong></span> <span class='ocrx_word' id='word_1_527' title='bbox 1409 240 1470 262; x_wconf 88' lang='lat' dir='ltr'><strong>esse</strong></span> <span class='ocrx_word' id='word_1_528' title='bbox 1492 234 1615 269; x_wconf 78' lang='lat' dir='ltr'><strong>martyrii</strong></span> <span class='ocrx_word' id='word_1_529' title='bbox 1640 235 1689 261; x_wconf 83' lang='lat' dir='ltr'><strong>ba-</strong></span> 
     </span>
    </p>
   </div>
   <div class='ocr_carea' id='block_1_72' title="bbox 906 280 1691 317">
    <p class='ocr_par' dir='ltr' id='par_1_72' title="bbox 906 280 1691 317">
     <span class='ocr_line' id='line_1_72' title="bbox 906 280 1691 317; baseline 0 -9"><span class='ocrx_word' id='word_1_530' title='bbox 906 281 1023 317; x_wconf 84' lang='lat' dir='ltr'><strong>ptisma;</strong></span> <span class='ocrx_word' id='word_1_531' title='bbox 1044 281 1084 310; x_wconf 85' lang='lat' dir='ltr'><strong>sic</strong></span> <span class='ocrx_word' id='word_1_532' title='bbox 1102 282 1173 309; x_wconf 88' lang='lat' dir='ltr'><strong>enim</strong></span> <span class='ocrx_word' id='word_1_533' title='bbox 1192 286 1313 314; x_wconf 85' lang='lat' dir='ltr'><strong>vocatur,</strong></span> <span class='ocrx_word' id='word_1_534' title='bbox 1334 285 1363 308; x_wconf 88' lang='lat' dir='ltr'><strong>ut</strong></span> <span class='ocrx_word' id='word_1_535' title='bbox 1376 289 1408 309; x_wconf 83' lang='lat' dir='ltr'><strong>ex</strong></span> <span class='ocrx_word' id='word_1_536' title='bbox 1428 280 1550 315; x_wconf 83' lang='lat' dir='ltr'><strong>eo&#39;patet</strong></span> <span class='ocrx_word' id='word_1_537' title='bbox 1562 281 1633 314; x_wconf 90' lang='lat' dir='ltr'><strong>quod</strong></span> <span class='ocrx_word' id='word_1_538' title='bbox 1647 280 1691 308; x_wconf 86' lang='lat' dir='ltr'><strong>his</strong></span> 
     </span>
    </p>
   </div>
   <div class='ocr_carea' id='block_1_73' title="bbox 907 325 1687 360">
    <p class='ocr_par' dir='ltr' id='par_1_73' title="bbox 907 325 1687 360">
     <span class='ocr_line' id='line_1_73' title="bbox 907 325 1687 360; baseline -0.001 -7"><span class='ocrx_word' id='word_1_539' title='bbox 907 326 1015 353; x_wconf 74' lang='lat' dir='ltr'><strong>verbis:</strong></span> <span class='ocrx_word' id='word_1_540' title='bbox 1031 335 1041 352; x_wconf 76' lang='grc' dir='ltr'>ι</span> <span class='ocrx_word' id='word_1_541' title='bbox 1062 325 1176 353; x_wconf 85' lang='lat' dir='ltr'><strong>Potestis</strong></span> <span class='ocrx_word' id='word_1_542' title='bbox 1191 325 1283 353; x_wconf 83' lang='lat' dir='ltr'><strong>bibere</strong></span> <span class='ocrx_word' id='word_1_543' title='bbox 1293 325 1404 354; x_wconf 77' lang='lat' dir='ltr'><strong>calicem</strong></span> <span class='ocrx_word' id='word_1_544' title='bbox 1418 333 1497 360; x_wconf 82' lang='lat' dir='ltr'><strong>quem</strong></span> <span class='ocrx_word' id='word_1_545' title='bbox 1515 333 1565 359; x_wconf 78' lang='lat' dir='ltr'><strong>ego</strong></span> <span class='ocrx_word' id='word_1_546' title='bbox 1578 325 1659 353; x_wconf 77' lang='lat' dir='ltr'><strong>bibo?</strong></span> <span class='ocrx_word' id='word_1_547' title='bbox 1677 335 1687 352; x_wconf 73' lang='grc' dir='ltr'>ι</span> 
     </span>
    </p>
   </div>
   <div class='ocr_carea' id='block_1_74' title="bbox 909 371 1690 407">
    <p class='ocr_par' dir='ltr' id='par_1_74' title="bbox 909 371 1690 407">
     <span class='ocr_line' id='line_1_74' title="bbox 909 371 1690 407; baseline -0.003 -7"><span class='ocrx_word' id='word_1_548' title='bbox 909 371 1101 406; x_wconf 79' lang='lat' dir='ltr'><strong>subiungitur:</strong></span> <span class='ocrx_word' id='word_1_549' title='bbox 1122 381 1132 398; x_wconf 86' lang='grc'><strong><em>‹</em></strong></span> <span class='ocrx_word' id='word_1_550' title='bbox 1158 372 1213 399; x_wconf 80' lang='lat' dir='ltr'><strong>Aut</strong></span> <span class='ocrx_word' id='word_1_551' title='bbox 1244 372 1378 406; x_wconf 86' lang='lat' dir='ltr'><strong>baptismo</strong></span> <span class='ocrx_word' id='word_1_552' title='bbox 1401 379 1454 406; x_wconf 91' lang='lat' dir='ltr'><strong>quo</strong></span> <span class='ocrx_word' id='word_1_553' title='bbox 1471 379 1521 406; x_wconf 77' lang='lat' dir='ltr'><strong>ego</strong></span> <span class='ocrx_word' id='word_1_554' title='bbox 1550 372 1690 407; x_wconf 81' lang='lat' dir='ltr'><strong>baptizor,</strong></span> 
     </span>
    </p>
   </div>
   <div class='ocr_carea' id='block_1_75' title="bbox 907 417 1690 454">
    <p class='ocr_par' dir='ltr' id='par_1_75' title="bbox 907 417 1690 454">
     <span class='ocr_line' id='line_1_75' title="bbox 907 417 1690 454; baseline 0 -9"><span class='ocrx_word' id='word_1_555' title='bbox 907 418 1091 452; x_wconf 78' lang='lat' dir='ltr'><strong>baptizari“?</strong></span> <span class='ocrx_word' id='word_1_556' title='bbox 1108 427 1119 443; x_wconf 78' lang='grc' dir='ltr'><strong>ι</strong></span> <span class='ocrx_word' id='word_1_557' title='bbox 1145 417 1214 445; x_wconf 87' lang='lat' dir='ltr'><strong>Alibi</strong></span> <span class='ocrx_word' id='word_1_558' title='bbox 1235 417 1316 444; x_wconf 90' lang='lat' dir='ltr'><strong>etiam</strong></span> <span class='ocrx_word' id='word_1_559' title='bbox 1333 417 1433 444; x_wconf 89' lang='lat' dir='ltr'><strong>dictum</strong></span> <span class='ocrx_word' id='word_1_560' title='bbox 1450 423 1510 446; x_wconf 88' lang='lat' dir='ltr'><strong>est:</strong></span> <span class='ocrx_word' id='word_1_561' title='bbox 1528 426 1536 443; x_wconf 77' lang='grc' dir='ltr'>ι</span> <span class='ocrx_word' id='word_1_562' title='bbox 1552 418 1690 454; x_wconf 85' lang='lat' dir='ltr'><strong>Baptismo</strong></span> 
     </span>
    </p>
   </div>
   <div class='ocr_carea' id='block_1_76' title="bbox 908 462 1690 497">
    <p class='ocr_par' dir='ltr' id='par_1_76' title="bbox 908 462 1690 497">
     <span class='ocr_line' id='line_1_76' title="bbox 908 462 1690 497; baseline -0.003 -7"><span class='ocrx_word' id='word_1_563' title='bbox 908 463 996 490; x_wconf 82' lang='lat' dir='ltr'><strong>habeo</strong></span> <span class='ocrx_word' id='word_1_564' title='bbox 1024 462 1155 497; x_wconf 77' lang='lat' dir='ltr'><strong>baptizari</strong></span> <span class='ocrx_word' id='word_1_565' title='bbox 1177 467 1205 489; x_wconf 89' lang='lat' dir='ltr'><strong>et</strong></span> <span class='ocrx_word' id='word_1_566' title='bbox 1222 462 1357 496; x_wconf 88' lang='lat' dir='ltr'><strong>quomodo</strong></span> <span class='ocrx_word' id='word_1_567' title='bbox 1372 467 1497 490; x_wconf 88' lang='lat' dir='ltr'><strong>coarctor</strong></span> <span class='ocrx_word' id='word_1_568' title='bbox 1523 470 1608 496; x_wconf 84' lang='lat' dir='ltr'><strong>usque</strong></span> <span class='ocrx_word' id='word_1_569' title='bbox 1627 463 1690 489; x_wconf 87' lang='lat' dir='ltr'><strong>dum</strong></span> 
     </span>
    </p>
   </div>
   <div class='ocr_carea' id='block_1_77' title="bbox 911 508 1691 544">
    <p class='ocr_par' dir='ltr' id='par_1_77' title="bbox 911 508 1691 544">
     <span class='ocr_line' id='line_1_77' title="bbox 911 508 1691 544; baseline -0.003 -8"><span class='ocrx_word' id='word_1_570' title='bbox 911 509 1070 544; x_wconf 90' lang='lat' dir='ltr'><strong>perﬁciatur</strong></span> <span class='ocrx_word' id='word_1_571' title='bbox 1078 509 1121 536; x_wconf 69' lang='lat'><strong>“‘1</strong></span> <span class='ocrx_word' id='word_1_572' title='bbox 1138 517 1147 534; x_wconf 75' lang='grc' dir='ltr'>ι</span> <span class='ocrx_word' id='word_1_573' title='bbox 1160 508 1275 536; x_wconf 88' lang='lat' dir='ltr'><strong>Attende</strong></span> <span class='ocrx_word' id='word_1_574' title='bbox 1292 508 1374 535; x_wconf 87' lang='lat' dir='ltr'><strong>etiam</strong></span> <span class='ocrx_word' id='word_1_575' title='bbox 1387 515 1451 534; x_wconf 86' lang='lat' dir='ltr'><strong>num</strong></span> <span class='ocrx_word' id='word_1_576' title='bbox 1465 508 1587 542; x_wconf 85' lang='lat' dir='ltr'><strong>martyrii</strong></span> <span class='ocrx_word' id='word_1_577' title='bbox 1606 508 1691 534; x_wconf 88' lang='lat' dir='ltr'><strong>nostri</strong></span> 
     </span>
    </p>
   </div>
   <div class='ocr_carea' id='block_1_78' title="bbox 909 552 1690 589">
    <p class='ocr_par' dir='ltr' id='par_1_78' title="bbox 909 552 1690 589">
     <span class='ocr_line' id='line_1_78' title="bbox 909 552 1690 589; baseline -0.003 -8"><span class='ocrx_word' id='word_1_578' title='bbox 909 555 1059 589; x_wconf 86' lang='lat' dir='ltr'><strong>baptisma,</strong></span> <span class='ocrx_word' id='word_1_579' title='bbox 1083 558 1112 581; x_wconf 91' lang='lat' dir='ltr'><strong>ut</strong></span> <span class='ocrx_word' id='word_1_580' title='bbox 1134 553 1198 581; x_wconf 88' lang='lat' dir='ltr'><strong>illud</strong></span> <span class='ocrx_word' id='word_1_581' title='bbox 1223 553 1323 581; x_wconf 88' lang='lat' dir='ltr'><strong>Christi</strong></span> <span class='ocrx_word' id='word_1_582' title='bbox 1349 553 1441 580; x_wconf 90' lang='lat' dir='ltr'><strong>mundi</strong></span> <span class='ocrx_word' id='word_1_583' title='bbox 1473 553 1596 588; x_wconf 78' lang='lat' dir='ltr'><strong>purgatio</strong></span> <span class='ocrx_word' id='word_1_584' title='bbox 1628 552 1690 585; x_wconf 77' lang='lat' dir='ltr'><strong>fuit.</strong></span> 
     </span>
    </p>
   </div>
   <div class='ocr_carea' id='block_1_79' title="bbox 909 598 1687 633">
    <p class='ocr_par' dir='ltr' id='par_1_79' title="bbox 909 598 1687 633">
     <span class='ocr_line' id='line_1_79' title="bbox 909 598 1687 633; baseline -0.003 -6"><span class='ocrx_word' id='word_1_585' title='bbox 909 600 1055 627; x_wconf 88' lang='lat' dir='ltr'><strong>multorum</strong></span> <span class='ocrx_word' id='word_1_586' title='bbox 1071 599 1106 627; x_wconf 88' lang='lat' dir='ltr'><strong>sit</strong></span> <span class='ocrx_word' id='word_1_587' title='bbox 1121 600 1202 627; x_wconf 87' lang='lat' dir='ltr'><strong>etiam</strong></span> <span class='ocrx_word' id='word_1_588' title='bbox 1217 599 1263 633; x_wconf 90' lang='lat' dir='ltr'><strong>qui</strong></span> <span class='ocrx_word' id='word_1_589' title='bbox 1277 606 1326 633; x_wconf 87' lang='lat' dir='ltr'><strong>per</strong></span> <span class='ocrx_word' id='word_1_590' title='bbox 1339 598 1365 625; x_wconf 91' lang='lat' dir='ltr'><strong>id</strong></span> <span class='ocrx_word' id='word_1_591' title='bbox 1381 599 1539 629; x_wconf 86' lang='lat' dir='ltr'><strong>lustrentur,</strong></span> <span class='ocrx_word' id='word_1_592' title='bbox 1556 598 1687 632; x_wconf 77' lang='lat' dir='ltr'><strong>purgatio.</strong></span> 
     </span>
    </p>
   </div>
   <div class='ocr_carea' id='block_1_80' title="bbox 909 642 1693 679">
    <p class='ocr_par' dir='ltr' id='par_1_80' title="bbox 909 642 1693 679">
     <span class='ocr_line' id='line_1_80' title="bbox 909 642 1693 679; baseline -0.005 -7"><span class='ocrx_word' id='word_1_593' title='bbox 909 645 945 673; x_wconf 90' lang='lat' dir='ltr'><strong>Ut</strong></span> <span class='ocrx_word' id='word_1_594' title='bbox 963 644 1034 672; x_wconf 90' lang='lat' dir='ltr'><strong>enim</strong></span> <span class='ocrx_word' id='word_1_595' title='bbox 1053 644 1098 679; x_wconf 88' lang='lat' dir='ltr'><strong>qui</strong></span> <span class='ocrx_word' id='word_1_596' title='bbox 1122 644 1269 671; x_wconf 88' lang='lat' dir='ltr'><strong>secundum</strong></span> <span class='ocrx_word' id='word_1_597' title='bbox 1296 643 1394 678; x_wconf 85' lang='lat' dir='ltr'><strong>Moysis</strong></span> <span class='ocrx_word' id='word_1_598' title='bbox 1418 642 1504 677; x_wconf 81' lang='lat' dir='ltr'><strong>legem</strong></span> <span class='ocrx_word' id='word_1_599' title='bbox 1529 642 1693 669; x_wconf 81' lang='lat' dir='ltr'><strong>assistebant</strong></span> 
     </span>
    </p>
   </div>
   <div class='ocr_carea' id='block_1_81' title="bbox 908 689 1693 726">
    <p class='ocr_par' dir='ltr' id='par_1_81' title="bbox 908 689 1693 726">
     <span class='ocr_line' id='line_1_81' title="bbox 908 689 1693 726; baseline -0.001 -9"><span class='ocrx_word' id='word_1_600' title='bbox 908 690 988 718; x_wconf 83' lang='lat' dir='ltr'><strong>altari</strong></span> <span class='ocrx_word' id='word_1_601' title='bbox 1008 698 1057 726; x_wconf 88' lang='lat' dir='ltr'><strong>per</strong></span> <span class='ocrx_word' id='word_1_602' title='bbox 1067 690 1227 725; x_wconf 81' lang='lat' dir='ltr'><strong>sanguinem</strong></span> <span class='ocrx_word' id='word_1_603' title='bbox 1244 694 1384 717; x_wconf 84' lang='lat' dir='ltr'><strong>taurorum</strong></span> <span class='ocrx_word' id='word_1_604' title='bbox 1396 694 1423 717; x_wconf 89' lang='lat' dir='ltr'><strong>et</strong></span> <span class='ocrx_word' id='word_1_605' title='bbox 1441 690 1580 717; x_wconf 84' lang='lat' dir='ltr'><strong>hircorum</strong></span> <span class='ocrx_word' id='word_1_606' title='bbox 1598 689 1693 716; x_wconf 87' lang='lat' dir='ltr'><strong>remis-</strong></span> 
     </span>
    </p>
   </div>
   <div class='ocr_carea' id='block_1_82' title="bbox 909 734 1695 770">
    <p class='ocr_par' dir='ltr' id='par_1_82' title="bbox 909 734 1695 770">
     <span class='ocr_line' id='line_1_82' title="bbox 909 734 1695 770; baseline -0.004 -6"><span class='ocrx_word' id='word_1_607' title='bbox 909 737 1011 764; x_wconf 80' lang='lat' dir='ltr'><strong>sionem</strong></span> <span class='ocrx_word' id='word_1_608' title='bbox 1046 735 1202 764; x_wconf 84' lang='lat' dir='ltr'><strong>ininistrare</strong></span> <span class='ocrx_word' id='word_1_609' title='bbox 1228 739 1399 770; x_wconf 85' lang='lat' dir='ltr'><strong>peccatorum</strong></span> <span class='ocrx_word' id='word_1_610' title='bbox 1436 735 1616 768; x_wconf 87' lang='lat' dir='ltr'><strong>videbantur;</strong></span> <span class='ocrx_word' id='word_1_611' title='bbox 1653 734 1695 762; x_wconf 83' lang='lat' dir='ltr'><strong>sic</strong></span> 
     </span>
    </p>
   </div>
   <div class='ocr_carea' id='block_1_83' title="bbox 909 780 1693 816">
    <p class='ocr_par' dir='ltr' id='par_1_83' title="bbox 909 780 1693 816">
     <span class='ocr_line' id='line_1_83' title="bbox 909 780 1693 816; baseline 0 -8"><span class='ocrx_word' id='word_1_612' title='bbox 909 789 1003 810; x_wconf 84' lang='lat' dir='ltr'><strong>eorum</strong></span> <span class='ocrx_word' id='word_1_613' title='bbox 1024 781 1122 809; x_wconf 72' lang='lat' dir='ltr'><strong>animae</strong></span> <span class='ocrx_word' id='word_1_614' title='bbox 1133 782 1178 815; x_wconf 91' lang='lat' dir='ltr'><strong>qui</strong></span> <span class='ocrx_word' id='word_1_615' title='bbox 1191 786 1302 816; x_wconf 87' lang='lat' dir='ltr'><strong>propter</strong></span> <span class='ocrx_word' id='word_1_616' title='bbox 1317 781 1501 808; x_wconf 83' lang='lat' dir='ltr'><strong>testimonium</strong></span> <span class='ocrx_word' id='word_1_617' title='bbox 1524 780 1587 808; x_wconf 72' lang='lat' dir='ltr'><strong>Iesu</strong></span> <span class='ocrx_word' id='word_1_618' title='bbox 1604 780 1693 808; x_wconf 88' lang='lat' dir='ltr'><strong>securi</strong></span> 
     </span>
    </p>
   </div>
   <div class='ocr_carea' id='block_1_84' title="bbox 909 825 1693 862">
    <p class='ocr_par' dir='ltr' id='par_1_84' title="bbox 909 825 1693 862">
     <span class='ocr_line' id='line_1_84' title="bbox 909 825 1693 862; baseline -0.003 -8"><span class='ocrx_word' id='word_1_619' title='bbox 909 827 1029 862; x_wconf 81' lang='lat' dir='ltr'><strong>percussi</strong></span> <span class='ocrx_word' id='word_1_620' title='bbox 1053 831 1127 859; x_wconf 89' lang='lat' dir='ltr'><strong>sunt,</strong></span> <span class='ocrx_word' id='word_1_621' title='bbox 1153 827 1256 855; x_wconf 72' lang='lat' dir='ltr'><strong>cmlesti</strong></span> <span class='ocrx_word' id='word_1_622' title='bbox 1281 828 1358 854; x_wconf 78' lang='lat' dir='ltr'><strong>altari</strong></span> <span class='ocrx_word' id='word_1_623' title='bbox 1384 835 1437 854; x_wconf 89' lang='lat' dir='ltr'><strong>non</strong></span> <span class='ocrx_word' id='word_1_624' title='bbox 1463 830 1554 854; x_wconf 82' lang='lat' dir='ltr'><strong>astant</strong></span> <span class='ocrx_word' id='word_1_625' title='bbox 1579 825 1693 858; x_wconf 77' lang='lat' dir='ltr'><strong>frustra,</strong></span> 
     </span>
    </p>
   </div>
   <div class='ocr_carea' id='block_1_85' title="bbox 908 871 1693 908">
    <p class='ocr_par' dir='ltr' id='par_1_85' title="bbox 908 871 1693 908">
     <span class='ocr_line' id='line_1_85' title="bbox 908 871 1693 908; baseline 0 -8"><span class='ocrx_word' id='word_1_626' title='bbox 908 874 955 900; x_wconf 87' lang='lat' dir='ltr'><strong>sed</strong></span> <span class='ocrx_word' id='word_1_627' title='bbox 965 874 1140 907; x_wconf 84' lang='lat' dir='ltr'><strong>precantibus</strong></span> <span class='ocrx_word' id='word_1_628' title='bbox 1148 872 1336 900; x_wconf 86' lang='lat' dir='ltr'><strong>remissionem</strong></span> <span class='ocrx_word' id='word_1_629' title='bbox 1349 876 1520 908; x_wconf 81' lang='lat' dir='ltr'><strong>peccatorum</strong></span> <span class='ocrx_word' id='word_1_630' title='bbox 1528 871 1693 900; x_wconf 82' lang='lat' dir='ltr'><strong>ministrant.</strong></span> 
     </span>
    </p>
   </div>
   <div class='ocr_carea' id='block_1_86' title="bbox 909 914 1695 950">
    <p class='ocr_par' dir='ltr' id='par_1_86' title="bbox 909 914 1695 950">
     <span class='ocr_line' id='line_1_86' title="bbox 909 914 1695 950; baseline -0.005 -5"><span class='ocrx_word' id='word_1_631' title='bbox 909 918 995 946; x_wconf 87' lang='lat' dir='ltr'><strong>Simul</strong></span> <span class='ocrx_word' id='word_1_632' title='bbox 1018 918 1098 945; x_wconf 88' lang='lat' dir='ltr'><strong>etiam</strong></span> <span class='ocrx_word' id='word_1_633' title='bbox 1124 917 1259 949; x_wconf 84' lang='lat' dir='ltr'><strong>novimus.</strong></span> <span class='ocrx_word' id='word_1_634' title='bbox 1275 922 1305 944; x_wconf 93' lang='lat' dir='ltr'><strong>ut</strong></span> <span class='ocrx_word' id='word_1_635' title='bbox 1325 923 1447 944; x_wconf 87' lang='lat' dir='ltr'><strong>summus</strong></span> <span class='ocrx_word' id='word_1_636' title='bbox 1471 915 1592 950; x_wconf 76' lang='lat' dir='ltr'><strong>pontifex</strong></span> <span class='ocrx_word' id='word_1_637' title='bbox 1615 914 1695 942; x_wconf 85' lang='lat' dir='ltr'><strong>Jesus</strong></span> 
     </span>
    </p>
   </div>
   <div class='ocr_carea' id='block_1_87' title="bbox 908 961 1694 998">
    <p class='ocr_par' dir='ltr' id='par_1_87' title="bbox 908 961 1694 998">
     <span class='ocr_line' id='line_1_87' title="bbox 908 961 1694 998; baseline -0.006 -7"><span class='ocrx_word' id='word_1_638' title='bbox 908 964 1033 992; x_wconf 86' lang='lat' dir='ltr'><strong>Christus</strong></span> <span class='ocrx_word' id='word_1_639' title='bbox 1056 964 1173 998; x_wconf 78' lang='lat' dir='ltr'><strong>seipsum</strong></span> <span class='ocrx_word' id='word_1_640' title='bbox 1195 963 1312 990; x_wconf 81' lang='lat' dir='ltr'><strong>hostiam</strong></span> <span class='ocrx_word' id='word_1_641' title='bbox 1334 962 1444 994; x_wconf 80' lang='lat' dir='ltr'><strong>obtulit,</strong></span> <span class='ocrx_word' id='word_1_642' title='bbox 1472 961 1512 988; x_wconf 88' lang='lat' dir='ltr'><strong>sic</strong></span> <span class='ocrx_word' id='word_1_643' title='bbox 1526 961 1694 993; x_wconf 82' lang='lat' dir='ltr'><strong>sacerdotes,</strong></span> 
     </span>
    </p>
   </div>
   <div class='ocr_carea' id='block_1_88' title="bbox 910 1006 1695 1043">
    <p class='ocr_par' dir='ltr' id='par_1_88' title="bbox 910 1006 1695 1043">
     <span class='ocr_line' id='line_1_88' title="bbox 910 1006 1695 1043; baseline -0.005 -7"><span class='ocrx_word' id='word_1_644' title='bbox 910 1010 980 1037; x_wconf 90' lang='lat' dir='ltr'><strong>inter</strong></span> <span class='ocrx_word' id='word_1_645' title='bbox 989 1016 1056 1043; x_wconf 92' lang='lat' dir='ltr'><strong>quos</strong></span> <span class='ocrx_word' id='word_1_646' title='bbox 1069 1009 1114 1036; x_wconf 89' lang='lat' dir='ltr'><strong>ille</strong></span> <span class='ocrx_word' id='word_1_647' title='bbox 1125 1016 1248 1036; x_wconf 84' lang='lat' dir='ltr'><strong>summus</strong></span> <span class='ocrx_word' id='word_1_648' title='bbox 1262 1013 1314 1041; x_wconf 87' lang='lat' dir='ltr'><strong>est,</strong></span> <span class='ocrx_word' id='word_1_649' title='bbox 1325 1009 1428 1043; x_wconf 87' lang='lat' dir='ltr'><strong>seipsos</strong></span> <span class='ocrx_word' id='word_1_650' title='bbox 1444 1007 1561 1034; x_wconf 88' lang='lat' dir='ltr'><strong>hostiam</strong></span> <span class='ocrx_word' id='word_1_651' title='bbox 1584 1006 1695 1039; x_wconf 80' lang='lat' dir='ltr'><strong>oﬁerre,</strong></span> 
     </span>
    </p>
   </div>
   <div class='ocr_carea' id='block_1_89' title="bbox 910 1052 1696 1089">
    <p class='ocr_par' dir='ltr' id='par_1_89' title="bbox 910 1052 1696 1089">
     <span class='ocr_line' id='line_1_89' title="bbox 910 1052 1696 1089; baseline -0.004 -8"><span class='ocrx_word' id='word_1_652' title='bbox 910 1062 942 1081; x_wconf 91' lang='lat' dir='ltr'><strong>ac</strong></span> <span class='ocrx_word' id='word_1_653' title='bbox 967 1058 1110 1089; x_wconf 86' lang='lat' dir='ltr'><strong>propterea</strong></span> <span class='ocrx_word' id='word_1_654' title='bbox 1125 1053 1202 1088; x_wconf 80' lang='lat' dir='ltr'><strong>juxta</strong></span> <span class='ocrx_word' id='word_1_655' title='bbox 1219 1053 1304 1080; x_wconf 84' lang='lat' dir='ltr'><strong>altare</strong></span> <span class='ocrx_word' id='word_1_656' title='bbox 1326 1057 1356 1079; x_wconf 95' lang='lat' dir='ltr'><strong>ut</strong></span> <span class='ocrx_word' id='word_1_657' title='bbox 1379 1053 1405 1079; x_wconf 91' lang='lat' dir='ltr'><strong>in</strong></span> <span class='ocrx_word' id='word_1_658' title='bbox 1424 1052 1533 1086; x_wconf 88' lang='lat' dir='ltr'><strong>proprio</strong></span> <span class='ocrx_word' id='word_1_659' title='bbox 1547 1052 1607 1078; x_wconf 89' lang='lat' dir='ltr'><strong>loco</strong></span> <span class='ocrx_word' id='word_1_660' title='bbox 1628 1059 1696 1078; x_wconf 81' lang='lat' dir='ltr'><strong>eon-</strong></span> 
     </span>
    </p>
   </div>
   <div class='ocr_carea' id='block_1_90' title="bbox 910 1097 1697 1134">
    <p class='ocr_par' dir='ltr' id='par_1_90' title="bbox 910 1097 1697 1134">
     <span class='ocr_line' id='line_1_90' title="bbox 910 1097 1697 1134; baseline -0.003 -7"><span class='ocrx_word' id='word_1_661' title='bbox 910 1100 987 1134; x_wconf 84' lang='lat' dir='ltr'><strong>spici.</strong></span> <span class='ocrx_word' id='word_1_662' title='bbox 997 1099 1032 1126; x_wconf 86' lang='lat' dir='ltr'><strong>At</strong></span> <span class='ocrx_word' id='word_1_663' title='bbox 1047 1107 1063 1126; x_wconf 91' lang='lat' dir='ltr'><strong>e</strong></span> <span class='ocrx_word' id='word_1_664' title='bbox 1073 1099 1260 1126; x_wconf 80' lang='lat' dir='ltr'><strong>sacerdotibus</strong></span> <span class='ocrx_word' id='word_1_665' title='bbox 1273 1098 1318 1125; x_wconf 86' lang='lat' dir='ltr'><strong>alii</strong></span> <span class='ocrx_word' id='word_1_666' title='bbox 1333 1098 1387 1125; x_wconf 90' lang='lat' dir='ltr'><strong>Deo</strong></span> <span class='ocrx_word' id='word_1_667' title='bbox 1401 1097 1594 1125; x_wconf 83' lang='lat' dir='ltr'><strong>ministrabant</strong></span> <span class='ocrx_word' id='word_1_668' title='bbox 1605 1098 1651 1132; x_wconf 90' lang='lat' dir='ltr'><strong>qui</strong></span> <span class='ocrx_word' id='word_1_669' title='bbox 1668 1102 1697 1125; x_wconf 89' lang='lat' dir='ltr'><strong>et</strong></span> 
     </span>
    </p>
   </div>
   <div class='ocr_carea' id='block_1_91' title="bbox 910 1141 1695 1175">
    <p class='ocr_par' dir='ltr' id='par_1_91' title="bbox 910 1141 1695 1175">
     <span class='ocr_line' id='line_1_91' title="bbox 910 1141 1695 1175; baseline -0.003 -5"><span class='ocrx_word' id='word_1_670' title='bbox 910 1142 1077 1170; x_wconf 85' lang='lat' dir='ltr'><strong>immaculati</strong></span> <span class='ocrx_word' id='word_1_671' title='bbox 1087 1148 1165 1170; x_wconf 89' lang='lat' dir='ltr'><strong>erant</strong></span> <span class='ocrx_word' id='word_1_672' title='bbox 1175 1147 1202 1170; x_wconf 91' lang='lat' dir='ltr'><strong>et</strong></span> <span class='ocrx_word' id='word_1_673' title='bbox 1216 1142 1404 1170; x_wconf 88' lang='lat' dir='ltr'><strong>immaculatas</strong></span> <span class='ocrx_word' id='word_1_674' title='bbox 1413 1141 1515 1169; x_wconf 85' lang='lat' dir='ltr'><strong>hostias</strong></span> <span class='ocrx_word' id='word_1_675' title='bbox 1529 1141 1695 1175; x_wconf 84' lang='lat' dir='ltr'><strong>oﬁ‘erebant;</strong></span> 
     </span>
    </p>
   </div>
   <div class='ocr_carea' id='block_1_92' title="bbox 911 1187 1698 1222">
    <p class='ocr_par' dir='ltr' id='par_1_92' title="bbox 911 1187 1698 1222">
     <span class='ocr_line' id='line_1_92' title="bbox 911 1187 1698 1222; baseline -0.001 -7"><span class='ocrx_word' id='word_1_676' title='bbox 911 1188 1003 1216; x_wconf 82' lang='lat' dir='ltr'><strong>infecti</strong></span> <span class='ocrx_word' id='word_1_677' title='bbox 1017 1195 1081 1216; x_wconf 89' lang='lat' dir='ltr'><strong>vero</strong></span> <span class='ocrx_word' id='word_1_678' title='bbox 1095 1188 1128 1215; x_wconf 89' lang='lat' dir='ltr'><strong>iis</strong></span> <span class='ocrx_word' id='word_1_679' title='bbox 1151 1187 1263 1215; x_wconf 87' lang='lat' dir='ltr'><strong>maculis</strong></span> <span class='ocrx_word' id='word_1_680' title='bbox 1289 1194 1356 1222; x_wconf 88' lang='lat' dir='ltr'><strong>quas</strong></span> <span class='ocrx_word' id='word_1_681' title='bbox 1373 1189 1399 1214; x_wconf 93' lang='lat' dir='ltr'><strong>in</strong></span> <span class='ocrx_word' id='word_1_682' title='bbox 1414 1187 1537 1215; x_wconf 88' lang='lat' dir='ltr'><strong>Levitico</strong></span> <span class='ocrx_word' id='word_1_683' title='bbox 1551 1187 1698 1222; x_wconf 88' lang='lat' dir='ltr'><strong>descripsit</strong></span> 
     </span>
    </p>
   </div>
   <div class='ocr_carea' id='block_1_93' title="bbox 911 1234 1696 1270">
    <p class='ocr_par' dir='ltr' id='par_1_93' title="bbox 911 1234 1696 1270">
     <span class='ocr_line' id='line_1_93' title="bbox 911 1234 1696 1270; baseline -0.001 -8"><span class='ocrx_word' id='word_1_684' title='bbox 911 1235 1029 1270; x_wconf 82' lang='lat' dir='ltr'><strong>Moyses,</strong></span> <span class='ocrx_word' id='word_1_685' title='bbox 1046 1236 1209 1262; x_wconf 88' lang='lat' dir='ltr'><strong>arcebantur</strong></span> <span class='ocrx_word' id='word_1_686' title='bbox 1224 1234 1258 1261; x_wconf 86' lang='lat' dir='ltr'><strong>ab</strong></span> <span class='ocrx_word' id='word_1_687' title='bbox 1274 1234 1364 1261; x_wconf 88' lang='lat' dir='ltr'><strong>altari.</strong></span> <span class='ocrx_word' id='word_1_688' title='bbox 1378 1234 1444 1267; x_wconf 86' lang='lat' dir='ltr'><strong>Quis</strong></span> <span class='ocrx_word' id='word_1_689' title='bbox 1460 1239 1549 1262; x_wconf 84' lang='lat' dir='ltr'><strong>autem</strong></span> <span class='ocrx_word' id='word_1_690' title='bbox 1562 1235 1696 1262; x_wconf 87' lang='lat' dir='ltr'><strong>immacu-</strong></span> 
     </span>
    </p>
   </div>
   <div class='ocr_carea' id='block_1_94' title="bbox 912 1280 1696 1315">
    <p class='ocr_par' dir='ltr' id='par_1_94' title="bbox 912 1280 1696 1315">
     <span class='ocr_line' id='line_1_94' title="bbox 912 1280 1696 1315; baseline 0 -8"><span class='ocrx_word' id='word_1_691' title='bbox 912 1281 982 1308; x_wconf 87' lang='lat' dir='ltr'><strong>latus</strong></span> <span class='ocrx_word' id='word_1_692' title='bbox 1006 1281 1051 1307; x_wconf 89' lang='lat' dir='ltr'><strong>ille</strong></span> <span class='ocrx_word' id='word_1_693' title='bbox 1080 1280 1209 1308; x_wconf 83' lang='lat' dir='ltr'><strong>sacerdos</strong></span> <span class='ocrx_word' id='word_1_694' title='bbox 1228 1284 1270 1307; x_wconf 87' lang='lat' dir='ltr'><strong>est</strong></span> <span class='ocrx_word' id='word_1_695' title='bbox 1294 1281 1339 1315; x_wconf 89' lang='lat' dir='ltr'><strong>qui</strong></span> <span class='ocrx_word' id='word_1_696' title='bbox 1365 1281 1480 1308; x_wconf 86' lang='lat' dir='ltr'><strong>hostiam</strong></span> <span class='ocrx_word' id='word_1_697' title='bbox 1495 1281 1696 1308; x_wconf 87' lang='lat' dir='ltr'><strong>immaculatam</strong></span> 
     </span>
    </p>
   </div>
   <div class='ocr_carea' id='block_1_95' title="bbox 911 1325 1696 1361">
    <p class='ocr_par' dir='ltr' id='par_1_95' title="bbox 911 1325 1696 1361">
     <span class='ocr_line' id='line_1_95' title="bbox 911 1325 1696 1361; baseline 0.001 -9"><span class='ocrx_word' id='word_1_698' title='bbox 911 1326 1018 1358; x_wconf 80' lang='lat' dir='ltr'><strong>olTerat,</strong></span> <span class='ocrx_word' id='word_1_699' title='bbox 1031 1325 1082 1353; x_wconf 89' lang='lat' dir='ltr'><strong>nisi</strong></span> <span class='ocrx_word' id='word_1_700' title='bbox 1098 1326 1143 1360; x_wconf 89' lang='lat' dir='ltr'><strong>qui</strong></span> <span class='ocrx_word' id='word_1_701' title='bbox 1157 1331 1315 1353; x_wconf 84' lang='lat' dir='ltr'><strong>constanter</strong></span> <span class='ocrx_word' id='word_1_702' title='bbox 1330 1326 1485 1359; x_wconf 87' lang='lat' dir='ltr'><strong>conﬁtetur,</strong></span> <span class='ocrx_word' id='word_1_703' title='bbox 1496 1331 1523 1354; x_wconf 86' lang='lat' dir='ltr'><strong>et</strong></span> <span class='ocrx_word' id='word_1_704' title='bbox 1538 1326 1696 1361; x_wconf 86' lang='lat' dir='ltr'><strong>martyrium</strong></span> 
     </span>
    </p>
   </div>
   <div class='ocr_carea' id='block_1_96' title="bbox 912 1371 1698 1406">
    <p class='ocr_par' dir='ltr' id='par_1_96' title="bbox 912 1371 1698 1406">
     <span class='ocr_line' id='line_1_96' title="bbox 912 1371 1698 1406; baseline 0 -8"><span class='ocrx_word' id='word_1_705' title='bbox 912 1371 1019 1405; x_wconf 86' lang='lat' dir='ltr'><strong>perﬁcit</strong></span> <span class='ocrx_word' id='word_1_706' title='bbox 1040 1372 1097 1399; x_wconf 88' lang='lat' dir='ltr'><strong>suis</strong></span> <span class='ocrx_word' id='word_1_707' title='bbox 1121 1372 1248 1399; x_wconf 87' lang='lat' dir='ltr'><strong>omnibus</strong></span> <span class='ocrx_word' id='word_1_708' title='bbox 1281 1373 1402 1400; x_wconf 84' lang='lat' dir='ltr'><strong>numeris</strong></span> <span class='ocrx_word' id='word_1_709' title='bbox 1431 1372 1596 1404; x_wconf 84' lang='lat' dir='ltr'><strong>absolutum,</strong></span> <span class='ocrx_word' id='word_1_710' title='bbox 1618 1371 1698 1406; x_wconf 82' lang='lat' dir='ltr'><strong>quale</strong></span> 
     </span>
    </p>
   </div>
   <div class='ocr_carea' id='block_1_97' title="bbox 912 1417 1162 1451">
    <p class='ocr_par' dir='ltr' id='par_1_97' title="bbox 912 1417 1162 1451">
     <span class='ocr_line' id='line_1_97' title="bbox 912 1417 1162 1451; baseline 0.008 -8"><span class='ocrx_word' id='word_1_711' title='bbox 912 1423 993 1451; x_wconf 82' lang='lat' dir='ltr'><strong>supra</strong></span> <span class='ocrx_word' id='word_1_712' title='bbox 1009 1417 1162 1445; x_wconf 85' lang='lat' dir='ltr'><strong>retulimus.</strong></span> 
     </span>
    </p>
   </div>
   <div class='ocr_carea' id='block_1_98' title="bbox 876 1504 1697 1551">
    <p class='ocr_par' dir='ltr' id='par_1_98' title="bbox 876 1504 1697 1551">
     <span class='ocr_line' id='line_1_98' title="bbox 876 1504 1697 1551; baseline -0.001 -19"><span class='ocrx_word' id='word_1_713' title='bbox 876 1523 897 1551; x_wconf 66' lang='grc' dir='ltr'><strong>ο</strong></span> <span class='ocrx_word' id='word_1_714' title='bbox 948 1504 993 1533; x_wconf 79' lang='lat'><strong>51.</strong></span> <span class='ocrx_word' id='word_1_715' title='bbox 1006 1504 1045 1531; x_wconf 85' lang='lat' dir='ltr'><strong>Ne</strong></span> <span class='ocrx_word' id='word_1_716' title='bbox 1058 1504 1187 1532; x_wconf 90' lang='lat' dir='ltr'><strong>miremur</strong></span> <span class='ocrx_word' id='word_1_717' title='bbox 1201 1509 1289 1532; x_wconf 85' lang='lat' dir='ltr'><strong>autem</strong></span> <span class='ocrx_word' id='word_1_718' title='bbox 1303 1509 1404 1533; x_wconf 88' lang='lat' dir='ltr'><strong>tantam</strong></span> <span class='ocrx_word' id='word_1_719' title='bbox 1416 1505 1490 1541; x_wconf 82' lang='lat' dir='ltr'><strong>illapi</strong></span> <span class='ocrx_word' id='word_1_720' title='bbox 1505 1505 1697 1532; x_wconf 87' lang='lat' dir='ltr'><strong>beatitudinem</strong></span> 
     </span>
    </p>
   </div>
   <div class='ocr_carea' id='block_1_99' title="bbox 914 1550 1699 1586">
    <p class='ocr_par' dir='ltr' id='par_1_99' title="bbox 914 1550 1699 1586">
     <span class='ocr_line' id='line_1_99' title="bbox 914 1550 1699 1586; baseline -0.001 -8"><span class='ocrx_word' id='word_1_721' title='bbox 914 1556 1064 1586; x_wconf 89' lang='lat' dir='ltr'><strong>martyrum</strong></span> <span class='ocrx_word' id='word_1_722' title='bbox 1091 1558 1151 1585; x_wconf 75' lang='lat' dir='ltr'><strong>quae</strong></span> <span class='ocrx_word' id='word_1_723' title='bbox 1168 1551 1193 1578; x_wconf 95' lang='lat' dir='ltr'><strong>in</strong></span> <span class='ocrx_word' id='word_1_724' title='bbox 1211 1551 1341 1578; x_wconf 83' lang='lat' dir='ltr'><strong>altissima</strong></span> <span class='ocrx_word' id='word_1_725' title='bbox 1367 1559 1435 1586; x_wconf 88' lang='lat' dir='ltr'><strong>pace</strong></span> <span class='ocrx_word' id='word_1_726' title='bbox 1459 1555 1487 1578; x_wconf 88' lang='lat' dir='ltr'><strong>et</strong></span> <span class='ocrx_word' id='word_1_727' title='bbox 1505 1550 1699 1584; x_wconf 87' lang='lat' dir='ltr'><strong>tranquillitate</strong></span> 
     </span>
    </p>
   </div>
   <div class='ocr_carea' id='block_1_100' title="bbox 914 1595 1701 1630">
    <p class='ocr_par' dir='ltr' id='par_1_100' title="bbox 914 1595 1701 1630">
     <span class='ocr_line' id='line_1_100' title="bbox 914 1595 1701 1630; baseline -0.003 -6"><span class='ocrx_word' id='word_1_728' title='bbox 914 1605 945 1624; x_wconf 88' lang='lat' dir='ltr'><strong>ac</strong></span> <span class='ocrx_word' id='word_1_729' title='bbox 962 1597 1109 1624; x_wconf 88' lang='lat' dir='ltr'><strong>serenitate</strong></span> <span class='ocrx_word' id='word_1_730' title='bbox 1133 1603 1239 1623; x_wconf 78' lang='lat' dir='ltr'><strong>summa</strong></span> <span class='ocrx_word' id='word_1_731' title='bbox 1260 1595 1350 1623; x_wconf 85' lang='lat' dir='ltr'><strong>lutura</strong></span> <span class='ocrx_word' id='word_1_732' title='bbox 1377 1601 1428 1629; x_wconf 85' lang='lat' dir='ltr'><strong>est,</strong></span> <span class='ocrx_word' id='word_1_733' title='bbox 1455 1596 1488 1623; x_wconf 89' lang='lat' dir='ltr'><strong>ab</strong></span> <span class='ocrx_word' id='word_1_734' title='bbox 1504 1596 1644 1630; x_wconf 83' lang='lat' dir='ltr'><strong>asperiori,</strong></span> <span class='ocrx_word' id='word_1_735' title='bbox 1671 1600 1701 1622; x_wconf 90' lang='lat' dir='ltr'><strong>ut</strong></span> 
     </span>
    </p>
   </div>
   <div class='ocr_carea' id='block_1_101' title="bbox 914 1640 1700 1675">
    <p class='ocr_par' dir='ltr' id='par_1_101' title="bbox 914 1640 1700 1675">
     <span class='ocr_line' id='line_1_101' title="bbox 914 1640 1700 1675; baseline -0.004 -6"><span class='ocrx_word' id='word_1_736' title='bbox 914 1642 1032 1674; x_wconf 85' lang='lat' dir='ltr'><strong>videtur,</strong></span> <span class='ocrx_word' id='word_1_737' title='bbox 1043 1647 1070 1669; x_wconf 83' lang='lat' dir='ltr'><strong>et</strong></span> <span class='ocrx_word' id='word_1_738' title='bbox 1087 1642 1209 1673; x_wconf 87' lang='lat' dir='ltr'><strong>hiberna,</strong></span> <span class='ocrx_word' id='word_1_739' title='bbox 1227 1646 1257 1667; x_wconf 93' lang='lat' dir='ltr'><strong>ut</strong></span> <span class='ocrx_word' id='word_1_740' title='bbox 1284 1641 1320 1668; x_wconf 87' lang='lat' dir='ltr'><strong>ita</strong></span> <span class='ocrx_word' id='word_1_741' title='bbox 1337 1641 1435 1673; x_wconf 87' lang='lat' dir='ltr'><strong>dicam,</strong></span> <span class='ocrx_word' id='word_1_742' title='bbox 1456 1645 1615 1675; x_wconf 84' lang='lat' dir='ltr'><strong>tempestate</strong></span> <span class='ocrx_word' id='word_1_743' title='bbox 1633 1640 1700 1666; x_wconf 86' lang='lat' dir='ltr'><strong>inci-</strong></span> 
     </span>
    </p>
   </div>
   <div class='ocr_carea' id='block_1_102' title="bbox 913 1685 1700 1722">
    <p class='ocr_par' dir='ltr' id='par_1_102' title="bbox 913 1685 1700 1722">
     <span class='ocr_line' id='line_1_102' title="bbox 913 1685 1700 1722; baseline -0.004 -7"><span class='ocrx_word' id='word_1_744' title='bbox 913 1689 1039 1722; x_wconf 87' lang='lat' dir='ltr'><strong>piendam</strong></span> <span class='ocrx_word' id='word_1_745' title='bbox 1056 1695 1125 1715; x_wconf 85' lang='lat' dir='ltr'><strong>esse.</strong></span> <span class='ocrx_word' id='word_1_746' title='bbox 1152 1686 1231 1714; x_wconf 87' lang='lat' dir='ltr'><strong>Prius</strong></span> <span class='ocrx_word' id='word_1_747' title='bbox 1246 1687 1317 1714; x_wconf 91' lang='lat' dir='ltr'><strong>enim</strong></span> <span class='ocrx_word' id='word_1_748' title='bbox 1347 1696 1356 1713; x_wconf 86' lang='lat'><strong>(</strong></span> <span class='ocrx_word' id='word_1_749' title='bbox 1370 1691 1485 1721; x_wconf 84' lang='lat' dir='ltr'><strong>angusta</strong></span> <span class='ocrx_word' id='word_1_750' title='bbox 1505 1691 1533 1714; x_wconf 90' lang='lat' dir='ltr'><strong>et</strong></span> <span class='ocrx_word' id='word_1_751' title='bbox 1555 1692 1630 1713; x_wconf 84' lang='lat' dir='ltr'><strong>arcta</strong></span> <span class='ocrx_word' id='word_1_752' title='bbox 1655 1685 1700 1712; x_wconf 91' lang='lat' dir='ltr'><strong>via</strong></span> 
     </span>
    </p>
   </div>
   <div class='ocr_carea' id='block_1_103' title="bbox 915 1732 1701 1766">
    <p class='ocr_par' dir='ltr' id='par_1_103' title="bbox 915 1732 1701 1766">
     <span class='ocr_line' id='line_1_103' title="bbox 915 1732 1701 1766; baseline -0.003 -6"><span class='ocrx_word' id='word_1_753' title='bbox 915 1734 939 1750; x_wconf 79' lang='grc'><strong>³³</strong></span> <span class='ocrx_word' id='word_1_754' title='bbox 958 1743 967 1759; x_wconf 85' lang='grc' dir='ltr'>ι</span> <span class='ocrx_word' id='word_1_755' title='bbox 984 1734 1073 1760; x_wconf 89' lang='lat' dir='ltr'><strong>hieme</strong></span> <span class='ocrx_word' id='word_1_756' title='bbox 1087 1733 1209 1760; x_wconf 85' lang='lat' dir='ltr'><strong>obeunda</strong></span> <span class='ocrx_word' id='word_1_757' title='bbox 1228 1736 1279 1764; x_wconf 86' lang='lat' dir='ltr'><strong>est,</strong></span> <span class='ocrx_word' id='word_1_758' title='bbox 1297 1737 1326 1759; x_wconf 93' lang='lat' dir='ltr'><strong>ut</strong></span> <span class='ocrx_word' id='word_1_759' title='bbox 1341 1741 1401 1759; x_wconf 86' lang='lat' dir='ltr'><strong>cum</strong></span> <span class='ocrx_word' id='word_1_760' title='bbox 1417 1733 1461 1759; x_wconf 91' lang='lat' dir='ltr'><strong>hic</strong></span> <span class='ocrx_word' id='word_1_761' title='bbox 1475 1733 1614 1760; x_wconf 85' lang='lat' dir='ltr'><strong>beatorum</strong></span> <span class='ocrx_word' id='word_1_762' title='bbox 1626 1732 1701 1766; x_wconf 91' lang='lat' dir='ltr'><strong>quis-</strong></span> 
     </span>
    </p>
   </div>
   <div class='ocr_carea' id='block_1_104' title="bbox 917 1776 1700 1813">
    <p class='ocr_par' dir='ltr' id='par_1_104' title="bbox 917 1776 1700 1813">
     <span class='ocr_line' id='line_1_104' title="bbox 917 1776 1700 1813; baseline -0.004 -8"><span class='ocrx_word' id='word_1_763' title='bbox 917 1786 968 1813; x_wconf 89' lang='lat' dir='ltr'><strong>que</strong></span> <span class='ocrx_word' id='word_1_764' title='bbox 981 1778 1145 1810; x_wconf 86' lang='lat' dir='ltr'><strong>ostenderit,</strong></span> <span class='ocrx_word' id='word_1_765' title='bbox 1164 1785 1219 1811; x_wconf 90' lang='lat' dir='ltr'><strong>quo</strong></span> <span class='ocrx_word' id='word_1_766' title='bbox 1231 1782 1309 1810; x_wconf 88' lang='lat' dir='ltr'><strong>pacto</strong></span> <span class='ocrx_word' id='word_1_767' title='bbox 1329 1776 1411 1812; x_wconf 63' lang='lat'><strong>294</strong></span> <span class='ocrx_word' id='word_1_768' title='bbox 1425 1778 1450 1804; x_wconf 94' lang='lat' dir='ltr'><strong>in</strong></span> <span class='ocrx_word' id='word_1_769' title='bbox 1465 1784 1513 1804; x_wconf 82' lang='lat' dir='ltr'><strong>sua</strong></span> <span class='ocrx_word' id='word_1_770' title='bbox 1529 1784 1559 1804; x_wconf 90' lang='lat' dir='ltr'><strong>se</strong></span> <span class='ocrx_word' id='word_1_771' title='bbox 1580 1776 1700 1803; x_wconf 79' lang='lat' dir='ltr'><strong>admini-</strong></span> 
     </span>
    </p>
   </div>
   <div class='ocr_carea' id='block_1_105' title="bbox 916 1819 1700 1856">
    <p class='ocr_par' dir='ltr' id='par_1_105' title="bbox 916 1819 1700 1856">
     <span class='ocr_line' id='line_1_105' title="bbox 916 1819 1700 1856; baseline -0.004 -8"><span class='ocrx_word' id='word_1_772' title='bbox 916 1822 1046 1849; x_wconf 85' lang='lat' dir='ltr'><strong>stratione</strong></span> <span class='ocrx_word' id='word_1_773' title='bbox 1058 1825 1144 1856; x_wconf 72' lang='lat' dir='ltr'><strong>gerat,</strong></span> <span class='ocrx_word' id='word_1_774' title='bbox 1160 1820 1224 1847; x_wconf 87' lang='lat' dir='ltr'><strong>illud</strong></span> <span class='ocrx_word' id='word_1_775' title='bbox 1236 1820 1344 1846; x_wconf 84' lang='lat' dir='ltr'><strong>crcniat</strong></span> <span class='ocrx_word' id='word_1_776' title='bbox 1354 1820 1449 1847; x_wconf 85' lang='lat' dir='ltr'><strong>deinde</strong></span> <span class='ocrx_word' id='word_1_777' title='bbox 1463 1820 1532 1853; x_wconf 90' lang='lat' dir='ltr'><strong>quod</strong></span> <span class='ocrx_word' id='word_1_778' title='bbox 1550 1819 1578 1845; x_wconf 91' lang='lat' dir='ltr'><strong>in</strong></span> <span class='ocrx_word' id='word_1_779' title='bbox 1588 1819 1700 1846; x_wconf 83' lang='lat' dir='ltr'><strong>Cautico</strong></span> 
     </span>
    </p>
   </div>
   <div class='ocr_carea' id='block_1_106' title="bbox 916 1865 1701 1901">
    <p class='ocr_par' dir='ltr' id='par_1_106' title="bbox 916 1865 1701 1901">
     <span class='ocr_line' id='line_1_106' title="bbox 916 1865 1701 1901; baseline -0.004 -7"><span class='ocrx_word' id='word_1_780' title='bbox 916 1868 1081 1894; x_wconf 84' lang='lat' dir='ltr'><strong>canticorum</strong></span> <span class='ocrx_word' id='word_1_781' title='bbox 1097 1867 1130 1893; x_wconf 81' lang='lat' dir='ltr'><strong>ad</strong></span> <span class='ocrx_word' id='word_1_782' title='bbox 1147 1873 1273 1901; x_wconf 85' lang='lat' dir='ltr'><strong>sponsam</strong></span> <span class='ocrx_word' id='word_1_783' title='bbox 1289 1873 1351 1900; x_wconf 73' lang='lat' dir='ltr'><strong>qua:</strong></span> <span class='ocrx_word' id='word_1_784' title='bbox 1363 1865 1477 1893; x_wconf 84' lang='lat' dir='ltr'><strong>hiemem</strong></span> <span class='ocrx_word' id='word_1_785' title='bbox 1498 1869 1622 1892; x_wconf 88' lang='lat' dir='ltr'><strong>evaserat</strong></span> <span class='ocrx_word' id='word_1_786' title='bbox 1635 1865 1701 1892; x_wconf 89' lang='lat' dir='ltr'><strong>dici-</strong></span> 
     </span>
    </p>
   </div>
   <div class='ocr_carea' id='block_1_107' title="bbox 949 1964 1702 2004">
    <p class='ocr_par' dir='ltr' id='par_1_107' title="bbox 949 1964 1702 2004">
     <span class='ocr_line' id='line_1_107' title="bbox 949 1964 1702 2004; baseline -0.007 -9"><span class='ocrx_word' id='word_1_787' title='bbox 949 1969 1004 2004; x_wconf 67' lang='lat'><strong>(22)</strong></span> <span class='ocrx_word' id='word_1_788' title='bbox 1024 1967 1232 2004; x_wconf 64' lang='lat' dir='ltr'><strong>Bamlqaaoai</strong></span> <span class='ocrx_word' id='word_1_789' title='bbox 1249 1965 1333 2004; x_wconf 62' lang='grc' dir='ltr'>ὕᾲιτι</span> <span class='ocrx_word' id='word_1_790' title='bbox 1346 1965 1399 2004; x_wconf 50' lang='lat' dir='ltr'><strong>aut</strong></span> <span class='ocrx_word' id='word_1_791' title='bbox 1417 1965 1561 2004; x_wconf 57' lang='grc' dir='ltr'>πνεύμιιτέ</span> <span class='ocrx_word' id='word_1_792' title='bbox 1575 1964 1702 2004; x_wconf 34' lang='grc' dir='ltr'><strong>εζςςλᾶφε-</strong></span> 
     </span>
    </p>
   </div>
   <div class='ocr_carea' id='block_1_108' title="bbox 914 1999 1702 2037">
    <p class='ocr_par' dir='ltr' id='par_1_108' title="bbox 914 1999 1702 2037">
     <span class='ocr_line' id='line_1_108' title="bbox 914 1999 1702 2037; baseline -0.008 -6"><span class='ocrx_word' id='word_1_793' title='bbox 914 1999 965 2031; x_wconf 60' lang='grc' dir='ltr'>σιιη</span> <span class='ocrx_word' id='word_1_794' title='bbox 978 1999 1194 2037; x_wconf 63' lang='grc' dir='ltr'>ἁμαρτημάτων</span> <span class='ocrx_word' id='word_1_795' title='bbox 1208 2001 1257 2037; x_wconf 64' lang='grc' dir='ltr'>καὶ</span> <span class='ocrx_word' id='word_1_796' title='bbox 1275 2000 1319 2037; x_wconf 76' lang='grc' dir='ltr'><strong>ὅτι</strong></span> <span class='ocrx_word' id='word_1_797' title='bbox 1329 1999 1491 2037; x_wconf 5' lang='grc' dir='ltr'>,βάπτισμα</span> <span class='ocrx_word' id='word_1_798' title='bbox 1503 1999 1575 2033; x_wconf 74' lang='grc' dir='ltr'>ἡμῖν</span> <span class='ocrx_word' id='word_1_799' title='bbox 1588 2000 1702 2037; x_wconf 67' lang='grc' dir='ltr'>δίδοται</span> 
     </span>
    </p>
   </div>
   <div class='ocr_carea' id='block_1_109' title="bbox 918 2035 1700 2072">
    <p class='ocr_par' dir='ltr' id='par_1_109' title="bbox 918 2035 1700 2072">
     <span class='ocr_line' id='line_1_109' title="bbox 918 2035 1700 2072; baseline -0.006 -7"><span class='ocrx_word' id='word_1_800' title='bbox 918 2039 950 2065; x_wconf 83' lang='grc' dir='ltr'><strong>τὸ</strong></span> <span class='ocrx_word' id='word_1_801' title='bbox 967 2035 1020 2064; x_wconf 67' lang='grc' dir='ltr'>τοῦ</span> <span class='ocrx_word' id='word_1_802' title='bbox 1031 2036 1206 2072; x_wconf 65' lang='grc' dir='ltr'>μαρτυρίου.</span> <span class='ocrx_word' id='word_1_803' title='bbox 1219 2036 1289 2072; x_wconf 64' lang='lat' dir='ltr'><strong>Nota</strong></span> <span class='ocrx_word' id='word_1_804' title='bbox 1299 2036 1351 2072; x_wconf 81' lang='lat' dir='ltr'><strong>illa</strong></span> <span class='ocrx_word' id='word_1_805' title='bbox 1366 2036 1503 2072; x_wconf 82' lang='lat' dir='ltr'><strong>dislim&#39;tio</strong></span> <span class='ocrx_word' id='word_1_806' title='bbox 1523 2035 1656 2072; x_wconf 78' lang='lat' dir='ltr'><strong>baptismi,</strong></span> <span class='ocrx_word' id='word_1_807' title='bbox 1670 2036 1700 2072; x_wconf 75' lang='lat' dir='ltr'><strong>in</strong></span> 
     </span>
    </p>
   </div>
   <div class='ocr_carea' id='block_1_110' title="bbox 917 2069 1701 2108">
    <p class='ocr_par' dir='ltr' id='par_1_110' title="bbox 917 2069 1701 2108">
     <span class='ocr_line' id='line_1_110' title="bbox 917 2069 1701 2108; baseline -0.006 -9"><span class='ocrx_word' id='word_1_808' title='bbox 917 2069 1081 2108; x_wconf 74' lang='lat' dir='ltr'><strong>baptismum</strong></span> <span class='ocrx_word' id='word_1_809' title='bbox 1093 2071 1222 2101; x_wconf 74' lang='lat' dir='ltr'><strong>(luminis,</strong></span> <span class='ocrx_word' id='word_1_810' title='bbox 1234 2070 1361 2108; x_wconf 44' lang='lat' dir='ltr'><strong>ﬁatninis”,</strong></span> <span class='ocrx_word' id='word_1_811' title='bbox 1373 2069 1545 2108; x_wconf 75' lang='lat' dir='ltr'><strong>ctsanguinis</strong></span> <span class='ocrx_word' id='word_1_812' title='bbox 1561 2070 1603 2095; x_wconf 88' lang='lat' dir='ltr'><strong>hic</strong></span> <span class='ocrx_word' id='word_1_813' title='bbox 1618 2069 1701 2108; x_wconf 57' lang='lat' dir='ltr'><strong>tradi-</strong></span> 
     </span>
    </p>
   </div>
   <div class='ocr_carea' id='block_1_111' title="bbox 919 2104 1702 2141">
    <p class='ocr_par' dir='ltr' id='par_1_111' title="bbox 919 2104 1702 2141">
     <span class='ocr_line' id='line_1_111' title="bbox 919 2104 1702 2141; baseline -0.006 -7"><span class='ocrx_word' id='word_1_814' title='bbox 919 2104 971 2135; x_wconf 75' lang='lat' dir='ltr'><strong>tur.</strong></span> <span class='ocrx_word' id='word_1_815' title='bbox 996 2106 1150 2141; x_wconf 69' lang='lat' dir='ltr'><strong>llaptismus</strong></span> <span class='ocrx_word' id='word_1_816' title='bbox 1176 2105 1317 2139; x_wconf 81' lang='lat' dir='ltr'><strong>sanguinis</strong></span> <span class='ocrx_word' id='word_1_817' title='bbox 1340 2104 1598 2141; x_wconf 19' lang='lat' dir='ltr'><strong>Tertulliano‘cap.</strong></span> <span class='ocrx_word' id='word_1_818' title='bbox 1615 2104 1648 2130; x_wconf 80' lang='grc'><strong>15</strong></span> <span class='ocrx_word' id='word_1_819' title='bbox 1663 2104 1702 2130; x_wconf 85' lang='lat' dir='ltr'><strong>De</strong></span> 
     </span>
    </p>
   </div>
   <div class='ocr_carea' id='block_1_112' title="bbox 917 2138 1700 2177">
    <p class='ocr_par' dir='ltr' id='par_1_112' title="bbox 917 2138 1700 2177">
     <span class='ocr_line' id='line_1_112' title="bbox 917 2138 1700 2177; baseline -0.005 -8"><span class='ocrx_word' id='word_1_820' title='bbox 917 2138 1044 2177; x_wconf 70' lang='lat' dir='ltr'><strong>patienlid</strong></span> <span class='ocrx_word' id='word_1_821' title='bbox 1065 2145 1106 2177; x_wconf 70' lang='lat' dir='ltr'><strong>est</strong></span> <span class='ocrx_word' id='word_1_822' title='bbox 1121 2138 1381 2177; x_wconf 30' lang='lat' dir='ltr'><strong>secunda’intinclio;</strong></span> <span class='ocrx_word' id='word_1_823' title='bbox 1397 2143 1424 2165; x_wconf 84' lang='lat' dir='ltr'><strong>et</strong></span> <span class='ocrx_word' id='word_1_824' title='bbox 1440 2147 1500 2173; x_wconf 84' lang='lat' dir='ltr'><strong>cup.</strong></span> <span class='ocrx_word' id='word_1_825' title='bbox 1516 2138 1551 2165; x_wconf 76' lang='grc'>22</span> <span class='ocrx_word' id='word_1_826' title='bbox 1565 2139 1603 2165; x_wconf 84' lang='lat' dir='ltr'><strong>De</strong></span> <span class='ocrx_word' id='word_1_827' title='bbox 1621 2140 1700 2173; x_wconf 78' lang='lat' dir='ltr'><strong>pudi-</strong></span> 
     </span>
    </p>
   </div>
   <div class='ocr_carea' id='block_1_113' title="bbox 918 2174 1441 2208">
    <p class='ocr_par' dir='ltr' id='par_1_113' title="bbox 918 2174 1441 2208">
     <span class='ocr_line' id='line_1_113' title="bbox 918 2174 1441 2208; baseline -0.008 -4"><span class='ocrx_word' id='word_1_828' title='bbox 918 2174 990 2208; x_wconf 67' lang='lat' dir='ltr'><strong>citia,</strong></span> <span class='ocrx_word' id='word_1_829' title='bbox 1005 2176 1077 2202; x_wconf 81' lang='lat' dir='ltr'><strong>aliud</strong></span> <span class='ocrx_word' id='word_1_830' title='bbox 1090 2176 1229 2207; x_wconf 79' lang='lat' dir='ltr'><strong>baptisma.</strong></span> <span class='ocrx_word' id='word_1_831' title='bbox 1251 2174 1441 2201; x_wconf 75' lang='lat' dir='ltr'><strong>Wsrs&#39;rtzaius.</strong></span> 
     </span>
    </p>
   </div>
   <div class='ocr_carea' id='block_1_114' title="bbox 954 2208 1702 2246">
    <p class='ocr_par' dir='ltr' id='par_1_114' title="bbox 954 2208 1702 2246">
     <span class='ocr_line' id='line_1_114' title="bbox 954 2208 1702 2246; baseline -0.005 -8"><span class='ocrx_word' id='word_1_832' title='bbox 954 2212 1009 2246; x_wconf 70' lang='lat'><strong>(‘23)</strong></span> <span class='ocrx_word' id='word_1_833' title='bbox 1033 2210 1084 2242; x_wconf 81' lang='grc' dir='ltr'><strong>Τῷ.</strong></span> <span class='ocrx_word' id='word_1_834' title='bbox 1103 2211 1172 2236; x_wconf 79' lang='lat' dir='ltr'><strong>Male</strong></span> <span class='ocrx_word' id='word_1_835' title='bbox 1186 2210 1212 2235; x_wconf 95' lang='lat' dir='ltr'><strong>iu</strong></span> <span class='ocrx_word' id='word_1_836' title='bbox 1230 2210 1323 2246; x_wconf 74' lang='lat' dir='ltr'><strong>codice</strong></span> <span class='ocrx_word' id='word_1_837' title='bbox 1341 2217 1391 2235; x_wconf 88' lang='lat' dir='ltr'><strong>ms.</strong></span> <span class='ocrx_word' id='word_1_838' title='bbox 1412 2208 1541 2246; x_wconf 85' lang='lat' dir='ltr'><strong>scriptum</strong></span> <span class='ocrx_word' id='word_1_839' title='bbox 1555 2212 1614 2246; x_wconf 39' lang='lat' dir='ltr'><strong>‘est,</strong></span> <span class='ocrx_word' id='word_1_840' title='bbox 1638 2208 1702 2235; x_wconf 86' lang='grc' dir='ltr'>τῶν.</span> 
     </span>
    </p>
   </div>
   <div class='ocr_carea' id='block_1_115' title="bbox 952 2242 1701 2281">
    <p class='ocr_par' dir='ltr' id='par_1_115' title="bbox 952 2242 1701 2281">
     <span class='ocr_line' id='line_1_115' title="bbox 952 2242 1701 2281; baseline -0.004 -8"><span class='ocrx_word' id='word_1_841' title='bbox 952 2242 1008 2281; x_wconf 74' lang='grc'>(24)</span> <span class='ocrx_word' id='word_1_842' title='bbox 1026 2245 1124 2277; x_wconf 80' lang='grc' dir='ltr'>Οὕτως</span> <span class='ocrx_word' id='word_1_843' title='bbox 1137 2246 1166 2271; x_wconf 83' lang='lat' dir='ltr'><strong>al</strong></span> <span class='ocrx_word' id='word_1_844' title='bbox 1179 2242 1631 2281; x_wconf 46' lang='grc' dir='ltr'>ψῃχίιιτώνσεπελξιιισμένωις,</span> <span class='ocrx_word' id='word_1_845' title='bbox 1648 2249 1701 2270; x_wconf 89' lang='lat' dir='ltr'><strong>elc.</strong></span> 
     </span>
    </p>
   </div>
   <div class='ocr_carea' id='block_1_116' title="bbox 918 2278 1701 2315">
    <p class='ocr_par' dir='ltr' id='par_1_116' title="bbox 918 2278 1701 2315">
     <span class='ocr_line' id='line_1_116' title="bbox 918 2278 1701 2315; baseline -0.004 -7"><span class='ocrx_word' id='word_1_846' title='bbox 918 2278 983 2308; x_wconf 83' lang='lat' dir='ltr'><strong>Vide</strong></span> <span class='ocrx_word' id='word_1_847' title='bbox 1000 2278 1060 2315; x_wconf 72' lang='lat' dir='ltr'><strong>qum</strong></span> <span class='ocrx_word' id='word_1_848' title='bbox 1079 2281 1157 2306; x_wconf 79' lang='lat' dir='ltr'><strong>docet</strong></span> <span class='ocrx_word' id='word_1_849' title='bbox 1173 2280 1242 2315; x_wconf 77' lang='lat' dir='ltr'><strong>infra</strong></span> <span class='ocrx_word' id='word_1_850' title='bbox 1258 2279 1329 2306; x_wconf 81' lang='lat' dir='ltr'><strong>ﬁlius</strong></span> <span class='ocrx_word' id='word_1_851' title='bbox 1342 2278 1493 2315; x_wconf 64' lang='lat' dir='ltr'><strong>Ambrosii,</strong></span> <span class='ocrx_word' id='word_1_852' title='bbox 1512 2280 1533 2305; x_wconf 86' lang='lat' dir='ltr'><strong>si</strong></span> <span class='ocrx_word' id='word_1_853' title='bbox 1556 2279 1636 2315; x_wconf 77' lang='lat' dir='ltr'><strong>modo</strong></span> <span class='ocrx_word' id='word_1_854' title='bbox 1655 2286 1701 2305; x_wconf 87' lang='lat' dir='ltr'><strong>co-</strong></span> 
     </span>
    </p>
   </div>
   <div class='ocr_carea' id='block_1_117' title="bbox 918 2313 1702 2349">
    <p class='ocr_par' dir='ltr' id='par_1_117' title="bbox 918 2313 1702 2349">
     <span class='ocr_line' id='line_1_117' title="bbox 918 2313 1702 2349; baseline -0.005 -6"><span class='ocrx_word' id='word_1_855' title='bbox 918 2313 1015 2343; x_wconf 83' lang='lat' dir='ltr'><strong>ronam</strong></span> <span class='ocrx_word' id='word_1_856' title='bbox 1030 2314 1153 2349; x_wconf 85' lang='lat' dir='ltr'><strong>martyrii</strong></span> <span class='ocrx_word' id='word_1_857' title='bbox 1172 2314 1305 2344; x_wconf 80' lang='lat' dir='ltr'><strong>obtineat,</strong></span> <span class='ocrx_word' id='word_1_858' title='bbox 1322 2313 1438 2349; x_wconf 19' lang='lat' dir='ltr'><strong>plusrab</strong></span> <span class='ocrx_word' id='word_1_859' title='bbox 1454 2316 1512 2346; x_wconf 86' lang='lat' dir='ltr'><strong>ipso</strong></span> <span class='ocrx_word' id='word_1_860' title='bbox 1529 2319 1587 2347; x_wconf 82' lang='lat' dir='ltr'><strong>post</strong></span> <span class='ocrx_word' id='word_1_861' title='bbox 1600 2313 1702 2349; x_wconf 75' lang='lat' dir='ltr'><strong>ejusex</strong></span> 
     </span>
    </p>
   </div>
   <div class='ocr_carea' id='block_1_118' title="bbox 918 2347 1703 2382">
    <p class='ocr_par' dir='ltr' id='par_1_118' title="bbox 918 2347 1703 2382">
     <span class='ocr_line' id='line_1_118' title="bbox 918 2347 1703 2382; baseline -0.006 -4"><span class='ocrx_word' id='word_1_862' title='bbox 918 2353 969 2378; x_wconf 78' lang='lat' dir='ltr'><strong>hac</strong></span> <span class='ocrx_word' id='word_1_863' title='bbox 981 2351 1036 2376; x_wconf 77' lang='lat' dir='ltr'><strong>vita</strong></span> <span class='ocrx_word' id='word_1_864' title='bbox 1054 2347 1197 2376; x_wconf 74' lang='lat' dir='ltr'><strong>excessum</strong></span> <span class='ocrx_word' id='word_1_865' title='bbox 1214 2349 1338 2382; x_wconf 81' lang='lat' dir='ltr'><strong>adjutum</strong></span> <span class='ocrx_word' id='word_1_866' title='bbox 1362 2348 1394 2374; x_wconf 78' lang='lat' dir='ltr'><strong>iri</strong></span> <span class='ocrx_word' id='word_1_867' title='bbox 1419 2355 1499 2381; x_wconf 84' lang='lat' dir='ltr'><strong>quam</strong></span> <span class='ocrx_word' id='word_1_868' title='bbox 1523 2349 1544 2374; x_wconf 90' lang='lat' dir='ltr'><strong>si</strong></span> <span class='ocrx_word' id='word_1_869' title='bbox 1567 2355 1627 2374; x_wconf 88' lang='lat' dir='ltr'><strong>cum</strong></span> <span class='ocrx_word' id='word_1_870' title='bbox 1651 2347 1703 2373; x_wconf 89' lang='lat' dir='ltr'><strong>illis</strong></span> 
     </span>
    </p>
   </div>
   <div class='ocr_carea' id='block_1_119' title="bbox 917 2382 1704 2420">
    <p class='ocr_par' dir='ltr' id='par_1_119' title="bbox 917 2382 1704 2420">
     <span class='ocr_line' id='line_1_119' title="bbox 917 2382 1704 2420; baseline -0.006 -8"><span class='ocrx_word' id='word_1_871' title='bbox 917 2385 1111 2420; x_wconf 77' lang='lat' dir='ltr'><strong>permansisset</strong></span> <span class='ocrx_word' id='word_1_872' title='bbox 1125 2393 1133 2420; x_wconf 48' lang='grc' dir='ltr'><strong>ι</strong></span> <span class='ocrx_word' id='word_1_873' title='bbox 1148 2384 1241 2420; x_wconf 67' lang='lat' dir='ltr'><strong>«Scies</strong></span> <span class='ocrx_word' id='word_1_874' title='bbox 1251 2384 1336 2413; x_wconf 79' lang='lat' dir='ltr'><strong>enim.</strong></span> <span class='ocrx_word' id='word_1_875' title='bbox 1350 2383 1446 2420; x_wconf 77' lang='lat' dir='ltr'><strong>inquit.</strong></span> <span class='ocrx_word' id='word_1_876' title='bbox 1458 2388 1520 2408; x_wconf 90' lang='lat' dir='ltr'><strong>tunc</strong></span> <span class='ocrx_word' id='word_1_877' title='bbox 1531 2382 1625 2420; x_wconf 74' lang='lat' dir='ltr'><strong>melius</strong></span> <span class='ocrx_word' id='word_1_878' title='bbox 1635 2389 1704 2415; x_wconf 87' lang='lat' dir='ltr'><strong>quo-</strong></span> 
     </span>
    </p>
   </div>
   <div class='ocr_carea' id='block_1_120' title="bbox 919 2417 1704 2452">
    <p class='ocr_par' dir='ltr' id='par_1_120' title="bbox 919 2417 1704 2452">
     <span class='ocr_line' id='line_1_120' title="bbox 919 2417 1704 2452; baseline -0.005 -5"><span class='ocrx_word' id='word_1_879' title='bbox 919 2417 998 2448; x_wconf 85' lang='lat' dir='ltr'><strong>inodo</strong></span> <span class='ocrx_word' id='word_1_880' title='bbox 1016 2419 1144 2452; x_wconf 69' lang='lat' dir='ltr'><strong>diligendi</strong></span> <span class='ocrx_word' id='word_1_881' title='bbox 1158 2419 1221 2450; x_wconf 82' lang='lat' dir='ltr'><strong>sint,</strong></span> <span class='ocrx_word' id='word_1_882' title='bbox 1237 2424 1263 2444; x_wconf 87' lang='lat' dir='ltr'><strong>et</strong></span> <span class='ocrx_word' id='word_1_883' title='bbox 1275 2425 1333 2451; x_wconf 68' lang='lat' dir='ltr'><strong>quae</strong></span> <span class='ocrx_word' id='word_1_884' title='bbox 1349 2418 1413 2450; x_wconf 73' lang='lat' dir='ltr'><strong>ipsis</strong></span> <span class='ocrx_word' id='word_1_885' title='bbox 1430 2417 1563 2451; x_wconf 81' lang='lat' dir='ltr'><strong>precanda</strong></span> <span class='ocrx_word' id='word_1_886' title='bbox 1579 2417 1633 2442; x_wconf 80' lang='lat' dir='ltr'><strong>sitit</strong></span> <span class='ocrx_word' id='word_1_887' title='bbox 1649 2425 1704 2443; x_wconf 86' lang='lat' dir='ltr'><strong>mc-</strong></span> 
     </span>
    </p>
   </div>
   <div class='ocr_carea' id='block_1_121' title="bbox 918 2452 1702 2488">
    <p class='ocr_par' dir='ltr' id='par_1_121' title="bbox 918 2452 1702 2488">
     <span class='ocr_line' id='line_1_121' title="bbox 918 2452 1702 2488; baseline -0.006 -7"><span class='ocrx_word' id='word_1_888' title='bbox 918 2456 970 2482; x_wconf 88' lang='lat' dir='ltr'><strong>lius</strong></span> <span class='ocrx_word' id='word_1_889' title='bbox 990 2454 1137 2486; x_wconf 73' lang='lat' dir='ltr'><strong>intelliges,</strong></span> <span class='ocrx_word' id='word_1_890' title='bbox 1153 2454 1175 2480; x_wconf 91' lang='lat' dir='ltr'><strong>si</strong></span> <span class='ocrx_word' id='word_1_891' title='bbox 1193 2453 1351 2488; x_wconf 77' lang='lat' dir='ltr'><strong>cognoveris</strong></span> <span class='ocrx_word' id='word_1_892' title='bbox 1368 2452 1445 2488; x_wconf 17' lang='lat' dir='ltr'><strong>Vtilius</strong></span> <span class='ocrx_word' id='word_1_893' title='bbox 1458 2455 1530 2488; x_wconf 53' lang='lat' dir='ltr'><strong>tuos</strong></span> <span class='ocrx_word' id='word_1_894' title='bbox 1553 2458 1622 2481; x_wconf 76' lang='lat' dir='ltr'><strong>esse,</strong></span> <span class='ocrx_word' id='word_1_895' title='bbox 1651 2459 1702 2477; x_wconf 88' lang='lat' dir='ltr'><strong>non</strong></span> 
     </span>
    </p>
   </div>
   <div class='ocr_carea' id='block_1_122' title="bbox 919 2485 1705 2520">
    <p class='ocr_par' dir='ltr' id='par_1_122' title="bbox 919 2485 1705 2520">
     <span class='ocr_line' id='line_1_122' title="bbox 919 2485 1705 2520; baseline -0.009 -3"><span class='ocrx_word' id='word_1_896' title='bbox 919 2498 1010 2517; x_wconf 80' lang='lat' dir='ltr'><strong>semen</strong></span> <span class='ocrx_word' id='word_1_897' title='bbox 1027 2493 1156 2515; x_wconf 69' lang='lat' dir='ltr'><strong>tantum.)</strong></span> <span class='ocrx_word' id='word_1_898' title='bbox 1176 2485 1244 2520; x_wconf 75' lang='lat' dir='ltr'><strong>Quin</strong></span> <span class='ocrx_word' id='word_1_899' title='bbox 1261 2493 1287 2514; x_wconf 90' lang='lat' dir='ltr'><strong>ct</strong></span> <span class='ocrx_word' id='word_1_900' title='bbox 1302 2487 1393 2514; x_wconf 88' lang='lat' dir='ltr'><strong>homil.</strong></span> <span class='ocrx_word' id='word_1_901' title='bbox 1412 2487 1444 2512; x_wconf 82' lang='lat' dir='ltr'><strong>lli</strong></span> <span class='ocrx_word' id='word_1_902' title='bbox 1458 2485 1483 2512; x_wconf 90' lang='lat' dir='ltr'><strong>itt</strong></span> <span class='ocrx_word' id='word_1_903' title='bbox 1498 2485 1578 2512; x_wconf 67' lang='lat' dir='ltr'><strong>Iosue</strong></span> <span class='ocrx_word' id='word_1_904' title='bbox 1593 2493 1644 2511; x_wconf 90' lang='lat' dir='ltr'><strong>non</strong></span> <span class='ocrx_word' id='word_1_905' title='bbox 1661 2494 1705 2511; x_wconf 88' lang='lat' dir='ltr'><strong>so-</strong></span> 
     </span>
    </p>
   </div>
   <div class='ocr_carea' id='block_1_123' title="bbox 919 2520 1705 2558">
    <p class='ocr_par' dir='ltr' id='par_1_123' title="bbox 919 2520 1705 2558">
     <span class='ocr_line' id='line_1_123' title="bbox 919 2520 1705 2558; baseline -0.006 -8"><span class='ocrx_word' id='word_1_906' title='bbox 919 2525 975 2551; x_wconf 90' lang='lat' dir='ltr'><strong>lum</strong></span> <span class='ocrx_word' id='word_1_907' title='bbox 988 2529 1121 2558; x_wconf 87' lang='lat' dir='ltr'><strong>martyres</strong></span> <span class='ocrx_word' id='word_1_908' title='bbox 1132 2530 1180 2556; x_wconf 92' lang='lat' dir='ltr'><strong>pro</strong></span> <span class='ocrx_word' id='word_1_909' title='bbox 1193 2523 1280 2555; x_wconf 86' lang='lat' dir='ltr'><strong>nobis,</strong></span> <span class='ocrx_word' id='word_1_910' title='bbox 1294 2522 1374 2558; x_wconf 76' lang='lat' dir='ltr'><strong>sedet</strong></span> <span class='ocrx_word' id='word_1_911' title='bbox 1387 2528 1481 2547; x_wconf 86' lang='lat' dir='ltr'><strong>omnes</strong></span> <span class='ocrx_word' id='word_1_912' title='bbox 1492 2520 1601 2558; x_wconf 79' lang='lat' dir='ltr'><strong>omnino</strong></span> <span class='ocrx_word' id='word_1_913' title='bbox 1614 2526 1705 2558; x_wconf 72' lang='lat' dir='ltr'><strong>patres</strong></span> 
     </span>
    </p>
   </div>
   <div class='ocr_carea' id='block_1_124' title="bbox 919 2555 1703 2591">
    <p class='ocr_par' dir='ltr' id='par_1_124' title="bbox 919 2555 1703 2591">
     <span class='ocr_line' id='line_1_124' title="bbox 919 2555 1703 2591; baseline -0.006 -5"><span class='ocrx_word' id='word_1_914' title='bbox 919 2567 998 2587; x_wconf 85' lang='lat' dir='ltr'><strong>orare</strong></span> <span class='ocrx_word' id='word_1_915' title='bbox 1016 2555 1110 2585; x_wconf 72' lang='lat' dir='ltr'><strong>statuit</strong></span> <span class='ocrx_word' id='word_1_916' title='bbox 1127 2555 1139 2585; x_wconf 65' lang='grc' dir='ltr'><strong>ί</strong></span> <span class='ocrx_word' id='word_1_917' title='bbox 1153 2566 1162 2583; x_wconf 82' lang='grc' dir='ltr'>ι</span> <span class='ocrx_word' id='word_1_918' title='bbox 1179 2558 1235 2591; x_wconf 78' lang='lat' dir='ltr'><strong>Ego</strong></span> <span class='ocrx_word' id='word_1_919' title='bbox 1249 2558 1289 2584; x_wconf 91' lang='lat' dir='ltr'><strong>sic</strong></span> <span class='ocrx_word' id='word_1_920' title='bbox 1303 2557 1432 2589; x_wconf 83' lang='lat' dir='ltr'><strong>arbitror,</strong></span> <span class='ocrx_word' id='word_1_921' title='bbox 1453 2556 1523 2589; x_wconf 88' lang='lat' dir='ltr'><strong>quod</strong></span> <span class='ocrx_word' id='word_1_922' title='bbox 1544 2562 1639 2591; x_wconf 80' lang='lat' dir='ltr'><strong>omnes</strong></span> <span class='ocrx_word' id='word_1_923' title='bbox 1654 2555 1703 2586; x_wconf 90' lang='lat' dir='ltr'><strong>illi,</strong></span> 
     </span>
    </p>
   </div>
   <div class='ocr_carea' id='block_1_125' title="bbox 921 2590 1704 2629">
    <p class='ocr_par' dir='ltr' id='par_1_125' title="bbox 921 2590 1704 2629">
     <span class='ocr_line' id='line_1_125' title="bbox 921 2590 1704 2629; baseline -0.008 -8"><span class='ocrx_word' id='word_1_924' title='bbox 921 2595 966 2629; x_wconf 92' lang='lat' dir='ltr'><strong>qui</strong></span> <span class='ocrx_word' id='word_1_925' title='bbox 980 2594 1151 2629; x_wconf 80' lang='lat' dir='ltr'><strong>dormierunt</strong></span> <span class='ocrx_word' id='word_1_926' title='bbox 1168 2590 1295 2629; x_wconf 76' lang='lat' dir='ltr'><strong>anterius</strong></span> <span class='ocrx_word' id='word_1_927' title='bbox 1310 2598 1412 2629; x_wconf 77' lang='lat' dir='ltr'><strong>patres,</strong></span> <span class='ocrx_word' id='word_1_928' title='bbox 1431 2594 1548 2629; x_wconf 55' lang='lat' dir='ltr'><strong>pugnent</strong></span> <span class='ocrx_word' id='word_1_929' title='bbox 1563 2590 1704 2629; x_wconf 61' lang='lat' dir='ltr'><strong>nobiscum</strong></span> 
     </span>
    </p>
   </div>
   <div class='ocr_carea' id='block_1_126' title="bbox 921 2625 1704 2662">
    <p class='ocr_par' dir='ltr' id='par_1_126' title="bbox 921 2625 1704 2662">
     <span class='ocr_line' id='line_1_126' title="bbox 921 2625 1704 2662; baseline -0.009 -6"><span class='ocrx_word' id='word_1_930' title='bbox 921 2625 947 2656; x_wconf 77' lang='grc' dir='ltr'><strong>ἑι</strong></span> <span class='ocrx_word' id='word_1_931' title='bbox 965 2628 1093 2662; x_wconf 85' lang='lat' dir='ltr'><strong>adjuveut</strong></span> <span class='ocrx_word' id='word_1_932' title='bbox 1108 2636 1156 2654; x_wconf 89' lang='lat' dir='ltr'><strong>nos</strong></span> <span class='ocrx_word' id='word_1_933' title='bbox 1169 2625 1339 2662; x_wconf 71' lang='lat' dir='ltr'><strong>orationibus</strong></span> <span class='ocrx_word' id='word_1_934' title='bbox 1354 2627 1421 2653; x_wconf 88' lang='lat' dir='ltr'><strong>suis.</strong></span> <span class='ocrx_word' id='word_1_935' title='bbox 1437 2635 1446 2651; x_wconf 73' lang='grc' dir='ltr'><strong>ι</strong></span> <span class='ocrx_word' id='word_1_936' title='bbox 1465 2625 1562 2662; x_wconf 70' lang='lat' dir='ltr'><strong>tixbis</strong></span> <span class='ocrx_word' id='word_1_937' title='bbox 1579 2625 1704 2662; x_wconf 79' lang='lat' dir='ltr'><strong>erunibus</strong></span> 
     </span>
    </p>
   </div>
   <div class='ocr_carea' id='block_1_127' title="bbox 920 2660 1706 2698">
    <p class='ocr_par' dir='ltr' id='par_1_127' title="bbox 920 2660 1706 2698">
     <span class='ocr_line' id='line_1_127' title="bbox 920 2660 1706 2698; baseline -0.006 -8"><span class='ocrx_word' id='word_1_938' title='bbox 920 2660 1007 2698; x_wconf 79' lang='lat' dir='ltr'><strong>liquet</strong></span> <span class='ocrx_word' id='word_1_939' title='bbox 1020 2663 1097 2697; x_wconf 81' lang='lat' dir='ltr'><strong>longe</strong></span> <span class='ocrx_word' id='word_1_940' title='bbox 1112 2662 1233 2698; x_wconf 76' lang='lat' dir='ltr'><strong>abfuisse</strong></span> <span class='ocrx_word' id='word_1_941' title='bbox 1248 2661 1393 2698; x_wconf 79' lang='lat' dir='ltr'><strong>Origeneut</strong></span> <span class='ocrx_word' id='word_1_942' title='bbox 1408 2662 1441 2687; x_wconf 82' lang='lat' dir='ltr'><strong>ab</strong></span> <span class='ocrx_word' id='word_1_943' title='bbox 1455 2661 1645 2698; x_wconf 82' lang='lat' dir='ltr'><strong>hodicruorum</strong></span> <span class='ocrx_word' id='word_1_944' title='bbox 1660 2660 1706 2686; x_wconf 88' lang='lat' dir='ltr'><strong>he-</strong></span> 
     </span>
    </p>
   </div>
   <div class='ocr_carea' id='block_1_128' title="bbox 923 2695 1704 2730">
    <p class='ocr_par' dir='ltr' id='par_1_128' title="bbox 923 2695 1704 2730">
     <span class='ocr_line' id='line_1_128' title="bbox 923 2695 1704 2730; baseline -0.006 -5"><span class='ocrx_word' id='word_1_945' title='bbox 923 2695 1117 2725; x_wconf 50' lang='lat' dir='ltr'><strong>te-rodoxor&#39;tun</strong></span> <span class='ocrx_word' id='word_1_946' title='bbox 1137 2697 1265 2730; x_wconf 87' lang='lat' dir='ltr'><strong>opinione</strong></span> <span class='ocrx_word' id='word_1_947' title='bbox 1283 2696 1327 2729; x_wconf 84' lang='lat' dir='ltr'><strong>qui</strong></span> <span class='ocrx_word' id='word_1_948' title='bbox 1341 2695 1402 2722; x_wconf 87' lang='lat' dir='ltr'><strong>ideo</strong></span> <span class='ocrx_word' id='word_1_949' title='bbox 1419 2696 1536 2721; x_wconf 71' lang='lat' dir='ltr'><strong>maxime</strong></span> <span class='ocrx_word' id='word_1_950' title='bbox 1548 2699 1704 2721; x_wconf 86' lang='lat' dir='ltr'><strong>sanctorum</strong></span> 
     </span>
    </p>
   </div>
   <div class='ocr_carea' id='block_1_129' title="bbox 922 2729 1706 2764">
    <p class='ocr_par' dir='ltr' id='par_1_129' title="bbox 922 2729 1706 2764">
     <span class='ocr_line' id='line_1_129' title="bbox 922 2729 1706 2764; baseline -0.005 -4"><span class='ocrx_word' id='word_1_951' title='bbox 922 2735 1122 2760; x_wconf 85' lang='lat' dir='ltr'><strong>invocationem</strong></span> <span class='ocrx_word' id='word_1_952' title='bbox 1140 2729 1293 2764; x_wconf 77' lang='lat' dir='ltr'><strong>repudiarit,</strong></span> <span class='ocrx_word' id='word_1_953' title='bbox 1308 2730 1378 2764; x_wconf 89' lang='lat' dir='ltr'><strong>quod</strong></span> <span class='ocrx_word' id='word_1_954' title='bbox 1396 2729 1534 2756; x_wconf 80' lang='lat' dir='ltr'><strong>orationes</strong></span> <span class='ocrx_word' id='word_1_955' title='bbox 1548 2735 1656 2757; x_wconf 85' lang='lat' dir='ltr'><strong>nostras</strong></span> <span class='ocrx_word' id='word_1_956' title='bbox 1666 2730 1706 2756; x_wconf 80' lang='lat' dir='ltr'><strong>eis</strong></span> 
     </span>
    </p>
   </div>
   <div class='ocr_carea' id='block_1_130' title="bbox 922 2767 1289 2803">
    <p class='ocr_par' dir='ltr' id='par_1_130' title="bbox 922 2767 1289 2803">
     <span class='ocr_line' id='line_1_130' title="bbox 922 2767 1289 2803; baseline -0.008 -8"><span class='ocrx_word' id='word_1_957' title='bbox 922 2770 1026 2803; x_wconf 73' lang='lat' dir='ltr'><strong>ignoras</strong></span> <span class='ocrx_word' id='word_1_958' title='bbox 1037 2775 1096 2794; x_wconf 86' lang='lat' dir='ltr'><strong>esse</strong></span> <span class='ocrx_word' id='word_1_959' title='bbox 1113 2767 1289 2803; x_wconf 77' lang='lat' dir='ltr'><strong>arbitrentur.</strong></span> 
     </span>
    </p>
   </div>
   <div class='ocr_carea' id='block_1_131' title="bbox 959 2799 1705 2837">
    <p class='ocr_par' dir='ltr' id='par_1_131' title="bbox 959 2799 1705 2837">
     <span class='ocr_line' id='line_1_131' title="bbox 959 2799 1705 2837; baseline -0.005 -8"><span class='ocrx_word' id='word_1_960' title='bbox 959 2803 1014 2837; x_wconf 64' lang='lat'><strong>(‘25)</strong></span> <span class='ocrx_word' id='word_1_961' title='bbox 1034 2801 1268 2836; x_wconf 68' lang='grc' dir='ltr'>Διανηξιιμένην.</span> <span class='ocrx_word' id='word_1_962' title='bbox 1288 2801 1414 2827; x_wconf 82' lang='lat' dir='ltr'><strong>Mcudose</strong></span> <span class='ocrx_word' id='word_1_963' title='bbox 1430 2800 1514 2827; x_wconf 77' lang='lat' dir='ltr'><strong>codex</strong></span> <span class='ocrx_word' id='word_1_964' title='bbox 1539 2806 1590 2826; x_wconf 90' lang='lat' dir='ltr'><strong>ms.</strong></span> <span class='ocrx_word' id='word_1_965' title='bbox 1614 2799 1705 2830; x_wconf 84' lang='lat' dir='ltr'><strong>habet,</strong></span> 
     </span>
    </p>
   </div>
   <div class='ocr_carea' id='block_1_132' title="bbox 922 2837 1108 2872">
    <p class='ocr_par' dir='ltr' id='par_1_132' title="bbox 922 2837 1108 2872">
     <span class='ocr_line' id='line_1_132' title="bbox 922 2837 1108 2872; baseline 0.011 -9"><span class='ocrx_word' id='word_1_966' title='bbox 922 2837 1108 2872; x_wconf 78' lang='grc' dir='ltr'>δινυξαμὲνην.</span> 
     </span>
    </p>
   </div>
  </div>
