1843 3076
87 147 136 175 605

626 145 851 173 EXHORTATIO
868 145 913 171 AD
931 144 1148 173 MARTYRIUM.

1653 143 1704 172 606

87 207 311 243 καταστρέψωμεν
325 207 392 243 (50),
405 207 452 234 καὶ
468 207 512 233 τὸν
528 206 661 242 δράκοντα
674 207 742 242 μετὰ
756 207 802 233 τοῦ

993 213 1053 233 cum
1084 206 1191 232 Dauiele
1215 206 1382 238 occidantus,
1399 209 1432 232 ut
1450 205 1483 232 ad
1520 212 1568 233 ora
1594 204 1701 233 leonum

87 253 141 288 νιὴλ
162 253 374 287 ἀποκτείνωμεν,
400 252 453 284 ἵνα,
481 252 594 287 στόμασι
618 252 731 279 λεόντων
754 252 868 287 πλησιά-

87 298 182 330 ζοντες,
203 298 286 333 μηδὲν
307 298 353 324 ἀπ’
368 297 457 323 αὐτῶν
478 296 573 323 παθεῖν
588 297 760 332 δυνηθῶμεν·
781 297 867 331 μόνων

85 344 133 369 τῶν
141 343 232 369 αἰτίων
241 344 304 378 ἡμῖν
316 342 361 369 τοῦ
371 343 502 378 παρόντος
511 343 613 377 Misy;
623 343 866 378 καταϐρωοησομὲ-

86 397 132 415 νων
143 388 194 414 ὑπὸ
209 388 262 414 τῶν
277 390 349 424 ἡμᾶς
364 389 401 424 μὴ
416 389 570 425 δυναμένων
586 390 728 416 καταπιεῖν
742 388 864 414 λεόντων.

116 435 167 461 Καὶ
179 434 256 462 τοῦτο
269 435 297 460 δὲ
314 436 611 471 παρατηρήσωμεν,ὃτι
621 436 669 461 οὐκ
685 436 714 462 ὲν
728 437 783 467 τοῖς
798 437 865 472 πρὸς

84 481 141 511 τοὺς
172 479 284 511 πολλοὺς
309 479 398 514 λόγοις
428 480 462 506 τὰ
490 481 553 516 περὶ
581 481 730 515 μαρτυρίου
759 489 865 516 προφη-

84 525 183 551 τεύεται
203 525 255 552 ὑπὸ
278 526 325 552 τοῦ
353 526 489 562 Σωτῆρος,
503 526 559 552 ἀλλ’
582 527 610 552 ἐν
626 528 682 558 τοῖς
711 527 778 562 πρὸς
802 529 863 558 τοὺς

84 571 249 602 ἀποστόλους.
265 572 467 607 Προειρημένου
482 573 552 608 γάρ·
572 581 581 597 (
601 572 716 603 Τούτους
733 573 793 604 τοὺς
812 573 863 598 δὼ-

83 616 141 643 ὃεκα
156 617 312 643 ἀπέστειλεν
324 618 337 643 ό
358 617 471 652 Ἰησοῦς,
487 617 672 652 παραγγείλας
685 618 776 650 αὐτοῖς
786 627 792 633 ·
816 619 863 650 Εἰς

83 662 134 689 ὁδὸν
152 662 234 688 ἐθνῶν
249 662 287 698 μὴ
303 663 448 698 ἀπέλθητε,
469 673 477 689 ι
497 664 543 690 καὶ
558 664 590 690 τὰ
606 664 685 699 ἑξῆς·
705 665 863 699 ἐπιφέρεται

82 708 122 734 τό’
140 717 148 733 ε
167 709 322 743 Προσέχετε
348 708 402 735 ἀπὸ
420 710 474 735 τῶν
493 709 656 745 ἀνθρώπων
675 710 862 745 παραδώσουσι

82 753 130 788 γὰρ
145 754 214 788 ὑμᾶς
238 755 278 785 εἰς
301 755 435 790 συνέδρια,
452 755 498 782 καὶ
514 757 542 781 ὲν
563 756 621 787 ταῖς
635 758 803 790 συναγωγαῖς
816 756 863 782 αύ-

81 799 129 824 τῶν
147 799 362 833 μαστιγώσουσιν
379 801 466 835 ὑμᾶς·
483 802 528 827 καὶ
543 802 589 827 ἐπὶ
606 802 742 836 ἡγεμόνας
756 802 801 828 καὶ
815 802 862 836 βα-

82 844 156 876 σιλεῖς
171 845 322 880 ἀχθήσεσθε
341 846 433 872 ἕνεκεν
448 846 514 882 ἐμοῦ
536 848 576 878 εἰς
605 847 752 882 μαρτύριον
770 848 861 879 αὐτοῖς

81 889 190 920 καὶτοῖς
216 889 331 917 ἔθνεσιν.
349 891 433 917 Ὅταν
462 891 490 917 δὲ
513 891 710 927 παραδώσουσιν
724 892 806 926 ὑμᾶς,
822 892 858 928 μὴ

83 936 273 971 μεριμνήσητε,
289 936 357 968 πῶς,
368 935 385 971 ἢ
398 937 424 963 τί
440 937 568 972 λαλήσετε
578 946 584 952 ·
601 938 631 963 οὐ
643 937 696 973 γὰρ
709 938 786 972 ὑμεῖς
799 939 858 964 ἐστε

80 980 101 1006 oi
114 980 261 1012 λαλοῦντες,
278 981 344 1007 ἀλλὰ
360 982 390 1008 τὸ
402 982 514 1017 Πνεῦμα
527 982 574 1009 τοῦ
589 983 705 1018 Πατρὸς,
719 983 749 1010 τὸ
762 984 859 1011 λαλοῦν

81 1025 105 1051 ὲν
121 1025 191 1059 ὑμῖν.
207 1026 368 1061 Παραδώσει
389 1027 416 1053 δὲ
437 1027 549 1062 ἀδελφὸς
561 1028 670 1063 ἀδελφὸν
682 1031 721 1060 εἰς
734 1029 857 1062 Θάνατον,

80 1070 122 1096 καὶ
148 1071 236 1107 πατὴρ
267 1073 359 1099 τέκνον
371 1081 378 1088 ⁸
397 1073 443 1100 καὶ
462 1074 694 1109 ἐπαναστήσονται
714 1075 796 1102 τέκνα
813 1076 858 1102 ἐπὶ

80 1117 168 1149 γονεῖς,
186 1117 233 1142 καὶ
249 1116 450 1145 θανατώσουσιν
469 1119 566 1150 αὐτοὺς
576 1139 583 1152 ,
598 1119 645 1146 καὶ
657 1119 750 1146 ἔσεσθε
764 1120 857 1155 μισού-

82 1170 149 1195 μενοι
165 1162 214 1188 om
229 1162 340 1190 πάντων
354 1163 396 1190 διὰ
411 1164 441 1190 τὸ
452 1164 535 1199 ὄνομά
553 1173 602 1199 μου
614 1174 620 1180 ·
639 1166 652 1191 ὁ
667 1165 858 1201 δὲ·ὑπομείνας

79 1206 114 1237 είς
125 1206 207 1239 τέλος,
222 1205 300 1238 οὗτος
313 1208 473 1243 σωθήσεται.
491 1209 573 1236 Ὅταν
588 1209 616 1236 δὲ
630 1210 762 1237 διώκωσιν
786 1211 858 1245 ὑμᾶς

79 1250 104 1275 ὲν
118 1251 148 1285 τῇ
171 1252 245 1278 πόλει
268 1252 364 1289 ταύτῃ,
381 1253 494 1288 φεύγετε
510 1256 549 1286 εἱς
564 1255 613 1290 τὴν
628 1256 740 1291 ἑτέραν·
758 1256 809 1283 κᾶν
825 1258 857 1282 ἐκ

79 1295 170 1330 ταύτης
197 1296 326 1330 διώκωσι,
345 1298 457 1332 φεύγετε
477 1300 515 1331 είς
531 1300 579 1334 τὴν
596 1300 686 1336 ἄλλην.
702 1301 786 1337 Ἀμὴν
802 1301 856 1337 γὰρ

79 1340 143 1374 λέγω
165 1342 239 1376 ὑμῖν,
255 1343 285 1368 οὐ
304 1343 339 1378 μὴ
363 1343 484 1370 τελέσετε
497 1344 546 1376 τὰς
565 1345 656 1377 πόλεις
670 1345 715 1372 τοῦ
739 1347 854 1382 Ἰσραὴλ,

78 1384 124 1416 ἕως
138 1386 169 1412 ἂν
181 1386 245 1423 ἔλθῃ
261 1388 275 1413 ὁ
290 1386 353 1419 Υἱὸς
381 1389 427 1415 τοῦ
447 1389 599 1425 ἀνθρώπου.
619 1400 627 1416 ι
646 1391 701 1417 Καὶ
717 1391 730 1417 ό
750 1393 856 1424 Λουκᾶς

78 1430 102 1455 δὲ
115 1431 220 1458 τοιαῦτα
235 1433 404 1469 ἀναγράφει·
427 1444 435 1460 ι
452 1435 534 1462 Ὅταν
549 1436 576 1462 δὲ
594 1436 711 1471 φέρωσιν
724 1437 795 1472 ὑμᾶς
810 1438 855 1463 ἐπὶ

78 1475 121 1507 τὰς
149 1479 318 1512 συναγωγὰς,
334 1480 381 1506 καὶ
408 1479 456 1511 τὰς
469 1481 556 1516 ἀρχὰς
570 1482 635 1517 (51),
647 1483 693 1508 καὶ
715 1482 764 1514 τὰς
779 1482 854 1516 ἐξου-

79 1521 140 1553 σίας,
161 1523 196 1558 μὴ
214 1525 399 1560 μεριμνήσητε
424 1525 482 1557 πῶς
498 1526 700 1562 ἀπολογήσησθε
734 1528 751 1562 ἢ
774 1528 800 1554 τί
817 1528 855 1554 εῖ-
867 1541 888 1568 C

78 1576 154 1601 πητε·
172 1568 200 1594 τὸ
212 1569 268 1604 γὰρ
288 1570 363 1604 ἅγιον
386 1571 498 1606 Πνεῦμα
516 1572 615 1604 διδάξει
637 1570 718 1608 ὑμές,
731 1573 748 1599 ἃ
762 1573 802 1600 δεῖ
816 1575 854 1600 εἰ-

77 1614 139 1639 πεῖν.
155 1623 164 1639 ι
175 1615 229 1641 Καὶ
246 1615 306 1650 μεθ’
321 1616 403 1652 ἕτερα
413 1625 419 1631 ·
439 1627 447 1642 ι
467 1617 552 1644 Θὲσθε
565 1616 610 1644 οὖν
626 1620 665 1649 εἰς
680 1618 728 1650 τὰς
741 1619 854 1654 καρδίας

77 1658 145 1692 ὑμῶν
171 1660 206 1695 μὴ
234 1661 350 1697 μελετᾷν
371 1662 586 1698 ἀπολογηθῆναι·
615 1663 670 1698 ἐγὼ
695 1664 750 1699 γὰρ
777 1664 854 1691 δώσω

78 1703 136 1738 ὑμῖν
150 1705 233 1741 στόμα
249 1707 296 1733 καὶ
311 1707 416 1741 σοφίαν,
463 1709 493 1734 οὐ
506 1708 663 1743 δυνήσονται
686 1710 851 1744 ἀντιστῆναι,

76 1749 90 1784 ἢ
105 1750 234 1778 ἀντειπεῖν
251 1753 352 1784 πάντες
366 1754 390 1779 οἱ
404 1754 583 1789 ἀντικείμενοι
607 1754 680 1789 ὑμῖν.
697 1755 853 1791 Παραδοθή-

77 1795 148 1822 σεσθε
169 1796 197 1822 δὲ
219 1797 268 1824 καὶ
284 1798 336 1824 ὑπο
351 1799 461 1832 γονέων,
478 1800 524 1826 καὶ
537 1800 685 1833 συγγενῶν,
697 1800 742 1826 καὶ
758 1800 851 1834 φίλων,

77 1841 118 1866 καὶ
139 1841 275 1877 ἀδελφῶν*
291 1843 338 1871 καὶ
360 1844 559 1871 θανατώσουσιν
577 1844 606 1876 ἐξ
623 1845 713 1880 ὑμῶν·
729 1846 774 1871 καὶ
793 1846 851 1871 ἔσε-

77 1885 117 1912 σθε
129 1888 281 1923 μισούμενοι
293 1890 345 1916 ὑπὸ
358 1890 463 1916 πάντων
471 1890 513 1916 διὰ
524 1890 553 1916 τὸ
561 1890 646 1925 ὄνομα
658 1899 717 1926 μου·
733 1892 778 1917 καὶ
792 1891 851 1926 θρὶξ

76 1931 104 1957 ἐκ
117 1933 162 1968 τῆς
181 1934 303 1969 κεφαλῆς
316 1935 392 1969 ὑμῶν
413 1936 442 1962 οὐ
461 1936 497 1971 μὴ
512 1936 656 1971 ἀπόληται.
681 1937 723 1962 Ἐν
738 1938 769 1972 τῇ
785 1937 850 1962 ὐπο-

77 1977 136 2011 μονῇ
158 1977 231 2012 ὑμῶν
247 1979 381 2013 κτήσεσθε
399 1979 448 2011 τὰς
464 1980 552 2014 ψυχὰς
565 1980 650 2015 ὑμῶν.
670 1991 678 2006 ι
695 1981 812 2007 Τοιαῦτα
823 1981 850 2008 δὲ

75 2022 117 2047 καὶ
128 2023 141 2048 ὁ
155 2023 267 2058 Μάρκος
282 2024 364 2059 φησιν
373 2033 380 2040 ·
400 2034 408 2050 ι
429 2026 512 2052 Ὅταν
526 2025 552 2051 δὲ
566 2026 668 2060 ἄγωσιν
680 2027 751 2061 ὑμᾶς
762 2035 851 2062 παρα-

74 2066 188 2101 διδόντες,
208 2070 244 2106 μὴ
262 2072 477 2105 προμεριμνᾶτε,
493 2072 560 2107 μηδὲ
575 2072 759 2107 προμελετᾶτε
771 2081 777 2087 ·
793 2072 848 2099 ἀλλ’

73 2113 86 2138 ὃ
100 2114 143 2140 ἐὰν
161 2114 221 2150 δοθῇ
240 2115 304 2150 ὑμῖν
335 2116 426 2151 ἐκείνῃ
443 2118 475 2151 τῇ
489 2116 558 2152 ὥρᾳ,
580 2118 665 2143 ὲκεῖνο
679 2117 800 2144 λαλεῖτε·
818 2118 848 2144 οὺ

73 2159 121 2194 γάρ
146 2161 205 2187 ἐστε
227 2162 306 2197 ὑμεῖς
326 2162 350 2188 oi
372 2162 523 2194 λαλοῦντες,
541 2163 610 2189 ἀλλὰ
633 2163 664 2189 τὸ
688 2163 799 2198 Πνεῦμα
819 2164 848 2190 τὸ

73 2204 150 2238 ἆγιον.
160 2206 316 2241 Παραδώσει
325 2206 352 2233 δὲ
367 2207 478 2241 ἀδελφὸς
491 2207 602 2241 ἀδελεξὺν
616 2209 654 2239 εἰς
666 2208 788 2241 Θάνατον,
802 2209 847 2235 καὶ
863 2202 885 2228 Ῑ)

73 2250 154 2285 πατὴρ
166 2251 272 2277 τέκνον·
286 2252 333 2278 καὶ
346 2252 578 2287 ἐπαναστήσονται
594 2253 675 2279 τέκνα
690 2254 736 2280 ἐπὶ
749 2255 846 2287 γονεῖς,

73 2295 113 2320 καὶ
136 2295 333 2323 θανατώσουσιν
357 2297 463 2329 αὐτούς.
482 2298 537 2324 Καὶ
568 2298 660 2324 ἔσεσθε
691 2294 847 2333 μισούμενοι

71 2339 118 2366 ὑπὸ
129 2342 232 2369 πάντων
248 2343 292 2370 διὰ
309 2343 339 2369 τὸ
352 2343 437 2378 ὂνομά
453 2353 512 2378 μου.
542 2343 571 2369 Ὀ
588 2343 615 2370 δὲ
637 2344 784 2379 ὑπομείνας
807 2345 846 2376 είς

70 2385 147 2418 τέλος,
162 2384 237 2419 οὗτος
256 2388 418 2423 σωθήσεται.
439 2399 448 2415 ›
472 2390 528 2416 Καὶ
552 2389 637 2416 ταῦτα
662 2390 690 2415 δὲ
712 2390 786 2426 παρὰ
808 2390 846 2425 τῷ

71 2430 190 2468 Mathin
211 2434 257 2460 ἐπὶ
286 2434 435 2470 μαρτύριον
464 2435 691 2470 προτρεπόμενα,
714 2435 744 2460 οὐ
779 2435 846 2470 πρὸς

71 2476 156 2509 ἄλλους
170 2480 185 2514 ἢ
200 2481 261 2512 τοὺς
275 2480 378 2507 δώδεκα
390 2481 512 2516 εἴρηται·
528 2478 565 2507 ὧν
580 2477 687 2507 ἀκούειν
697 2481 770 2516 ἡμᾶς
785 2481 846 2515 δεή-

72 2529 116 2554 σει,
133 2524 159 2549 ὲν
175 2525 212 2560 τῷ
226 2526 335 2552 ἀκούειν
349 2526 494 2561 ἐσομένους
510 2526 639 2560 ἀδελφοὺς
648 2525 702 2552 τῶν
717 2526 846 2552 ἀκουσάν-

71 2575 116 2593 των
138 2571 291 2598 ἀποστόλων
312 2572 358 2598 καὶ
380 2571 539 2603 ἀποστόλοις
560 2571 846 2607 συγκαταριθμηθησο-

72 2612 166 2645 μένους.
184 2616 224 2642 Τὰ
239 2616 267 2642 δὲ
283 2616 352 2651 ῥητὰ
367 2616 451 2647 οὕτως
461 2616 526 2651 ἔχει·
548 2625 556 2641 ι
576 2617 621 2651 Μὴ
642 2616 775 2651 φοϐηθῆτε
791 2617 845 2643 ἀπὸ

71 2657 117 2684 τῶν
130 2660 338 2688 ἀποκτεινόντων
352 2663 382 2688 τὸ
395 2662 484 2697 σῶμα,
505 2662 554 2697 τὴν
572 2662 600 2688 δὲ
615 2662 703 2697 ψυχὴν
717 2662 753 2697 μὴ
767 2662 845 2689 δυνα-

100 2738 129 2754 ⁸⁸*
139 2739 229 2767 Matth.
245 2741 308 2772 x,5.
347 2742 368 2757 “9
384 2741 447 2768 Ibid.
469 2741 560 2768 17—24.

612 2741 634 2757 νο
649 2740 714 2768 Luc.
732 2749 779 2774 xtl,
797 2741 839 2773 ll,
856 2742 898 2768 12.

919 253 1079 280 accedentes
1097 252 1206 278 uihilab
1223 252 1263 279 eis
1279 252 1331 286 pati
1346 253 1490 285 possimus,
1506 252 1552 279 sed
1565 251 1581 278 ii
1600 256 1701 278 tantum

918 299 963 333 qui
985 298 1063 332 hujus
1083 298 1160 326 nobis
1185 298 1342 326 Certaminis
1356 306 1444 326 causae
1455 303 1529 330 sunt,
1549 292 1586 325 ab
1606 298 1700 325 iisdem

918 344 1101 378 deglutiautur
1125 343 1247 370 leonibtts
1268 344 1313 378 qui
1335 344 1465 371 devorare
1488 352 1538 371 nos
1558 352 1610 370 non
1639 350 1701 378 pos-

917 394 989 417 sunt.

952 435 995 462 54.
1005 434 1183 462 Observemus
1193 435 1244 462 hoc
1253 435 1345 467 etiam,
1354 442 1413 469 qua:
1421 435 1454 461 ad
1468 433 1627 469 martyrium
1638 441 1700 469 per-

917 482 1053 514 tinent,ea
1068 489 1120 508 non
1137 481 1169 508 iis
1179 481 1348 508 sermonibus
1362 481 1521 515 przedixisse
1531 480 1697 507 Salvatorem

914 535 982 561 quos
1001 528 1034 554 ad
1056 527 1164 562 vulgum
1191 527 1329 559 habebat,
1346 526 1392 554 sed
1407 534 1475 560 quos
1496 527 1528 552 ad
1547 527 1696 561 apostolos.

915 574 1059 608 Postquam
1073 573 1144 601 enim
1160 573 1262 601 dictum
1276 577 1318 600 est
1332 581 1339 599 :
1363 581 1371 597 ι
1384 572 1438 599 llos
1459 572 1600 599 duodecim
1624 573 1698 599 misit

914 619 992 646 Jcsus
1004 640 1011 652 ,
1039 619 1197 654 praecipiens
1215 624 1241 646 et
1261 619 1371 646 dicens:
1387 618 1416 645 ln
1432 618 1502 644 viam
1526 619 1644 652 gentium
1665 626 1699 645 ne

915 664 1036 691 abieritis
1049 659 1102 696 θεέ,
1120 674 1130 690 ι
1148 669 1175 691 et
1191 664 1294 698 reliqua
1313 672 1320 696 ;
1343 664 1394 691 hoc
1415 663 1525 690 additur
1541 673 1548 690 :
1575 672 1583 689 ι
1602 662 1698 690 Cavete

914 714 1002 736 autem
1018 709 1052 736 ab
1064 709 1241 741 hominibus;
1260 709 1368 737 tradent
1382 709 1453 736 enim
1471 717 1517 736 vos
1533 709 1559 736 in
1576 708 1699 736 conciliis

914 756 975 781 etin
988 755 1135 789 synagogis
1148 755 1204 782 suis
1218 754 1390 790 flagellabunt
1402 763 1468 788 vos;
1485 759 1512 782 et
1523 755 1555 781 ad
1570 754 1698 788 praesides

913 807 940 829 et
953 803 986 829 ad
999 809 1077 836 rcges
1099 802 1232 828 dueemini
1256 806 1367 836 propter
1388 809 1448 834 me,
1463 801 1489 828 in
1514 801 1697 828 testimonium

913 847 965 875 illis
978 852 1004 874 et
1015 847 1150 882 gentibus.
1166 847 1233 874 Cum
1250 852 1340 874 autem
1357 847 1465 874 tradent
1479 854 1540 879 vos,
1555 847 1639 874 nolite
1651 855 1697 874 co-

911 893 997 927 gitare
1014 893 1149 926 quomodo
1167 897 1213 919 aut
1233 892 1297 927 quid
1312 891 1460 927 loquamini
1475 903 1481 920 :
1496 893 1605 920 dabitur
1624 893 1695 920 enim

910 937 1024 964 vobisin
1046 937 1090 964 illa
1114 938 1181 964 hora
1202 937 1266 971 quid
1291 937 1450 971 loquamini.
1476 937 1533 965 Non
1553 939 1623 964 enim
1647 946 1696 964 vos

910 983 975 1010 estis
993 983 1037 1017 qui
1056 983 1206 1017 loquimini,
1223 983 1269 1010 sed
1285 983 1404 1017 Spiritus
1427 983 1515 1010 Patris
1536 984 1628 1015 vestri,
1649 985 1693 1017 qui

909 1029 1029 1063 loquitur
1042 1029 1067 1055 itt
1090 1029 1175 1056 vobis.
1197 1028 1296 1055 Tradet
1311 1033 1401 1055 autem
1425 1028 1508 1055 frater
1528 1028 1638 1055 fratrem
1666 1030 1692 1056 in

909 1079 1035 1106 mortem,
1050 1079 1076 1101 et
1091 1079 1168 1108 pater
1180 1074 1279 1106 filium;
1294 1078 1321 1101 et
1337 1074 1478 1108 iusurgent
1491 1074 1538 1100 filii
1552 1075 1577 1101 in
1592 1082 1692 1108 parcn-

909 1123 960 1151 tes,
978 1124 1005 1146 et
1027 1125 1113 1147 morte
1124 1127 1170 1147 eos
1193 1119 1309 1147 aﬂicieut
1322 1129 1329 1153 ;
1344 1124 1371 1147 ct
1391 1120 1469 1147 eritis
1486 1120 1549 1147 odio
1569 1120 1693 1147 omnibus

909 1171 1018 1200 propter
1041 1174 1139 1193 nomen
1163 1174 1266 1198 meum;
1289 1167 1333 1200 qui
1358 1171 1448 1192 autem
1478 1167 1692 1200 perseveraverit

908 1219 992 1246 usque
1008 1212 1033 1238 in
1052 1212 1143 1244 finem,
1160 1212 1202 1239 hic
1218 1211 1308 1239 salvus
1320 1211 1382 1238 erit.
1400 1211 1466 1238 Cum
1487 1215 1575 1238 autem
1598 1219 1692 1245 perso—

908 1261 1024 1290 queutur
1035 1264 1082 1284 vos
1094 1257 1120 1284 in
1134 1257 1244 1284 civitate
1258 1258 1318 1290 ista,
1333 1257 1416 1291 fugite
1430 1258 1455 1284 in
1472 1257 1551 1284 aliam
1562 1266 1570 1290 ;
1581 1262 1607 1284 et
1622 1256 1644 1283 si
1658 1265 1692 1283 ex

907 1301 958 1328 hac
974 1309 1020 1328 vos
1036 1302 1168 1335 persecuti
1190 1301 1299 1334 fuerint,
1318 1301 1401 1336 fugite
1415 1301 1440 1328 in
1457 1301 1579 1328 alteram.
1603 1302 1689 1328 Amen

907 1345 968 1372 dico
985 1346 1070 1379 vobis,
1086 1354 1138 1373 non
1156 1347 1381 1374 consummabilis
1396 1347 1518 1374 civitates
1535 1347 1627 1378 Israel,
1642 1347 1686 1373 do-

907 1399 955 1419 nec
971 1392 1060 1419 veniat
1073 1392 1157 1420 Filius
1175 1393 1293 1420 hominis
1308 1393 1342 1419 3°.
1354 1403 1364 1419 υ
1379 1392 1464 1420 Lucas
1485 1393 1567 1420 etiam
1589 1393 1688 1420 similia

906 1437 1018 1464 scribit:
1038 1437 1123 1464 «Cum
1140 1443 1229 1464 autem
1244 1438 1368 1465 inducent
1385 1445 1432 1465 vos
1449 1438 1475 1464 in
1490 1445 1641 1473 synagogas
1655 1442 1682 1464 et

906 1481 1078 1515 magistratus
1090 1486 1116 1509 et
1131 1480 1383 1516 potestatesutolite
1402 1484 1509 1510 solliciti
1531 1491 1590 1510 esse
1606 1483 1687 1516 quale

906 1525 946 1552 vel
958 1525 1021 1558 quid
1033 1527 1217 1560 respondeatis
1229 1532 1275 1554 aut
1286 1529 1349 1562 quid
1361 1528 1475 1555 dicatis:
1487 1528 1601 1562 Spiritus
1612 1529 1685 1554 enim

905 1575 1016 1597 sanctus
1040 1571 1145 1598 docebit
1161 1580 1208 1600 vos
1231 1573 1295 1607 quid
1311 1578 1434 1608 oporteat
1456 1581 1503 1601 vos
1525 1574 1614 1601 dicere
1627 1574 1660 1600 ".
1675 1583 1684 1599 ι

904 1616 939 1643 Ει
956 1621 1016 1650 post
1031 1617 1101 1644 alia:
1128 1626 1136 1642 ι
1150 1617 1244 1645 Ponite
1260 1626 1324 1652 ergo
1337 1619 1362 1645 itt
1375 1619 1499 1646 cordibus
1515 1619 1612 1646 vestris
1632 1627 1684 1646 non

904 1662 1083 1695 praemeditari
1097 1663 1323 1696 quemadmodum
1336 1663 1532 1697 respondeatis.
1546 1663 1601 1698 Ego
1614 1664 1686 1690 enim

904 1707 972 1734 dabo
984 1707 1060 1734 vobis
1074 1715 1104 1734 os
1120 1713 1147 1734 et
1157 1708 1318 1742 sapientiam
1343 1709 1387 1735 cui
1404 1716 1456 1735 non
1475 1714 1601 1743 poterunt
1616 1710 1686 1736 resi-

903 1757 974 1779 stere
985 1757 1013 1779 et
1025 1753 1209 1780 contradicere
1222 1760 1314 1780 omnes
1326 1753 1473 1780 adversarii
1486 1753 1684 1780 vestri.’l‘rade-

903 1797 969 1823 mini
992 1802 1081 1824 autem
1099 1805 1113 1824 a
1130 1798 1298 1832 parentibus,
1314 1802 1342 1824 et
1358 1797 1496 1830 fratribus,
1513 1803 1538 1824 ct
1554 1799 1685 1832 cognatis,

903 1846 929 1869 et
942 1843 1054 1875 amicis;
1068 1847 1094 1870 et
1109 1847 1195 1870 morte
1211 1843 1327 1869 adicient
1338 1850 1370 1869 ex
1383 1844 1477 1875 vobis;
1497 1848 1523 1869 et
1535 1843 1613 1870 eritis
1624 1843 1685 1870 odio

902 1888 1026 1915 omnibus
1045 1893 1154 1921 propter
1173 1896 1269 1915 nomen
1282 1896 1388 1921 meum;
1406 1893 1434 1915 et
1453 1889 1567 1923 capillus
1587 1889 1620 1916 de
1640 1897 1686 1915 ca-

902 1935 956 1967 pite
968 1939 1059 1960 vestro
1077 1941 1128 1960 non
1145 1934 1254 1967 peribit.
1269 1934 1297 1960 ln
1313 1934 1441 1968 patientia
1458 1939 1547 1960 vestra
1565 1935 1686 1968 posside-

901 1979 965 2006 bitis
979 1979 1082 2006 animas
1094 1984 1200 2006 vestras
1213 1980 1247 2006 ει.
1267 1989 1277 2005 ι
1297 1979 1400 2006 Similia
1418 1983 1444 2006 et
1458 1979 1564 2006 Marcus
1582 1980 1683 2006 habet:

904 2032 913 2049 ι
928 2024 960 2050 Et
976 2031 1035 2050 cum
1051 2023 1176 2051 duxerint.
1191 2032 1238 2051 vos
1253 2024 1401 2055 tradentes,
1426 2024 1508 2050 nolite
1522 2025 1684 2058 praecogita-

900 2077 930 2097 re
942 2070 1005 2104 quid
1021 2069 1186 2104 loquamini;
1203 2069 1249 2096 sed
1265 2069 1336 2103 quod
1358 2070 1450 2096 datum
1467 2070 1543 2096 vobis
1563 2069 1639 2096 fuerit
1657 2070 1683 2096 in

900 2116 943 2142 illa
959 2116 1035 2148 hora,
1051 2115 1075 2142 id
1089 2115 1245 2149 loquimini;
1264 2123 1315 2142 non
1332 2116 1403 2142 enim
1419 2123 1466 2142 vos
1486 2116 1553 2142 estis
1572 2116 1684 2150 loquen-

902 2166 950 2192 tes,
968 2161 1013 2188 sed
1029 2160 1147 2194 Spiritus
1161 2166 1280 2188 sanctus.
1301 2160 1401 2187 Tradct
1415 2165 1504 2187 autem
1522 2160 1607 2188 frater
1627 2161 1685 2188 fra-

901 2212 967 2234 trem
980 2207 1007 2233 in
1024 2211 1147 2238 tuortetn,
1161 2210 1188 2233 et
1203 2211 1280 2240 pater
1297 2206 1381 2232 filium
1395 2215 1402 2239 ;
1414 2210 1440 2232 et
1454 2211 1620 2240 consurgent
1636 2207 1682 2234 filii

901 2253 927 2279 in
947 2257 1080 2287 parentes,
1098 2256 1125 2278 et
1147 2257 1233 2278 morte
1256 2251 1371 2278 adicient
1396 2260 1455 2279 σοι,
1477 2251 1509 2278 Ει
1523 2252 1599 2279 eritis
1620 2252 1683 2279 odio

900 2298 1023 2324 omnibus
1036 2301 1144 2331 propter
1157 2304 1253 2323 nomen
1267 2297 1425 2330 meum.Qui
1441 2303 1530 2324 autem
1544 2298 1681 2325 sustinue-

899 2344 934 2370 rit
951 2344 976 2369 iu
1006 2343 1096 2374 linem,
1120 2342 1164 2369 hic
1183 2342 1274 2369 salvus
1293 2343 1391 2369 erit”.
1411 2352 1420 2368 ι
1451 2343 1497 2370 lite
1523 2351 1631 2378 quoque
1649 2344 1681 2370 ad

900 2389 1057 2423 martyrium
1079 2389 1283 2415 adhortationes
1297 2396 1356 2422 quae
1372 2389 1442 2422 apud
1460 2388 1614 2415 Matthzcum
1632 2389 1681 2416 ha-

899 2435 1007 2465 bentur.
1031 2441 1082 2460 non
1099 2434 1131 2460 ad
1151 2434 1217 2460 alios
1230 2441 1311 2468 quant
1330 2434 1362 2460 ad
1377 2434 1518 2460 duodecim
1544 2436 1680 2468 apostolos

898 2479 975 2506 facta:
984 2486 1059 2506 sunt:
1073 2487 1139 2514 quas
1152 2480 1243 2507 audire
1253 2480 1334 2517 296
1349 2488 1397 2507 nos
1408 2481 1544 2514 oportebit
1557 2489 1564 2510 ς
1578 2481 1680 2508 erimus

897 2527 979 2557 enim,
993 2526 1013 2552 si
1029 2534 1074 2553 eas
1087 2527 1261 2559 audieritnus,
1278 2526 1460 2561 apostolorum
1477 2527 1521 2560 qui
1534 2527 1679 2552 audierunt.

900 2572 1010 2604 fratres,
1025 2576 1053 2598 et
1074 2573 1203 2606 apostolis
1223 2572 1492 2599 commmerabimur.
1512 2571 1569 2606 Ipsa
1589 2576 1678 2598 autent

898 2617 980 2643 verba
997 2617 1035 2644 sic
1055 2617 1167 2644 habent:
1192 2627 1200 2642 ι
1216 2617 1302 2644 Nolite
1319 2618 1414 2645 timere
1429 2625 1476 2645 eos
1489 2618 1533 2652 qui
1550 2618 1679 2644 occidunt

899 2669 1007 2696 corpus,
1032 2663 1148 2689 animum
1167 2667 1256 2689 autent
1273 2671 1324 2690 non
1346 2668 1457 2697 possunt
1475 2664 1610 2697 occidere,
1631 2664 1679 2690 sed

936 2742 957 2758 ⁹¹
972 2742 1102 2773 Luc.xxt,
1118 2741 1207 2768 14-20.
1245 2741 1268 2756 θ’
1284 2741 1368 2768 Marc.
1382 2750 1442 2774 xm,
1464 2743 1505 2776 il,
1523 2741 1625 2777 12,13.

169 2809 433 2846 Ιςατίισςτρέψωμετκ
454 2810 520 2836 Male
535 2812 617 2837 codex
634 2819 696 2842 tus.,
710 2810 932 2846 καταορέψωμεν.

105 2841 155 2876 (Si)
182 2841 295 2878 Ἀρκάς-⁷.
316 2841 510 2880 Μεννταραχόις,
531 2847 608 2873 male.
