  <div class='ocr_page' id='page_1' title='image "/cluster/home/n/w/nwhite01/storage/ocr_20150623/11/njp.32101077772414/339.png"; bbox 0 0 1843 3076; ppageno 0'>
   <div class='ocr_carea' id='block_1_1' title="bbox 135 121 187 149">
    <p class='ocr_par' dir='ltr' id='par_1_1' title="bbox 135 121 187 149">
     <span class='ocr_line' id='line_1_1' title="bbox 135 121 187 149; baseline -0.038 0"><span class='ocrx_word' id='word_1_1' title='bbox 135 121 187 149; x_wconf 77' lang='grc'><strong>607</strong></span> 
     </span>
    </p>
   </div>
   <div class='ocr_carea' id='block_1_2' title="bbox 876 116 1039 146">
    <p class='ocr_par' dir='ltr' id='par_1_2' title="bbox 876 116 1039 146">
     <span class='ocr_line' id='line_1_2' title="bbox 876 116 1039 146; baseline -0.006 0"><span class='ocrx_word' id='word_1_2' title='bbox 876 116 1039 146; x_wconf 77' lang='lat' dir='ltr'><strong>ORIGENIS</strong></span> 
     </span>
    </p>
   </div>
   <div class='ocr_carea' id='block_1_3' title="bbox 1715 113 1773 143">
    <p class='ocr_par' dir='ltr' id='par_1_3' title="bbox 1715 113 1773 143">
     <span class='ocr_line' id='line_1_3' title="bbox 1715 113 1773 143; baseline 0 0"><span class='ocrx_word' id='word_1_3' title='bbox 1715 113 1773 143; x_wconf 85' lang='lat'><strong>608</strong></span> 
     </span>
    </p>
   </div>
   <div class='ocr_carea' id='block_1_4' title="bbox 136 172 863 217">
    <p class='ocr_par' dir='ltr' id='par_1_4' title="bbox 136 177 863 217">
     <span class='ocr_line' id='line_1_4' title="bbox 136 177 863 217; baseline -0.007 -8"><span class='ocrx_word' id='word_1_4' title='bbox 136 182 226 217; x_wconf 81' lang='lat' dir='ltr'><strong>potius</strong></span> <span class='ocrx_word' id='word_1_5' title='bbox 247 181 340 208; x_wconf 80' lang='lat' dir='ltr'><strong>timete</strong></span> <span class='ocrx_word' id='word_1_6' title='bbox 359 185 421 206; x_wconf 88' lang='lat' dir='ltr'><strong>eum</strong></span> <span class='ocrx_word' id='word_1_7' title='bbox 434 177 480 212; x_wconf 90' lang='lat' dir='ltr'><strong>qui</strong></span> <span class='ocrx_word' id='word_1_8' title='bbox 500 181 590 212; x_wconf 90' lang='lat' dir='ltr'><strong>potest</strong></span> <span class='ocrx_word' id='word_1_9' title='bbox 607 181 634 204; x_wconf 93' lang='lat' dir='ltr'><strong>et</strong></span> <span class='ocrx_word' id='word_1_10' title='bbox 649 177 766 204; x_wconf 84' lang='lat' dir='ltr'><strong>animam</strong></span> <span class='ocrx_word' id='word_1_11' title='bbox 783 180 810 204; x_wconf 89' lang='lat' dir='ltr'><strong>et</strong></span> <span class='ocrx_word' id='word_1_12' title='bbox 825 183 863 204; x_wconf 77' lang='lat' dir='ltr'><strong>cm</strong></span> 
     </span>
    </p>
   </div>
   <div class='ocr_carea' id='block_1_5' title="bbox 1050 172 1777 217">
    <p class='ocr_par' dir='ltr' id='par_1_5' title="bbox 1050 172 1777 210">
     <span class='ocr_line' id='line_1_5' title="bbox 1050 172 1777 210; baseline -0.004 -9"><span class='ocrx_word' id='word_1_13' title='bbox 1050 184 1068 202; x_wconf 79' lang='lat' dir='ltr'><strong>IV</strong></span> <span class='ocrx_word' id='word_1_14' title='bbox 1091 174 1261 202; x_wconf 79' lang='grc' dir='ltr'>ἀποκτεῖναι.</span> <span class='ocrx_word' id='word_1_15' title='bbox 1276 173 1414 210; x_wconf 74' lang='grc' dir='ltr'>Φοϐηθῆτε</span> <span class='ocrx_word' id='word_1_16' title='bbox 1435 173 1463 200; x_wconf 77' lang='grc' dir='ltr'><strong>δὲ</strong></span> <span class='ocrx_word' id='word_1_17' title='bbox 1477 173 1577 209; x_wconf 76' lang='grc' dir='ltr'>μᾶλλον</span> <span class='ocrx_word' id='word_1_18' title='bbox 1590 172 1637 199; x_wconf 79' lang='grc' dir='ltr'>τὸν</span> <span class='ocrx_word' id='word_1_19' title='bbox 1652 172 1777 208; x_wconf 83' lang='grc' dir='ltr'>δυνάμε-</span> 
     </span>
    </p>
   </div>
   <div class='ocr_carea' id='block_1_6' title="bbox 137 223 922 262">
    <p class='ocr_par' dir='ltr' id='par_1_6' title="bbox 137 223 922 262">
     <span class='ocr_line' id='line_1_6' title="bbox 137 223 922 262; baseline -0.006 -7"><span class='ocrx_word' id='word_1_20' title='bbox 137 227 248 262; x_wconf 89' lang='lat' dir='ltr'><strong>perdere</strong></span> <span class='ocrx_word' id='word_1_21' title='bbox 260 226 286 253; x_wconf 91' lang='lat' dir='ltr'><strong>in</strong></span> <span class='ocrx_word' id='word_1_22' title='bbox 300 225 451 260; x_wconf 79' lang='lat' dir='ltr'><strong>gehennam</strong></span> <span class='ocrx_word' id='word_1_23' title='bbox 464 223 498 250; x_wconf 76' lang='grc'><strong>’³.</strong></span> <span class='ocrx_word' id='word_1_24' title='bbox 515 233 524 249; x_wconf 73' lang='grc' dir='ltr'><strong>ι</strong></span> <span class='ocrx_word' id='word_1_25' title='bbox 552 223 615 251; x_wconf 85' lang='lat' dir='ltr'><strong>Post</strong></span> <span class='ocrx_word' id='word_1_26' title='bbox 631 223 688 250; x_wconf 83' lang='lat' dir='ltr'><strong>haec</strong></span> <span class='ocrx_word' id='word_1_27' title='bbox 705 230 754 250; x_wconf 92' lang='lat' dir='ltr'><strong>nos</strong></span> <span class='ocrx_word' id='word_1_28' title='bbox 774 223 853 250; x_wconf 82' lang='lat' dir='ltr'><strong>docet</strong></span> <span class='ocrx_word' id='word_1_29' title='bbox 871 223 922 250; x_wconf 92' lang='lat' dir='ltr'><strong>Do-</strong></span> 
     </span>
    </p>
   </div>
   <div class='ocr_carea' id='block_1_7' title="bbox 138 269 922 304">
    <p class='ocr_par' dir='ltr' id='par_1_7' title="bbox 138 269 922 304">
     <span class='ocr_line' id='line_1_7' title="bbox 138 269 922 304; baseline -0.006 -4"><span class='ocrx_word' id='word_1_30' title='bbox 138 273 228 300; x_wconf 81' lang='lat' dir='ltr'><strong>minus</strong></span> <span class='ocrx_word' id='word_1_31' title='bbox 241 271 373 299; x_wconf 85' lang='lat' dir='ltr'><strong>neminem</strong></span> <span class='ocrx_word' id='word_1_32' title='bbox 391 269 493 304; x_wconf 80' lang='lat' dir='ltr'><strong>absque</strong></span> <span class='ocrx_word' id='word_1_33' title='bbox 508 269 678 304; x_wconf 85' lang='lat' dir='ltr'><strong>providentia</strong></span> <span class='ocrx_word' id='word_1_34' title='bbox 695 269 787 296; x_wconf 88' lang='lat' dir='ltr'><strong>divina</strong></span> <span class='ocrx_word' id='word_1_35' title='bbox 802 269 835 295; x_wconf 90' lang='lat' dir='ltr'><strong>ad</strong></span> <span class='ocrx_word' id='word_1_36' title='bbox 850 276 922 296; x_wconf 85' lang='lat' dir='ltr'><strong>mar-</strong></span> 
     </span>
    </p>
   </div>
   <div class='ocr_carea' id='block_1_8' title="bbox 139 313 924 353">
    <p class='ocr_par' dir='ltr' id='par_1_8' title="bbox 139 313 924 353">
     <span class='ocr_line' id='line_1_8' title="bbox 139 313 924 353; baseline -0.004 -8"><span class='ocrx_word' id='word_1_37' title='bbox 139 319 198 353; x_wconf 84' lang='lat' dir='ltr'><strong>tyrii</strong></span> <span class='ocrx_word' id='word_1_38' title='bbox 221 322 359 345; x_wconf 83' lang='lat' dir='ltr'><strong>certamen</strong></span> <span class='ocrx_word' id='word_1_39' title='bbox 377 315 528 351; x_wconf 87' lang='lat' dir='ltr'><strong>pervenire.</strong></span> <span class='ocrx_word' id='word_1_40' title='bbox 557 314 664 342; x_wconf 85' lang='lat' dir='ltr'><strong>Dicitur</strong></span> <span class='ocrx_word' id='word_1_41' title='bbox 677 315 750 342; x_wconf 88' lang='lat' dir='ltr'><strong>enitn</strong></span> <span class='ocrx_word' id='word_1_42' title='bbox 770 323 777 341; x_wconf 87' lang='lat'><strong>:</strong></span> <span class='ocrx_word' id='word_1_43' title='bbox 798 323 808 340; x_wconf 82' lang='grc' dir='ltr'>ι</span> <span class='ocrx_word' id='word_1_44' title='bbox 830 313 924 342; x_wconf 85' lang='lat' dir='ltr'><strong>Nonne</strong></span> 
     </span>
    </p>
   </div>
   <div class='ocr_carea' id='block_1_9' title="bbox 138 359 923 392">
    <p class='ocr_par' dir='ltr' id='par_1_9' title="bbox 138 359 923 392">
     <span class='ocr_line' id='line_1_9' title="bbox 138 359 923 392; baseline -0.003 -4"><span class='ocrx_word' id='word_1_45' title='bbox 138 362 189 388; x_wconf 87' lang='lat' dir='ltr'><strong>duo</strong></span> <span class='ocrx_word' id='word_1_46' title='bbox 201 367 324 392; x_wconf 75' lang='lat' dir='ltr'><strong>passeres</strong></span> <span class='ocrx_word' id='word_1_47' title='bbox 340 366 400 387; x_wconf 85' lang='lat' dir='ltr'><strong>asse</strong></span> <span class='ocrx_word' id='word_1_48' title='bbox 418 363 544 390; x_wconf 89' lang='lat' dir='ltr'><strong>veneunt.</strong></span> <span class='ocrx_word' id='word_1_49' title='bbox 561 363 588 387; x_wconf 90' lang='lat' dir='ltr'><strong>et</strong></span> <span class='ocrx_word' id='word_1_50' title='bbox 605 367 675 386; x_wconf 91' lang='lat' dir='ltr'><strong>unus</strong></span> <span class='ocrx_word' id='word_1_51' title='bbox 689 366 721 386; x_wconf 78' lang='lat' dir='ltr'><strong>ex</strong></span> <span class='ocrx_word' id='word_1_52' title='bbox 740 359 793 386; x_wconf 90' lang='lat' dir='ltr'><strong>illis</strong></span> <span class='ocrx_word' id='word_1_53' title='bbox 809 367 863 386; x_wconf 92' lang='lat' dir='ltr'><strong>non</strong></span> <span class='ocrx_word' id='word_1_54' title='bbox 877 366 923 386; x_wconf 89' lang='lat' dir='ltr'><strong>ca-</strong></span> 
     </span>
    </p>
   </div>
   <div class='ocr_carea' id='block_1_10' title="bbox 137 397 924 439">
    <p class='ocr_par' dir='ltr' id='par_1_10' title="bbox 137 397 924 439">
     <span class='ocr_line' id='line_1_10' title="bbox 137 397 924 439; baseline 0 -7"><span class='ocrx_word' id='word_1_55' title='bbox 137 408 183 432; x_wconf 85' lang='lat' dir='ltr'><strong>det</strong></span> <span class='ocrx_word' id='word_1_56' title='bbox 195 412 276 439; x_wconf 84' lang='lat' dir='ltr'><strong>super</strong></span> <span class='ocrx_word' id='word_1_57' title='bbox 291 408 391 431; x_wconf 88' lang='lat' dir='ltr'><strong>terram</strong></span> <span class='ocrx_word' id='word_1_58' title='bbox 405 404 464 432; x_wconf 85' lang='lat' dir='ltr'><strong>sine</strong></span> <span class='ocrx_word' id='word_1_59' title='bbox 478 397 559 431; x_wconf 77' lang='lat' dir='ltr'><strong>Patre</strong></span> <span class='ocrx_word' id='word_1_60' title='bbox 572 404 618 438; x_wconf 92' lang='lat' dir='ltr'><strong>qui</strong></span> <span class='ocrx_word' id='word_1_61' title='bbox 635 404 660 431; x_wconf 93' lang='lat' dir='ltr'><strong>in</strong></span> <span class='ocrx_word' id='word_1_62' title='bbox 675 404 750 432; x_wconf 71' lang='lat' dir='ltr'><strong>cmlis</strong></span> <span class='ocrx_word' id='word_1_63' title='bbox 763 405 824 432; x_wconf 82' lang='lat' dir='ltr'><strong>est?</strong></span> <span class='ocrx_word' id='word_1_64' title='bbox 836 403 924 432; x_wconf 80' lang='lat' dir='ltr'><strong>Vestri</strong></span> 
     </span>
    </p>
   </div>
   <div class='ocr_carea' id='block_1_11' title="bbox 138 450 927 485">
    <p class='ocr_par' dir='ltr' id='par_1_11' title="bbox 138 450 927 485">
     <span class='ocr_line' id='line_1_11' title="bbox 138 450 927 485; baseline -0.004 -6"><span class='ocrx_word' id='word_1_65' title='bbox 138 456 227 479; x_wconf 85' lang='lat' dir='ltr'><strong>autem</strong></span> <span class='ocrx_word' id='word_1_66' title='bbox 247 450 337 485; x_wconf 78' lang='lat' dir='ltr'><strong>capilli</strong></span> <span class='ocrx_word' id='word_1_67' title='bbox 350 451 448 484; x_wconf 86' lang='lat' dir='ltr'><strong>capitis</strong></span> <span class='ocrx_word' id='word_1_68' title='bbox 462 457 558 477; x_wconf 92' lang='lat' dir='ltr'><strong>omnes</strong></span> <span class='ocrx_word' id='word_1_69' title='bbox 579 450 715 477; x_wconf 81' lang='lat' dir='ltr'><strong>numerati</strong></span> <span class='ocrx_word' id='word_1_70' title='bbox 738 455 811 478; x_wconf 87' lang='lat' dir='ltr'><strong>sunt.</strong></span> <span class='ocrx_word' id='word_1_71' title='bbox 837 450 927 477; x_wconf 81' lang='lat' dir='ltr'><strong>Nolite</strong></span> 
     </span>
    </p>
   </div>
   <div class='ocr_carea' id='block_1_12' title="bbox 138 495 925 531">
    <p class='ocr_par' dir='ltr' id='par_1_12' title="bbox 138 495 925 531">
     <span class='ocr_line' id='line_1_12' title="bbox 138 495 925 531; baseline -0.003 -7"><span class='ocrx_word' id='word_1_72' title='bbox 138 504 203 531; x_wconf 83' lang='lat' dir='ltr'><strong>ergo</strong></span> <span class='ocrx_word' id='word_1_73' title='bbox 216 496 311 523; x_wconf 91' lang='lat' dir='ltr'><strong>timere</strong></span> <span class='ocrx_word' id='word_1_74' title='bbox 325 504 332 522; x_wconf 75' lang='grc' dir='ltr'><strong>ε</strong></span> <span class='ocrx_word' id='word_1_75' title='bbox 352 495 444 522; x_wconf 87' lang='lat' dir='ltr'><strong>multis</strong></span> <span class='ocrx_word' id='word_1_76' title='bbox 464 495 620 528; x_wconf 89' lang='lat' dir='ltr'><strong>passeribus</strong></span> <span class='ocrx_word' id='word_1_77' title='bbox 641 495 768 523; x_wconf 87' lang='lat' dir='ltr'><strong>meliores</strong></span> <span class='ocrx_word' id='word_1_78' title='bbox 784 495 850 522; x_wconf 85' lang='lat' dir='ltr'><strong>estis</strong></span> <span class='ocrx_word' id='word_1_79' title='bbox 866 503 925 522; x_wconf 89' lang='lat' dir='ltr'><strong>vos.</strong></span> 
     </span>
    </p>
   </div>
   <div class='ocr_carea' id='block_1_13' title="bbox 139 539 927 575">
    <p class='ocr_par' dir='ltr' id='par_1_13' title="bbox 139 539 927 575">
     <span class='ocr_line' id='line_1_13' title="bbox 139 539 927 575; baseline -0.003 -7"><span class='ocrx_word' id='word_1_80' title='bbox 139 541 233 569; x_wconf 89' lang='lat' dir='ltr'><strong>Omnis</strong></span> <span class='ocrx_word' id='word_1_81' title='bbox 251 548 315 575; x_wconf 83' lang='lat' dir='ltr'><strong>ergo</strong></span> <span class='ocrx_word' id='word_1_82' title='bbox 331 540 377 575; x_wconf 87' lang='lat' dir='ltr'><strong>qui</strong></span> <span class='ocrx_word' id='word_1_83' title='bbox 398 539 573 567; x_wconf 79' lang='lat' dir='ltr'><strong>confitebitur</strong></span> <span class='ocrx_word' id='word_1_84' title='bbox 592 547 635 567; x_wconf 91' lang='lat' dir='ltr'><strong>me</strong></span> <span class='ocrx_word' id='word_1_85' title='bbox 650 547 743 567; x_wconf 87' lang='lat' dir='ltr'><strong>coram</strong></span> <span class='ocrx_word' id='word_1_86' title='bbox 760 540 927 573; x_wconf 83' lang='lat' dir='ltr'><strong>hominibus,</strong></span> 
     </span>
    </p>
   </div>
   <div class='ocr_carea' id='block_1_14' title="bbox 140 585 928 621">
    <p class='ocr_par' dir='ltr' id='par_1_14' title="bbox 140 585 928 621">
     <span class='ocr_line' id='line_1_14' title="bbox 140 585 928 621; baseline -0.001 -7"><span class='ocrx_word' id='word_1_87' title='bbox 140 586 289 614; x_wconf 75' lang='lat' dir='ltr'><strong>conﬁtebor</strong></span> <span class='ocrx_word' id='word_1_88' title='bbox 304 592 331 614; x_wconf 91' lang='lat' dir='ltr'><strong>et</strong></span> <span class='ocrx_word' id='word_1_89' title='bbox 341 593 391 621; x_wconf 87' lang='lat' dir='ltr'><strong>ego</strong></span> <span class='ocrx_word' id='word_1_90' title='bbox 406 593 470 613; x_wconf 89' lang='lat' dir='ltr'><strong>eum</strong></span> <span class='ocrx_word' id='word_1_91' title='bbox 484 593 575 613; x_wconf 90' lang='lat' dir='ltr'><strong>coram</strong></span> <span class='ocrx_word' id='word_1_92' title='bbox 589 585 670 612; x_wconf 85' lang='lat' dir='ltr'><strong>Patre</strong></span> <span class='ocrx_word' id='word_1_93' title='bbox 685 591 745 612; x_wconf 86' lang='lat' dir='ltr'><strong>meo</strong></span> <span class='ocrx_word' id='word_1_94' title='bbox 758 585 804 620; x_wconf 89' lang='lat' dir='ltr'><strong>qui</strong></span> <span class='ocrx_word' id='word_1_95' title='bbox 819 586 847 612; x_wconf 95' lang='lat' dir='ltr'><strong>in</strong></span> <span class='ocrx_word' id='word_1_96' title='bbox 872 592 928 613; x_wconf 76' lang='lat' dir='ltr'><strong>ete-</strong></span> 
     </span>
    </p>
   </div>
   <div class='ocr_carea' id='block_1_15' title="bbox 141 629 927 666">
    <p class='ocr_par' dir='ltr' id='par_1_15' title="bbox 141 629 927 666">
     <span class='ocr_line' id='line_1_15' title="bbox 141 629 927 666; baseline 0 -10"><span class='ocrx_word' id='word_1_97' title='bbox 141 631 174 659; x_wconf 90' lang='lat' dir='ltr'><strong>lis</strong></span> <span class='ocrx_word' id='word_1_98' title='bbox 185 636 242 664; x_wconf 87' lang='lat' dir='ltr'><strong>est;</strong></span> <span class='ocrx_word' id='word_1_99' title='bbox 257 631 304 666; x_wconf 91' lang='lat' dir='ltr'><strong>qui</strong></span> <span class='ocrx_word' id='word_1_100' title='bbox 319 635 410 658; x_wconf 78' lang='lat' dir='ltr'><strong>autem</strong></span> <span class='ocrx_word' id='word_1_101' title='bbox 434 629 571 665; x_wconf 73' lang='lat' dir='ltr'><strong>negaverit</strong></span> <span class='ocrx_word' id='word_1_102' title='bbox 591 637 634 657; x_wconf 91' lang='lat' dir='ltr'><strong>me</strong></span> <span class='ocrx_word' id='word_1_103' title='bbox 649 637 742 657; x_wconf 92' lang='lat' dir='ltr'><strong>coram</strong></span> <span class='ocrx_word' id='word_1_104' title='bbox 758 629 927 661; x_wconf 85' lang='lat' dir='ltr'><strong>hominibus,</strong></span> 
     </span>
    </p>
   </div>
   <div class='ocr_carea' id='block_1_16' title="bbox 142 674 930 710">
    <p class='ocr_par' dir='ltr' id='par_1_16' title="bbox 142 674 930 710">
     <span class='ocr_line' id='line_1_16' title="bbox 142 674 930 710; baseline 0 -8"><span class='ocrx_word' id='word_1_105' title='bbox 142 676 247 709; x_wconf 81' lang='lat' dir='ltr'><strong>negabo</strong></span> <span class='ocrx_word' id='word_1_106' title='bbox 268 680 296 702; x_wconf 91' lang='lat' dir='ltr'><strong>et</strong></span> <span class='ocrx_word' id='word_1_107' title='bbox 310 683 360 710; x_wconf 92' lang='lat' dir='ltr'><strong>ego</strong></span> <span class='ocrx_word' id='word_1_108' title='bbox 377 683 438 702; x_wconf 91' lang='lat' dir='ltr'><strong>eum</strong></span> <span class='ocrx_word' id='word_1_109' title='bbox 455 683 549 702; x_wconf 88' lang='lat' dir='ltr'><strong>coram</strong></span> <span class='ocrx_word' id='word_1_110' title='bbox 565 674 646 701; x_wconf 89' lang='lat' dir='ltr'><strong>Patre</strong></span> <span class='ocrx_word' id='word_1_111' title='bbox 663 681 723 701; x_wconf 88' lang='lat' dir='ltr'><strong>meo</strong></span> <span class='ocrx_word' id='word_1_112' title='bbox 740 674 786 710; x_wconf 90' lang='lat' dir='ltr'><strong>qui</strong></span> <span class='ocrx_word' id='word_1_113' title='bbox 803 675 829 702; x_wconf 89' lang='lat' dir='ltr'><strong>itt</strong></span> <span class='ocrx_word' id='word_1_114' title='bbox 853 675 930 703; x_wconf 75' lang='lat' dir='ltr'><strong>coelis</strong></span> 
     </span>
    </p>
   </div>
   <div class='ocr_carea' id='block_1_17' title="bbox 142 719 930 754">
    <p class='ocr_par' dir='ltr' id='par_1_17' title="bbox 142 719 930 754">
     <span class='ocr_line' id='line_1_17' title="bbox 142 719 930 754; baseline -0.001 -6"><span class='ocrx_word' id='word_1_115' title='bbox 142 721 241 748; x_wconf 70' lang='lat' dir='ltr'><strong>est“.t</strong></span> <span class='ocrx_word' id='word_1_116' title='bbox 251 721 382 748; x_wconf 84' lang='lat' dir='ltr'><strong>Eutndem</strong></span> <span class='ocrx_word' id='word_1_117' title='bbox 395 720 496 748; x_wconf 86' lang='lat' dir='ltr'><strong>habent</strong></span> <span class='ocrx_word' id='word_1_118' title='bbox 507 727 616 747; x_wconf 84' lang='lat' dir='ltr'><strong>sensum</strong></span> <span class='ocrx_word' id='word_1_119' title='bbox 630 725 658 746; x_wconf 91' lang='lat' dir='ltr'><strong>et</strong></span> <span class='ocrx_word' id='word_1_120' title='bbox 673 726 733 754; x_wconf 77' lang='lat' dir='ltr'><strong>qute</strong></span> <span class='ocrx_word' id='word_1_121' title='bbox 746 720 816 754; x_wconf 88' lang='lat' dir='ltr'><strong>apud</strong></span> <span class='ocrx_word' id='word_1_122' title='bbox 829 719 930 748; x_wconf 86' lang='lat' dir='ltr'><strong>Lucam</strong></span> 
     </span>
    </p>
   </div>
   <div class='ocr_carea' id='block_1_18' title="bbox 143 765 932 794">
    <p class='ocr_par' dir='ltr' id='par_1_18' title="bbox 143 765 932 794">
     <span class='ocr_line' id='line_1_18' title="bbox 143 765 932 794; baseline -0.003 0"><span class='ocrx_word' id='word_1_123' title='bbox 143 773 226 794; x_wconf 89' lang='lat' dir='ltr'><strong>sunt:</strong></span> <span class='ocrx_word' id='word_1_124' title='bbox 242 776 251 792; x_wconf 79' lang='grc' dir='ltr'>ι</span> <span class='ocrx_word' id='word_1_125' title='bbox 267 766 332 794; x_wconf 86' lang='lat' dir='ltr'><strong>Dico</strong></span> <span class='ocrx_word' id='word_1_126' title='bbox 347 771 435 793; x_wconf 89' lang='lat' dir='ltr'><strong>autem</strong></span> <span class='ocrx_word' id='word_1_127' title='bbox 462 766 540 793; x_wconf 80' lang='lat' dir='ltr'><strong>vobis</strong></span> <span class='ocrx_word' id='word_1_128' title='bbox 553 766 650 792; x_wconf 86' lang='lat' dir='ltr'><strong>amicis</strong></span> <span class='ocrx_word' id='word_1_129' title='bbox 665 766 733 793; x_wconf 83' lang='lat' dir='ltr'><strong>meis</strong></span> <span class='ocrx_word' id='word_1_130' title='bbox 748 773 754 792; x_wconf 92' lang='lat'>:</span> <span class='ocrx_word' id='word_1_131' title='bbox 767 765 806 793; x_wconf 91' lang='lat' dir='ltr'><strong>Ne</strong></span> <span class='ocrx_word' id='word_1_132' title='bbox 830 770 932 792; x_wconf 88' lang='lat' dir='ltr'><strong>terrea-</strong></span> 
     </span>
    </p>
   </div>
   <div class='ocr_carea' id='block_1_19' title="bbox 143 810 931 846">
    <p class='ocr_par' dir='ltr' id='par_1_19' title="bbox 143 810 931 846">
     <span class='ocr_line' id='line_1_19' title="bbox 143 810 931 846; baseline -0.001 -7"><span class='ocrx_word' id='word_1_133' title='bbox 143 812 209 839; x_wconf 88' lang='lat' dir='ltr'><strong>mini</strong></span> <span class='ocrx_word' id='word_1_134' title='bbox 234 812 268 839; x_wconf 88' lang='lat' dir='ltr'><strong>ab</strong></span> <span class='ocrx_word' id='word_1_135' title='bbox 285 812 327 839; x_wconf 88' lang='lat' dir='ltr'><strong>his</strong></span> <span class='ocrx_word' id='word_1_136' title='bbox 347 812 392 846; x_wconf 88' lang='lat' dir='ltr'><strong>qui</strong></span> <span class='ocrx_word' id='word_1_137' title='bbox 416 811 543 838; x_wconf 80' lang='lat' dir='ltr'><strong>occidunt</strong></span> <span class='ocrx_word' id='word_1_138' title='bbox 568 818 678 846; x_wconf 84' lang='lat' dir='ltr'><strong>corpus,</strong></span> <span class='ocrx_word' id='word_1_139' title='bbox 691 815 789 846; x_wconf 83' lang='lat' dir='ltr'><strong>etpost</strong></span> <span class='ocrx_word' id='word_1_140' title='bbox 805 810 862 838; x_wconf 50' lang='lat' dir='ltr'><strong>haec</strong></span> <span class='ocrx_word' id='word_1_141' title='bbox 879 818 931 838; x_wconf 89' lang='lat' dir='ltr'><strong>non</strong></span> 
     </span>
    </p>
   </div>
   <div class='ocr_carea' id='block_1_20' title="bbox 973 219 1779 257">
    <p class='ocr_par' dir='ltr' id='par_1_20' title="bbox 973 219 1779 257">
     <span class='ocr_line' id='line_1_20' title="bbox 973 219 1779 257; baseline -0.006 -8"><span class='ocrx_word' id='word_1_142' title='bbox 973 231 1020 249; x_wconf 88' lang='lat' dir='ltr'><strong>vov</strong></span> <span class='ocrx_word' id='word_1_143' title='bbox 1038 221 1127 257; x_wconf 78' lang='grc' dir='ltr'>ψυχὴν</span> <span class='ocrx_word' id='word_1_144' title='bbox 1142 220 1189 248; x_wconf 77' lang='grc' dir='ltr'>καὶ</span> <span class='ocrx_word' id='word_1_145' title='bbox 1203 220 1282 256; x_wconf 84' lang='grc' dir='ltr'>σῶμα</span> <span class='ocrx_word' id='word_1_146' title='bbox 1295 220 1427 247; x_wconf 79' lang='grc' dir='ltr'><strong>ἀπολέσαι</strong></span> <span class='ocrx_word' id='word_1_147' title='bbox 1438 221 1467 246; x_wconf 76' lang='grc' dir='ltr'>ὲν</span> <span class='ocrx_word' id='word_1_148' title='bbox 1479 220 1578 255; x_wconf 81' lang='grc' dir='ltr'><strong>γεέννῃ</strong></span> <span class='ocrx_word' id='word_1_149' title='bbox 1588 239 1595 246; x_wconf 92' lang='grc'><strong>.</strong></span> <span class='ocrx_word' id='word_1_150' title='bbox 1615 228 1625 244; x_wconf 74' lang='grc' dir='ltr'><strong>ι</strong></span> <span class='ocrx_word' id='word_1_151' title='bbox 1638 219 1697 245; x_wconf 82' lang='grc' dir='ltr'><strong>Καὶ</strong></span> <span class='ocrx_word' id='word_1_152' title='bbox 1708 219 1779 254; x_wconf 76' lang='grc' dir='ltr'><strong>ἑξῆς</strong></span> 
     </span>
    </p>
   </div>
   <div class='ocr_carea' id='block_1_21' title="bbox 975 264 1781 302">
    <p class='ocr_par' dir='ltr' id='par_1_21' title="bbox 975 264 1781 302">
     <span class='ocr_line' id='line_1_21' title="bbox 975 264 1781 302; baseline -0.006 -8"><span class='ocrx_word' id='word_1_153' title='bbox 975 267 1082 299; x_wconf 83' lang='grc' dir='ltr'><strong>τούτοις</strong></span> <span class='ocrx_word' id='word_1_154' title='bbox 1095 267 1216 293; x_wconf 79' lang='grc' dir='ltr'><strong>διδάσκει</strong></span> <span class='ocrx_word' id='word_1_155' title='bbox 1238 267 1312 302; x_wconf 81' lang='grc' dir='ltr'>ἡμᾶς</span> <span class='ocrx_word' id='word_1_156' title='bbox 1324 266 1339 292; x_wconf 83' lang='grc' dir='ltr'><strong>ὁ</strong></span> <span class='ocrx_word' id='word_1_157' title='bbox 1359 265 1471 300; x_wconf 83' lang='grc' dir='ltr'>Κύριος,</span> <span class='ocrx_word' id='word_1_158' title='bbox 1486 265 1523 296; x_wconf 85' lang='grc' dir='ltr'>ὼς</span> <span class='ocrx_word' id='word_1_159' title='bbox 1542 265 1593 291; x_wconf 83' lang='grc' dir='ltr'>οὐκ</span> <span class='ocrx_word' id='word_1_160' title='bbox 1615 264 1682 291; x_wconf 84' lang='grc' dir='ltr'>ἀνευ</span> <span class='ocrx_word' id='word_1_161' title='bbox 1708 273 1781 299; x_wconf 79' lang='grc' dir='ltr'>προ-</span> 
     </span>
    </p>
   </div>
   <div class='ocr_carea' id='block_1_22' title="bbox 975 310 1780 348">
    <p class='ocr_par' dir='ltr' id='par_1_22' title="bbox 975 310 1780 348">
     <span class='ocr_line' id='line_1_22' title="bbox 975 310 1780 348; baseline -0.004 -9"><span class='ocrx_word' id='word_1_162' title='bbox 975 313 1049 344; x_wconf 86' lang='grc' dir='ltr'>νοίας</span> <span class='ocrx_word' id='word_1_163' title='bbox 1062 312 1171 348; x_wconf 77' lang='grc' dir='ltr'>ἔρχεταί</span> <span class='ocrx_word' id='word_1_164' title='bbox 1187 320 1229 344; x_wconf 82' lang='grc' dir='ltr'><strong>τις</strong></span> <span class='ocrx_word' id='word_1_165' title='bbox 1242 312 1288 338; x_wconf 73' lang='grc' dir='ltr'><strong>ἐπὶ</strong></span> <span class='ocrx_word' id='word_1_166' title='bbox 1303 311 1349 338; x_wconf 80' lang='grc' dir='ltr'>τὸν</span> <span class='ocrx_word' id='word_1_167' title='bbox 1365 311 1414 338; x_wconf 83' lang='grc' dir='ltr'>τοῦ</span> <span class='ocrx_word' id='word_1_168' title='bbox 1430 311 1580 346; x_wconf 82' lang='grc' dir='ltr'><strong>μαρτυρίου</strong></span> <span class='ocrx_word' id='word_1_169' title='bbox 1599 310 1709 345; x_wconf 55' lang='grc' dir='ltr'>ἀγιξιινα.</span> <span class='ocrx_word' id='word_1_170' title='bbox 1722 310 1780 337; x_wconf 74' lang='grc' dir='ltr'><strong>Λέ-</strong></span> 
     </span>
    </p>
   </div>
   <div class='ocr_carea' id='block_1_23' title="bbox 974 356 1782 394">
    <p class='ocr_par' dir='ltr' id='par_1_23' title="bbox 974 356 1782 394">
     <span class='ocr_line' id='line_1_23' title="bbox 974 356 1782 394; baseline -0.004 -9"><span class='ocrx_word' id='word_1_171' title='bbox 974 367 1053 393; x_wconf 88' lang='grc' dir='ltr'>γεται</span> <span class='ocrx_word' id='word_1_172' title='bbox 1073 358 1145 394; x_wconf 83' lang='grc' dir='ltr'>γάρ·</span> <span class='ocrx_word' id='word_1_173' title='bbox 1170 367 1179 385; x_wconf 82' lang='grc' dir='ltr'>ι</span> <span class='ocrx_word' id='word_1_174' title='bbox 1199 358 1265 392; x_wconf 72' lang='grc' dir='ltr'><strong>Οὐχὶ</strong></span> <span class='ocrx_word' id='word_1_175' title='bbox 1281 357 1328 384; x_wconf 85' lang='grc' dir='ltr'>δύο</span> <span class='ocrx_word' id='word_1_176' title='bbox 1343 356 1470 393; x_wconf 82' lang='grc' dir='ltr'><strong>στρουθία</strong></span> <span class='ocrx_word' id='word_1_177' title='bbox 1487 356 1543 391; x_wconf 73' lang='lat'><strong>(’52)</strong></span> <span class='ocrx_word' id='word_1_178' title='bbox 1560 356 1697 391; x_wconf 77' lang='grc' dir='ltr'><strong>ἀσσαρίου</strong></span> <span class='ocrx_word' id='word_1_179' title='bbox 1719 365 1782 382; x_wconf 81' lang='grc' dir='ltr'><strong>πω-</strong></span> 
     </span>
    </p>
   </div>
   <div class='ocr_carea' id='block_1_24' title="bbox 977 402 1781 438">
    <p class='ocr_par' dir='ltr' id='par_1_24' title="bbox 977 402 1781 438">
     <span class='ocr_line' id='line_1_24' title="bbox 977 402 1781 438; baseline -0.004 -7"><span class='ocrx_word' id='word_1_180' title='bbox 977 405 1073 437; x_wconf 88' lang='grc' dir='ltr'>λεῖται,</span> <span class='ocrx_word' id='word_1_181' title='bbox 1088 405 1135 431; x_wconf 55' lang='grc' dir='ltr'><strong>καὶ⁹</strong></span> <span class='ocrx_word' id='word_1_182' title='bbox 1150 403 1179 430; x_wconf 83' lang='grc' dir='ltr'>ἓν</span> <span class='ocrx_word' id='word_1_183' title='bbox 1195 402 1224 436; x_wconf 73' lang='grc' dir='ltr'><strong>ἐξ</strong></span> <span class='ocrx_word' id='word_1_184' title='bbox 1242 403 1332 430; x_wconf 75' lang='grc' dir='ltr'>αὐτῶν</span> <span class='ocrx_word' id='word_1_185' title='bbox 1343 403 1373 430; x_wconf 82' lang='grc' dir='ltr'>οὐ</span> <span class='ocrx_word' id='word_1_186' title='bbox 1391 403 1512 429; x_wconf 78' lang='grc' dir='ltr'><strong>πεσεῖται</strong></span> <span class='ocrx_word' id='word_1_187' title='bbox 1524 403 1564 434; x_wconf 85' lang='grc' dir='ltr'><strong>είς</strong></span> <span class='ocrx_word' id='word_1_188' title='bbox 1578 402 1628 438; x_wconf 85' lang='grc' dir='ltr'>τὴν</span> <span class='ocrx_word' id='word_1_189' title='bbox 1639 402 1696 436; x_wconf 84' lang='grc' dir='ltr'>γῆν</span> <span class='ocrx_word' id='word_1_190' title='bbox 1712 402 1781 428; x_wconf 76' lang='grc' dir='ltr'>ἄνευ</span> 
     </span>
    </p>
   </div>
   <div class='ocr_carea' id='block_1_25' title="bbox 975 447 1782 485">
    <p class='ocr_par' dir='ltr' id='par_1_25' title="bbox 975 447 1782 485">
     <span class='ocr_line' id='line_1_25' title="bbox 975 447 1782 485; baseline -0.005 -9"><span class='ocrx_word' id='word_1_191' title='bbox 975 450 1023 477; x_wconf 80' lang='grc' dir='ltr'><strong>τοῦ</strong></span> <span class='ocrx_word' id='word_1_192' title='bbox 1044 450 1151 485; x_wconf 82' lang='grc' dir='ltr'>Πατρὸς</span> <span class='ocrx_word' id='word_1_193' title='bbox 1173 449 1220 475; x_wconf 81' lang='grc' dir='ltr'>τοῦ</span> <span class='ocrx_word' id='word_1_194' title='bbox 1233 449 1262 475; x_wconf 77' lang='grc' dir='ltr'>ἐν</span> <span class='ocrx_word' id='word_1_195' title='bbox 1277 451 1332 480; x_wconf 84' lang='grc' dir='ltr'>τοῖς</span> <span class='ocrx_word' id='word_1_196' title='bbox 1350 449 1490 485; x_wconf 71' lang='grc' dir='ltr'>οὺρανοῖςς</span> <span class='ocrx_word' id='word_1_197' title='bbox 1504 447 1581 482; x_wconf 84' lang='grc' dir='ltr'>ὑμῶν</span> <span class='ocrx_word' id='word_1_198' title='bbox 1593 447 1622 474; x_wconf 73' lang='grc' dir='ltr'><strong>δὲ</strong></span> <span class='ocrx_word' id='word_1_199' title='bbox 1635 448 1664 474; x_wconf 88' lang='grc' dir='ltr'><strong>αί</strong></span> <span class='ocrx_word' id='word_1_200' title='bbox 1681 447 1782 482; x_wconf 78' lang='grc' dir='ltr'><strong>τρίχες</strong></span> 
     </span>
    </p>
   </div>
   <div class='ocr_carea' id='block_1_26' title="bbox 977 491 1782 531">
    <p class='ocr_par' dir='ltr' id='par_1_26' title="bbox 977 491 1782 531">
     <span class='ocr_line' id='line_1_26' title="bbox 977 491 1782 531; baseline -0.004 -9"><span class='ocrx_word' id='word_1_201' title='bbox 977 497 1027 531; x_wconf 81' lang='grc' dir='ltr'>τῆς</span> <span class='ocrx_word' id='word_1_202' title='bbox 1044 495 1167 530; x_wconf 81' lang='grc' dir='ltr'><strong>κεφαλῆς</strong></span> <span class='ocrx_word' id='word_1_203' title='bbox 1183 496 1268 526; x_wconf 77' lang='grc' dir='ltr'>πᾶσαι</span> <span class='ocrx_word' id='word_1_204' title='bbox 1283 494 1468 530; x_wconf 73' lang='grc' dir='ltr'><strong>ἠριθμημέναι</strong></span> <span class='ocrx_word' id='word_1_205' title='bbox 1481 494 1534 520; x_wconf 81' lang='grc' dir='ltr'>εἰσί</span> <span class='ocrx_word' id='word_1_206' title='bbox 1543 514 1550 520; x_wconf 92' lang='grc'>.</span> <span class='ocrx_word' id='word_1_207' title='bbox 1563 494 1609 529; x_wconf 82' lang='grc' dir='ltr'><strong>Μὴ</strong></span> <span class='ocrx_word' id='word_1_208' title='bbox 1621 491 1669 520; x_wconf 72' lang='grc' dir='ltr'>οὖν</span> <span class='ocrx_word' id='word_1_209' title='bbox 1682 493 1782 527; x_wconf 82' lang='grc' dir='ltr'>φοϐεῖ-</span> 
     </span>
    </p>
   </div>
   <div class='ocr_carea' id='block_1_27' title="bbox 979 538 1783 576">
    <p class='ocr_par' dir='ltr' id='par_1_27' title="bbox 979 538 1783 576">
     <span class='ocr_line' id='line_1_27' title="bbox 979 538 1783 576; baseline -0.001 -9"><span class='ocrx_word' id='word_1_210' title='bbox 979 542 1043 568; x_wconf 89' lang='grc' dir='ltr'>σθε·</span> <span class='ocrx_word' id='word_1_211' title='bbox 1059 540 1163 568; x_wconf 82' lang='grc' dir='ltr'>πολλῶν</span> <span class='ocrx_word' id='word_1_212' title='bbox 1186 541 1335 576; x_wconf 86' lang='grc' dir='ltr'>στρουθίων</span> <span class='ocrx_word' id='word_1_213' title='bbox 1357 540 1499 576; x_wconf 84' lang='grc' dir='ltr'><strong>διαφέρετε</strong></span> <span class='ocrx_word' id='word_1_214' title='bbox 1528 540 1614 576; x_wconf 81' lang='grc' dir='ltr'><strong>ὑμεῖς.</strong></span> <span class='ocrx_word' id='word_1_215' title='bbox 1644 540 1707 571; x_wconf 78' lang='grc' dir='ltr'><strong>Πᾶς</strong></span> <span class='ocrx_word' id='word_1_216' title='bbox 1732 538 1783 566; x_wconf 76' lang='grc' dir='ltr'>οὖν</span> 
     </span>
    </p>
   </div>
   <div class='ocr_carea' id='block_1_28' title="bbox 979 584 1782 621">
    <p class='ocr_par' dir='ltr' id='par_1_28' title="bbox 979 584 1782 621">
     <span class='ocr_line' id='line_1_28' title="bbox 979 584 1782 621; baseline -0.001 -9"><span class='ocrx_word' id='word_1_217' title='bbox 979 586 1053 617; x_wconf 83' lang='grc' dir='ltr'>ὅστις</span> <span class='ocrx_word' id='word_1_218' title='bbox 1075 585 1235 621; x_wconf 78' lang='grc' dir='ltr'><strong>ὁμολογήσει</strong></span> <span class='ocrx_word' id='word_1_219' title='bbox 1249 586 1277 612; x_wconf 84' lang='grc' dir='ltr'>ὲν</span> <span class='ocrx_word' id='word_1_220' title='bbox 1291 585 1353 620; x_wconf 73' lang='grc' dir='ltr'>ἐμοὶ</span> <span class='ocrx_word' id='word_1_221' title='bbox 1367 584 1519 621; x_wconf 76' lang='grc' dir='ltr'>ἔμπροσθεν</span> <span class='ocrx_word' id='word_1_222' title='bbox 1533 585 1586 611; x_wconf 85' lang='grc' dir='ltr'><strong>τῶν</strong></span> <span class='ocrx_word' id='word_1_223' title='bbox 1609 584 1782 620; x_wconf 72' lang='grc' dir='ltr'>ἀνθρώπων,</span> 
     </span>
    </p>
   </div>
   <div class='ocr_carea' id='block_1_29' title="bbox 980 630 1783 666">
    <p class='ocr_par' dir='ltr' id='par_1_29' title="bbox 980 630 1783 666">
     <span class='ocr_line' id='line_1_29' title="bbox 980 630 1783 666; baseline -0.001 -9"><span class='ocrx_word' id='word_1_224' title='bbox 980 631 1139 666; x_wconf 73' lang='grc' dir='ltr'><strong>ὁμολογήσω</strong></span> <span class='ocrx_word' id='word_1_225' title='bbox 1153 630 1230 665; x_wconf 85' lang='grc' dir='ltr'><strong>κάγὼ</strong></span> <span class='ocrx_word' id='word_1_226' title='bbox 1245 631 1273 657; x_wconf 78' lang='grc' dir='ltr'>ἐν</span> <span class='ocrx_word' id='word_1_227' title='bbox 1287 630 1362 666; x_wconf 77' lang='grc' dir='ltr'>αὐτῷ</span> <span class='ocrx_word' id='word_1_228' title='bbox 1373 630 1525 666; x_wconf 73' lang='grc' dir='ltr'>ἔμπροσθεν</span> <span class='ocrx_word' id='word_1_229' title='bbox 1540 630 1587 656; x_wconf 80' lang='grc' dir='ltr'>τοῦ</span> <span class='ocrx_word' id='word_1_230' title='bbox 1599 630 1712 665; x_wconf 79' lang='grc' dir='ltr'><strong>Πατρός</strong></span> <span class='ocrx_word' id='word_1_231' title='bbox 1729 639 1783 665; x_wconf 86' lang='grc' dir='ltr'><strong>μου</strong></span> 
     </span>
    </p>
   </div>
   <div class='ocr_carea' id='block_1_30' title="bbox 980 675 1782 711">
    <p class='ocr_par' dir='ltr' id='par_1_30' title="bbox 980 675 1782 711">
     <span class='ocr_line' id='line_1_30' title="bbox 980 675 1782 711; baseline -0.001 -9"><span class='ocrx_word' id='word_1_232' title='bbox 980 676 1028 702; x_wconf 83' lang='grc' dir='ltr'>τοῦ</span> <span class='ocrx_word' id='word_1_233' title='bbox 1049 677 1077 702; x_wconf 82' lang='grc' dir='ltr'>ὲν</span> <span class='ocrx_word' id='word_1_234' title='bbox 1092 676 1234 711; x_wconf 79' lang='grc' dir='ltr'>οὐρανοῖςο</span> <span class='ocrx_word' id='word_1_235' title='bbox 1253 675 1328 707; x_wconf 81' lang='grc' dir='ltr'>ὅστις</span> <span class='ocrx_word' id='word_1_236' title='bbox 1339 676 1361 702; x_wconf 83' lang='grc' dir='ltr'><strong>δ’</strong></span> <span class='ocrx_word' id='word_1_237' title='bbox 1372 675 1404 703; x_wconf 82' lang='grc' dir='ltr'>ἂν</span> <span class='ocrx_word' id='word_1_238' title='bbox 1417 675 1609 711; x_wconf 80' lang='grc' dir='ltr'>ἀπαρνήσηταί</span> <span class='ocrx_word' id='word_1_239' title='bbox 1623 684 1658 710; x_wconf 86' lang='grc' dir='ltr'><strong>με</strong></span> <span class='ocrx_word' id='word_1_240' title='bbox 1673 675 1782 711; x_wconf 74' lang='grc' dir='ltr'>ἐμπρο-</span> 
     </span>
    </p>
   </div>
   <div class='ocr_carea' id='block_1_31' title="bbox 982 721 1784 757">
    <p class='ocr_par' dir='ltr' id='par_1_31' title="bbox 982 721 1784 757">
     <span class='ocr_line' id='line_1_31' title="bbox 982 721 1784 757; baseline -0.001 -9"><span class='ocrx_word' id='word_1_241' title='bbox 982 721 1045 748; x_wconf 86' lang='grc' dir='ltr'>σθεν</span> <span class='ocrx_word' id='word_1_242' title='bbox 1055 721 1109 748; x_wconf 80' lang='grc' dir='ltr'><strong>τῶν</strong></span> <span class='ocrx_word' id='word_1_243' title='bbox 1121 721 1282 757; x_wconf 86' lang='grc' dir='ltr'>ἀνθρώπων,</span> <span class='ocrx_word' id='word_1_244' title='bbox 1293 722 1486 757; x_wconf 79' lang='grc' dir='ltr'><strong>ἀπαρνήσομαι</strong></span> <span class='ocrx_word' id='word_1_245' title='bbox 1497 721 1576 748; x_wconf 80' lang='grc' dir='ltr'>αὑτὸν</span> <span class='ocrx_word' id='word_1_246' title='bbox 1585 721 1665 755; x_wconf 84' lang='grc' dir='ltr'>κάγὼ</span> <span class='ocrx_word' id='word_1_247' title='bbox 1674 721 1784 757; x_wconf 76' lang='grc' dir='ltr'>ἐμπρο-</span> 
     </span>
    </p>
   </div>
   <div class='ocr_carea' id='block_1_32' title="bbox 983 766 1783 803">
    <p class='ocr_par' dir='ltr' id='par_1_32' title="bbox 983 766 1783 803">
     <span class='ocr_line' id='line_1_32' title="bbox 983 766 1783 803; baseline 0 -10"><span class='ocrx_word' id='word_1_248' title='bbox 983 767 1045 794; x_wconf 87' lang='grc' dir='ltr'>σθεν</span> <span class='ocrx_word' id='word_1_249' title='bbox 1062 767 1109 794; x_wconf 84' lang='grc' dir='ltr'>τοῦ</span> <span class='ocrx_word' id='word_1_250' title='bbox 1131 767 1239 803; x_wconf 84' lang='grc' dir='ltr'><strong>Πατρός</strong></span> <span class='ocrx_word' id='word_1_251' title='bbox 1256 776 1306 802; x_wconf 88' lang='grc' dir='ltr'><strong>μου</strong></span> <span class='ocrx_word' id='word_1_252' title='bbox 1319 766 1366 793; x_wconf 85' lang='grc' dir='ltr'>τοῦ</span> <span class='ocrx_word' id='word_1_253' title='bbox 1381 767 1410 793; x_wconf 82' lang='grc' dir='ltr'>ὲν</span> <span class='ocrx_word' id='word_1_254' title='bbox 1423 767 1557 802; x_wconf 78' lang='grc' dir='ltr'>οὐρανοῖς.</span> <span class='ocrx_word' id='word_1_255' title='bbox 1575 777 1583 792; x_wconf 80' lang='grc' dir='ltr'><strong>ι</strong></span> <span class='ocrx_word' id='word_1_256' title='bbox 1609 767 1783 802; x_wconf 80' lang='grc' dir='ltr'>Ἴσοδυναμεί</span> 
     </span>
    </p>
   </div>
   <div class='ocr_carea' id='block_1_33' title="bbox 982 811 1784 848">
    <p class='ocr_par' dir='ltr' id='par_1_33' title="bbox 982 811 1784 848">
     <span class='ocr_line' id='line_1_33' title="bbox 982 811 1784 848; baseline -0.001 -9"><span class='ocrx_word' id='word_1_257' title='bbox 982 813 1010 839; x_wconf 81' lang='grc' dir='ltr'><strong>δὲ</strong></span> <span class='ocrx_word' id='word_1_258' title='bbox 1027 812 1172 844; x_wconf 85' lang='grc' dir='ltr'>τούτοιςτά</span> <span class='ocrx_word' id='word_1_259' title='bbox 1184 813 1259 848; x_wconf 85' lang='grc' dir='ltr'><strong>παρά</strong></span> <span class='ocrx_word' id='word_1_260' title='bbox 1279 812 1318 847; x_wconf 84' lang='grc' dir='ltr'>τῷ</span> <span class='ocrx_word' id='word_1_261' title='bbox 1328 813 1434 847; x_wconf 72' lang='grc' dir='ltr'>Λουκᾷ·</span> <span class='ocrx_word' id='word_1_262' title='bbox 1454 821 1463 837; x_wconf 83' lang='grc' dir='ltr'>ι</span> <span class='ocrx_word' id='word_1_263' title='bbox 1483 811 1575 838; x_wconf 74' lang='grc' dir='ltr'>Ταῦτα</span> <span class='ocrx_word' id='word_1_264' title='bbox 1590 812 1618 838; x_wconf 79' lang='grc' dir='ltr'><strong>δὲ</strong></span> <span class='ocrx_word' id='word_1_265' title='bbox 1631 812 1707 846; x_wconf 90' lang='grc' dir='ltr'>λέγω</span> <span class='ocrx_word' id='word_1_266' title='bbox 1719 812 1784 847; x_wconf 75' lang='grc' dir='ltr'>ὑμῖν</span> 
     </span>
    </p>
   </div>
   <div class='ocr_carea' id='block_1_34' title="bbox 144 853 871 893">
    <p class='ocr_par' dir='ltr' id='par_1_34' title="bbox 144 857 870 893">
     <span class='ocr_line' id='line_1_34' title="bbox 144 857 870 893; baseline -0.003 -7"><span class='ocrx_word' id='word_1_267' title='bbox 144 859 245 886; x_wconf 81' lang='lat' dir='ltr'><strong>habent</strong></span> <span class='ocrx_word' id='word_1_268' title='bbox 259 858 375 893; x_wconf 88' lang='lat' dir='ltr'><strong>amplius</strong></span> <span class='ocrx_word' id='word_1_269' title='bbox 387 857 450 892; x_wconf 91' lang='lat' dir='ltr'><strong>quid</strong></span> <span class='ocrx_word' id='word_1_270' title='bbox 466 857 577 884; x_wconf 82' lang='lat' dir='ltr'><strong>faciant.</strong></span> <span class='ocrx_word' id='word_1_271' title='bbox 593 857 740 886; x_wconf 82' lang='lat' dir='ltr'><strong>Ostendam</strong></span> <span class='ocrx_word' id='word_1_272' title='bbox 752 861 843 885; x_wconf 85' lang='lat' dir='ltr'><strong>autem</strong></span> <span class='ocrx_word' id='word_1_273' title='bbox 855 864 870 884; x_wconf 86' lang='lat' dir='ltr'><strong>v</strong></span> 
     </span>
    </p>
   </div>
   <div class='ocr_carea' id='block_1_35' title="bbox 1057 853 1784 893">
    <p class='ocr_par' dir='ltr' id='par_1_35' title="bbox 1063 856 1784 893">
     <span class='ocr_line' id='line_1_35' title="bbox 1063 856 1784 893; baseline -0.001 -9"><span class='ocrx_word' id='word_1_274' title='bbox 1063 858 1150 892; x_wconf 85' lang='grc' dir='ltr'>φίλοις</span> <span class='ocrx_word' id='word_1_275' title='bbox 1166 866 1230 893; x_wconf 80' lang='grc' dir='ltr'>μου’</span> <span class='ocrx_word' id='word_1_276' title='bbox 1246 858 1292 892; x_wconf 84' lang='grc' dir='ltr'><strong>Μὴ</strong></span> <span class='ocrx_word' id='word_1_277' title='bbox 1312 857 1449 893; x_wconf 79' lang='grc' dir='ltr'>φοϐηθῆτε</span> <span class='ocrx_word' id='word_1_278' title='bbox 1475 857 1529 883; x_wconf 83' lang='grc' dir='ltr'>ἀπὸ</span> <span class='ocrx_word' id='word_1_279' title='bbox 1541 856 1595 883; x_wconf 82' lang='grc' dir='ltr'><strong>τῶν</strong></span> <span class='ocrx_word' id='word_1_280' title='bbox 1609 857 1784 884; x_wconf 81' lang='grc' dir='ltr'>ἀποκτεινόν-</span> 
     </span>
    </p>
   </div>
   <div class='ocr_carea' id='block_1_36' title="bbox 144 902 932 939">
    <p class='ocr_par' dir='ltr' id='par_1_36' title="bbox 144 902 932 939">
     <span class='ocr_line' id='line_1_36' title="bbox 144 902 932 939; baseline -0.001 -9"><span class='ocrx_word' id='word_1_281' title='bbox 144 911 224 939; x_wconf 86' lang='lat' dir='ltr'><strong>quem</strong></span> <span class='ocrx_word' id='word_1_282' title='bbox 241 903 376 936; x_wconf 80' lang='lat' dir='ltr'><strong>timeatis;</strong></span> <span class='ocrx_word' id='word_1_283' title='bbox 396 903 487 930; x_wconf 86' lang='lat' dir='ltr'><strong>timete</strong></span> <span class='ocrx_word' id='word_1_284' title='bbox 499 910 561 930; x_wconf 88' lang='lat' dir='ltr'><strong>eum</strong></span> <span class='ocrx_word' id='word_1_285' title='bbox 574 903 620 937; x_wconf 89' lang='lat' dir='ltr'><strong>qui</strong></span> <span class='ocrx_word' id='word_1_286' title='bbox 633 907 777 938; x_wconf 86' lang='lat' dir='ltr'><strong>postquam</strong></span> <span class='ocrx_word' id='word_1_287' title='bbox 789 902 932 934; x_wconf 86' lang='lat' dir='ltr'><strong>occiderit.</strong></span> 
     </span>
    </p>
   </div>
   <div class='ocr_carea' id='block_1_37' title="bbox 144 948 933 984">
    <p class='ocr_par' dir='ltr' id='par_1_37' title="bbox 144 948 933 984">
     <span class='ocr_line' id='line_1_37' title="bbox 144 948 933 984; baseline -0.003 -8"><span class='ocrx_word' id='word_1_288' title='bbox 144 949 227 976; x_wconf 85' lang='lat' dir='ltr'><strong>habet</strong></span> <span class='ocrx_word' id='word_1_289' title='bbox 242 952 405 984; x_wconf 90' lang='lat' dir='ltr'><strong>potestatem</strong></span> <span class='ocrx_word' id='word_1_290' title='bbox 430 948 555 975; x_wconf 86' lang='lat' dir='ltr'><strong>mittendi</strong></span> <span class='ocrx_word' id='word_1_291' title='bbox 569 948 595 975; x_wconf 90' lang='lat' dir='ltr'><strong>itt</strong></span> <span class='ocrx_word' id='word_1_292' title='bbox 613 948 784 983; x_wconf 73' lang='lat' dir='ltr'><strong>gehennam:</strong></span> <span class='ocrx_word' id='word_1_293' title='bbox 805 948 842 975; x_wconf 85' lang='lat' dir='ltr'><strong>ita</strong></span> <span class='ocrx_word' id='word_1_294' title='bbox 870 948 933 975; x_wconf 86' lang='lat' dir='ltr'><strong>dico</strong></span> 
     </span>
    </p>
   </div>
   <div class='ocr_carea' id='block_1_38' title="bbox 145 994 933 1029">
    <p class='ocr_par' dir='ltr' id='par_1_38' title="bbox 145 994 933 1029">
     <span class='ocr_line' id='line_1_38' title="bbox 145 994 933 1029; baseline -0.003 -7"><span class='ocrx_word' id='word_1_295' title='bbox 145 995 232 1027; x_wconf 82' lang='lat' dir='ltr'><strong>vobis.</strong></span> <span class='ocrx_word' id='word_1_296' title='bbox 249 996 322 1022; x_wconf 88' lang='lat' dir='ltr'><strong>hunc</strong></span> <span class='ocrx_word' id='word_1_297' title='bbox 343 995 446 1022; x_wconf 87' lang='lat' dir='ltr'><strong>timete.</strong></span> <span class='ocrx_word' id='word_1_298' title='bbox 475 994 572 1022; x_wconf 85' lang='lat' dir='ltr'><strong>Nonne</strong></span> <span class='ocrx_word' id='word_1_299' title='bbox 595 995 715 1029; x_wconf 88' lang='lat' dir='ltr'><strong>quinque</strong></span> <span class='ocrx_word' id='word_1_300' title='bbox 739 1002 864 1029; x_wconf 86' lang='lat' dir='ltr'><strong>passeres</strong></span> <span class='ocrx_word' id='word_1_301' title='bbox 886 1002 933 1021; x_wconf 91' lang='lat' dir='ltr'><strong>ve-</strong></span> 
     </span>
    </p>
   </div>
   <div class='ocr_carea' id='block_1_39' title="bbox 146 1039 934 1074">
    <p class='ocr_par' dir='ltr' id='par_1_39' title="bbox 146 1039 934 1074">
     <span class='ocr_line' id='line_1_39' title="bbox 146 1039 934 1074; baseline 0 -7"><span class='ocrx_word' id='word_1_302' title='bbox 146 1044 230 1067; x_wconf 91' lang='lat' dir='ltr'><strong>neunt</strong></span> <span class='ocrx_word' id='word_1_303' title='bbox 244 1039 381 1074; x_wconf 90' lang='lat' dir='ltr'><strong>dipondio,</strong></span> <span class='ocrx_word' id='word_1_304' title='bbox 390 1044 417 1067; x_wconf 87' lang='lat' dir='ltr'><strong>et</strong></span> <span class='ocrx_word' id='word_1_305' title='bbox 429 1047 499 1068; x_wconf 88' lang='lat' dir='ltr'><strong>unus</strong></span> <span class='ocrx_word' id='word_1_306' title='bbox 513 1047 547 1067; x_wconf 81' lang='lat' dir='ltr'><strong>ex</strong></span> <span class='ocrx_word' id='word_1_307' title='bbox 562 1040 616 1068; x_wconf 92' lang='lat' dir='ltr'><strong>illis</strong></span> <span class='ocrx_word' id='word_1_308' title='bbox 631 1047 684 1068; x_wconf 89' lang='lat' dir='ltr'><strong>u0n</strong></span> <span class='ocrx_word' id='word_1_309' title='bbox 699 1044 741 1067; x_wconf 89' lang='lat' dir='ltr'><strong>est</strong></span> <span class='ocrx_word' id='word_1_310' title='bbox 753 1041 780 1067; x_wconf 92' lang='lat' dir='ltr'><strong>in</strong></span> <span class='ocrx_word' id='word_1_311' title='bbox 794 1040 934 1068; x_wconf 89' lang='lat' dir='ltr'><strong>oblivione</strong></span> 
     </span>
    </p>
   </div>
   <div class='ocr_carea' id='block_1_40' title="bbox 147 1084 932 1120">
    <p class='ocr_par' dir='ltr' id='par_1_40' title="bbox 147 1084 932 1120">
     <span class='ocr_line' id='line_1_40' title="bbox 147 1084 932 1120; baseline 0.001 -8"><span class='ocrx_word' id='word_1_312' title='bbox 147 1093 238 1113; x_wconf 84' lang='lat' dir='ltr'><strong>coram</strong></span> <span class='ocrx_word' id='word_1_313' title='bbox 256 1085 328 1113; x_wconf 86' lang='lat' dir='ltr'><strong>Deo?</strong></span> <span class='ocrx_word' id='word_1_314' title='bbox 341 1084 394 1112; x_wconf 85' lang='lat' dir='ltr'><strong>Sed</strong></span> <span class='ocrx_word' id='word_1_315' title='bbox 412 1090 440 1113; x_wconf 89' lang='lat' dir='ltr'><strong>et</strong></span> <span class='ocrx_word' id='word_1_316' title='bbox 454 1086 544 1120; x_wconf 87' lang='lat' dir='ltr'><strong>capilli</strong></span> <span class='ocrx_word' id='word_1_317' title='bbox 558 1087 657 1120; x_wconf 87' lang='lat' dir='ltr'><strong>capitis</strong></span> <span class='ocrx_word' id='word_1_318' title='bbox 672 1087 755 1114; x_wconf 89' lang='lat' dir='ltr'><strong>vestri</strong></span> <span class='ocrx_word' id='word_1_319' title='bbox 770 1093 865 1114; x_wconf 89' lang='lat' dir='ltr'><strong>omnes</strong></span> <span class='ocrx_word' id='word_1_320' title='bbox 882 1095 932 1113; x_wconf 94' lang='lat' dir='ltr'><strong>nu-</strong></span> 
     </span>
    </p>
   </div>
   <div class='ocr_carea' id='block_1_41' title="bbox 147 1129 936 1167">
    <p class='ocr_par' dir='ltr' id='par_1_41' title="bbox 147 1129 936 1167">
     <span class='ocr_line' id='line_1_41' title="bbox 147 1129 936 1167; baseline 0.003 -10"><span class='ocrx_word' id='word_1_321' title='bbox 147 1130 244 1158; x_wconf 83' lang='lat' dir='ltr'><strong>merati</strong></span> <span class='ocrx_word' id='word_1_322' title='bbox 261 1135 334 1158; x_wconf 90' lang='lat' dir='ltr'><strong>sunt.</strong></span> <span class='ocrx_word' id='word_1_323' title='bbox 348 1129 438 1159; x_wconf 86' lang='lat' dir='ltr'><strong>Nolite</strong></span> <span class='ocrx_word' id='word_1_324' title='bbox 452 1138 516 1166; x_wconf 83' lang='lat' dir='ltr'><strong>ergo</strong></span> <span class='ocrx_word' id='word_1_325' title='bbox 532 1132 646 1158; x_wconf 90' lang='lat' dir='ltr'><strong>timere:</strong></span> <span class='ocrx_word' id='word_1_326' title='bbox 664 1131 757 1159; x_wconf 91' lang='lat' dir='ltr'><strong>multis</strong></span> <span class='ocrx_word' id='word_1_327' title='bbox 779 1132 936 1167; x_wconf 82' lang='lat' dir='ltr'><strong>passeribus</strong></span> 
     </span>
    </p>
   </div>
   <div class='ocr_carea' id='block_1_42' title="bbox 149 1177 936 1214">
    <p class='ocr_par' dir='ltr' id='par_1_42' title="bbox 149 1177 936 1214">
     <span class='ocr_line' id='line_1_42' title="bbox 149 1177 936 1214; baseline 0.001 -10"><span class='ocrx_word' id='word_1_328' title='bbox 149 1177 234 1211; x_wconf 88' lang='lat' dir='ltr'><strong>pluris</strong></span> <span class='ocrx_word' id='word_1_329' title='bbox 248 1178 314 1205; x_wconf 89' lang='lat' dir='ltr'><strong>estis</strong></span> <span class='ocrx_word' id='word_1_330' title='bbox 329 1185 386 1205; x_wconf 89' lang='lat' dir='ltr'><strong>vos.</strong></span> <span class='ocrx_word' id='word_1_331' title='bbox 416 1177 480 1205; x_wconf 90' lang='lat' dir='ltr'><strong>Dico</strong></span> <span class='ocrx_word' id='word_1_332' title='bbox 493 1183 583 1205; x_wconf 88' lang='lat' dir='ltr'><strong>autem</strong></span> <span class='ocrx_word' id='word_1_333' title='bbox 599 1178 676 1205; x_wconf 90' lang='lat' dir='ltr'><strong>vobis</strong></span> <span class='ocrx_word' id='word_1_334' title='bbox 691 1187 698 1205; x_wconf 89' lang='lat'>:</span> <span class='ocrx_word' id='word_1_335' title='bbox 713 1178 808 1206; x_wconf 84' lang='lat' dir='ltr'><strong>Omnis</strong></span> <span class='ocrx_word' id='word_1_336' title='bbox 819 1180 936 1214; x_wconf 85' lang='lat' dir='ltr'><strong>quicun-</strong></span> 
     </span>
    </p>
   </div>
   <div class='ocr_carea' id='block_1_43' title="bbox 149 1223 931 1257">
    <p class='ocr_par' dir='ltr' id='par_1_43' title="bbox 149 1223 931 1257">
     <span class='ocr_line' id='line_1_43' title="bbox 149 1223 931 1257; baseline 0.003 -9"><span class='ocrx_word' id='word_1_337' title='bbox 149 1231 201 1257; x_wconf 85' lang='lat' dir='ltr'><strong>que</strong></span> <span class='ocrx_word' id='word_1_338' title='bbox 213 1223 354 1251; x_wconf 84' lang='lat' dir='ltr'><strong>confessus</strong></span> <span class='ocrx_word' id='word_1_339' title='bbox 366 1223 446 1251; x_wconf 86' lang='lat' dir='ltr'><strong>fuerit</strong></span> <span class='ocrx_word' id='word_1_340' title='bbox 460 1232 503 1252; x_wconf 86' lang='lat' dir='ltr'><strong>tne</strong></span> <span class='ocrx_word' id='word_1_341' title='bbox 517 1231 608 1252; x_wconf 88' lang='lat' dir='ltr'><strong>coram</strong></span> <span class='ocrx_word' id='word_1_342' title='bbox 627 1225 793 1257; x_wconf 89' lang='lat' dir='ltr'><strong>hominibus,</strong></span> <span class='ocrx_word' id='word_1_343' title='bbox 807 1229 834 1252; x_wconf 89' lang='lat' dir='ltr'><strong>et</strong></span> <span class='ocrx_word' id='word_1_344' title='bbox 845 1224 931 1252; x_wconf 82' lang='lat' dir='ltr'><strong>Filius</strong></span> 
     </span>
    </p>
   </div>
   <div class='ocr_carea' id='block_1_44' title="bbox 151 1269 930 1306">
    <p class='ocr_par' dir='ltr' id='par_1_44' title="bbox 151 1269 930 1306">
     <span class='ocr_line' id='line_1_44' title="bbox 151 1269 930 1306; baseline 0.001 -11"><span class='ocrx_word' id='word_1_345' title='bbox 151 1269 269 1295; x_wconf 88' lang='lat' dir='ltr'><strong>hominis</strong></span> <span class='ocrx_word' id='word_1_346' title='bbox 286 1269 460 1296; x_wconf 73' lang='lat' dir='ltr'><strong>confitebitur</strong></span> <span class='ocrx_word' id='word_1_347' title='bbox 477 1269 552 1297; x_wconf 88' lang='lat' dir='ltr'><strong>illttttt</strong></span> <span class='ocrx_word' id='word_1_348' title='bbox 571 1277 662 1297; x_wconf 86' lang='lat' dir='ltr'><strong>coram</strong></span> <span class='ocrx_word' id='word_1_349' title='bbox 680 1270 785 1305; x_wconf 75' lang='lat' dir='ltr'><strong>angelis</strong></span> <span class='ocrx_word' id='word_1_350' title='bbox 800 1271 847 1298; x_wconf 91' lang='lat' dir='ltr'><strong>Dei</strong></span> <span class='ocrx_word' id='word_1_351' title='bbox 863 1279 870 1302; x_wconf 92' lang='lat'><strong>;</strong></span> <span class='ocrx_word' id='word_1_352' title='bbox 886 1271 930 1306; x_wconf 92' lang='lat' dir='ltr'><strong>qui</strong></span> 
     </span>
    </p>
   </div>
   <div class='ocr_carea' id='block_1_45' title="bbox 151 1315 939 1350">
    <p class='ocr_par' dir='ltr' id='par_1_45' title="bbox 151 1315 939 1350">
     <span class='ocr_line' id='line_1_45' title="bbox 151 1315 939 1350; baseline 0 -8"><span class='ocrx_word' id='word_1_353' title='bbox 151 1320 242 1342; x_wconf 83' lang='lat' dir='ltr'><strong>autem</strong></span> <span class='ocrx_word' id='word_1_354' title='bbox 269 1315 408 1349; x_wconf 86' lang='lat' dir='ltr'><strong>negaverit</strong></span> <span class='ocrx_word' id='word_1_355' title='bbox 423 1322 466 1342; x_wconf 88' lang='lat' dir='ltr'><strong>me</strong></span> <span class='ocrx_word' id='word_1_356' title='bbox 494 1323 587 1343; x_wconf 92' lang='lat' dir='ltr'><strong>coram</strong></span> <span class='ocrx_word' id='word_1_357' title='bbox 605 1316 771 1348; x_wconf 81' lang='lat' dir='ltr'><strong>hominibus.</strong></span> <span class='ocrx_word' id='word_1_358' title='bbox 797 1317 939 1350; x_wconf 85' lang='lat' dir='ltr'><strong>negabitur</strong></span> 
     </span>
    </p>
   </div>
   <div class='ocr_carea' id='block_1_46' title="bbox 150 1361 939 1398">
    <p class='ocr_par' dir='ltr' id='par_1_46' title="bbox 150 1361 939 1398">
     <span class='ocr_line' id='line_1_46' title="bbox 150 1361 939 1398; baseline 0.001 -10"><span class='ocrx_word' id='word_1_359' title='bbox 150 1368 241 1389; x_wconf 87' lang='lat' dir='ltr'><strong>coram</strong></span> <span class='ocrx_word' id='word_1_360' title='bbox 257 1361 358 1396; x_wconf 81' lang='lat' dir='ltr'><strong>angelis</strong></span> <span class='ocrx_word' id='word_1_361' title='bbox 378 1361 425 1388; x_wconf 89' lang='lat' dir='ltr'><strong>Dei</strong></span> <span class='ocrx_word' id='word_1_362' title='bbox 440 1362 474 1390; x_wconf 81' lang='lat'><strong>°&#39;.</strong></span> <span class='ocrx_word' id='word_1_363' title='bbox 493 1372 503 1388; x_wconf 74' lang='grc' dir='ltr'><strong>ι</strong></span> <span class='ocrx_word' id='word_1_364' title='bbox 524 1362 558 1389; x_wconf 83' lang='lat' dir='ltr'><strong>Et</strong></span> <span class='ocrx_word' id='word_1_365' title='bbox 574 1362 627 1389; x_wconf 88' lang='lat' dir='ltr'><strong>alio</strong></span> <span class='ocrx_word' id='word_1_366' title='bbox 646 1362 671 1389; x_wconf 90' lang='lat' dir='ltr'><strong>in</strong></span> <span class='ocrx_word' id='word_1_367' title='bbox 691 1362 767 1390; x_wconf 89' lang='lat' dir='ltr'><strong>loco:</strong></span> <span class='ocrx_word' id='word_1_368' title='bbox 789 1372 798 1388; x_wconf 87' lang='grc'><em>‹</em></span> <span class='ocrx_word' id='word_1_369' title='bbox 810 1362 876 1390; x_wconf 89' lang='lat' dir='ltr'><strong>Natn</strong></span> <span class='ocrx_word' id='word_1_370' title='bbox 894 1364 939 1398; x_wconf 91' lang='lat' dir='ltr'><strong>qui</strong></span> 
     </span>
    </p>
   </div>
   <div class='ocr_carea' id='block_1_47' title="bbox 151 1408 941 1440">
    <p class='ocr_par' dir='ltr' id='par_1_47' title="bbox 151 1408 941 1440">
     <span class='ocr_line' id='line_1_47' title="bbox 151 1408 941 1440; baseline 0.003 -7"><span class='ocrx_word' id='word_1_371' title='bbox 151 1414 195 1434; x_wconf 90' lang='lat' dir='ltr'><strong>me</strong></span> <span class='ocrx_word' id='word_1_372' title='bbox 205 1408 344 1434; x_wconf 84' lang='lat' dir='ltr'><strong>erubuerit</strong></span> <span class='ocrx_word' id='word_1_373' title='bbox 355 1413 382 1435; x_wconf 89' lang='lat' dir='ltr'><strong>et</strong></span> <span class='ocrx_word' id='word_1_374' title='bbox 398 1416 472 1436; x_wconf 87' lang='lat' dir='ltr'><strong>meos</strong></span> <span class='ocrx_word' id='word_1_375' title='bbox 487 1415 641 1440; x_wconf 88' lang='lat' dir='ltr'><strong>sermones,</strong></span> <span class='ocrx_word' id='word_1_376' title='bbox 664 1408 737 1436; x_wconf 89' lang='lat' dir='ltr'><strong>hune</strong></span> <span class='ocrx_word' id='word_1_377' title='bbox 756 1409 839 1436; x_wconf 84' lang='lat' dir='ltr'><strong>Filius</strong></span> <span class='ocrx_word' id='word_1_378' title='bbox 854 1409 941 1436; x_wconf 90' lang='lat' dir='ltr'><strong>homi-</strong></span> 
     </span>
    </p>
   </div>
   <div class='ocr_carea' id='block_1_48' title="bbox 153 1453 939 1488">
    <p class='ocr_par' dir='ltr' id='par_1_48' title="bbox 153 1453 939 1488">
     <span class='ocr_line' id='line_1_48' title="bbox 153 1453 939 1488; baseline 0.003 -9"><span class='ocrx_word' id='word_1_379' title='bbox 153 1453 194 1479; x_wconf 89' lang='lat' dir='ltr'><strong>nis</strong></span> <span class='ocrx_word' id='word_1_380' title='bbox 207 1454 349 1480; x_wconf 71' lang='lat' dir='ltr'><strong>erubeet‘et</strong></span> <span class='ocrx_word' id='word_1_381' title='bbox 368 1461 429 1480; x_wconf 87' lang='lat' dir='ltr'><strong>eum</strong></span> <span class='ocrx_word' id='word_1_382' title='bbox 445 1454 547 1480; x_wconf 84' lang='lat' dir='ltr'><strong>venerit</strong></span> <span class='ocrx_word' id='word_1_383' title='bbox 565 1455 590 1481; x_wconf 90' lang='lat' dir='ltr'><strong>in</strong></span> <span class='ocrx_word' id='word_1_384' title='bbox 606 1454 746 1488; x_wconf 84' lang='lat' dir='ltr'><strong>majestate</strong></span> <span class='ocrx_word' id='word_1_385' title='bbox 763 1462 822 1488; x_wconf 90' lang='lat' dir='ltr'><strong>sua,</strong></span> <span class='ocrx_word' id='word_1_386' title='bbox 838 1458 865 1482; x_wconf 91' lang='lat' dir='ltr'><strong>et</strong></span> <span class='ocrx_word' id='word_1_387' title='bbox 887 1454 939 1481; x_wconf 87' lang='lat' dir='ltr'><strong>Pa-</strong></span> 
     </span>
    </p>
   </div>
   <div class='ocr_carea' id='block_1_49' title="bbox 153 1500 937 1534">
    <p class='ocr_par' dir='ltr' id='par_1_49' title="bbox 153 1500 937 1534">
     <span class='ocr_line' id='line_1_49' title="bbox 153 1500 937 1534; baseline 0.005 -9"><span class='ocrx_word' id='word_1_388' title='bbox 153 1500 213 1531; x_wconf 82' lang='lat' dir='ltr'><strong>tris,</strong></span> <span class='ocrx_word' id='word_1_389' title='bbox 228 1504 255 1525; x_wconf 90' lang='lat' dir='ltr'><strong>et</strong></span> <span class='ocrx_word' id='word_1_390' title='bbox 269 1504 424 1526; x_wconf 87' lang='lat' dir='ltr'><strong>sanctorum</strong></span> <span class='ocrx_word' id='word_1_391' title='bbox 442 1500 600 1534; x_wconf 80' lang='lat' dir='ltr'><strong>angelorum</strong></span> <span class='ocrx_word' id='word_1_392' title='bbox 615 1501 648 1526; x_wconf 72' lang='grc' dir='ltr'><strong>π.</strong></span> <span class='ocrx_word' id='word_1_393' title='bbox 668 1510 677 1525; x_wconf 72' lang='grc' dir='ltr'><strong>ι</strong></span> <span class='ocrx_word' id='word_1_394' title='bbox 700 1500 750 1533; x_wconf 85' lang='lat' dir='ltr'><strong>Qui</strong></span> <span class='ocrx_word' id='word_1_395' title='bbox 765 1508 812 1528; x_wconf 92' lang='lat' dir='ltr'><strong>nos</strong></span> <span class='ocrx_word' id='word_1_396' title='bbox 836 1501 937 1529; x_wconf 82' lang='lat' dir='ltr'><strong>interii-</strong></span> 
     </span>
    </p>
   </div>
   <div class='ocr_carea' id='block_1_50' title="bbox 154 1544 940 1581">
    <p class='ocr_par' dir='ltr' id='par_1_50' title="bbox 154 1544 940 1581">
     <span class='ocr_line' id='line_1_50' title="bbox 154 1544 940 1581; baseline 0.006 -12"><span class='ocrx_word' id='word_1_397' title='bbox 154 1544 239 1575; x_wconf 90' lang='lat' dir='ltr'><strong>ciunt,</strong></span> <span class='ocrx_word' id='word_1_398' title='bbox 252 1544 333 1570; x_wconf 89' lang='lat' dir='ltr'><strong>vitam</strong></span> <span class='ocrx_word' id='word_1_399' title='bbox 349 1544 472 1578; x_wconf 86' lang='lat' dir='ltr'><strong>corporis</strong></span> <span class='ocrx_word' id='word_1_400' title='bbox 484 1545 632 1581; x_wconf 86' lang='lat' dir='ltr'><strong>occidunt(</strong></span> <span class='ocrx_word' id='word_1_401' title='bbox 647 1546 699 1573; x_wconf 87' lang='lat' dir='ltr'><strong>tale</strong></span> <span class='ocrx_word' id='word_1_402' title='bbox 716 1551 757 1573; x_wconf 86' lang='lat' dir='ltr'><strong>est</strong></span> <span class='ocrx_word' id='word_1_403' title='bbox 768 1547 839 1573; x_wconf 87' lang='lat' dir='ltr'><strong>enim</strong></span> <span class='ocrx_word' id='word_1_404' title='bbox 854 1547 918 1574; x_wconf 84' lang='lat' dir='ltr'><strong>illud</strong></span> <span class='ocrx_word' id='word_1_405' title='bbox 931 1556 940 1574; x_wconf 85' lang='lat'><strong>:</strong></span> 
     </span>
    </p>
   </div>
   <div class='ocr_carea' id='block_1_51' title="bbox 157 1587 941 1627">
    <p class='ocr_par' dir='ltr' id='par_1_51' title="bbox 157 1587 941 1627">
     <span class='ocr_line' id='line_1_51' title="bbox 157 1587 941 1627; baseline 0.008 -14"><span class='ocrx_word' id='word_1_406' title='bbox 157 1587 246 1614; x_wconf 82' lang='lat' dir='ltr'><strong>Nolite</strong></span> <span class='ocrx_word' id='word_1_407' title='bbox 271 1589 363 1615; x_wconf 83' lang='lat' dir='ltr'><strong>timere</strong></span> <span class='ocrx_word' id='word_1_408' title='bbox 380 1598 424 1616; x_wconf 71' lang='lat' dir='ltr'><strong>eo:</strong></span> <span class='ocrx_word' id='word_1_409' title='bbox 453 1590 498 1624; x_wconf 82' lang='lat' dir='ltr'><strong>qui</strong></span> <span class='ocrx_word' id='word_1_410' title='bbox 521 1591 643 1617; x_wconf 77' lang='lat' dir='ltr'><strong>occidunt</strong></span> <span class='ocrx_word' id='word_1_411' title='bbox 669 1599 784 1625; x_wconf 75' lang='lat' dir='ltr'><strong>corpus;</strong></span> <span class='ocrx_word' id='word_1_412' title='bbox 807 1593 877 1627; x_wconf 85' lang='lat' dir='ltr'><strong>quod</strong></span> <span class='ocrx_word' id='word_1_413' title='bbox 896 1593 941 1620; x_wconf 89' lang='lat' dir='ltr'><strong>iis-</strong></span> 
     </span>
    </p>
   </div>
   <div class='ocr_carea' id='block_1_52' title="bbox 155 1634 943 1672">
    <p class='ocr_par' dir='ltr' id='par_1_52' title="bbox 155 1634 943 1672">
     <span class='ocr_line' id='line_1_52' title="bbox 155 1634 943 1672; baseline 0.008 -13"><span class='ocrx_word' id='word_1_414' title='bbox 155 1634 216 1660; x_wconf 87' lang='lat' dir='ltr'><strong>dem</strong></span> <span class='ocrx_word' id='word_1_415' title='bbox 249 1634 337 1661; x_wconf 86' lang='lat' dir='ltr'><strong>verbis</strong></span> <span class='ocrx_word' id='word_1_416' title='bbox 355 1642 370 1661; x_wconf 91' lang='lat' dir='ltr'><strong>a</strong></span> <span class='ocrx_word' id='word_1_417' title='bbox 390 1634 514 1662; x_wconf 66' lang='lat' dir='ltr'><strong>Matth-aco</strong></span> <span class='ocrx_word' id='word_1_418' title='bbox 530 1641 557 1662; x_wconf 92' lang='lat' dir='ltr'><strong>et</strong></span> <span class='ocrx_word' id='word_1_419' title='bbox 577 1644 592 1663; x_wconf 88' lang='lat' dir='ltr'><strong>a</strong></span> <span class='ocrx_word' id='word_1_420' title='bbox 616 1636 686 1662; x_wconf 85' lang='lat' dir='ltr'><strong>Luca</strong></span> <span class='ocrx_word' id='word_1_421' title='bbox 703 1638 803 1664; x_wconf 88' lang='lat' dir='ltr'><strong>dictum</strong></span> <span class='ocrx_word' id='word_1_422' title='bbox 816 1644 856 1665; x_wconf 88' lang='lat' dir='ltr'><strong>est</strong></span> <span class='ocrx_word' id='word_1_423' title='bbox 875 1638 896 1672; x_wconf 76' lang='lat'><strong>),</strong></span> <span class='ocrx_word' id='word_1_424' title='bbox 917 1643 943 1665; x_wconf 79' lang='lat' dir='ltr'><strong>et</strong></span> 
     </span>
    </p>
   </div>
   <div class='ocr_carea' id='block_1_53' title="bbox 158 1679 937 1713">
    <p class='ocr_par' dir='ltr' id='par_1_53' title="bbox 158 1679 937 1713">
     <span class='ocr_line' id='line_1_53' title="bbox 158 1679 937 1713; baseline 0.009 -10"><span class='ocrx_word' id='word_1_425' title='bbox 158 1681 298 1712; x_wconf 87' lang='lat' dir='ltr'><strong>postquam</strong></span> <span class='ocrx_word' id='word_1_426' title='bbox 314 1684 412 1712; x_wconf 87' lang='lat' dir='ltr'><strong>corpus</strong></span> <span class='ocrx_word' id='word_1_427' title='bbox 423 1679 579 1712; x_wconf 86' lang='lat' dir='ltr'><strong>occiderint,</strong></span> <span class='ocrx_word' id='word_1_428' title='bbox 595 1680 741 1711; x_wconf 81' lang='lat' dir='ltr'><strong>tanimam,</strong></span> <span class='ocrx_word' id='word_1_429' title='bbox 758 1689 767 1705; x_wconf 69' lang='grc' dir='ltr'>ι</span> <span class='ocrx_word' id='word_1_430' title='bbox 781 1681 831 1708; x_wconf 84' lang='lat' dir='ltr'><strong>etsi</strong></span> <span class='ocrx_word' id='word_1_431' title='bbox 847 1684 937 1713; x_wconf 87' lang='lat' dir='ltr'><strong>velint.</strong></span> 
     </span>
    </p>
   </div>
   <div class='ocr_carea' id='block_1_54' title="bbox 161 1723 937 1763">
    <p class='ocr_par' dir='ltr' id='par_1_54' title="bbox 161 1723 937 1763">
     <span class='ocr_line' id='line_1_54' title="bbox 161 1723 937 1763; baseline 0.009 -15"><span class='ocrx_word' id='word_1_432' title='bbox 161 1733 170 1748; x_wconf 77' lang='grc' dir='ltr'>ι</span> <span class='ocrx_word' id='word_1_433' title='bbox 182 1723 304 1750; x_wconf 76' lang='lat' dir='ltr'><strong>occidere</strong></span> <span class='ocrx_word' id='word_1_434' title='bbox 316 1730 368 1749; x_wconf 90' lang='lat' dir='ltr'><strong>non</strong></span> <span class='ocrx_word' id='word_1_435' title='bbox 381 1728 507 1758; x_wconf 87' lang='lat' dir='ltr'><strong>possunt;</strong></span> <span class='ocrx_word' id='word_1_436' title='bbox 520 1725 566 1752; x_wconf 91' lang='lat' dir='ltr'><strong>sed</strong></span> <span class='ocrx_word' id='word_1_437' title='bbox 578 1733 629 1752; x_wconf 90' lang='lat' dir='ltr'><strong>nec</strong></span> <span class='ocrx_word' id='word_1_438' title='bbox 638 1726 739 1754; x_wconf 88' lang='lat' dir='ltr'><strong>habent</strong></span> <span class='ocrx_word' id='word_1_439' title='bbox 749 1727 863 1763; x_wconf 86' lang='lat' dir='ltr'><strong>amplius</strong></span> <span class='ocrx_word' id='word_1_440' title='bbox 874 1728 937 1762; x_wconf 84' lang='lat' dir='ltr'><strong>quid</strong></span> 
     </span>
    </p>
   </div>
   <div class='ocr_carea' id='block_1_55' title="bbox 161 1768 943 1808">
    <p class='ocr_par' dir='ltr' id='par_1_55' title="bbox 161 1768 943 1808">
     <span class='ocr_line' id='line_1_55' title="bbox 161 1768 943 1808; baseline 0.008 -13"><span class='ocrx_word' id='word_1_441' title='bbox 161 1768 271 1798; x_wconf 78' lang='lat' dir='ltr'><strong>faciant.</strong></span> <span class='ocrx_word' id='word_1_442' title='bbox 290 1779 299 1796; x_wconf 76' lang='grc' dir='ltr'>ι</span> <span class='ocrx_word' id='word_1_443' title='bbox 317 1769 456 1803; x_wconf 82' lang='lat' dir='ltr'><strong>Quomodo</strong></span> <span class='ocrx_word' id='word_1_444' title='bbox 469 1771 541 1798; x_wconf 90' lang='lat' dir='ltr'><strong>enim</strong></span> <span class='ocrx_word' id='word_1_445' title='bbox 553 1772 640 1799; x_wconf 88' lang='lat' dir='ltr'><strong>occidi</strong></span> <span class='ocrx_word' id='word_1_446' title='bbox 655 1778 745 1807; x_wconf 88' lang='lat' dir='ltr'><strong>posset</strong></span> <span class='ocrx_word' id='word_1_447' title='bbox 758 1775 850 1801; x_wconf 88' lang='lat' dir='ltr'><strong>anima</strong></span> <span class='ocrx_word' id='word_1_448' title='bbox 864 1783 943 1808; x_wconf 83' lang='lat' dir='ltr'><strong>quant</strong></span> 
     </span>
    </p>
   </div>
   <div class='ocr_carea' id='block_1_56' title="bbox 157 1814 945 1850">
    <p class='ocr_par' dir='ltr' id='par_1_56' title="bbox 157 1814 945 1850">
     <span class='ocr_line' id='line_1_56' title="bbox 157 1814 945 1850; baseline 0.009 -9"><span class='ocrx_word' id='word_1_449' title='bbox 157 1815 214 1849; x_wconf 88' lang='lat' dir='ltr'><strong>ipsa</strong></span> <span class='ocrx_word' id='word_1_450' title='bbox 234 1814 370 1843; x_wconf 83' lang='lat' dir='ltr'><strong>confessio</strong></span> <span class='ocrx_word' id='word_1_451' title='bbox 391 1816 483 1844; x_wconf 82' lang='lat' dir='ltr'><strong>vivere</strong></span> <span class='ocrx_word' id='word_1_452' title='bbox 499 1817 580 1850; x_wconf 83' lang='lat' dir='ltr'><strong>facit;</strong></span> <span class='ocrx_word' id='word_1_453' title='bbox 599 1826 661 1846; x_wconf 90' lang='lat' dir='ltr'><strong>cum</strong></span> <span class='ocrx_word' id='word_1_454' title='bbox 684 1824 806 1847; x_wconf 90' lang='lat' dir='ltr'><strong>mutuum</strong></span> <span class='ocrx_word' id='word_1_455' title='bbox 824 1821 848 1847; x_wconf 91' lang='lat' dir='ltr'><strong>ei</strong></span> <span class='ocrx_word' id='word_1_456' title='bbox 869 1822 945 1848; x_wconf 87' lang='lat' dir='ltr'><strong>testi-</strong></span> 
     </span>
    </p>
   </div>
   <div class='ocr_carea' id='block_1_57' title="bbox 159 1861 944 1900">
    <p class='ocr_par' dir='ltr' id='par_1_57' title="bbox 159 1861 944 1900">
     <span class='ocr_line' id='line_1_57' title="bbox 159 1861 944 1900; baseline 0.009 -14"><span class='ocrx_word' id='word_1_457' title='bbox 159 1861 277 1887; x_wconf 87' lang='lat' dir='ltr'><strong>monium</strong></span> <span class='ocrx_word' id='word_1_458' title='bbox 306 1861 350 1888; x_wconf 85' lang='lat' dir='ltr'><strong>det</strong></span> <span class='ocrx_word' id='word_1_459' title='bbox 371 1861 416 1896; x_wconf 85' lang='lat' dir='ltr'><strong>qui</strong></span> <span class='ocrx_word' id='word_1_460' title='bbox 441 1869 490 1889; x_wconf 91' lang='lat' dir='ltr'><strong>nos</strong></span> <span class='ocrx_word' id='word_1_461' title='bbox 509 1863 542 1889; x_wconf 86' lang='lat' dir='ltr'><strong>ad</strong></span> <span class='ocrx_word' id='word_1_462' title='bbox 568 1864 728 1899; x_wconf 85' lang='lat' dir='ltr'><strong>martyrium</strong></span> <span class='ocrx_word' id='word_1_463' title='bbox 755 1866 825 1900; x_wconf 88' lang='lat' dir='ltr'><strong>apud</strong></span> <span class='ocrx_word' id='word_1_464' title='bbox 848 1866 944 1893; x_wconf 84' lang='lat' dir='ltr'><strong>isaiam</strong></span> 
     </span>
    </p>
   </div>
   <div class='ocr_carea' id='block_1_58' title="bbox 158 1905 943 1944">
    <p class='ocr_par' dir='ltr' id='par_1_58' title="bbox 158 1905 943 1944">
     <span class='ocr_line' id='line_1_58' title="bbox 158 1905 943 1944; baseline 0.01 -14"><span class='ocrx_word' id='word_1_465' title='bbox 158 1905 283 1932; x_wconf 85' lang='lat' dir='ltr'><strong>hortatur</strong></span> <span class='ocrx_word' id='word_1_466' title='bbox 299 1912 326 1933; x_wconf 86' lang='lat' dir='ltr'><strong>et</strong></span> <span class='ocrx_word' id='word_1_467' title='bbox 340 1907 406 1941; x_wconf 83' lang='lat' dir='ltr'><strong>ipse,</strong></span> <span class='ocrx_word' id='word_1_468' title='bbox 422 1911 449 1934; x_wconf 90' lang='lat' dir='ltr'><strong>et</strong></span> <span class='ocrx_word' id='word_1_469' title='bbox 473 1907 557 1935; x_wconf 84' lang='lat' dir='ltr'><strong>Filius</strong></span> <span class='ocrx_word' id='word_1_470' title='bbox 576 1908 645 1943; x_wconf 88' lang='lat' dir='ltr'><strong>ejus,</strong></span> <span class='ocrx_word' id='word_1_471' title='bbox 662 1910 706 1935; x_wconf 88' lang='lat' dir='ltr'><strong>ubi</strong></span> <span class='ocrx_word' id='word_1_472' title='bbox 732 1911 860 1944; x_wconf 86' lang='lat' dir='ltr'><strong>scriptum</strong></span> <span class='ocrx_word' id='word_1_473' title='bbox 879 1917 919 1938; x_wconf 76' lang='lat' dir='ltr'><strong>est</strong></span> <span class='ocrx_word' id='word_1_474' title='bbox 936 1921 943 1938; x_wconf 91' lang='lat'>:</span> 
     </span>
    </p>
   </div>
   <div class='ocr_carea' id='block_1_59' title="bbox 162 1949 944 1989">
    <p class='ocr_par' dir='ltr' id='par_1_59' title="bbox 162 1949 944 1989">
     <span class='ocr_line' id='line_1_59' title="bbox 162 1949 944 1989; baseline 0.01 -14"><span class='ocrx_word' id='word_1_475' title='bbox 162 1959 170 1974; x_wconf 81' lang='grc' dir='ltr'>ι</span> <span class='ocrx_word' id='word_1_476' title='bbox 188 1949 282 1977; x_wconf 86' lang='lat' dir='ltr'><strong>Estote</strong></span> <span class='ocrx_word' id='word_1_477' title='bbox 299 1952 363 1978; x_wconf 92' lang='lat' dir='ltr'><strong>ntihi</strong></span> <span class='ocrx_word' id='word_1_478' title='bbox 381 1956 474 1984; x_wconf 84' lang='lat' dir='ltr'><strong>testes.</strong></span> <span class='ocrx_word' id='word_1_479' title='bbox 495 1960 521 1979; x_wconf 83' lang='lat' dir='ltr'><strong>et</strong></span> <span class='ocrx_word' id='word_1_480' title='bbox 538 1960 587 1987; x_wconf 88' lang='lat' dir='ltr'><strong>ego</strong></span> <span class='ocrx_word' id='word_1_481' title='bbox 608 1955 684 1980; x_wconf 83' lang='lat' dir='ltr'><strong>testis</strong></span> <span class='ocrx_word' id='word_1_482' title='bbox 709 1954 840 1982; x_wconf 87' lang='lat' dir='ltr'><strong>Dominus</strong></span> <span class='ocrx_word' id='word_1_483' title='bbox 863 1957 944 1989; x_wconf 88' lang='lat' dir='ltr'><strong>Deus,</strong></span> 
     </span>
    </p>
   </div>
   <div class='ocr_carea' id='block_1_60' title="bbox 158 1996 945 2035">
    <p class='ocr_par' dir='ltr' id='par_1_60' title="bbox 158 1996 945 2035">
     <span class='ocr_line' id='line_1_60' title="bbox 158 1996 945 2035; baseline 0.009 -13"><span class='ocrx_word' id='word_1_484' title='bbox 158 2002 186 2022; x_wconf 90' lang='lat' dir='ltr'><strong>et</strong></span> <span class='ocrx_word' id='word_1_485' title='bbox 201 1996 271 2023; x_wconf 85' lang='lat' dir='ltr'><strong>Puer</strong></span> <span class='ocrx_word' id='word_1_486' title='bbox 286 2004 360 2024; x_wconf 88' lang='lat' dir='ltr'><strong>meus</strong></span> <span class='ocrx_word' id='word_1_487' title='bbox 383 2006 460 2032; x_wconf 89' lang='lat' dir='ltr'><strong>quem</strong></span> <span class='ocrx_word' id='word_1_488' title='bbox 480 1998 546 2034; x_wconf 77' lang='lat' dir='ltr'><strong>elegi</strong></span> <span class='ocrx_word' id='word_1_489' title='bbox 562 2000 596 2027; x_wconf 77' lang='grc'><strong>⁰⁷.</strong></span> <span class='ocrx_word' id='word_1_490' title='bbox 616 2009 625 2025; x_wconf 73' lang='lat' dir='ltr'><strong>t</strong></span> <span class='ocrx_word' id='word_1_491' title='bbox 639 2000 672 2026; x_wconf 83' lang='lat' dir='ltr'><strong>Et</strong></span> <span class='ocrx_word' id='word_1_492' title='bbox 690 2001 741 2027; x_wconf 89' lang='lat' dir='ltr'><strong>ltoe</strong></span> <span class='ocrx_word' id='word_1_493' title='bbox 755 2002 878 2035; x_wconf 86' lang='lat' dir='ltr'><strong>observa,</strong></span> <span class='ocrx_word' id='word_1_494' title='bbox 894 2011 945 2030; x_wconf 87' lang='lat' dir='ltr'><strong>non</strong></span> 
     </span>
    </p>
   </div>
   <div class='ocr_carea' id='block_1_61' title="bbox 159 2041 945 2081">
    <p class='ocr_par' dir='ltr' id='par_1_61' title="bbox 159 2041 945 2081">
     <span class='ocr_line' id='line_1_61' title="bbox 159 2041 945 2081; baseline 0.008 -13"><span class='ocrx_word' id='word_1_495' title='bbox 159 2043 245 2069; x_wconf 86' lang='lat' dir='ltr'><strong>servis</strong></span> <span class='ocrx_word' id='word_1_496' title='bbox 256 2041 330 2076; x_wconf 67' lang='lat' dir='ltr'><strong>Iesu,</strong></span> <span class='ocrx_word' id='word_1_497' title='bbox 345 2044 390 2069; x_wconf 88' lang='lat' dir='ltr'><strong>sed</strong></span> <span class='ocrx_word' id='word_1_498' title='bbox 406 2043 501 2070; x_wconf 87' lang='lat' dir='ltr'><strong>amicis</strong></span> <span class='ocrx_word' id='word_1_499' title='bbox 512 2045 569 2078; x_wconf 89' lang='lat' dir='ltr'><strong>ejus</strong></span> <span class='ocrx_word' id='word_1_500' title='bbox 584 2044 674 2071; x_wconf 90' lang='lat' dir='ltr'><strong>datum</strong></span> <span class='ocrx_word' id='word_1_501' title='bbox 689 2052 748 2072; x_wconf 84' lang='lat' dir='ltr'><strong>esse</strong></span> <span class='ocrx_word' id='word_1_502' title='bbox 761 2051 923 2081; x_wconf 70' lang='lat' dir='ltr'><strong>prmceptutn</strong></span> <span class='ocrx_word' id='word_1_503' title='bbox 939 2058 945 2074; x_wconf 91' lang='lat'>:</span> 
     </span>
    </p>
   </div>
   <div class='ocr_carea' id='block_1_62' title="bbox 163 2087 948 2127">
    <p class='ocr_par' dir='ltr' id='par_1_62' title="bbox 163 2087 948 2127">
     <span class='ocr_line' id='line_1_62' title="bbox 163 2087 948 2127; baseline 0.01 -14"><span class='ocrx_word' id='word_1_504' title='bbox 163 2097 171 2112; x_wconf 81' lang='grc' dir='ltr'>ι</span> <span class='ocrx_word' id='word_1_505' title='bbox 191 2087 228 2115; x_wconf 91' lang='lat' dir='ltr'><strong>Ne</strong></span> <span class='ocrx_word' id='word_1_506' title='bbox 241 2089 398 2116; x_wconf 88' lang='lat' dir='ltr'><strong>terreamini</strong></span> <span class='ocrx_word' id='word_1_507' title='bbox 413 2090 446 2115; x_wconf 90' lang='lat' dir='ltr'><strong>ah</strong></span> <span class='ocrx_word' id='word_1_508' title='bbox 469 2090 510 2117; x_wconf 81' lang='lat' dir='ltr'><strong>liis</strong></span> <span class='ocrx_word' id='word_1_509' title='bbox 521 2090 566 2124; x_wconf 87' lang='lat' dir='ltr'><strong>qui</strong></span> <span class='ocrx_word' id='word_1_510' title='bbox 582 2091 827 2126; x_wconf 67' lang='lat' dir='ltr'><strong>occiduntcorpus,</strong></span> <span class='ocrx_word' id='word_1_511' title='bbox 844 2098 871 2120; x_wconf 91' lang='lat' dir='ltr'><strong>et</strong></span> <span class='ocrx_word' id='word_1_512' title='bbox 888 2099 948 2127; x_wconf 81' lang='lat' dir='ltr'><strong>post</strong></span> 
     </span>
    </p>
   </div>
   <div class='ocr_carea' id='block_1_63' title="bbox 160 2133 947 2169">
    <p class='ocr_par' dir='ltr' id='par_1_63' title="bbox 160 2133 947 2169">
     <span class='ocr_line' id='line_1_63' title="bbox 160 2133 947 2169; baseline 0.008 -10"><span class='ocrx_word' id='word_1_513' title='bbox 160 2133 218 2160; x_wconf 70' lang='lat' dir='ltr'><strong>hinc</strong></span> <span class='ocrx_word' id='word_1_514' title='bbox 232 2141 283 2159; x_wconf 91' lang='lat' dir='ltr'><strong>tton</strong></span> <span class='ocrx_word' id='word_1_515' title='bbox 298 2133 397 2160; x_wconf 83' lang='lat' dir='ltr'><strong>habent</strong></span> <span class='ocrx_word' id='word_1_516' title='bbox 408 2133 488 2168; x_wconf 78' lang='lat'><strong>297</strong></span> <span class='ocrx_word' id='word_1_517' title='bbox 506 2135 619 2168; x_wconf 86' lang='lat' dir='ltr'><strong>amplius</strong></span> <span class='ocrx_word' id='word_1_518' title='bbox 635 2137 698 2169; x_wconf 91' lang='lat' dir='ltr'><strong>qttid</strong></span> <span class='ocrx_word' id='word_1_519' title='bbox 714 2136 814 2164; x_wconf 77' lang='lat' dir='ltr'><strong>faciant</strong></span> <span class='ocrx_word' id='word_1_520' title='bbox 825 2138 858 2163; x_wconf 62' lang='lat'><strong>“5.</strong></span> <span class='ocrx_word' id='word_1_521' title='bbox 877 2147 885 2163; x_wconf 70' lang='grc' dir='ltr'><strong>ι</strong></span> <span class='ocrx_word' id='word_1_522' title='bbox 900 2139 947 2166; x_wconf 87' lang='lat' dir='ltr'><strong>&#39;l&#39;i-</strong></span> 
     </span>
    </p>
   </div>
   <div class='ocr_carea' id='block_1_64' title="bbox 984 902 1785 938">
    <p class='ocr_par' dir='ltr' id='par_1_64' title="bbox 984 902 1785 938">
     <span class='ocr_line' id='line_1_64' title="bbox 984 902 1785 938; baseline -0.002 -8"><span class='ocrx_word' id='word_1_523' title='bbox 984 912 1039 930; x_wconf 89' lang='grc' dir='ltr'>των</span> <span class='ocrx_word' id='word_1_524' title='bbox 1054 903 1084 930; x_wconf 76' lang='grc' dir='ltr'><strong>τὸ</strong></span> <span class='ocrx_word' id='word_1_525' title='bbox 1103 903 1195 938; x_wconf 83' lang='grc' dir='ltr'>σῶμα,</span> <span class='ocrx_word' id='word_1_526' title='bbox 1211 903 1259 930; x_wconf 75' lang='grc' dir='ltr'>καὶ</span> <span class='ocrx_word' id='word_1_527' title='bbox 1275 903 1343 938; x_wconf 88' lang='grc' dir='ltr'>μετὰ</span> <span class='ocrx_word' id='word_1_528' title='bbox 1357 902 1444 929; x_wconf 79' lang='grc' dir='ltr'>ταῦτα</span> <span class='ocrx_word' id='word_1_529' title='bbox 1461 902 1498 938; x_wconf 86' lang='grc' dir='ltr'>μὴ</span> <span class='ocrx_word' id='word_1_530' title='bbox 1513 903 1629 938; x_wconf 79' lang='grc' dir='ltr'>ἐχόντων</span> <span class='ocrx_word' id='word_1_531' title='bbox 1654 902 1785 937; x_wconf 70' lang='grc' dir='ltr'>περισσό-</span> 
     </span>
    </p>
   </div>
   <div class='ocr_carea' id='block_1_65' title="bbox 984 947 1782 986">
    <p class='ocr_par' dir='ltr' id='par_1_65' title="bbox 984 947 1782 986">
     <span class='ocr_line' id='line_1_65' title="bbox 984 947 1782 986; baseline -0.004 -10"><span class='ocrx_word' id='word_1_532' title='bbox 984 950 1064 986; x_wconf 83' lang='grc' dir='ltr'>τερόν</span> <span class='ocrx_word' id='word_1_533' title='bbox 1074 958 1100 976; x_wconf 92' lang='grc' dir='ltr'><strong>τι</strong></span> <span class='ocrx_word' id='word_1_534' title='bbox 1115 950 1236 985; x_wconf 83' lang='grc' dir='ltr'>ποιῆσαι.</span> <span class='ocrx_word' id='word_1_535' title='bbox 1253 949 1401 981; x_wconf 82' lang='grc' dir='ltr'>Ὑποδείξω</span> <span class='ocrx_word' id='word_1_536' title='bbox 1420 949 1449 975; x_wconf 83' lang='grc' dir='ltr'><strong>δὲ</strong></span> <span class='ocrx_word' id='word_1_537' title='bbox 1467 949 1531 983; x_wconf 83' lang='grc' dir='ltr'>ὑμῖν</span> <span class='ocrx_word' id='word_1_538' title='bbox 1545 948 1606 975; x_wconf 84' lang='grc' dir='ltr'>τίνα</span> <span class='ocrx_word' id='word_1_539' title='bbox 1621 947 1764 983; x_wconf 74' lang='grc' dir='ltr'>φοϐηθῆτε</span> <span class='ocrx_word' id='word_1_540' title='bbox 1776 956 1782 962; x_wconf 87' lang='grc'><strong>·</strong></span> 
     </span>
    </p>
   </div>
   <div class='ocr_carea' id='block_1_66' title="bbox 986 992 1785 1030">
    <p class='ocr_par' dir='ltr' id='par_1_66' title="bbox 986 992 1785 1030">
     <span class='ocr_line' id='line_1_66' title="bbox 986 992 1785 1030; baseline -0.004 -9"><span class='ocrx_word' id='word_1_541' title='bbox 986 994 1122 1030; x_wconf 80' lang='grc' dir='ltr'>φοϐηθῆτε</span> <span class='ocrx_word' id='word_1_542' title='bbox 1144 994 1190 1021; x_wconf 82' lang='grc' dir='ltr'>τὸν</span> <span class='ocrx_word' id='word_1_543' title='bbox 1215 994 1285 1030; x_wconf 85' lang='grc' dir='ltr'><strong>μετά</strong></span> <span class='ocrx_word' id='word_1_544' title='bbox 1305 994 1335 1020; x_wconf 85' lang='grc' dir='ltr'>τὸ</span> <span class='ocrx_word' id='word_1_545' title='bbox 1358 995 1514 1020; x_wconf 87' lang='grc' dir='ltr'>ἀποκτεῖναι</span> <span class='ocrx_word' id='word_1_546' title='bbox 1535 993 1633 1029; x_wconf 76' lang='grc' dir='ltr'>ἔχοντα</span> <span class='ocrx_word' id='word_1_547' title='bbox 1657 992 1785 1026; x_wconf 77' lang='grc' dir='ltr'>ἐξουσίαν</span> 
     </span>
    </p>
   </div>
   <div class='ocr_carea' id='block_1_67' title="bbox 985 1039 1784 1076">
    <p class='ocr_par' dir='ltr' id='par_1_67' title="bbox 985 1039 1784 1076">
     <span class='ocr_line' id='line_1_67' title="bbox 985 1039 1784 1076; baseline -0.003 -9"><span class='ocrx_word' id='word_1_548' title='bbox 985 1041 1114 1076; x_wconf 71' lang='grc' dir='ltr'>ἐμϐαλεῖν</span> <span class='ocrx_word' id='word_1_549' title='bbox 1133 1043 1174 1072; x_wconf 83' lang='grc' dir='ltr'><strong>είς</strong></span> <span class='ocrx_word' id='word_1_550' title='bbox 1199 1040 1321 1075; x_wconf 82' lang='grc' dir='ltr'>γέενναν.</span> <span class='ocrx_word' id='word_1_551' title='bbox 1337 1040 1392 1067; x_wconf 76' lang='grc' dir='ltr'>Ναὶ</span> <span class='ocrx_word' id='word_1_552' title='bbox 1405 1040 1477 1074; x_wconf 81' lang='grc' dir='ltr'>λέγω</span> <span class='ocrx_word' id='word_1_553' title='bbox 1491 1040 1565 1075; x_wconf 83' lang='grc' dir='ltr'>ὑμῖν,</span> <span class='ocrx_word' id='word_1_554' title='bbox 1582 1039 1680 1066; x_wconf 80' lang='grc' dir='ltr'>τοῦτον</span> <span class='ocrx_word' id='word_1_555' title='bbox 1700 1039 1784 1074; x_wconf 80' lang='grc' dir='ltr'>φοϐη-</span> 
     </span>
    </p>
   </div>
   <div class='ocr_carea' id='block_1_68' title="bbox 987 1085 1784 1122">
    <p class='ocr_par' dir='ltr' id='par_1_68' title="bbox 987 1085 1784 1122">
     <span class='ocr_line' id='line_1_68' title="bbox 987 1085 1784 1122; baseline -0.004 -9"><span class='ocrx_word' id='word_1_556' title='bbox 987 1087 1063 1122; x_wconf 86' lang='grc' dir='ltr'>θῆτε.</span> <span class='ocrx_word' id='word_1_557' title='bbox 1082 1087 1149 1122; x_wconf 80' lang='grc' dir='ltr'><strong>Οὐχὶ</strong></span> <span class='ocrx_word' id='word_1_558' title='bbox 1166 1087 1246 1113; x_wconf 81' lang='grc' dir='ltr'>πέντε</span> <span class='ocrx_word' id='word_1_559' title='bbox 1262 1086 1389 1122; x_wconf 84' lang='grc' dir='ltr'>στρουθία</span> <span class='ocrx_word' id='word_1_560' title='bbox 1417 1085 1464 1112; x_wconf 85' lang='grc' dir='ltr'>δύο</span> <span class='ocrx_word' id='word_1_561' title='bbox 1481 1085 1622 1121; x_wconf 72' lang='grc' dir='ltr'>ἀσσαρίων</span> <span class='ocrx_word' id='word_1_562' title='bbox 1638 1085 1784 1116; x_wconf 76' lang='grc' dir='ltr'>πωλεῖται,</span> 
     </span>
    </p>
   </div>
   <div class='ocr_carea' id='block_1_69' title="bbox 987 1130 1785 1169">
    <p class='ocr_par' dir='ltr' id='par_1_69' title="bbox 987 1130 1785 1169">
     <span class='ocr_line' id='line_1_69' title="bbox 987 1130 1785 1169; baseline -0.004 -10"><span class='ocrx_word' id='word_1_563' title='bbox 987 1134 1034 1159; x_wconf 73' lang='grc' dir='ltr'>καὶ</span> <span class='ocrx_word' id='word_1_564' title='bbox 1049 1132 1077 1160; x_wconf 83' lang='grc' dir='ltr'>ἓν</span> <span class='ocrx_word' id='word_1_565' title='bbox 1091 1132 1120 1165; x_wconf 76' lang='grc' dir='ltr'><strong>ἐξ</strong></span> <span class='ocrx_word' id='word_1_566' title='bbox 1132 1132 1220 1159; x_wconf 83' lang='grc' dir='ltr'>αὐτῶν</span> <span class='ocrx_word' id='word_1_567' title='bbox 1231 1133 1281 1159; x_wconf 80' lang='grc' dir='ltr'>οὐκ</span> <span class='ocrx_word' id='word_1_568' title='bbox 1292 1133 1364 1159; x_wconf 74' lang='grc' dir='ltr'>ἔστιν</span> <span class='ocrx_word' id='word_1_569' title='bbox 1379 1131 1588 1169; x_wconf 70' lang='grc' dir='ltr'>ἐπιλελησμένον</span> <span class='ocrx_word' id='word_1_570' title='bbox 1604 1131 1726 1158; x_wconf 76' lang='grc' dir='ltr'>ἐνώπιον</span> <span class='ocrx_word' id='word_1_571' title='bbox 1741 1130 1785 1157; x_wconf 71' lang='grc' dir='ltr'><strong>τοῦ</strong></span> 
     </span>
    </p>
   </div>
   <div class='ocr_carea' id='block_1_70' title="bbox 989 1176 1786 1214">
    <p class='ocr_par' dir='ltr' id='par_1_70' title="bbox 989 1176 1786 1214">
     <span class='ocr_line' id='line_1_70' title="bbox 989 1176 1786 1214; baseline -0.005 -8"><span class='ocrx_word' id='word_1_572' title='bbox 989 1178 1074 1211; x_wconf 81' lang='grc' dir='ltr'><strong>Θεοῦ;</strong></span> <span class='ocrx_word' id='word_1_573' title='bbox 1090 1178 1214 1206; x_wconf 73' lang='grc' dir='ltr'>ἀλλὰκαὶ</span> <span class='ocrx_word' id='word_1_574' title='bbox 1229 1179 1256 1205; x_wconf 80' lang='grc' dir='ltr'>αἱ</span> <span class='ocrx_word' id='word_1_575' title='bbox 1277 1178 1370 1214; x_wconf 78' lang='grc' dir='ltr'>τρίχες</span> <span class='ocrx_word' id='word_1_576' title='bbox 1392 1178 1441 1213; x_wconf 86' lang='grc' dir='ltr'>τῆς</span> <span class='ocrx_word' id='word_1_577' title='bbox 1460 1177 1579 1212; x_wconf 74' lang='grc' dir='ltr'>κεφαλῆς</span> <span class='ocrx_word' id='word_1_578' title='bbox 1595 1176 1676 1211; x_wconf 78' lang='grc' dir='ltr'>ὑμῶν</span> <span class='ocrx_word' id='word_1_579' title='bbox 1700 1177 1786 1203; x_wconf 73' lang='grc' dir='ltr'>πᾶσαι</span> 
     </span>
    </p>
   </div>
   <div class='ocr_carea' id='block_1_71' title="bbox 988 1222 1786 1260">
    <p class='ocr_par' dir='ltr' id='par_1_71' title="bbox 988 1222 1786 1260">
     <span class='ocr_line' id='line_1_71' title="bbox 988 1222 1786 1260; baseline -0.004 -9"><span class='ocrx_word' id='word_1_580' title='bbox 988 1224 1164 1260; x_wconf 71' lang='grc' dir='ltr'>ἠρίθμηνται.</span> <span class='ocrx_word' id='word_1_581' title='bbox 1187 1224 1233 1259; x_wconf 77' lang='grc' dir='ltr'><strong>Μὴ</strong></span> <span class='ocrx_word' id='word_1_582' title='bbox 1255 1222 1301 1250; x_wconf 76' lang='grc' dir='ltr'>οὖν</span> <span class='ocrx_word' id='word_1_583' title='bbox 1320 1223 1472 1259; x_wconf 75' lang='grc' dir='ltr'>φοϐηθῆτε’</span> <span class='ocrx_word' id='word_1_584' title='bbox 1496 1222 1603 1249; x_wconf 84' lang='grc' dir='ltr'>πολλῶν</span> <span class='ocrx_word' id='word_1_585' title='bbox 1631 1222 1786 1256; x_wconf 75' lang='grc' dir='ltr'>στρουθίων</span> 
     </span>
    </p>
   </div>
   <div class='ocr_carea' id='block_1_72' title="bbox 989 1267 1787 1306">
    <p class='ocr_par' dir='ltr' id='par_1_72' title="bbox 989 1267 1787 1306">
     <span class='ocr_line' id='line_1_72' title="bbox 989 1267 1787 1306; baseline -0.005 -9"><span class='ocrx_word' id='word_1_586' title='bbox 989 1270 1140 1306; x_wconf 81' lang='grc' dir='ltr'>διαφέρετε.</span> <span class='ocrx_word' id='word_1_587' title='bbox 1160 1270 1239 1304; x_wconf 88' lang='grc' dir='ltr'><strong>Λέγω</strong></span> <span class='ocrx_word' id='word_1_588' title='bbox 1259 1269 1286 1296; x_wconf 79' lang='grc' dir='ltr'>δὲ</span> <span class='ocrx_word' id='word_1_589' title='bbox 1303 1271 1383 1304; x_wconf 82' lang='grc' dir='ltr'>ὑμῖν·</span> <span class='ocrx_word' id='word_1_590' title='bbox 1402 1270 1459 1300; x_wconf 77' lang='grc' dir='ltr'>Πᾶς</span> <span class='ocrx_word' id='word_1_591' title='bbox 1474 1269 1503 1300; x_wconf 81' lang='grc' dir='ltr'>ὃς</span> <span class='ocrx_word' id='word_1_592' title='bbox 1521 1268 1553 1295; x_wconf 86' lang='grc' dir='ltr'>ἂν</span> <span class='ocrx_word' id='word_1_593' title='bbox 1574 1267 1738 1303; x_wconf 71' lang='grc' dir='ltr'>ὁμολογήσῃ</span> <span class='ocrx_word' id='word_1_594' title='bbox 1761 1268 1787 1294; x_wconf 77' lang='grc' dir='ltr'>ἐν</span> 
     </span>
    </p>
   </div>
   <div class='ocr_carea' id='block_1_73' title="bbox 990 1314 1787 1351">
    <p class='ocr_par' dir='ltr' id='par_1_73' title="bbox 990 1314 1787 1351">
     <span class='ocr_line' id='line_1_73' title="bbox 990 1314 1787 1351; baseline -0.003 -9"><span class='ocrx_word' id='word_1_595' title='bbox 990 1317 1050 1351; x_wconf 71' lang='grc' dir='ltr'>ἐμοὶ</span> <span class='ocrx_word' id='word_1_596' title='bbox 1072 1315 1225 1351; x_wconf 70' lang='grc' dir='ltr'>ἔμπροσθεν</span> <span class='ocrx_word' id='word_1_597' title='bbox 1239 1315 1293 1341; x_wconf 75' lang='grc' dir='ltr'>τῶν</span> <span class='ocrx_word' id='word_1_598' title='bbox 1310 1314 1472 1350; x_wconf 86' lang='grc' dir='ltr'>ἀνθρώπων,</span> <span class='ocrx_word' id='word_1_599' title='bbox 1491 1315 1537 1341; x_wconf 71' lang='grc' dir='ltr'>καὶ</span> <span class='ocrx_word' id='word_1_600' title='bbox 1559 1314 1573 1340; x_wconf 83' lang='grc' dir='ltr'>ὁ</span> <span class='ocrx_word' id='word_1_601' title='bbox 1590 1314 1657 1345; x_wconf 75' lang='grc' dir='ltr'>Υἱὸς</span> <span class='ocrx_word' id='word_1_602' title='bbox 1677 1314 1727 1340; x_wconf 77' lang='grc' dir='ltr'>τοῦ</span> <span class='ocrx_word' id='word_1_603' title='bbox 1744 1315 1787 1340; x_wconf 78' lang='grc' dir='ltr'><strong>ἁν-</strong></span> 
     </span>
    </p>
   </div>
   <div class='ocr_carea' id='block_1_74' title="bbox 991 1359 1786 1397">
    <p class='ocr_par' dir='ltr' id='par_1_74' title="bbox 991 1359 1786 1397">
     <span class='ocr_line' id='line_1_74' title="bbox 991 1359 1786 1397; baseline -0.003 -10"><span class='ocrx_word' id='word_1_604' title='bbox 991 1361 1099 1397; x_wconf 75' lang='grc' dir='ltr'>θρὼπου</span> <span class='ocrx_word' id='word_1_605' title='bbox 1113 1361 1274 1396; x_wconf 83' lang='grc' dir='ltr'>ὁμολογήσει</span> <span class='ocrx_word' id='word_1_606' title='bbox 1288 1362 1316 1386; x_wconf 85' lang='grc' dir='ltr'>ὲν</span> <span class='ocrx_word' id='word_1_607' title='bbox 1334 1360 1408 1395; x_wconf 75' lang='grc' dir='ltr'>αὐτῷ</span> <span class='ocrx_word' id='word_1_608' title='bbox 1425 1359 1578 1396; x_wconf 75' lang='grc' dir='ltr'>ἔμπροσθεν</span> <span class='ocrx_word' id='word_1_609' title='bbox 1590 1359 1646 1385; x_wconf 85' lang='grc' dir='ltr'>τῶν</span> <span class='ocrx_word' id='word_1_610' title='bbox 1660 1360 1786 1394; x_wconf 81' lang='grc' dir='ltr'>ἀγγέλων</span> 
     </span>
    </p>
   </div>
   <div class='ocr_carea' id='block_1_75' title="bbox 990 1403 1785 1441">
    <p class='ocr_par' dir='ltr' id='par_1_75' title="bbox 990 1403 1785 1441">
     <span class='ocr_line' id='line_1_75' title="bbox 990 1403 1785 1441; baseline -0.003 -9"><span class='ocrx_word' id='word_1_611' title='bbox 990 1406 1036 1433; x_wconf 80' lang='grc' dir='ltr'>τοῦ</span> <span class='ocrx_word' id='word_1_612' title='bbox 1047 1404 1129 1432; x_wconf 80' lang='grc' dir='ltr'>Θεοῦ·</span> <span class='ocrx_word' id='word_1_613' title='bbox 1144 1406 1158 1432; x_wconf 82' lang='grc' dir='ltr'><strong><em>ὁ</em></strong></span> <span class='ocrx_word' id='word_1_614' title='bbox 1175 1405 1203 1432; x_wconf 81' lang='grc' dir='ltr'><strong>δὲ</strong></span> <span class='ocrx_word' id='word_1_615' title='bbox 1223 1405 1413 1441; x_wconf 75' lang='grc' dir='ltr'>ἀρνησάμενός</span> <span class='ocrx_word' id='word_1_616' title='bbox 1430 1414 1462 1440; x_wconf 87' lang='grc' dir='ltr'><strong>με</strong></span> <span class='ocrx_word' id='word_1_617' title='bbox 1481 1403 1595 1431; x_wconf 81' lang='grc' dir='ltr'>ἐνώπιον</span> <span class='ocrx_word' id='word_1_618' title='bbox 1606 1404 1664 1431; x_wconf 81' lang='grc' dir='ltr'><strong>τῶν</strong></span> <span class='ocrx_word' id='word_1_619' title='bbox 1679 1404 1785 1440; x_wconf 83' lang='grc' dir='ltr'>ἀνθρώ-</span> 
     </span>
    </p>
   </div>
   <div class='ocr_carea' id='block_1_76' title="bbox 992 1449 1784 1487">
    <p class='ocr_par' dir='ltr' id='par_1_76' title="bbox 992 1449 1784 1487">
     <span class='ocr_line' id='line_1_76' title="bbox 992 1449 1784 1487; baseline -0.003 -9"><span class='ocrx_word' id='word_1_620' title='bbox 992 1460 1061 1484; x_wconf 84' lang='grc' dir='ltr'>πων,</span> <span class='ocrx_word' id='word_1_621' title='bbox 1069 1452 1290 1487; x_wconf 78' lang='grc' dir='ltr'>ἀπαρνηθήσεται</span> <span class='ocrx_word' id='word_1_622' title='bbox 1301 1451 1415 1478; x_wconf 75' lang='grc' dir='ltr'>ἐνώπιον</span> <span class='ocrx_word' id='word_1_623' title='bbox 1423 1451 1477 1477; x_wconf 85' lang='grc' dir='ltr'>τῶν</span> <span class='ocrx_word' id='word_1_624' title='bbox 1492 1450 1614 1485; x_wconf 87' lang='grc' dir='ltr'>ἀγγέλων</span> <span class='ocrx_word' id='word_1_625' title='bbox 1626 1449 1676 1476; x_wconf 73' lang='grc' dir='ltr'>τοῦ</span> <span class='ocrx_word' id='word_1_626' title='bbox 1685 1451 1765 1476; x_wconf 76' lang='grc' dir='ltr'>Θεοῦ.</span> <span class='ocrx_word' id='word_1_627' title='bbox 1776 1460 1784 1476; x_wconf 70' lang='grc' dir='ltr'><strong>ν</strong></span> 
     </span>
    </p>
   </div>
   <div class='ocr_carea' id='block_1_77' title="bbox 991 1496 1786 1532">
    <p class='ocr_par' dir='ltr' id='par_1_77' title="bbox 991 1496 1786 1532">
     <span class='ocr_line' id='line_1_77' title="bbox 991 1496 1786 1532; baseline -0.003 -8"><span class='ocrx_word' id='word_1_628' title='bbox 991 1497 1046 1524; x_wconf 67' lang='grc' dir='ltr'><strong>Καὶ</strong></span> <span class='ocrx_word' id='word_1_629' title='bbox 1063 1498 1091 1523; x_wconf 85' lang='grc' dir='ltr'>ὲν</span> <span class='ocrx_word' id='word_1_630' title='bbox 1102 1496 1174 1532; x_wconf 77' lang='grc' dir='ltr'>ἄλλῳ</span> <span class='ocrx_word' id='word_1_631' title='bbox 1187 1497 1276 1532; x_wconf 80' lang='grc' dir='ltr'>τόπῳ·</span> <span class='ocrx_word' id='word_1_632' title='bbox 1299 1506 1308 1522; x_wconf 85' lang='grc' dir='ltr'>ι</span> <span class='ocrx_word' id='word_1_633' title='bbox 1330 1498 1377 1528; x_wconf 88' lang='grc' dir='ltr'>Ὃς</span> <span class='ocrx_word' id='word_1_634' title='bbox 1393 1497 1448 1532; x_wconf 71' lang='grc' dir='ltr'><strong>γὰρ</strong></span> <span class='ocrx_word' id='word_1_635' title='bbox 1460 1496 1589 1531; x_wconf 83' lang='grc' dir='ltr'>αἰσχυνθῇ</span> <span class='ocrx_word' id='word_1_636' title='bbox 1608 1505 1642 1530; x_wconf 89' lang='grc' dir='ltr'><strong>με</strong></span> <span class='ocrx_word' id='word_1_637' title='bbox 1663 1497 1714 1522; x_wconf 76' lang='grc' dir='ltr'>καὶ</span> <span class='ocrx_word' id='word_1_638' title='bbox 1728 1497 1786 1527; x_wconf 66' lang='grc' dir='ltr'>τοὺς</span> 
     </span>
    </p>
   </div>
   <div class='ocr_carea' id='block_1_78' title="bbox 993 1541 1787 1577">
    <p class='ocr_par' dir='ltr' id='par_1_78' title="bbox 993 1541 1787 1577">
     <span class='ocr_line' id='line_1_78' title="bbox 993 1541 1787 1577; baseline 0 -9"><span class='ocrx_word' id='word_1_639' title='bbox 993 1542 1075 1577; x_wconf 77' lang='grc' dir='ltr'>ἐμοὺς</span> <span class='ocrx_word' id='word_1_640' title='bbox 1091 1542 1195 1576; x_wconf 76' lang='grc' dir='ltr'>λόγους,</span> <span class='ocrx_word' id='word_1_641' title='bbox 1205 1542 1298 1568; x_wconf 77' lang='grc' dir='ltr'>τοῦτον</span> <span class='ocrx_word' id='word_1_642' title='bbox 1313 1543 1327 1567; x_wconf 88' lang='grc' dir='ltr'>ὁ</span> <span class='ocrx_word' id='word_1_643' title='bbox 1343 1541 1406 1572; x_wconf 72' lang='grc' dir='ltr'><strong>Υἱὸς</strong></span> <span class='ocrx_word' id='word_1_644' title='bbox 1418 1541 1463 1567; x_wconf 82' lang='grc' dir='ltr'>τοῦ</span> <span class='ocrx_word' id='word_1_645' title='bbox 1480 1541 1624 1576; x_wconf 81' lang='grc' dir='ltr'>ἀνθρώπου</span> <span class='ocrx_word' id='word_1_646' title='bbox 1640 1543 1787 1577; x_wconf 76' lang='grc' dir='ltr'>ἐπαισχυν-</span> 
     </span>
    </p>
   </div>
   <div class='ocr_carea' id='block_1_79' title="bbox 994 1586 1785 1624">
    <p class='ocr_par' dir='ltr' id='par_1_79' title="bbox 994 1586 1785 1624">
     <span class='ocr_line' id='line_1_79' title="bbox 994 1586 1785 1624; baseline -0.001 -10"><span class='ocrx_word' id='word_1_647' title='bbox 994 1588 1116 1624; x_wconf 73' lang='grc' dir='ltr'>θήσεται,</span> <span class='ocrx_word' id='word_1_648' title='bbox 1130 1589 1191 1614; x_wconf 76' lang='grc' dir='ltr'>ὅταν</span> <span class='ocrx_word' id='word_1_649' title='bbox 1203 1587 1265 1623; x_wconf 80' lang='grc' dir='ltr'>ἔλθῃ</span> <span class='ocrx_word' id='word_1_650' title='bbox 1277 1589 1306 1614; x_wconf 81' lang='grc' dir='ltr'>ὲν</span> <span class='ocrx_word' id='word_1_651' title='bbox 1315 1589 1347 1622; x_wconf 78' lang='grc' dir='ltr'>τῇ</span> <span class='ocrx_word' id='word_1_652' title='bbox 1367 1587 1430 1623; x_wconf 79' lang='grc' dir='ltr'><strong>δόξῃ</strong></span> <span class='ocrx_word' id='word_1_653' title='bbox 1439 1586 1531 1619; x_wconf 76' lang='grc' dir='ltr'>αὐτοῦ,</span> <span class='ocrx_word' id='word_1_654' title='bbox 1548 1587 1595 1613; x_wconf 72' lang='grc' dir='ltr'>καὶ</span> <span class='ocrx_word' id='word_1_655' title='bbox 1608 1587 1656 1613; x_wconf 77' lang='grc' dir='ltr'>τοῦ</span> <span class='ocrx_word' id='word_1_656' title='bbox 1670 1587 1785 1623; x_wconf 65' lang='grc' dir='ltr'>Πατρὶς,</span> 
     </span>
    </p>
   </div>
   <div class='ocr_carea' id='block_1_80' title="bbox 994 1633 1784 1668">
    <p class='ocr_par' dir='ltr' id='par_1_80' title="bbox 994 1633 1784 1668">
     <span class='ocr_line' id='line_1_80' title="bbox 994 1633 1784 1668; baseline 0.001 -8"><span class='ocrx_word' id='word_1_657' title='bbox 994 1633 1108 1661; x_wconf 78' lang='grc' dir='ltr'>καὶτῶν</span> <span class='ocrx_word' id='word_1_658' title='bbox 1137 1634 1222 1667; x_wconf 81' lang='grc' dir='ltr'>ἁγίων</span> <span class='ocrx_word' id='word_1_659' title='bbox 1248 1633 1381 1667; x_wconf 82' lang='grc' dir='ltr'>ἀγγέλων.</span> <span class='ocrx_word' id='word_1_660' title='bbox 1414 1643 1422 1658; x_wconf 71' lang='grc' dir='ltr'><strong>ι</strong></span> <span class='ocrx_word' id='word_1_661' title='bbox 1445 1634 1476 1659; x_wconf 83' lang='grc' dir='ltr'>Οἱ</span> <span class='ocrx_word' id='word_1_662' title='bbox 1504 1633 1683 1668; x_wconf 71' lang='grc' dir='ltr'>ἀναιροῦντες</span> <span class='ocrx_word' id='word_1_663' title='bbox 1704 1635 1784 1668; x_wconf 72' lang='grc' dir='ltr'>ἡμᾶς.</span> 
     </span>
    </p>
   </div>
   <div class='ocr_carea' id='block_1_81' title="bbox 995 1678 1784 1715">
    <p class='ocr_par' dir='ltr' id='par_1_81' title="bbox 995 1678 1784 1715">
     <span class='ocr_line' id='line_1_81' title="bbox 995 1678 1784 1715; baseline -0.003 -9"><span class='ocrx_word' id='word_1_664' title='bbox 995 1679 1119 1715; x_wconf 80' lang='grc' dir='ltr'>σώματος</span> <span class='ocrx_word' id='word_1_665' title='bbox 1135 1679 1206 1714; x_wconf 78' lang='grc' dir='ltr'>ζωὴν</span> <span class='ocrx_word' id='word_1_666' title='bbox 1221 1679 1424 1706; x_wconf 80' lang='grc' dir='ltr'>ἀποκτείνουσι·</span> <span class='ocrx_word' id='word_1_667' title='bbox 1442 1678 1570 1713; x_wconf 75' lang='grc' dir='ltr'>(τοιοῦτον</span> <span class='ocrx_word' id='word_1_668' title='bbox 1587 1678 1644 1714; x_wconf 85' lang='grc' dir='ltr'><strong>γάρ</strong></span> <span class='ocrx_word' id='word_1_669' title='bbox 1662 1680 1721 1704; x_wconf 81' lang='grc' dir='ltr'>ἐστι</span> <span class='ocrx_word' id='word_1_670' title='bbox 1744 1680 1784 1705; x_wconf 68' lang='grc' dir='ltr'><strong>τό·</strong></span> 
     </span>
    </p>
   </div>
   <div class='ocr_carea' id='block_1_82' title="bbox 994 1724 1785 1759">
    <p class='ocr_par' dir='ltr' id='par_1_82' title="bbox 994 1724 1785 1759">
     <span class='ocr_line' id='line_1_82' title="bbox 994 1724 1785 1759; baseline -0.001 -8"><span class='ocrx_word' id='word_1_671' title='bbox 994 1727 1022 1752; x_wconf 83' lang='grc' dir='ltr'><strong>Μ</strong></span> <span class='ocrx_word' id='word_1_672' title='bbox 1027 1724 1042 1758; x_wconf 72' lang='grc' dir='ltr'>ἡ</span> <span class='ocrx_word' id='word_1_673' title='bbox 1061 1724 1209 1759; x_wconf 60' lang='grc' dir='ltr'>φοϐηθῆτε</span> <span class='ocrx_word' id='word_1_674' title='bbox 1228 1725 1287 1751; x_wconf 79' lang='grc' dir='ltr'><strong>ἀπὸ</strong></span> <span class='ocrx_word' id='word_1_675' title='bbox 1306 1724 1366 1751; x_wconf 80' lang='grc' dir='ltr'><strong>τῶν</strong></span> <span class='ocrx_word' id='word_1_676' title='bbox 1382 1725 1623 1751; x_wconf 71' lang='grc' dir='ltr'>ἀποκτεινόντων</span> <span class='ocrx_word' id='word_1_677' title='bbox 1640 1725 1672 1751; x_wconf 85' lang='grc' dir='ltr'>τὸ</span> <span class='ocrx_word' id='word_1_678' title='bbox 1692 1724 1785 1758; x_wconf 70' lang='grc' dir='ltr'>σῶμα,</span> 
     </span>
    </p>
   </div>
   <div class='ocr_carea' id='block_1_83' title="bbox 995 1770 1786 1805">
    <p class='ocr_par' dir='ltr' id='par_1_83' title="bbox 995 1770 1786 1805">
     <span class='ocr_line' id='line_1_83' title="bbox 995 1770 1786 1805; baseline -0.004 -7"><span class='ocrx_word' id='word_1_679' title='bbox 995 1773 1090 1803; x_wconf 70' lang='grc' dir='ltr'>αὑταῖς</span> <span class='ocrx_word' id='word_1_680' title='bbox 1102 1771 1205 1804; x_wconf 77' lang='grc' dir='ltr'>λέξεσιν</span> <span class='ocrx_word' id='word_1_681' title='bbox 1225 1771 1276 1797; x_wconf 82' lang='grc' dir='ltr'><strong>ὑπὸ</strong></span> <span class='ocrx_word' id='word_1_682' title='bbox 1292 1770 1430 1797; x_wconf 83' lang='grc' dir='ltr'>Ματθαίου</span> <span class='ocrx_word' id='word_1_683' title='bbox 1445 1771 1491 1796; x_wconf 73' lang='grc' dir='ltr'>καὶ</span> <span class='ocrx_word' id='word_1_684' title='bbox 1508 1771 1601 1796; x_wconf 80' lang='grc' dir='ltr'>Λουκᾶ</span> <span class='ocrx_word' id='word_1_685' title='bbox 1619 1770 1786 1805; x_wconf 68' lang='grc' dir='ltr'>εἰρημένον),</span> 
     </span>
    </p>
   </div>
   <div class='ocr_carea' id='block_1_84' title="bbox 996 1815 1784 1852">
    <p class='ocr_par' dir='ltr' id='par_1_84' title="bbox 996 1815 1784 1852">
     <span class='ocr_line' id='line_1_84' title="bbox 996 1815 1784 1852; baseline -0.003 -9"><span class='ocrx_word' id='word_1_686' title='bbox 996 1818 1043 1843; x_wconf 73' lang='grc' dir='ltr'>καὶ</span> <span class='ocrx_word' id='word_1_687' title='bbox 1061 1817 1129 1852; x_wconf 74' lang='grc' dir='ltr'>μετὰ</span> <span class='ocrx_word' id='word_1_688' title='bbox 1145 1817 1174 1843; x_wconf 82' lang='grc' dir='ltr'><strong>τὺ</strong></span> <span class='ocrx_word' id='word_1_689' title='bbox 1191 1817 1350 1844; x_wconf 82' lang='grc' dir='ltr'>ἀποκτεῖναι</span> <span class='ocrx_word' id='word_1_690' title='bbox 1367 1816 1397 1842; x_wconf 86' lang='grc' dir='ltr'>τὸ</span> <span class='ocrx_word' id='word_1_691' title='bbox 1414 1815 1502 1850; x_wconf 77' lang='grc' dir='ltr'>σῶμα,</span> <span class='ocrx_word' id='word_1_692' title='bbox 1523 1815 1573 1842; x_wconf 75' lang='grc' dir='ltr'><strong>κᾶν</strong></span> <span class='ocrx_word' id='word_1_693' title='bbox 1589 1815 1714 1847; x_wconf 78' lang='grc' dir='ltr'>θέλωσιν,</span> <span class='ocrx_word' id='word_1_694' title='bbox 1729 1826 1736 1841; x_wconf 78' lang='grc' dir='ltr'>ι</span> <span class='ocrx_word' id='word_1_695' title='bbox 1758 1816 1784 1842; x_wconf 67' lang='grc' dir='ltr'>οὐ</span> 
     </span>
    </p>
   </div>
   <div class='ocr_carea' id='block_1_85' title="bbox 996 1860 1785 1897">
    <p class='ocr_par' dir='ltr' id='par_1_85' title="bbox 996 1860 1785 1897">
     <span class='ocr_line' id='line_1_85' title="bbox 996 1860 1785 1897; baseline -0.003 -8"><span class='ocrx_word' id='word_1_696' title='bbox 996 1863 1121 1889; x_wconf 72' lang='grc' dir='ltr'>δύνανται</span> <span class='ocrx_word' id='word_1_697' title='bbox 1146 1863 1195 1897; x_wconf 79' lang='grc' dir='ltr'>τὴν</span> <span class='ocrx_word' id='word_1_698' title='bbox 1219 1862 1307 1897; x_wconf 77' lang='grc' dir='ltr'>ψυχὴν</span> <span class='ocrx_word' id='word_1_699' title='bbox 1331 1862 1505 1888; x_wconf 68' lang='grc' dir='ltr'>ἀποκτεῖναν</span> <span class='ocrx_word' id='word_1_700' title='bbox 1533 1860 1590 1887; x_wconf 82' lang='grc' dir='ltr'>ἀλλ’</span> <span class='ocrx_word' id='word_1_701' title='bbox 1615 1861 1675 1887; x_wconf 71' lang='grc' dir='ltr'>οὐδὲ</span> <span class='ocrx_word' id='word_1_702' title='bbox 1699 1861 1785 1895; x_wconf 66' lang='grc' dir='ltr'>ἔχουσι</span> 
     </span>
    </p>
   </div>
   <div class='ocr_carea' id='block_1_86' title="bbox 999 1907 1783 1944">
    <p class='ocr_par' dir='ltr' id='par_1_86' title="bbox 999 1907 1783 1944">
     <span class='ocr_line' id='line_1_86' title="bbox 999 1907 1783 1944; baseline -0.003 -10"><span class='ocrx_word' id='word_1_703' title='bbox 999 1908 1193 1944; x_wconf 77' lang='grc' dir='ltr'>περισσότερόν</span> <span class='ocrx_word' id='word_1_704' title='bbox 1212 1917 1237 1934; x_wconf 90' lang='grc' dir='ltr'>τι</span> <span class='ocrx_word' id='word_1_705' title='bbox 1255 1908 1382 1942; x_wconf 74' lang='grc' dir='ltr'>ποιῆσαι.</span> <span class='ocrx_word' id='word_1_706' title='bbox 1403 1917 1411 1932; x_wconf 78' lang='grc' dir='ltr'>ι</span> <span class='ocrx_word' id='word_1_707' title='bbox 1431 1907 1493 1938; x_wconf 84' lang='grc' dir='ltr'>Πῶς</span> <span class='ocrx_word' id='word_1_708' title='bbox 1508 1907 1562 1943; x_wconf 80' lang='grc' dir='ltr'><strong>γὰρ</strong></span> <span class='ocrx_word' id='word_1_709' title='bbox 1581 1907 1693 1933; x_wconf 69' lang='grc' dir='ltr'>δυνατὸν</span> <span class='ocrx_word' id='word_1_710' title='bbox 1710 1908 1783 1933; x_wconf 76' lang='grc' dir='ltr'>ἀναι-</span> 
     </span>
    </p>
   </div>
   <div class='ocr_carea' id='block_1_87' title="bbox 1000 1953 1785 1990">
    <p class='ocr_par' dir='ltr' id='par_1_87' title="bbox 1000 1953 1785 1990">
     <span class='ocr_line' id='line_1_87' title="bbox 1000 1953 1785 1990; baseline -0.003 -10"><span class='ocrx_word' id='word_1_711' title='bbox 1000 1955 1108 1990; x_wconf 75' lang='grc' dir='ltr'>ρεθῆναι</span> <span class='ocrx_word' id='word_1_712' title='bbox 1125 1955 1213 1989; x_wconf 70' lang='grc' dir='ltr'>ψυχὴν</span> <span class='ocrx_word' id='word_1_713' title='bbox 1235 1954 1280 1980; x_wconf 72' lang='grc' dir='ltr'><strong>ὑπ’</strong></span> <span class='ocrx_word' id='word_1_714' title='bbox 1294 1954 1378 1989; x_wconf 70' lang='grc' dir='ltr'>αὐτῆς</span> <span class='ocrx_word' id='word_1_715' title='bbox 1391 1954 1439 1989; x_wconf 81' lang='grc' dir='ltr'>τῆς</span> <span class='ocrx_word' id='word_1_716' title='bbox 1456 1953 1599 1989; x_wconf 71' lang='grc' dir='ltr'>ὁμολογίας</span> <span class='ocrx_word' id='word_1_717' title='bbox 1615 1953 1785 1988; x_wconf 77' lang='grc' dir='ltr'>ζωοποιηθεῐ-</span> 
     </span>
    </p>
   </div>
   <div class='ocr_carea' id='block_1_88' title="bbox 999 1997 1785 2034">
    <p class='ocr_par' dir='ltr' id='par_1_88' title="bbox 999 1997 1785 2034">
     <span class='ocr_line' id='line_1_88' title="bbox 999 1997 1785 2034; baseline -0.003 -10"><span class='ocrx_word' id='word_1_718' title='bbox 999 2007 1066 2030; x_wconf 81' lang='grc' dir='ltr'>σαν;</span> <span class='ocrx_word' id='word_1_719' title='bbox 1093 1998 1358 2034; x_wconf 80' lang='grc' dir='ltr'>ἀντιμαρτυροῦντος</span> <span class='ocrx_word' id='word_1_720' title='bbox 1371 1998 1438 2034; x_wconf 81' lang='grc' dir='ltr'>αὐτῇ</span> <span class='ocrx_word' id='word_1_721' title='bbox 1457 1998 1513 2033; x_wconf 77' lang='lat'><strong>(35)</strong></span> <span class='ocrx_word' id='word_1_722' title='bbox 1530 1997 1576 2023; x_wconf 80' lang='grc' dir='ltr'>τοῦ</span> <span class='ocrx_word' id='word_1_723' title='bbox 1601 1997 1785 2033; x_wconf 74' lang='grc' dir='ltr'>προτρεπομέ-</span> 
     </span>
    </p>
   </div>
   <div class='ocr_carea' id='block_1_89' title="bbox 1000 2043 1784 2080">
    <p class='ocr_par' dir='ltr' id='par_1_89' title="bbox 1000 2043 1784 2080">
     <span class='ocr_line' id='line_1_89' title="bbox 1000 2043 1784 2080; baseline -0.003 -10"><span class='ocrx_word' id='word_1_724' title='bbox 1000 2052 1045 2070; x_wconf 80' lang='grc' dir='ltr'><strong>νου</strong></span> <span class='ocrx_word' id='word_1_725' title='bbox 1071 2045 1146 2078; x_wconf 72' lang='grc' dir='ltr'>ἡμᾶς</span> <span class='ocrx_word' id='word_1_726' title='bbox 1172 2045 1218 2070; x_wconf 73' lang='grc' dir='ltr'>ἐπὶ</span> <span class='ocrx_word' id='word_1_727' title='bbox 1238 2045 1267 2070; x_wconf 84' lang='grc' dir='ltr'><strong>τὺ</strong></span> <span class='ocrx_word' id='word_1_728' title='bbox 1295 2044 1442 2080; x_wconf 81' lang='grc' dir='ltr'>μαρτύριον</span> <span class='ocrx_word' id='word_1_729' title='bbox 1469 2044 1498 2070; x_wconf 79' lang='grc' dir='ltr'>ὲν</span> <span class='ocrx_word' id='word_1_730' title='bbox 1533 2043 1571 2078; x_wconf 85' lang='grc' dir='ltr'>τῷ</span> <span class='ocrx_word' id='word_1_731' title='bbox 1602 2043 1711 2078; x_wconf 73' lang='grc' dir='ltr'>Ἡσαΐᾳ,</span> <span class='ocrx_word' id='word_1_732' title='bbox 1741 2044 1784 2069; x_wconf 64' lang='grc' dir='ltr'>καὶ</span> 
     </span>
    </p>
   </div>
   <div class='ocr_carea' id='block_1_90' title="bbox 1000 2088 1780 2124">
    <p class='ocr_par' dir='ltr' id='par_1_90' title="bbox 1000 2088 1780 2124">
     <span class='ocr_line' id='line_1_90' title="bbox 1000 2088 1780 2124; baseline -0.003 -9"><span class='ocrx_word' id='word_1_733' title='bbox 1000 2089 1047 2115; x_wconf 80' lang='grc' dir='ltr'>τοῦ</span> <span class='ocrx_word' id='word_1_734' title='bbox 1071 2089 1168 2122; x_wconf 76' lang='grc' dir='ltr'>Παιδὸς</span> <span class='ocrx_word' id='word_1_735' title='bbox 1184 2089 1277 2121; x_wconf 73' lang='grc' dir='ltr'>αὑτοῦ,</span> <span class='ocrx_word' id='word_1_736' title='bbox 1309 2089 1373 2116; x_wconf 71' lang='grc' dir='ltr'>ἔνθα</span> <span class='ocrx_word' id='word_1_737' title='bbox 1385 2089 1556 2124; x_wconf 82' lang='grc' dir='ltr'>γέγραπται”</span> <span class='ocrx_word' id='word_1_738' title='bbox 1574 2098 1583 2114; x_wconf 78' lang='grc' dir='ltr'>ι</span> <span class='ocrx_word' id='word_1_739' title='bbox 1601 2088 1716 2114; x_wconf 79' lang='grc' dir='ltr'>Γένεσθὲ</span> <span class='ocrx_word' id='word_1_740' title='bbox 1739 2097 1780 2123; x_wconf 80' lang='grc' dir='ltr'><strong>μοι</strong></span> 
     </span>
    </p>
   </div>
   <div class='ocr_carea' id='block_1_91' title="bbox 1004 2134 1784 2171">
    <p class='ocr_par' dir='ltr' id='par_1_91' title="bbox 1004 2134 1784 2171">
     <span class='ocr_line' id='line_1_91' title="bbox 1004 2134 1784 2171; baseline 0 -11"><span class='ocrx_word' id='word_1_741' title='bbox 1004 2135 1149 2170; x_wconf 83' lang='grc' dir='ltr'>μάρτυρες,</span> <span class='ocrx_word' id='word_1_742' title='bbox 1168 2135 1245 2169; x_wconf 81' lang='grc' dir='ltr'>κάγὼ</span> <span class='ocrx_word' id='word_1_743' title='bbox 1261 2136 1366 2171; x_wconf 85' lang='grc' dir='ltr'>μάρτυς</span> <span class='ocrx_word' id='word_1_744' title='bbox 1381 2135 1482 2170; x_wconf 84' lang='grc' dir='ltr'>Κύριος</span> <span class='ocrx_word' id='word_1_745' title='bbox 1500 2135 1514 2160; x_wconf 85' lang='grc' dir='ltr'><strong>ὁ</strong></span> <span class='ocrx_word' id='word_1_746' title='bbox 1527 2134 1610 2165; x_wconf 77' lang='grc' dir='ltr'>Θεὸς,</span> <span class='ocrx_word' id='word_1_747' title='bbox 1629 2135 1676 2160; x_wconf 81' lang='grc' dir='ltr'>καὶ</span> <span class='ocrx_word' id='word_1_748' title='bbox 1692 2136 1706 2161; x_wconf 87' lang='grc' dir='ltr'><strong>ὀ</strong></span> <span class='ocrx_word' id='word_1_749' title='bbox 1722 2135 1784 2166; x_wconf 72' lang='grc' dir='ltr'>Παῖς</span> 
     </span>
    </p>
   </div>
   <div class='ocr_carea' id='block_1_92' title="bbox 161 2177 888 2216">
    <p class='ocr_par' dir='ltr' id='par_1_92' title="bbox 161 2177 888 2212">
     <span class='ocr_line' id='line_1_92' title="bbox 161 2177 888 2212; baseline 0.007 -10"><span class='ocrx_word' id='word_1_750' title='bbox 161 2177 276 2203; x_wconf 80' lang='lat' dir='ltr'><strong>tuendus</strong></span> <span class='ocrx_word' id='word_1_751' title='bbox 294 2182 336 2204; x_wconf 88' lang='lat' dir='ltr'><strong>est</strong></span> <span class='ocrx_word' id='word_1_752' title='bbox 352 2178 433 2212; x_wconf 79' lang='lat' dir='ltr'><strong>igitur</strong></span> <span class='ocrx_word' id='word_1_753' title='bbox 445 2187 453 2202; x_wconf 84' lang='lat' dir='ltr'><strong>t</strong></span> <span class='ocrx_word' id='word_1_754' title='bbox 470 2178 515 2212; x_wconf 91' lang='lat' dir='ltr'><strong>qui</strong></span> <span class='ocrx_word' id='word_1_755' title='bbox 530 2183 619 2212; x_wconf 86' lang='lat' dir='ltr'><strong>potest</strong></span> <span class='ocrx_word' id='word_1_756' title='bbox 631 2184 658 2206; x_wconf 87' lang='lat' dir='ltr'><strong>et</strong></span> <span class='ocrx_word' id='word_1_757' title='bbox 674 2180 791 2206; x_wconf 88' lang='lat' dir='ltr'><strong>animam</strong></span> <span class='ocrx_word' id='word_1_758' title='bbox 801 2185 829 2208; x_wconf 88' lang='lat' dir='ltr'><strong>et</strong></span> <span class='ocrx_word' id='word_1_759' title='bbox 847 2189 888 2209; x_wconf 75' lang='lat' dir='ltr'><strong>cor</strong></span> 
     </span>
    </p>
   </div>
   <div class='ocr_carea' id='block_1_93' title="bbox 1055 2177 1782 2216">
    <p class='ocr_par' dir='ltr' id='par_1_93' title="bbox 1055 2180 1782 2216">
     <span class='ocr_line' id='line_1_93' title="bbox 1055 2180 1782 2216; baseline 0 -10"><span class='ocrx_word' id='word_1_760' title='bbox 1055 2180 1218 2216; x_wconf 69' lang='grc' dir='ltr'>ιξελεξὰμην.</span> <span class='ocrx_word' id='word_1_761' title='bbox 1241 2192 1250 2207; x_wconf 80' lang='grc' dir='ltr'><strong>ι</strong></span> <span class='ocrx_word' id='word_1_762' title='bbox 1273 2181 1327 2208; x_wconf 81' lang='grc' dir='ltr'><strong>Καὶ</strong></span> <span class='ocrx_word' id='word_1_763' title='bbox 1346 2180 1425 2208; x_wconf 82' lang='grc' dir='ltr'>τοῦτο</span> <span class='ocrx_word' id='word_1_764' title='bbox 1436 2180 1464 2207; x_wconf 80' lang='grc' dir='ltr'><strong>δὲ</strong></span> <span class='ocrx_word' id='word_1_765' title='bbox 1481 2181 1572 2216; x_wconf 82' lang='grc' dir='ltr'>τήρει,</span> <span class='ocrx_word' id='word_1_766' title='bbox 1586 2180 1628 2206; x_wconf 73' lang='grc' dir='ltr'><strong>ὅτι</strong></span> <span class='ocrx_word' id='word_1_767' title='bbox 1643 2181 1674 2206; x_wconf 83' lang='grc' dir='ltr'>οὺ</span> <span class='ocrx_word' id='word_1_768' title='bbox 1687 2180 1782 2211; x_wconf 67' lang='grc' dir='ltr'>δούλοις</span> 
     </span>
    </p>
   </div>
   <div class='ocr_carea' id='block_1_94' title="bbox 161 2223 945 2262">
    <p class='ocr_par' dir='ltr' id='par_1_94' title="bbox 161 2223 945 2262">
     <span class='ocr_line' id='line_1_94' title="bbox 161 2223 945 2262; baseline 0.009 -14"><span class='ocrx_word' id='word_1_769' title='bbox 161 2223 273 2256; x_wconf 87' lang='lat' dir='ltr'><strong>perdere</strong></span> <span class='ocrx_word' id='word_1_770' title='bbox 288 2223 313 2249; x_wconf 91' lang='lat' dir='ltr'><strong>in</strong></span> <span class='ocrx_word' id='word_1_771' title='bbox 327 2223 488 2257; x_wconf 79' lang='lat' dir='ltr'><strong>gehennam.</strong></span> <span class='ocrx_word' id='word_1_772' title='bbox 507 2233 516 2249; x_wconf 76' lang='grc' dir='ltr'><strong>ι</strong></span> <span class='ocrx_word' id='word_1_773' title='bbox 537 2223 584 2250; x_wconf 88' lang='lat' dir='ltr'><strong>llic</strong></span> <span class='ocrx_word' id='word_1_774' title='bbox 597 2224 668 2250; x_wconf 85' lang='lat' dir='ltr'><strong>enim</strong></span> <span class='ocrx_word' id='word_1_775' title='bbox 684 2225 767 2258; x_wconf 81' lang='lat' dir='ltr'><strong>solus,</strong></span> <span class='ocrx_word' id='word_1_776' title='bbox 784 2235 793 2252; x_wconf 87' lang='grc'><strong><em>‹</em></strong></span> <span class='ocrx_word' id='word_1_777' title='bbox 804 2232 945 2262; x_wconf 75' lang='lat' dir='ltr'><strong>postquam</strong></span> 
     </span>
    </p>
   </div>
   <div class='ocr_carea' id='block_1_95' title="bbox 163 2268 944 2306">
    <p class='ocr_par' dir='ltr' id='par_1_95' title="bbox 163 2268 944 2306">
     <span class='ocr_line' id='line_1_95' title="bbox 163 2268 944 2306; baseline 0.009 -11"><span class='ocrx_word' id='word_1_778' title='bbox 163 2268 303 2299; x_wconf 77' lang='lat' dir='ltr'><strong>occiderit,</strong></span> <span class='ocrx_word' id='word_1_779' title='bbox 316 2273 474 2302; x_wconf 82' lang='lat' dir='ltr'><strong>potestatem</strong></span> <span class='ocrx_word' id='word_1_780' title='bbox 487 2270 702 2299; x_wconf 76' lang='lat' dir='ltr'><strong>habetntittentli</strong></span> <span class='ocrx_word' id='word_1_781' title='bbox 717 2273 742 2299; x_wconf 91' lang='lat' dir='ltr'><strong>in</strong></span> <span class='ocrx_word' id='word_1_782' title='bbox 755 2273 918 2306; x_wconf 78' lang='lat' dir='ltr'><strong>gehennam.</strong></span> <span class='ocrx_word' id='word_1_783' title='bbox 934 2285 944 2302; x_wconf 72' lang='grc' dir='ltr'><strong>ι</strong></span> 
     </span>
    </p>
   </div>
   <div class='ocr_carea' id='block_1_96' title="bbox 163 2312 947 2349">
    <p class='ocr_par' dir='ltr' id='par_1_96' title="bbox 163 2312 947 2349">
     <span class='ocr_line' id='line_1_96' title="bbox 163 2312 947 2349; baseline 0.01 -10"><span class='ocrx_word' id='word_1_784' title='bbox 163 2313 195 2339; x_wconf 81' lang='lat' dir='ltr'><strong>Et</strong></span> <span class='ocrx_word' id='word_1_785' title='bbox 217 2312 324 2346; x_wconf 90' lang='lat' dir='ltr'><strong>quidem</strong></span> <span class='ocrx_word' id='word_1_786' title='bbox 357 2313 484 2341; x_wconf 88' lang='lat' dir='ltr'><strong>ittnuittet</strong></span> <span class='ocrx_word' id='word_1_787' title='bbox 505 2321 550 2341; x_wconf 88' lang='lat' dir='ltr'><strong>eos</strong></span> <span class='ocrx_word' id='word_1_788' title='bbox 573 2315 618 2349; x_wconf 88' lang='lat' dir='ltr'><strong>qui</strong></span> <span class='ocrx_word' id='word_1_789' title='bbox 641 2323 784 2349; x_wconf 90' lang='lat' dir='ltr'><strong>corporum</strong></span> <span class='ocrx_word' id='word_1_790' title='bbox 809 2319 947 2348; x_wconf 87' lang='lat' dir='ltr'><strong>occisores</strong></span> 
     </span>
    </p>
   </div>
   <div class='ocr_carea' id='block_1_97' title="bbox 163 2358 949 2399">
    <p class='ocr_par' dir='ltr' id='par_1_97' title="bbox 163 2358 949 2399">
     <span class='ocr_line' id='line_1_97' title="bbox 163 2358 949 2399; baseline 0.011 -15"><span class='ocrx_word' id='word_1_791' title='bbox 163 2358 312 2391; x_wconf 85' lang='lat' dir='ltr'><strong>timuerint,</strong></span> <span class='ocrx_word' id='word_1_792' title='bbox 327 2367 376 2386; x_wconf 87' lang='lat' dir='ltr'><strong>ttee</strong></span> <span class='ocrx_word' id='word_1_793' title='bbox 391 2359 528 2386; x_wconf 88' lang='lat' dir='ltr'><strong>tittttterint</strong></span> <span class='ocrx_word' id='word_1_794' title='bbox 543 2368 603 2387; x_wconf 88' lang='lat' dir='ltr'><strong>etnu</strong></span> <span class='ocrx_word' id='word_1_795' title='bbox 620 2370 629 2386; x_wconf 72' lang='grc' dir='ltr'>ι</span> <span class='ocrx_word' id='word_1_796' title='bbox 644 2362 688 2395; x_wconf 90' lang='lat' dir='ltr'><strong>qtti</strong></span> <span class='ocrx_word' id='word_1_797' title='bbox 705 2367 794 2396; x_wconf 90' lang='lat' dir='ltr'><strong>potest</strong></span> <span class='ocrx_word' id='word_1_798' title='bbox 810 2371 908 2399; x_wconf 90' lang='lat' dir='ltr'><strong>corpus</strong></span> <span class='ocrx_word' id='word_1_799' title='bbox 920 2370 949 2393; x_wconf 91' lang='lat' dir='ltr'><strong>et</strong></span> 
     </span>
    </p>
   </div>
   <div class='ocr_carea' id='block_1_98' title="bbox 164 2407 946 2446">
    <p class='ocr_par' dir='ltr' id='par_1_98' title="bbox 164 2407 946 2446">
     <span class='ocr_line' id='line_1_98' title="bbox 164 2407 946 2446; baseline 0.009 -15"><span class='ocrx_word' id='word_1_800' title='bbox 164 2407 281 2432; x_wconf 86' lang='lat' dir='ltr'><strong>animam</strong></span> <span class='ocrx_word' id='word_1_801' title='bbox 308 2407 421 2440; x_wconf 87' lang='lat' dir='ltr'><strong>perdere</strong></span> <span class='ocrx_word' id='word_1_802' title='bbox 445 2407 470 2434; x_wconf 91' lang='lat' dir='ltr'><strong>in</strong></span> <span class='ocrx_word' id='word_1_803' title='bbox 498 2409 658 2442; x_wconf 78' lang='lat' dir='ltr'><strong>gehennam,</strong></span> <span class='ocrx_word' id='word_1_804' title='bbox 685 2410 781 2444; x_wconf 90' lang='lat' dir='ltr'><strong>etqtti,</strong></span> <span class='ocrx_word' id='word_1_805' title='bbox 806 2415 946 2446; x_wconf 88' lang='lat' dir='ltr'><strong>postquam</strong></span> 
     </span>
    </p>
   </div>
   <div class='ocr_carea' id='block_1_99' title="bbox 163 2451 944 2489">
    <p class='ocr_par' dir='ltr' id='par_1_99' title="bbox 163 2451 944 2489">
     <span class='ocr_line' id='line_1_99' title="bbox 163 2451 944 2489; baseline 0.009 -12"><span class='ocrx_word' id='word_1_806' title='bbox 163 2451 303 2484; x_wconf 88' lang='lat' dir='ltr'><strong>occiderit,</strong></span> <span class='ocrx_word' id='word_1_807' title='bbox 316 2457 476 2485; x_wconf 89' lang='lat' dir='ltr'><strong>potestatem</strong></span> <span class='ocrx_word' id='word_1_808' title='bbox 492 2454 572 2480; x_wconf 81' lang='lat' dir='ltr'><strong>habet</strong></span> <span class='ocrx_word' id='word_1_809' title='bbox 585 2454 706 2480; x_wconf 86' lang='lat' dir='ltr'><strong>mittendi</strong></span> <span class='ocrx_word' id='word_1_810' title='bbox 719 2455 744 2481; x_wconf 89' lang='lat' dir='ltr'><strong>itt</strong></span> <span class='ocrx_word' id='word_1_811' title='bbox 758 2456 918 2489; x_wconf 81' lang='lat' dir='ltr'><strong>gehennam.</strong></span> <span class='ocrx_word' id='word_1_812' title='bbox 935 2467 944 2483; x_wconf 81' lang='grc'><strong>›</strong></span> 
     </span>
    </p>
   </div>
   <div class='ocr_carea' id='block_1_100' title="bbox 165 2497 945 2534">
    <p class='ocr_par' dir='ltr' id='par_1_100' title="bbox 165 2497 945 2534">
     <span class='ocr_line' id='line_1_100' title="bbox 165 2497 945 2534; baseline 0.008 -11"><span class='ocrx_word' id='word_1_813' title='bbox 165 2497 242 2530; x_wconf 82' lang='lat' dir='ltr'><strong>Quod</strong></span> <span class='ocrx_word' id='word_1_814' title='bbox 256 2497 278 2524; x_wconf 90' lang='lat' dir='ltr'><strong>si</strong></span> <span class='ocrx_word' id='word_1_815' title='bbox 303 2498 422 2533; x_wconf 88' lang='lat' dir='ltr'><strong>cujusvis</strong></span> <span class='ocrx_word' id='word_1_816' title='bbox 446 2499 557 2526; x_wconf 86' lang='lat' dir='ltr'><strong>alterius</strong></span> <span class='ocrx_word' id='word_1_817' title='bbox 583 2499 679 2534; x_wconf 85' lang='lat' dir='ltr'><strong>capitis</strong></span> <span class='ocrx_word' id='word_1_818' title='bbox 700 2501 789 2534; x_wconf 88' lang='lat' dir='ltr'><strong>capilli</strong></span> <span class='ocrx_word' id='word_1_819' title='bbox 810 2503 945 2529; x_wconf 89' lang='lat' dir='ltr'><strong>numerati</strong></span> 
     </span>
    </p>
   </div>
   <div class='ocr_carea' id='block_1_101' title="bbox 164 2545 947 2580">
    <p class='ocr_par' dir='ltr' id='par_1_101' title="bbox 164 2545 947 2580">
     <span class='ocr_line' id='line_1_101' title="bbox 164 2545 947 2580; baseline 0.006 -11"><span class='ocrx_word' id='word_1_820' title='bbox 164 2548 237 2574; x_wconf 82' lang='lat' dir='ltr'><strong>sunt,</strong></span> <span class='ocrx_word' id='word_1_821' title='bbox 253 2547 280 2570; x_wconf 86' lang='lat' dir='ltr'><strong>et</strong></span> <span class='ocrx_word' id='word_1_822' title='bbox 295 2550 387 2571; x_wconf 84' lang='lat' dir='ltr'><strong>eorum</strong></span> <span class='ocrx_word' id='word_1_823' title='bbox 405 2545 528 2572; x_wconf 84' lang='lat' dir='ltr'><strong>videlicet</strong></span> <span class='ocrx_word' id='word_1_824' title='bbox 545 2545 588 2580; x_wconf 88' lang='lat' dir='ltr'><strong>qui</strong></span> <span class='ocrx_word' id='word_1_825' title='bbox 605 2550 714 2579; x_wconf 87' lang='lat' dir='ltr'><strong>propter</strong></span> <span class='ocrx_word' id='word_1_826' title='bbox 731 2545 822 2573; x_wconf 76' lang='lat' dir='ltr'><strong>Jesum</strong></span> <span class='ocrx_word' id='word_1_827' title='bbox 837 2549 947 2574; x_wconf 72' lang='lat' dir='ltr'><strong>exscin-</strong></span> 
     </span>
    </p>
   </div>
   <div class='ocr_carea' id='block_1_102' title="bbox 165 2590 949 2626">
    <p class='ocr_par' dir='ltr' id='par_1_102' title="bbox 165 2590 949 2626">
     <span class='ocr_line' id='line_1_102' title="bbox 165 2590 949 2626; baseline 0.009 -13"><span class='ocrx_word' id='word_1_828' title='bbox 165 2590 276 2621; x_wconf 85' lang='lat' dir='ltr'><strong>duntur,</strong></span> <span class='ocrx_word' id='word_1_829' title='bbox 292 2590 480 2618; x_wconf 76' lang='lat' dir='ltr'><strong>confitebimur</strong></span> <span class='ocrx_word' id='word_1_830' title='bbox 500 2591 596 2618; x_wconf 84' lang='lat' dir='ltr'><strong>Filium</strong></span> <span class='ocrx_word' id='word_1_831' title='bbox 609 2591 655 2619; x_wconf 86' lang='lat' dir='ltr'><strong>Dei</strong></span> <span class='ocrx_word' id='word_1_832' title='bbox 671 2600 762 2619; x_wconf 85' lang='lat' dir='ltr'><strong>coram</strong></span> <span class='ocrx_word' id='word_1_833' title='bbox 779 2593 843 2626; x_wconf 84' lang='lat' dir='ltr'><strong>Deo,</strong></span> <span class='ocrx_word' id='word_1_834' title='bbox 857 2598 884 2620; x_wconf 92' lang='lat' dir='ltr'><strong>et</strong></span> <span class='ocrx_word' id='word_1_835' title='bbox 901 2594 949 2620; x_wconf 91' lang='lat' dir='ltr'><strong>ho-</strong></span> 
     </span>
    </p>
   </div>
   <div class='ocr_carea' id='block_1_103' title="bbox 167 2634 950 2670">
    <p class='ocr_par' dir='ltr' id='par_1_103' title="bbox 167 2634 950 2670">
     <span class='ocr_line' id='line_1_103' title="bbox 167 2634 950 2670; baseline 0.01 -11"><span class='ocrx_word' id='word_1_836' title='bbox 167 2634 294 2667; x_wconf 89' lang='lat' dir='ltr'><strong>minibus,</strong></span> <span class='ocrx_word' id='word_1_837' title='bbox 321 2640 349 2662; x_wconf 91' lang='lat' dir='ltr'><strong>et</strong></span> <span class='ocrx_word' id='word_1_838' title='bbox 365 2644 418 2663; x_wconf 87' lang='lat' dir='ltr'><strong>ttou</strong></span> <span class='ocrx_word' id='word_1_839' title='bbox 441 2638 503 2670; x_wconf 91' lang='lat' dir='ltr'><strong>diis,</strong></span> <span class='ocrx_word' id='word_1_840' title='bbox 521 2643 549 2664; x_wconf 91' lang='lat' dir='ltr'><strong>ut</strong></span> <span class='ocrx_word' id='word_1_841' title='bbox 564 2638 636 2666; x_wconf 87' lang='lat' dir='ltr'><strong>vices</strong></span> <span class='ocrx_word' id='word_1_842' title='bbox 655 2639 731 2666; x_wconf 85' lang='lat' dir='ltr'><strong>nobis</strong></span> <span class='ocrx_word' id='word_1_843' title='bbox 753 2640 886 2667; x_wconf 85' lang='lat' dir='ltr'><strong>retribuat</strong></span> <span class='ocrx_word' id='word_1_844' title='bbox 905 2640 950 2667; x_wconf 88' lang='lat' dir='ltr'><strong>ille</strong></span> 
     </span>
    </p>
   </div>
   <div class='ocr_carea' id='block_1_104' title="bbox 203 2693 962 2727">
    <p class='ocr_par' dir='ltr' id='par_1_104' title="bbox 203 2693 962 2727">
     <span class='ocr_line' id='line_1_104' title="bbox 203 2693 962 2727; baseline 0.004 -7"><span class='ocrx_word' id='word_1_845' title='bbox 203 2693 226 2710; x_wconf 81' lang='grc'><strong>’³</strong></span> <span class='ocrx_word' id='word_1_846' title='bbox 241 2694 334 2721; x_wconf 78' lang='lat' dir='ltr'><strong>Matth.</strong></span> <span class='ocrx_word' id='word_1_847' title='bbox 352 2694 435 2725; x_wconf 61' lang='lat' dir='ltr'><strong>x,ﬂ8.</strong></span> <span class='ocrx_word' id='word_1_848' title='bbox 473 2694 496 2710; x_wconf 80' lang='lat'><strong>”</strong></span> <span class='ocrx_word' id='word_1_849' title='bbox 513 2694 576 2721; x_wconf 87' lang='lat' dir='ltr'><strong>ibid.</strong></span> <span class='ocrx_word' id='word_1_850' title='bbox 594 2695 686 2722; x_wconf 66' lang='lat'><strong>20-54.</strong></span> <span class='ocrx_word' id='word_1_851' title='bbox 726 2695 746 2712; x_wconf 82' lang='lat'>&quot;</span> <span class='ocrx_word' id='word_1_852' title='bbox 763 2695 828 2723; x_wconf 90' lang='lat' dir='ltr'><strong>Luc.</strong></span> <span class='ocrx_word' id='word_1_853' title='bbox 844 2703 890 2727; x_wconf 83' lang='lat' dir='ltr'><strong>xu,</strong></span> <span class='ocrx_word' id='word_1_854' title='bbox 906 2695 962 2723; x_wconf 48' lang='grc'><strong>48.</strong></span> 
     </span>
    </p>
   </div>
   <div class='ocr_carea' id='block_1_105' title="bbox 170 2729 345 2760">
    <p class='ocr_par' dir='ltr' id='par_1_105' title="bbox 170 2729 345 2760">
     <span class='ocr_line' id='line_1_105' title="bbox 170 2729 345 2760; baseline -0.011 -3"><span class='ocrx_word' id='word_1_855' title='bbox 170 2731 234 2757; x_wconf 85' lang='lat' dir='ltr'><strong>Luc.</strong></span> <span class='ocrx_word' id='word_1_856' title='bbox 253 2737 301 2760; x_wconf 85' lang='lat' dir='ltr'><strong>xu,</strong></span> <span class='ocrx_word' id='word_1_857' title='bbox 320 2729 345 2756; x_wconf 69' lang='grc'><strong>4.</strong></span> 
     </span>
    </p>
   </div>
   <div class='ocr_carea' id='block_1_106' title="bbox 205 2787 769 2823">
    <p class='ocr_par' dir='ltr' id='par_1_106' title="bbox 205 2787 769 2823">
     <span class='ocr_line' id='line_1_106' title="bbox 205 2787 769 2823; baseline 0.004 -10"><span class='ocrx_word' id='word_1_858' title='bbox 205 2788 259 2823; x_wconf 66' lang='grc' dir='ltr'><strong>(ζὨ)</strong></span> <span class='ocrx_word' id='word_1_859' title='bbox 274 2787 426 2823; x_wconf 58' lang='grc' dir='ltr'>ξτρουθία.</span> <span class='ocrx_word' id='word_1_860' title='bbox 440 2787 488 2814; x_wconf 81' lang='lat' dir='ltr'><strong>Ms.</strong></span> <span class='ocrx_word' id='word_1_861' title='bbox 503 2788 651 2823; x_wconf 78' lang='grc' dir='ltr'>στρουθίου,</span> <span class='ocrx_word' id='word_1_862' title='bbox 667 2789 769 2815; x_wconf 65' lang='lat' dir='ltr'><strong>vitiose.</strong></span> 
     </span>
    </p>
   </div>
   <div class='ocr_carea' id='block_1_107' title="bbox 203 2822 947 2859">
    <p class='ocr_par' dir='ltr' id='par_1_107' title="bbox 203 2822 947 2859">
     <span class='ocr_line' id='line_1_107' title="bbox 203 2822 947 2859; baseline 0.003 -11"><span class='ocrx_word' id='word_1_863' title='bbox 203 2822 258 2855; x_wconf 77' lang='lat'><strong>(55)</strong></span> <span class='ocrx_word' id='word_1_864' title='bbox 275 2822 441 2850; x_wconf 82' lang='lat' dir='ltr'><strong>Wetstenius</strong></span> <span class='ocrx_word' id='word_1_865' title='bbox 455 2823 594 2859; x_wconf 79' lang='lat' dir='ltr'><strong>legendum</strong></span> <span class='ocrx_word' id='word_1_866' title='bbox 611 2829 685 2858; x_wconf 84' lang='lat' dir='ltr'><strong>putat</strong></span> <span class='ocrx_word' id='word_1_867' title='bbox 701 2823 780 2850; x_wconf 68' lang='grc' dir='ltr'>αὐτοῦ</span> <span class='ocrx_word' id='word_1_868' title='bbox 791 2844 797 2855; x_wconf 84' lang='grc'><strong>,</strong></span> <span class='ocrx_word' id='word_1_869' title='bbox 818 2823 863 2851; x_wconf 82' lang='lat' dir='ltr'><strong>sed</strong></span> <span class='ocrx_word' id='word_1_870' title='bbox 877 2828 947 2850; x_wconf 87' lang='lat' dir='ltr'><strong>stare</strong></span> 
     </span>
    </p>
   </div>
   <div class='ocr_carea' id='block_1_108' title="bbox 1000 2226 1782 2261">
    <p class='ocr_par' dir='ltr' id='par_1_108' title="bbox 1000 2226 1782 2261">
     <span class='ocr_line' id='line_1_108' title="bbox 1000 2226 1782 2261; baseline -0.001 -9"><span class='ocrx_word' id='word_1_871' title='bbox 1000 2226 1046 2252; x_wconf 79' lang='grc' dir='ltr'>τοῦ</span> <span class='ocrx_word' id='word_1_872' title='bbox 1069 2226 1166 2260; x_wconf 81' lang='grc' dir='ltr'>Ἰησοῦ,</span> <span class='ocrx_word' id='word_1_873' title='bbox 1180 2227 1247 2252; x_wconf 77' lang='grc' dir='ltr'>ἀλλὰ</span> <span class='ocrx_word' id='word_1_874' title='bbox 1265 2226 1350 2260; x_wconf 76' lang='grc' dir='ltr'>φίλοις</span> <span class='ocrx_word' id='word_1_875' title='bbox 1365 2227 1446 2253; x_wconf 79' lang='grc' dir='ltr'>αὐτοῦ</span> <span class='ocrx_word' id='word_1_876' title='bbox 1463 2226 1566 2252; x_wconf 78' lang='grc' dir='ltr'>δέδοται</span> <span class='ocrx_word' id='word_1_877' title='bbox 1585 2226 1679 2261; x_wconf 76' lang='grc' dir='ltr'>ἐντολή</span> <span class='ocrx_word' id='word_1_878' title='bbox 1691 2234 1697 2241; x_wconf 91' lang='grc'><strong>·</strong></span> <span class='ocrx_word' id='word_1_879' title='bbox 1716 2236 1724 2251; x_wconf 84' lang='grc' dir='ltr'>ι</span> <span class='ocrx_word' id='word_1_880' title='bbox 1741 2227 1782 2260; x_wconf 74' lang='grc' dir='ltr'><strong>Μὴ</strong></span> 
     </span>
    </p>
   </div>
   <div class='ocr_carea' id='block_1_109' title="bbox 1002 2271 1783 2307">
    <p class='ocr_par' dir='ltr' id='par_1_109' title="bbox 1002 2271 1783 2307">
     <span class='ocr_line' id='line_1_109' title="bbox 1002 2271 1783 2307; baseline -0.001 -9"><span class='ocrx_word' id='word_1_881' title='bbox 1002 2272 1135 2307; x_wconf 77' lang='grc' dir='ltr'>φοϐηθῆτε</span> <span class='ocrx_word' id='word_1_882' title='bbox 1146 2273 1198 2298; x_wconf 77' lang='grc' dir='ltr'>ἀπὸ</span> <span class='ocrx_word' id='word_1_883' title='bbox 1211 2272 1263 2298; x_wconf 79' lang='grc' dir='ltr'>τῶν</span> <span class='ocrx_word' id='word_1_884' title='bbox 1284 2272 1495 2298; x_wconf 83' lang='grc' dir='ltr'>ἀποκτεινόντων</span> <span class='ocrx_word' id='word_1_885' title='bbox 1511 2272 1539 2298; x_wconf 81' lang='grc' dir='ltr'>τὸ</span> <span class='ocrx_word' id='word_1_886' title='bbox 1555 2271 1645 2306; x_wconf 81' lang='grc' dir='ltr'>σῶμα,</span> <span class='ocrx_word' id='word_1_887' title='bbox 1660 2272 1706 2298; x_wconf 74' lang='grc' dir='ltr'>καὶ</span> <span class='ocrx_word' id='word_1_888' title='bbox 1722 2272 1783 2303; x_wconf 72' lang='grc' dir='ltr'>μετὰ</span> 
     </span>
    </p>
   </div>
   <div class='ocr_carea' id='block_1_110' title="bbox 1001 2317 1782 2354">
    <p class='ocr_par' dir='ltr' id='par_1_110' title="bbox 1001 2317 1782 2354">
     <span class='ocr_line' id='line_1_110' title="bbox 1001 2317 1782 2354; baseline -0.003 -9"><span class='ocrx_word' id='word_1_889' title='bbox 1001 2319 1089 2345; x_wconf 79' lang='grc' dir='ltr'>ταῦτα</span> <span class='ocrx_word' id='word_1_890' title='bbox 1099 2319 1135 2354; x_wconf 80' lang='grc' dir='ltr'>μὴ</span> <span class='ocrx_word' id='word_1_891' title='bbox 1144 2319 1258 2353; x_wconf 73' lang='grc' dir='ltr'>ἐχόντων</span> <span class='ocrx_word' id='word_1_892' title='bbox 1266 2318 1458 2354; x_wconf 75' lang='grc' dir='ltr'>περισσότερόν</span> <span class='ocrx_word' id='word_1_893' title='bbox 1465 2327 1489 2344; x_wconf 87' lang='grc' dir='ltr'><strong>τι</strong></span> <span class='ocrx_word' id='word_1_894' title='bbox 1498 2318 1618 2353; x_wconf 75' lang='grc' dir='ltr'>ποιῆσαι.</span> <span class='ocrx_word' id='word_1_895' title='bbox 1631 2327 1639 2343; x_wconf 78' lang='grc' dir='ltr'><strong>ι</strong></span> <span class='ocrx_word' id='word_1_896' title='bbox 1657 2317 1782 2352; x_wconf 51' lang='grc' dir='ltr'>Φοϐητῂιν</span> 
     </span>
    </p>
   </div>
   <div class='ocr_carea' id='block_1_111' title="bbox 1001 2363 1781 2399">
    <p class='ocr_par' dir='ltr' id='par_1_111' title="bbox 1001 2363 1781 2399">
     <span class='ocr_line' id='line_1_111' title="bbox 1001 2363 1781 2399; baseline -0.003 -9"><span class='ocrx_word' id='word_1_897' title='bbox 1001 2365 1089 2390; x_wconf 83' lang='grc' dir='ltr'>τοίνυν</span> <span class='ocrx_word' id='word_1_898' title='bbox 1097 2365 1156 2390; x_wconf 69' lang='grc' dir='ltr'>ιτον</span> <span class='ocrx_word' id='word_1_899' title='bbox 1165 2363 1312 2398; x_wconf 83' lang='grc' dir='ltr'>δυνάμενον</span> <span class='ocrx_word' id='word_1_900' title='bbox 1333 2364 1380 2390; x_wconf 75' lang='grc' dir='ltr'><strong>καὶ</strong></span> <span class='ocrx_word' id='word_1_901' title='bbox 1394 2363 1483 2399; x_wconf 70' lang='grc' dir='ltr'>ψυχὴν</span> <span class='ocrx_word' id='word_1_902' title='bbox 1500 2364 1546 2390; x_wconf 80' lang='grc' dir='ltr'>καὶ</span> <span class='ocrx_word' id='word_1_903' title='bbox 1563 2363 1644 2398; x_wconf 83' lang='grc' dir='ltr'>σῶμα</span> <span class='ocrx_word' id='word_1_904' title='bbox 1659 2363 1781 2389; x_wconf 71' lang='grc' dir='ltr'>ἀπολέσαι</span> 
     </span>
    </p>
   </div>
   <div class='ocr_carea' id='block_1_112' title="bbox 1001 2406 1779 2445">
    <p class='ocr_par' dir='ltr' id='par_1_112' title="bbox 1001 2406 1779 2445">
     <span class='ocr_line' id='line_1_112' title="bbox 1001 2406 1779 2445; baseline 0 -11"><span class='ocrx_word' id='word_1_905' title='bbox 1001 2409 1029 2436; x_wconf 77' lang='grc' dir='ltr'>ὲν</span> <span class='ocrx_word' id='word_1_906' title='bbox 1042 2409 1138 2445; x_wconf 86' lang='grc' dir='ltr'>γεέννῃ</span> <span class='ocrx_word' id='word_1_907' title='bbox 1149 2417 1155 2424; x_wconf 89' lang='grc'><strong>·</strong></span> <span class='ocrx_word' id='word_1_908' title='bbox 1174 2419 1183 2434; x_wconf 73' lang='grc' dir='ltr'>ι</span> <span class='ocrx_word' id='word_1_909' title='bbox 1194 2406 1271 2440; x_wconf 77' lang='grc' dir='ltr'>οὗτος</span> <span class='ocrx_word' id='word_1_910' title='bbox 1286 2409 1340 2444; x_wconf 83' lang='grc' dir='ltr'><strong>γὰρ</strong></span> <span class='ocrx_word' id='word_1_911' title='bbox 1357 2409 1446 2444; x_wconf 84' lang='grc' dir='ltr'>μόνος,</span> <span class='ocrx_word' id='word_1_912' title='bbox 1464 2418 1473 2434; x_wconf 83' lang='grc' dir='ltr'>ι</span> <span class='ocrx_word' id='word_1_913' title='bbox 1490 2408 1558 2444; x_wconf 84' lang='grc' dir='ltr'><strong>μετά</strong></span> <span class='ocrx_word' id='word_1_914' title='bbox 1572 2409 1602 2434; x_wconf 83' lang='grc' dir='ltr'>τὸ</span> <span class='ocrx_word' id='word_1_915' title='bbox 1619 2409 1779 2438; x_wconf 76' lang='grc' dir='ltr'>ἀποκτεῖναι,</span> 
     </span>
    </p>
   </div>
   <div class='ocr_carea' id='block_1_113' title="bbox 1002 2454 1781 2491">
    <p class='ocr_par' dir='ltr' id='par_1_113' title="bbox 1002 2454 1781 2491">
     <span class='ocr_line' id='line_1_113' title="bbox 1002 2454 1781 2491; baseline -0.003 -9"><span class='ocrx_word' id='word_1_916' title='bbox 1002 2456 1057 2491; x_wconf 75' lang='grc' dir='ltr'><strong>ἔχει</strong></span> <span class='ocrx_word' id='word_1_917' title='bbox 1076 2455 1198 2488; x_wconf 77' lang='grc' dir='ltr'>ἐξουσίαν</span> <span class='ocrx_word' id='word_1_918' title='bbox 1219 2454 1345 2490; x_wconf 81' lang='grc' dir='ltr'>ἐμϐαλεῖν</span> <span class='ocrx_word' id='word_1_919' title='bbox 1361 2456 1399 2486; x_wconf 84' lang='grc' dir='ltr'><strong>εἰς</strong></span> <span class='ocrx_word' id='word_1_920' title='bbox 1420 2455 1541 2489; x_wconf 84' lang='grc' dir='ltr'>γέενναν.</span> <span class='ocrx_word' id='word_1_921' title='bbox 1572 2464 1581 2480; x_wconf 67' lang='grc' dir='ltr'>ι</span> <span class='ocrx_word' id='word_1_922' title='bbox 1599 2455 1656 2481; x_wconf 73' lang='grc' dir='ltr'>Καὶ</span> <span class='ocrx_word' id='word_1_923' title='bbox 1677 2455 1781 2489; x_wconf 74' lang='grc' dir='ltr'>ἐμεαλεῖ</span> 
     </span>
    </p>
   </div>
   <div class='ocr_carea' id='block_1_114' title="bbox 1001 2500 1778 2536">
    <p class='ocr_par' dir='ltr' id='par_1_114' title="bbox 1001 2500 1778 2536">
     <span class='ocr_line' id='line_1_114' title="bbox 1001 2500 1778 2536; baseline -0.004 -8"><span class='ocrx_word' id='word_1_924' title='bbox 1001 2510 1033 2536; x_wconf 85' lang='grc' dir='ltr'><strong>γε</strong></span> <span class='ocrx_word' id='word_1_925' title='bbox 1048 2502 1110 2533; x_wconf 75' lang='grc' dir='ltr'>τοὺς</span> <span class='ocrx_word' id='word_1_926' title='bbox 1126 2500 1292 2535; x_wconf 67' lang='grc' dir='ltr'>φοϐηθέντας</span> <span class='ocrx_word' id='word_1_927' title='bbox 1305 2501 1359 2527; x_wconf 81' lang='grc' dir='ltr'>ἀπὸ</span> <span class='ocrx_word' id='word_1_928' title='bbox 1372 2500 1425 2527; x_wconf 83' lang='grc' dir='ltr'>τῶν</span> <span class='ocrx_word' id='word_1_929' title='bbox 1435 2501 1649 2527; x_wconf 76' lang='grc' dir='ltr'>ἀποκτεινόντων</span> <span class='ocrx_word' id='word_1_930' title='bbox 1660 2500 1689 2526; x_wconf 80' lang='grc' dir='ltr'>τὸ</span> <span class='ocrx_word' id='word_1_931' title='bbox 1700 2500 1778 2535; x_wconf 75' lang='grc' dir='ltr'>σῶμα,</span> 
     </span>
    </p>
   </div>
   <div class='ocr_carea' id='block_1_115' title="bbox 1003 2545 1777 2582">
    <p class='ocr_par' dir='ltr' id='par_1_115' title="bbox 1003 2545 1777 2582">
     <span class='ocr_line' id='line_1_115' title="bbox 1003 2545 1777 2582; baseline -0.001 -10"><span class='ocrx_word' id='word_1_932' title='bbox 1003 2547 1049 2573; x_wconf 80' lang='grc' dir='ltr'>καὶ</span> <span class='ocrx_word' id='word_1_933' title='bbox 1063 2547 1126 2578; x_wconf 75' lang='grc' dir='ltr'>τοὺς</span> <span class='ocrx_word' id='word_1_934' title='bbox 1147 2547 1183 2582; x_wconf 84' lang='grc' dir='ltr'>μὴ</span> <span class='ocrx_word' id='word_1_935' title='bbox 1198 2546 1363 2581; x_wconf 74' lang='grc' dir='ltr'>φοϐηθέντας</span> <span class='ocrx_word' id='word_1_936' title='bbox 1383 2555 1392 2571; x_wconf 86' lang='grc' dir='ltr'>ι</span> <span class='ocrx_word' id='word_1_937' title='bbox 1411 2546 1456 2572; x_wconf 83' lang='grc' dir='ltr'>τὸν</span> <span class='ocrx_word' id='word_1_938' title='bbox 1472 2545 1620 2580; x_wconf 72' lang='grc' dir='ltr'>δυνάμενον</span> <span class='ocrx_word' id='word_1_939' title='bbox 1636 2546 1682 2573; x_wconf 71' lang='grc' dir='ltr'>καὶ</span> <span class='ocrx_word' id='word_1_940' title='bbox 1699 2546 1777 2581; x_wconf 66' lang='grc' dir='ltr'>ψυχὴν</span> 
     </span>
    </p>
   </div>
   <div class='ocr_carea' id='block_1_116' title="bbox 1003 2591 1777 2627">
    <p class='ocr_par' dir='ltr' id='par_1_116' title="bbox 1003 2591 1777 2627">
     <span class='ocr_line' id='line_1_116' title="bbox 1003 2591 1777 2627; baseline -0.003 -8"><span class='ocrx_word' id='word_1_941' title='bbox 1003 2594 1050 2619; x_wconf 66' lang='grc' dir='ltr'>καὶ</span> <span class='ocrx_word' id='word_1_942' title='bbox 1064 2593 1142 2627; x_wconf 77' lang='grc' dir='ltr'>σῶμα</span> <span class='ocrx_word' id='word_1_943' title='bbox 1158 2592 1287 2619; x_wconf 81' lang='grc' dir='ltr'>ἀπολέσαι</span> <span class='ocrx_word' id='word_1_944' title='bbox 1302 2593 1331 2618; x_wconf 85' lang='grc' dir='ltr'>ὲν</span> <span class='ocrx_word' id='word_1_945' title='bbox 1346 2593 1452 2627; x_wconf 73' lang='grc' dir='ltr'>γεέννῃ,</span> <span class='ocrx_word' id='word_1_946' title='bbox 1469 2591 1515 2618; x_wconf 71' lang='grc' dir='ltr'>καὶ</span> <span class='ocrx_word' id='word_1_947' title='bbox 1526 2591 1572 2618; x_wconf 71' lang='grc' dir='ltr'><strong>τὸν</strong></span> <span class='ocrx_word' id='word_1_948' title='bbox 1587 2591 1658 2627; x_wconf 74' lang='grc' dir='ltr'>μετὰ</span> <span class='ocrx_word' id='word_1_949' title='bbox 1672 2591 1701 2618; x_wconf 73' lang='grc' dir='ltr'><strong>τὸ</strong></span> <span class='ocrx_word' id='word_1_950' title='bbox 1717 2593 1777 2618; x_wconf 62' lang='lat' dir='ltr'><strong>ano-</strong></span> 
     </span>
    </p>
   </div>
   <div class='ocr_carea' id='block_1_117' title="bbox 1003 2636 1778 2672">
    <p class='ocr_par' dir='ltr' id='par_1_117' title="bbox 1003 2636 1778 2672">
     <span class='ocr_line' id='line_1_117' title="bbox 1003 2636 1778 2672; baseline -0.001 -8"><span class='ocrx_word' id='word_1_951' title='bbox 1003 2639 1105 2664; x_wconf 82' lang='grc' dir='ltr'>κτεῖναι</span> <span class='ocrx_word' id='word_1_952' title='bbox 1129 2637 1223 2672; x_wconf 78' lang='grc' dir='ltr'>ἔχοντα</span> <span class='ocrx_word' id='word_1_953' title='bbox 1250 2636 1373 2670; x_wconf 73' lang='grc' dir='ltr'>ἐξουσίαν</span> <span class='ocrx_word' id='word_1_954' title='bbox 1388 2636 1516 2672; x_wconf 79' lang='grc' dir='ltr'>ἐμϐαλεῖν</span> <span class='ocrx_word' id='word_1_955' title='bbox 1531 2637 1571 2667; x_wconf 86' lang='grc' dir='ltr'><strong>εἰς</strong></span> <span class='ocrx_word' id='word_1_956' title='bbox 1587 2637 1707 2670; x_wconf 82' lang='grc' dir='ltr'>γέενναν,</span> <span class='ocrx_word' id='word_1_957' title='bbox 1726 2647 1733 2662; x_wconf 82' lang='grc' dir='ltr'><strong>ι</strong></span> <span class='ocrx_word' id='word_1_958' title='bbox 1749 2637 1778 2663; x_wconf 76' lang='lat' dir='ltr'><strong>Ei</strong></span> 
     </span>
    </p>
   </div>
   <div class='ocr_carea' id='block_1_118' title="bbox 999 2695 1770 2734">
    <p class='ocr_par' dir='ltr' id='par_1_118' title="bbox 999 2695 1770 2734">
     <span class='ocr_line' id='line_1_118' title="bbox 999 2695 1770 2734; baseline 0.008 -13"><span class='ocrx_word' id='word_1_959' title='bbox 999 2696 1022 2711; x_wconf 74' lang='grc'><strong>’⁸</strong></span> <span class='ocrx_word' id='word_1_960' title='bbox 1037 2695 1100 2722; x_wconf 83' lang='lat' dir='ltr'><strong>Luc.</strong></span> <span class='ocrx_word' id='word_1_961' title='bbox 1118 2704 1152 2727; x_wconf 77' lang='lat' dir='ltr'><strong>Ix,</strong></span> <span class='ocrx_word' id='word_1_962' title='bbox 1169 2696 1212 2723; x_wconf 69' lang='lat'><strong>‘26.</strong></span> <span class='ocrx_word' id='word_1_963' title='bbox 1251 2698 1272 2713; x_wconf 78' lang='grc'><strong>³⁷</strong></span> <span class='ocrx_word' id='word_1_964' title='bbox 1288 2697 1339 2724; x_wconf 83' lang='lat' dir='ltr'><strong>isa.</strong></span> <span class='ocrx_word' id='word_1_965' title='bbox 1357 2705 1421 2724; x_wconf 80' lang='lat' dir='ltr'><strong>xutt</strong></span> <span class='ocrx_word' id='word_1_966' title='bbox 1433 2719 1439 2730; x_wconf 86' lang='lat'><strong>,</strong></span> <span class='ocrx_word' id='word_1_967' title='bbox 1461 2699 1502 2726; x_wconf 83' lang='grc'><strong>10.</strong></span> <span class='ocrx_word' id='word_1_968' title='bbox 1540 2699 1563 2715; x_wconf 70' lang='grc'><strong><em>’⁸</em></strong></span> <span class='ocrx_word' id='word_1_969' title='bbox 1578 2699 1674 2727; x_wconf 76' lang='lat' dir='ltr'><strong>Matth.</strong></span> <span class='ocrx_word' id='word_1_970' title='bbox 1689 2710 1716 2733; x_wconf 71' lang='grc' dir='ltr'>ι,</span> <span class='ocrx_word' id='word_1_971' title='bbox 1728 2702 1770 2734; x_wconf 64' lang='grc' dir='ltr'><strong>ἒθς</strong></span> 
     </span>
    </p>
   </div>
   <div class='ocr_carea' id='block_1_119' title="bbox 1000 2789 1769 2828">
    <p class='ocr_par' dir='ltr' id='par_1_119' title="bbox 1000 2789 1769 2828">
     <span class='ocr_line' id='line_1_119' title="bbox 1000 2789 1769 2828; baseline 0.01 -15"><span class='ocrx_word' id='word_1_972' title='bbox 1000 2793 1088 2828; x_wconf 63' lang='lat' dir='ltr'><strong>potest</strong></span> <span class='ocrx_word' id='word_1_973' title='bbox 1101 2789 1178 2823; x_wconf 68' lang='grc' dir='ltr'>αὐτῇ.</span> <span class='ocrx_word' id='word_1_974' title='bbox 1196 2789 1295 2816; x_wconf 87' lang='lat' dir='ltr'><strong>Ibidem</strong></span> <span class='ocrx_word' id='word_1_975' title='bbox 1311 2791 1438 2828; x_wconf 79' lang='lat' dir='ltr'><strong>mendose</strong></span> <span class='ocrx_word' id='word_1_976' title='bbox 1453 2791 1479 2817; x_wconf 90' lang='lat' dir='ltr'><strong>in</strong></span> <span class='ocrx_word' id='word_1_977' title='bbox 1494 2791 1586 2819; x_wconf 82' lang='lat' dir='ltr'><strong>codice</strong></span> <span class='ocrx_word' id='word_1_978' title='bbox 1602 2794 1769 2828; x_wconf 82' lang='lat' dir='ltr'><strong>manuscripto</strong></span> 
     </span>
    </p>
   </div>
   <div class='ocr_carea' id='block_1_120' title="bbox 1002 2826 1458 2860">
    <p class='ocr_par' dir='ltr' id='par_1_120' title="bbox 1002 2826 1458 2860">
     <span class='ocr_line' id='line_1_120' title="bbox 1002 2826 1458 2860; baseline 0.004 -10"><span class='ocrx_word' id='word_1_979' title='bbox 1002 2826 1129 2857; x_wconf 83' lang='lat' dir='ltr'><strong>scriptum</strong></span> <span class='ocrx_word' id='word_1_980' title='bbox 1145 2828 1183 2851; x_wconf 66' lang='lat' dir='ltr'><strong>est</strong></span> <span class='ocrx_word' id='word_1_981' title='bbox 1201 2826 1458 2860; x_wconf 74' lang='grc' dir='ltr'>προτετρεπομένου.</span> 
     </span>
    </p>
   </div>
   <div class='ocr_carea' id='block_1_121' title="bbox 1838 1532 1842 1657">
    <p class='ocr_par' dir='ltr' id='par_1_121' title="bbox 1838 1532 1842 1657">
     <span class='ocr_line' id='line_1_121' title="bbox 1838 1532 1842 1657; baseline 0 0"><span class='ocrx_word' id='word_1_982' title='bbox 1838 1537 1842 1657; x_wconf 76' lang='lat' dir='ltr'><strong>l</strong></span> 
     </span>
    </p>
   </div>
  </div>
