1843 3076
87 124 137 150 609

634 121 860 149 EXHORTATIO
878 122 924 148 AD
942 121 1036 148 MART
1042 121 1160 150 YRIUM.

1664 126 1716 153 6H

86 191 157 213 τινος
172 182 201 208 δὲ
221 182 303 209 ἄλλου
327 183 375 217 τῆς
400 182 519 218 κεφαλῆς
536 183 562 209 αἱ
583 182 675 217 τρίχες
693 182 876 218 ἠριθμημέναι

963 190 1011 209 rem
1028 182 1142 210 confessi
1156 183 1266 216 erimus,
1283 191 1344 211 cum
1364 184 1539 212 confitebitur
1550 192 1600 212 nos
1621 193 1713 214 coram

86 228 150 258 εἰσὶ,
171 227 308 258 κάκείνοις
323 227 453 262 δηλονότι,
468 229 524 258 τοῖς
551 227 595 253 διὰ
621 227 666 254 τὸν
684 227 786 262 Ἰησοῦν
809 228 878 253 ἀπο-

85 273 272 308 τεμνομένοις,
283 273 485 308 ὁμολογήσομεν
511 273 539 299 ὲν
556 273 593 307 τῷ
608 272 675 307 Υἱῷ,
689 272 735 299 τοῦ
744 273 821 304 Θεοῦ,
832 273 879 299 καὶ

933 228 986 254 Deo
1002 232 1028 255 et
1053 227 1133 254 Patre
1146 235 1194 254 suo
1214 233 1240 255 et
1260 229 1433 257 confitebitur
1447 232 1473 257 in
1493 231 1569 258 oculis
1583 238 1646 258 eum
1670 233 1710 266 qui

931 280 962 299 se
977 273 1004 298 ill
1024 278 1094 300 terra
1116 273 1256 300 confessus
1272 274 1362 301 fuerit.

86 318 141 354 τῶν
166 318 328 354 ἀνθρώπων,
353 319 398 345 καὶ
413 319 444 345 οὑ
459 318 527 344 θεῶν
543 318 698 353 ἔμπροσθεν
711 318 777 353 (54),
792 319 824 344 ἵν’
842 319 915 353 ἡμᾶς
929 319 1076 354 ἀμείψηται
1099 320 1113 345 ὁ
1131 319 1316 354 ὁμολογηθεὶς,
1332 321 1498 357 ὁμολογήσας
1513 324 1587 358 ἡμᾶς
1611 323 1708 359 ἔμπρο¹

87 364 150 390 σθεν
170 363 216 389 τοῦ
233 363 312 395 Θεοῦ,
327 363 374 389 καὶ
387 363 491 397 Πατρὸς
507 363 614 394 ἑαυτοῦ,
633 363 679 390 καὶ
697 363 866 398 ὁμολογήσας
887 363 931 388 τὸν
958 363 1160 399 ὁμολογήσαντα
1174 365 1255 391 αὑτὸν
1274 365 1319 391 ἐπὶ
1335 363 1397 400 γῆςΔ
1408 368 1487 399 αὐτὸς
1500 369 1529 394 ὲν
1541 370 1673 405 οὐρανοῖς.

122 412 170 443 Τίς
184 411 206 437 δ’
220 411 264 444 ἂν,
281 411 457 446 λογισάμενος
470 411 504 436 τὰ
519 411 638 442 τοιαῦτα,
649 411 699 436 οὐκ
715 409 881 445 ἐπιφθέγξη-

86 466 129 485 ται
146 458 178 484 τὸ
192 457 368 484 ἀποστολικὸν
386 457 483 488 ἐκεῖνο,
499 457 544 482 t6-
562 466 571 482 ι
587 456 644 483 Οὐκ
661 456 723 488 ἄξια
743 455 777 482 τὰ
789 455 879 490 παθή-

88 513 162 539 ματα
177 503 223 529 τοῦ
240 503 287 530 νῦν
294 502 390 538 καιροῦ
402 503 470 538 πρὸς
477 503 525 538 τὴν
535 503 680 538 μέλλουσαν
691 502 768 535 δόξαν
777 502 881 528 ἀποκα-

87 549 223 584 λυφθῆναι
239 550 278 581 είς
293 550 383 584 ἡμᾶς
403 558 412 574 ι
423 548 486 580 Πῶς
497 548 550 584 γὰρ
558 548 587 574 οὐ
599 547 687 583 πολλῷ
706 547 804 582 μείζων
814 548 880 582 ὁμο-

85 594 180 628 λογίας
191 595 240 629 τῆς
252 594 404 629 ἔμπροσθεν
417 593 567 626 ἀνθρώπων
577 595 593 628 ἠ
607 593 760 628 ἔμπροσθεν
768 592 814 619 τοῦ
822 593 878 620 Πα-

85 641 150 676 τρδς
164 640 305 675 όμολογία;
321 639 382 670 Πῶς
393 639 415 665 δ’
424 640 453 665 οὑ
469 638 529 665 καθ’
539 639 689 674 ὑπερϐολὴν
706 639 877 674 ὑῇρέχουσα

85 686 137 720 τῆς
153 686 200 712 ἐπὶ
212 686 263 720 γῆς
278 685 438 720 ὁμολογίας,
458 685 490 720 ἣν
505 684 640 720 μάρτυρες
655 684 815 720 ὁμολογοῦσι
831 684 889 716 τὸν,

86 732 151 758 Υἱὺν
157 731 204 758 τοῦ
211 731 289 763 Θεοῦ,
296 733 324 758 ὲν
331 732 361 758 οὐ
366 733 454 767 ρανοίς
461 731 507 758 τοῦ
515 731 647 766 ὁμολογηο
651 731 725 762 ἐντος
736 731 865 766 ὁμολογία
871 739 877 763 ;

86 777 273 812 Λογισάμενος
283 777 311 803 δέ
321 786 362 808 τις
372 777 541 813 ἀρνήσασθαι
551 777 703 812 ἔμπροσθεν
712 777 766 803 τῶν
777 776 878 812 ἀνθρώ·-

85 821 411 858 πων,ὑπομιμνησκέσθω
425 822 471 849 τοῦ
483 822 606 856 meum;
619 822 748 853 εἰπόντος·
761 831 771 848 ι
782 822 882 856 ’Δπαρ-

85 870 203 905 νήσομαι
218 868 295 902 κάγὼ
303 868 381 895 αὐτὸν
390 868 542 904 ἔμπροσθεν
554 867 601 894 τοῦ
610 868 715 903 Πατρός
727 876 778 903 μου
793 867 838 894 τοῦ
849 868 876 893 ὲν

84 915 221 950 οὐρανοῖς.
235 924 244 940 ι
261 915 319 940 Ἔτι
328 914 355 940 δὲ
367 915 414 941 καὶ¹
425 914 504 940 τοῦτο
515 914 676 950 θεωρητέον,
688 914 729 940 ὅτι
739 914 752 939 6
762 913 810 948 μὲν
817 914 878 948 ὁμο-

84 960 172 994 λογῶν
189 961 217 986 ὲν
231 959 270 995 τῷ
279 959 335 994 Υίῷ
351 959 503 995 ἔμπροσθεν
520 959 574 986 τῶν
594 959 755 995 ἀνθρώπων,
769 959 799 985 τὸ
815 959 877 985 ὅσον

84 1006 125 1039 ἐφ’
140 1004 241 1040 ἑαυτῷ,
256 1005 393 1039 συνίστησι
408 1004 630 1040 Χριστιανισμὸν,
648 1005 694 1031 καὶ
706 1004 751 1030 τὸν
771 1004 878 1038 πατέρα

84 1050 298 1086 Χριστιανισμοῢ
311 1050 416 1083 τούτου,
439 1051 480 1084 ἐφ’
493 1049 530 1077 ὧν
553 1050 692 1085 ὁμολογεῖ·
709 1051 723 1076 ὁ
738 1049 766 1076 δὲ
783 1048 878 1084 ὁμολο-

83 1097 217 1131 γούμενος
240 1096 292 1122 ὑπὸ
313 1094 360 1122 τοῦ
383 1095 473 1131 πάσης
493 1095 607 1127 κτίσεως
634 1095 805 1131 πρωτοτόκου
830 1094 877 1121 καὶ

83 1142 129 1168 τοῦ
144 1141 210 1167 Υἱοῦ
227 1141 274 1167 τοῦ
289 1141 443 1176 ἀνθρώπου,
461 1141 617 1167 συνίσταται
633 1140 677 1167 διὰ
687 1141 737 1176 τῆς
748 1140 794 1166 τοῦ
809 1140 875 1166 Υἰοῦ

84 1186 131 1212 τοῦ
147 1186 228 1218 Θεοῦ,
245 1187 293 1213 καὶ
307 1186 353 1212 τοῦ
366 1186 431 1213 Υἱοῦ
445 1186 492 1212 τοῦ
516 1186 659 1221 ἀνθρώπου
673 1187 826 1221 ὁμολογίας,
839 1185 877 1221 τῷ

84 1233 112 1258 ὲν
126 1233 253 1268 οὐρανοῖς
269 1232 356 1268 Πατρὶ
369 1233 416 1259 καὶ
432 1233 487 1263 τοῖς
499 1232 624 1266 ἀγγέλοις
638 1233 685 1258 τοῦ
699 1231 776 1258 Θεοῦ.
790 1233 877 1268 Εἴπερ

83 1277 111 1303 δὲ
130 1287 138 1302 ι
155 1278 206 1311 οὐχ
219 1277 233 1302 ὀ
245 1277 339 1304 ἑαυτὸν
361 1277 525 1304 συνιστάνων
550 1277 651 1308 ἐκεῖνός
672 1277 729 1303 ἐστι
757 1277 876 1312 δόκιμος,

85 1323 140 1348 ἀλλ’
157 1323 188 1349 ὃν
202 1323 216 1348 6
231 1322 331 1358 Κύριος
349 1322 497 1357 συνίστησι,
522 1331 532 1348 ι
550 1322 609 1354 πῶς
624 1322 654 1348 οὑ
682 1323 734 1358 χρὴ
759 1323 877 1358 νομίζειν

85 1367 155 1394 εἶναι
180 1368 300 1402 δόκιμον,
327 1368 372 1394 τὸν
397 1367 470 1399 ἄξιον
495 1367 622 1402 κριθέντα
638 1368 688 1402 τῆς
700 1367 768 1402 πρὸς
786 1367 831 1394 τὸν
849 1369 877 1395 ὲν

85 1414 213 1450 οὐρανοῖς
242 1414 350 1450 Πατέρα
375 1414 483 1448 καὶτῆς
503 1413 570 1449 πρὸς
599 1413 661 1445 τοὺς
683 1413 814 1447 αγγέλους
830 1413 877 1440 τοῦ

83 1460 151 1487 Θεοῦ
172 1459 345 1492 συστάσεωςς
370 1460 402 1485 Εἰ
427 1459 456 1486 δὲ
481 1459 591 1495 δόκιμος
606 1459 660 1494 (55)
680 1457 766 1491 οὗτος,
783 1459 830 1486 καὶ
851 1459 876 1486 οἱ

83 1506 271 1542 παραπλήσιοι
291 1504 373 1540 αὑτῷ,
388 1505 434 1536 οὓς
450 1514 459 1530 ‹
479 1505 516 1536 ὡς
524 1504 624 1541 χρυσὸν
637 1506 665 1531 ἐν
677 1505 851 1541 χωνευτηρίῳ
863 1514 873 1531 ι

82 1554 141 1584 ταῖς
159 1551 287 1587 βασάνοις
294 1551 340 1577 καὶ
355 1552 414 1582 ταῖς
430 1549 583 1583 ὲξετάσεσιν
595 1559 604 1576 ι
616 1550 774 1585 ἐδοκίμασεν
791 1551 805 1576 ὁ
821 1550 877 1576 Κύ-

84 1605 152 1633 ριος,
166 1597 214 1624 καὶ
231 1596 269 1628 ὡς
285 1595 473 1631 ὁλοκάρπωμα
493 1595 587 1628 θυσίας
605 1594 799 1631 προσεδέξατο·
821 1604 831 1621 ι
850 1594 876 1620 τί

82 1643 134 1678 χρὴ
155 1642 245 1677 λέγειν
260 1641 393 1677 περὶτῶν
414 1641 594 1676 ἐλεγχθέντων
611 1642 640 1667 ἐν
660 1642 694 1676 τῇ
711 1640 818 1676 καμίνῳ
830 1639 876 1666 τοῦ

83 1687 251 1724 πειρασμοῦ,
268 1687 314 1714 καὶ
331 1687 535 1723 ἀρνησαμένων,
553 1686 600 1717 οὒς
613 1685 651 1717 ὡς
666 1685 810 1721 ἀδοκίμους
825 1685 876 1720 ἀρ-

82 1736 170 1762 νεῖται
187 1733 341 1770 ἐμπροσθεν
354 1733 401 1760 τοῦ
426 1734 454 1760 ὲν
466 1733 592 1768 οὐρανοῖς
611 1731 726 1767 Πατρδς,
741 1731 788 1758 καὶ
809 1729 876 1757 ἐνώ-

82 1789 143 1806 πιον
167 1779 223 1806 τῶν
248 1779 370 1814 ἀγγέλων
386 1778 439 1811 ἷτοῦ
459 1778 538 1812 Θεοῦ,
557 1778 571 1804 6
587 1777 633 1804 τὸν
649 1775 723 1808 ἄξιον
737 1776 877 1812 ἀρνήσεως

83 1826 167 1861 ἀρνού
173 1834 253 1861 μενος
262 1833 270 1857 ;

116 1873 176 1898 Καὶ
197 1871 228 1897 οὑ
245 1871 323 1906 μόνον
339 1878 370 1904 γε
394 1869 462 1904 πρὸς
483 1868 513 1894 τὸ
535 1867 572 1903 μὴ
592 1866 760 1903 ἀρνήσασθαι
775 1866 876 1904 ἀγωνι-

83 1918 172 1949 στέον,
187 1916 256 1944 ἀλλὰ
269 1916 315 1943 καὶ
326 1915 395 1951 πρὸς
408 1914 439 1941 τὺ
456 1914 523 1950 μηδὲ
530 1914 579 1950 τὴν
591 1914 678 1949 ἀρχὴν
689 1912 874 1950 αἰσχυνθῆναι,

82 1962 261 1998 νομιζόμενον
292 1962 367 1997 παρὰ
395 1962 450 1991 τοῖς
479 1959 628 1996 ἀλλοτρίοις
654 1958 721 1986 Θεοῦ
746 1957 876 1993 αἰσχύνης

82 2009 146 2042 ἄξια
161 2009 293 2044 πάσχειν·
311 2008 357 2034 καὶ
387 2007 503 2043 μάλιστα
517 2007 541 2033 εἰ
561 2005 700 2038 sagacem
721 2005 767 2032 καὶ
782 2004 876 2031 ἀποδε-

82 2055 158 2090 χθεὶς
177 2054 232 2081 ὑπὸ
245 2054 376 2081 πλείστων
392 2054 461 2089 ὅσων
477 2053 590 2084 πόλεων,
607 2051 654 2078 νῦν
665 2051 784 2087 ὡσπερεὶ
806 2059 876 2085 πομ-

82 2101 188 2133 πεύεις,
202 2100 288 2135 αἴρων
304 2099 350 2126 τὸν
365 2098 480 2134 σταυρὸν
497 2098 545 2124 τοῦ
565 2097 661 2132 Ἰησοῦ,
684 2097 738 2132 ιερὲ
758 2096 875 2137 ’ᾼμόρό-

967 411 1012 437 55.
1032 411 1099 444 Quis
1112 416 1202 438 autem
1216 411 1272 438 haec
1287 417 1430 445 reputans,
1444 414 1508 441 illud
1520 417 1642 449 Apostnli
1657 426 1711 444 non

932 457 1098 483 exclamabit
1115 465 1121 483 :
1142 465 1152 482 ι
1166 456 1224 484 Νοη
1240 462 1302 484 sunt
1319 459 1460 493 condigna:
1475 460 1614 494 passiones
1632 462 1714 495 hujus

933 503 1064 536 temporis
1081 505 1114 529 ad
1132 502 1254 530 futuram
1276 503 1389 539 gloriam
1413 512 1473 539 quae
1497 506 1661 534 revelabitur
1686 509 1712 534 in

934 548 1012 575 nobis
1027 548 1049 564 "
1065 548 1099 575 ‘Ii
1116 549 1175 582 Quo
1196 555 1275 584 pacto
1297 550 1368 577 enim
1390 558 1442 577 non
1470 551 1547 586 longe
1571 553 1657 585 major
1679 555 1714 582 sit

931 593 1105 621 confessione
1120 602 1180 629 qua:
1194 603 1286 622 coram
1301 596 1457 624 hominibus
1473 597 1517 628 fit,
1534 598 1579 624 illa
1593 606 1652 632 qua:
1667 607 1714 626 co-

932 646 989 665 ram
1005 639 1084 667 Pulre
1098 640 1163 667 ﬁet!
1186 640 1325 674 Quomodo
1340 641 1539 670 confessionem
1563 651 1615 678 qua
1640 652 1713 671 mar-

931 689 1003 719 tyres
1021 685 1048 712 in
1065 690 1136 713 terra
1152 686 1251 713 Filium
1270 686 1316 713 Dei
1334 687 1506 720 confitentur,
1523 689 1604 724 longo
1627 690 1714 716 inter-

932 730 1004 757 vallo
1027 739 1082 758 non
1109 732 1282 767 superaverit
1308 733 1459 765 confessio,
1485 742 1565 768 quam
1590 735 1613 762 is
1633 743 1712 770 quem

931 775 1048 803 confessi
1064 781 1145 808 sunt,
1159 777 1186 804 in
1209 778 1287 805 caelis
1303 778 1399 805 reddet
1413 778 1424 804 ‘I
1440 778 1467 805 Si
1485 780 1544 813 quis
1563 785 1652 807 autem
1669 787 1715 807 ne—

897 816 917 842 Β
933 827 997 854 gare
1012 829 1103 848 coram
1118 822 1275 850 hominibus
1290 823 1409 857 cogitat,
1425 824 1579 851 meminerit
1593 824 1651 858 ejus
1666 826 1712 859 qui

931 873 992 893 vere
1006 867 1075 894 dixit
1090 875 1097 894 :
1115 877 1124 893 ε
1142 867 1252 903 Negabo
1266 872 1293 896 et
1306 876 1356 903 ego
1369 876 1431 895 eum
1445 877 1537 896 coram
1555 870 1636 897 Patre
1652 879 1712 897 meo

929 911 976 944 qui
993 911 1019 938 in
1035 912 1111 940 caelis
1127 918 1179 940 est.
1195 922 1203 939 ›
1220 913 1288 941 illud
1302 915 1383 942 etiam
1400 916 1575 948 spectandum
1589 920 1630 942 est
1644 925 1650 942 :
1665 916 1711 950 qui

931 956 1032 983 Filium
1051 965 1142 984 coram
1155 958 1311 985 hominibus
1334 959 1488 992 conﬁtetur,
1512 960 1711 992 Christianum,

930 1006 1062 1037 quantum
1079 1003 1104 1030 in
1121 1011 1150 1030 sc
1165 1008 1207 1030 est
1219 1024 1226 1036 ,
1240 1005 1396 1040 religionem
1411 1008 1597 1039 commendat.
1611 1012 1639 1034 et
1652 1008 1712 1042 ejus

931 1048 1073 1083 religionis
1095 1054 1237 1083 parentem
1258 1057 1339 1084 quam
1370 1052 1524 1079 confitetur.
1547 1054 1629 1086 Quem
1648 1061 1713 1080 vero

931 1094 1075 1120 conlitetur
1087 1094 1288 1128 primogenitus
1310 1096 1400 1122 omnis
1420 1102 1555 1123 creatura:
1577 1102 1604 1125 et
1627 1098 1712 1124 Filius

929 1137 1066 1170 hominis,
1083 1140 1292 1167 commendatur
1306 1147 1354 1174 per
1374 1140 1472 1168 Filium
1497 1142 1544 1169 Dei
1565 1147 1592 1170 et
1614 1143 1711 1170 Filium

930 1183 1050 1211 hominis
1064 1185 1133 1218 apud
1148 1185 1289 1212 cmlestem
1313 1185 1422 1213 Patrem
1436 1191 1465 1214 et
1479 1187 1588 1222 angelos
1601 1187 1659 1214 Dei.
1682 1188 1710 1214 Si

930 1233 1020 1256 autem
1036 1238 1046 1254 ‹
1061 1237 1115 1257 non
1132 1231 1176 1264 qui
1189 1231 1311 1264 seipsnm
1326 1232 1498 1259 commendat
1514 1233 1558 1260 ille
1580 1233 1711 1265 probatus

929 1279 990 1308 est,
1019 1276 1066 1303 sed
1091 1284 1171 1310 quem
1196 1277 1268 1305 Deus
1292 1279 1510 1306 commendat‘:
1527 1289 1536 1305 ι
1550 1279 1611 1313 quis
1633 1279 1710 1306 illum

928 1322 1071 1355 probatum
1101 1330 1155 1349 non
1178 1328 1289 1351 censeat
1314 1324 1360 1359 qui
1386 1325 1484 1359 dignus
1506 1323 1644 1358 judicatus
1670 1329 1712 1352 est

928 1367 1114 1395 commendari
1139 1370 1210 1402 apud
1234 1370 1372 1397 cmlestem
1396 1369 1503 1397 Patrem
1524 1375 1552 1397 et
1572 1371 1641 1404 apud
1664 1378 1713 1397 an-

928 1412 1003 1447 gelos
1021 1413 1091 1439 Dei?
1108 1413 1186 1446 Quod
1202 1414 1224 1441 si
1239 1415 1372 1449 probatus
1389 1419 1431 1442 est
1446 1419 1474 1442 et
1491 1415 1551 1448 ille,
1567 1419 1594 1442 et
1614 1417 1659 1450 qui
1676 1416 1712 1442 si-

930 1458 1006 1486 miles
1024 1458 1063 1486 illi
1087 1464 1167 1492 sunt,
1182 1467 1250 1494 quos
1261 1469 1271 1486 (
1283 1466 1411 1495 tanquam
1423 1468 1520 1488 aurum
1534 1461 1561 1488 in
1576 1461 1686 1488 fornace
1699 1470 1709 1487 ι

929 1504 1071 1530 tormentis
1091 1507 1120 1531 et
1144 1505 1364 1538 quaestionibusr
1382 1505 1509 1540 probavit
1531 1506 1661 1534 Dominus
1685 1511 1712 1533 et

928 1549 1004 1582 quasi
1022 1548 1176 1577 holocauin
1200 1550 1318 1578 hostiam
1341 1551 1447 1585 accepit
1461 1552 1471 1567 '
1484 1558 1491 1577 :
1505 1561 1514 1577 ι
1527 1552 1592 1586 quid
1609 1553 1641 1578 de
1658 1551 1713 1578 illis

927 1593 1069 1621 dicendum
1086 1598 1129 1622 est
1145 1595 1191 1629 qui
1210 1596 1236 1622 in
1255 1596 1416 1623 tentationis
1436 1597 1546 1624 fornace
1564 1596 1711 1624 examinati

928 1645 1111 1674 negaverunt,
1127 1647 1195 1674 quos
1211 1645 1241 1668 ut
1253 1642 1385 1676 reprobos
1397 1649 1490 1669 coram
1507 1642 1589 1669 Patre
1602 1641 1708 1669 caelesti

927 1689 954 1712 et
971 1692 1062 1712 coram
1077 1685 1183 1720 angelis
1205 1686 1251 1714 Dei
1272 1692 1352 1722 negat
1374 1687 1420 1715 ille
1439 1688 1486 1722 qui
1510 1688 1652 1723 negatione
1671 1686 1712 1714 di-

926 1738 1008 1765 gnum
1024 1737 1104 1766 negat
1117 1733 1129 1758 ’Ξ

962 1862 1008 1890 56.
1034 1862 1088 1890 Nec
1105 1870 1138 1890 eo
1155 1867 1259 1890 tantum
1275 1862 1434 1891 certandum
1450 1867 1493 1890 est
1508 1870 1542 1890 ne
1564 1870 1709 1898 negemus,

925 1909 972 1936 sed
985 1916 1020 1936 ne
1032 1908 1144 1936 omnino
1155 1908 1350 1935 erubescamus
1359 1927 1367 1940 ,
1378 1915 1439 1935 cum
1455 1907 1502 1935 Dei
1517 1909 1608 1936 hostes
1621 1910 1708 1944 turpia

926 1955 981 1990 pati
998 1961 1048 1982 nos
1062 1954 1239 1987 existimant,
1254 1958 1282 1980 et
1304 1953 1424 1981 maxime
1439 1953 1522 1988 298
1536 1953 1558 1981 si
1579 1961 1639 1981 cum
1662 1958 1690 1980 tu
1701 1975 1709 1987 ,

929 2008 1008 2028 sacer
1020 1999 1148 2027 Ambrosi
1161 2019 1169 2031 ,
1184 1998 1308 2034 plurimis
1322 1999 1480 2026 civitatibus
1494 1999 1643 2027 honoriﬁce
1657 1999 1709 2026 Ιη-

925 2047 999 2074 bitus
1018 2050 1045 2074 et
1060 2050 1190 2080 exceptus
1208 2045 1266 2078 sis,
1286 2053 1359 2072 nunc
1374 2045 1400 2072 in
1417 2052 1514 2079 pompa
1532 2053 1581 2073 ceu
1597 2046 1709 2073 victima
1732 2054 1735 2058 ·

925 2092 1040 2120 ducaris
1053 2096 1164 2127 portans
1179 2098 1288 2119 crucem
1303 2090 1369 2119 Jesu
1383 2099 1499 2127 eumque
1522 2099 1639 2126 sequens
1661 2092 1708 2126 qui

83 2157 134 2179 σιε,
150 2147 200 2174 καὶ
226 2145 381 2173 ἀκολουθῶν
401 2143 486 2179 αὑτῷ,
511 2142 657 2178 προάγοντι
673 2142 719 2168 ἐπὶ
739 2142 874 2177 ἡγεμόνας

969 2138 1003 2166 ad
1016 2138 1147 2173 praesides
1171 2142 1199 2164 et
1223 2144 1301 2172 reges
1321 2138 1474 2172 praecedat,
1499 2141 1530 2164 ut
1544 2141 1631 2164 tecum
1652 2137 1710 2172 ipse

82 2195 130 2221 καὶ
159 2192 289 2229 βασιλεῖς,
316 2191 369 2222 ἵνα,
396 2190 476 2221 αὑτός
499 2197 539 2215 σοι
562 2187 770 2223 συμπορευθεὶς,
796 2187 876 2219 αὑτός

83 2246 125 2264 σοι
141 2237 182 2272 δῷ
200 2236 249 2263 καὶ
265 2235 351 2270 στόμα
364 2234 410 2261 καὶ
429 2233 534 2268 σοφίαν,
551 2232 600 2259 καὶ
615 2232 656 2259 σοι
680 2232 718 2267 τῷ
731 2240 877 2269 συναγωνι-

84 2285 133 2319 ο-εῇ
149 2282 246 2313 αὐτοῦ,
272 2281 460 2318 Πρωτὸκτητε,
487 2279 533 2306 καὶ
550 2278 790 2314 συμμαρτυροῦσιν
811 2279 875 2313 ἡμῖν

84 2326 422 2364 (56),ιτοῖςάναπληροῦσι
438 2325 472 2352 τὰ
487 2325 661 2360 ὑστερήματα
676 2324 729 2351 τῶν
749 2323 877 2358 παθημά-

83 2384 137 2401 των
151 2375 200 2401 τοῦ
214 2373 341 2409 Χριστοῦ,
360 2382 370 2399 ι
389 2373 438 2398 σὺν
454 2372 520 2407 ἡμῖν
534 2371 648 2405 γένηται
670 2370 716 2396 ἐπὶ
733 2369 778 2396 τὸν
791 2369 879 2405 παρά-

83 2420 173 2446 δεισον
198 2418 246 2445 τοῦ
273 2417 358 2450 Θεοῦ,
386 2416 562 2447 ὑποδεικνὺς,
587 2415 646 2447 πῶς
673 2414 706 2441 ἂν
734 2415 875 2450 διαδύσητε

87 2474 97 2491 ‹
117 2465 152 2492 τὰ
169 2465 302 2501 χερουὸὶμ
314 2462 362 2491 καὶ
375 2463 423 2499 τὴν
437 2462 565 2497 φλογίνην
580 2461 727 2497 ῥομφαίαν,
740 2461 789 2496 τὴν
802 2469 878 2497 στρε-

85 2511 210 2546 φομένην
235 2510 281 2537 καὶ
303 2509 490 2545 φυλάσσουσαν
510 2508 559 2543 τὴν
575 2507 634 2535 ὁδὸν
653 2506 700 2534 τοῦ
725 2506 804 2539 ξύλου
827 2507 875 2541 τῆς

927 2183 1059 2211 incedens
1079 2183 1136 2217 ipse
1159 2189 1189 2209 os
1205 2181 1253 2209 tibi
1273 2181 1319 2208 det
1335 2187 1361 2209 et
1375 2182 1535 2216 sapientiam
1550 2190 1558 2215 ;
1576 2181 1625 2209 tibi
1642 2189 1709 2216 quo-

927 2237 979 2264 que
993 2229 1149 2257 certaminis
1163 2228 1282 2263 ejusdem
1298 2228 1384 2261 socio,
1395 2227 1560 2260 Protoctete,
1576 2231 1604 2255 et
1620 2232 1711 2254 vester

927 2275 953 2302 in
969 2275 1101 2310 martyrio
1113 2281 1228 2301 consors
1242 2282 1252 2298 ‹
1267 2274 1312 2308 qui
1327 2272 1482 2306 adimpletis
1494 2279 1526 2300 ea
1538 2279 1599 2306 qua;
1613 2272 1710 2299 desunt

927 2321 1083 2354 passionum
1108 2319 1213 2347 Christi
1230 2320 1241 2335 ³
1256 2329 1265 2345 ι
1282 2319 1421 2346 vobiscum
1445 2318 1481 2345 sit
1500 2318 1533 2344 ad
1554 2318 1709 2351 paradisum

929 2366 996 2398 Dei,
1012 2365 1157 2393 ostendens
1174 2365 1310 2400 quomodo
1334 2363 1529 2399 perlranseatis
1544 2372 1553 2388 ‹
1568 2363 1708 2389 cherubim

927 2417 955 2440 et
975 2412 1129 2439 ﬂammeum
1151 2411 1269 2445 gladium
1295 2414 1377 2443 atque
1399 2407 1554 2436 versatilem
1576 2412 1604 2434 et
1617 2411 1709 2434 custo-

927 2459 1048 2486 dientem
1063 2458 1133 2484 viam
1150 2457 1215 2492 ligni
1231 2457 1292 2483 vitae
1307 2455 1329 2483 δ.
1345 2464 1354 2481 ι
1370 2455 1433 2482 llaec
1448 2454 1520 2482 enim
1537 2453 1617 2480 ambo
1629 2473 1637 2486 ,
1656 2453 1707 2480 etsi

929 2504 1000 2530 viam
1022 2502 1086 2538 ligni
1107 2502 1172 2530 vitae
1191 2500 1363 2533 custodiunt,
1384 2500 1447 2527 ideo
1468 2498 1645 2532 custodiunt,
1675 2505 1710 2525 ne

123 2600 146 2616 θ’
157 2598 354 2631 Rom.vur,l8.
393 2597 402 2613 ¹
419 2597 438 2624 Il
455 2597 519 2626 Cor.
533 2605 560 2630 κ,
578 2596 623 2625 l8.
652 2592 672 2612 ⁸¹
685 2595 748 2630 Sap.
763 2603 805 2628 ιιι,
820 2594 848 2622 6.

963 2601 1014 2622 oss.
1034 2600 1053 2624 t,
1067 2592 1112 2619 24.
1151 2592 1162 2608 δ
1176 2591 1278 2619 Genes.
1297 2598 1340 2622 ιιι,
1356 2589 1404 2616 24.

121 2681 180 2716 (34)
198 2679 253 2706 Καὶ
278 2679 314 2706 οὐ
339 2677 414 2705 θεῶν
437 2678 615 2712 ἔμπροσθεν,
630 2675 714 2704 Vocat
737 2675 768 2701 οὑ
785 2675 872 2716 θεοὺς,

87 2712 139 2754 non
171 2712 263 2755 ideas.
290 2724 359 2751 idola
389 2723 519 2756 gentium.
551 2722 684 2749 llebraice
709 2712 871 2752 nimisab,

87 2761 163 2788 lsaize
180 2767 242 2794 cap.
258 2767 360 2789 xxxvn.
375 2759 416 2786 19.
439 2758 539 2786 Confer
562 2757 705 2784 Deuteron.
724 2764 810 2787 xxxii.
828 2756 871 2788 17,

86 2801 112 2821 ct
128 2797 135 2821 1
153 2795 220 2822 Cor.
240 2803 267 2826 ι,
286 2794 330 2821 '20.
348 2794 558 2821 Wsrsrnemus.

123 2830 180 2864 (.35)
197 2831 230 2856 El
250 2829 283 2855 δὲ
297 2829 429 2863 δόκιμος..
443 2828 469 2855 ln
489 2836 539 2855 ms.
552 2828 637 2859 deest,
653 2826 687 2853 εί.

962 2684 1018 2719 (56)
1034 2682 1297 2719 Ewtuaprvpoﬁmy
1313 2681 1393 2715 ἡμῖν.
1418 2680 1491 2715 Lego
1507 2676 1710 2719 συμμαρτυρῷν

927 2714 1149 2756 ὑμῖν.ῬΓ;εῖὲῐ·οΞι
1163 2714 1262 2756 "timeo.
1275 2716 1431 2756 frequenter
1446 2714 1490 2756 me
1505 2720 1608 2754 mutare
1627 2714 1654 2756 i‘n
1669 2714 1710 2754 in-

928 2747 1118 2787 treprctatione
1144 2758 1223 2787 voces
1251 2747 1332 2787 ἡμᾶς,
1358 2750 1433 2784 ἡμῖν,
1465 2748 1606 2787 ﬁnitimi"
1632 2747 1710 2782 ὑμεῖς

927 2783 1009 2824 ὑμᾶς,
1023 2788 1086 2823 ὑμῖν
1103 2786 1188 2824 ὑμῶν..
1210 2790 1237 2812 et
1258 2783 1315 2824 vice
1331 2783 1418 2816 versa,
1436 2783 1539 2818 quoties
1563 2783 1589 2810 id
1616 2788 1708 2810 sensus

927 2820 1094 2852 commodior
1109 2820 1247 2856 requirere
1264 2820 1378 2846 videtur.
