1843 3076
143 97 191 124 (ill

881 92 1043 122 ORIGENIS

1719 94 1779 122 612

143 156 206 190 quis
220 154 347 190 indignus
363 155 435 182 illam
450 159 624 189 pertranseat
642 158 669 182 el.
685 155 719 181 ad
741 154 843 188 lignum
865 155 926 181 vita:

1002 153 1060 189 ιιῆς.
1082 162 1090 178 ι
1109 152 1201 180 Ταῦτα
1216 153 1270 188 γὰρ
1293 152 1442 188 ἀμφότερα,
1460 154 1486 179 εἰ
1504 153 1551 180 καὶ
1567 153 1699 187 φυλάσσει
1723 155 1781 189 τὴν

144 202 246 228 audeat
261 201 404 228 accedere.
420 200 578 228 Flumineus
595 201 667 228 enim
687 200 793 235 gladius
807 207 853 227 eos
868 207 929 234 pro-

145 246 249 273 hibebit
264 246 308 280 qui
325 255 335 271 r
347 253 429 280 super
449 246 656 273 fundamentum
671 246 742 280 quod
757 245 874 280 positum
888 249 930 272 cst

143 291 235 318 Jesum
257 291 392 318 Christum
409 291 688 326 supertedilicaverint
714 291 798 326 ligna,
819 291 928 322 fenum,

144 339 189 361 aut
202 335 328 369 stipulam
343 335 355 350 '
371 345 380 361 ι
397 341 423 362 et
437 335 509 369 quod
524 335 643 362 maxime
659 336 779 363 omniurn
794 339 821 362 et
835 335 867 361 ad
885 343 931 362 ac-

143 379 310 406 cendendum
333 385 361 407 et
383 380 417 406 ad
440 381 655 408 comburendum
682 381 809 408 idoneum
825 387 881 414 est,
897 381 929 407 li-

143 432 242 458 gnum,
267 430 297 451 ut
319 425 356 451 ita
380 425 487 459 loquar,
511 426 678 460 negationis;
702 426 841 454 cherubim
865 434 929 453 vero

142 477 190 496 eos
211 470 256 503 qui
274 470 310 497 ita
326 471 474 504 comparati
492 478 543 497 non
558 477 621 497 sunt
634 475 662 498 ut
676 479 690 498 a
703 470 828 498 ﬂatnmeo
840 471 928 505 gladio

142 520 334 546 coerceantur,
350 523 412 542 cum
430 516 498 543 nihil
516 517 710 543 :cdilicavcriut
731 517 801 550 quod
824 517 872 551 ipsi
889 517 927 543 af-

142 561 197 588 ﬁne
212 562 266 593 sit,
283 562 434 596 suscipicut
450 567 477 589 et
493 563 645 597 perducent
660 563 693 590 ad
709 563 810 597 lignum
827 563 888 590 vita:
901 566 928 589 et

142 607 176 633 ad
191 615 221 634 ea
236 609 327 634 omnia
343 616 405 642 quae
421 608 551 642 plantavit
568 609 639 635 Deus
657 609 682 635 in
700 609 804 636 oriente
827 609 927 643 produ-

143 653 236 688 xilque
252 654 285 680 de
302 655 382 680 humo
396 654 417 681 η.
432 653 496 681 Jesu
511 659 600 681 autem
616 655 668 682 iter
682 655 820 681 vobiscum
836 655 868 682 ad
883 662 928 689 pa-

143 698 264 724 radisum
281 698 408 731 faciente,
424 699 605 726 contemnetis
616 699 824 733 serpcntcmqui
841 700 927 726 victus

143 747 185 769 est
207 748 234 770 et
255 743 390 770 contritus
410 744 460 770 sub
485 744 599 778 pedibus
625 743 689 771 Jesu
702 764 709 776 ,
732 749 758 771 et
777 752 824 779 per
840 744 925 778 ipsqu

143 788 225 816 etiam
242 788 292 815 sub
307 788 419 822 pedibus
437 789 550 816 vestris:
566 798 575 814 ‹
591 797 651 816 cuin
674 789 779 816 dederit
792 790 871 816 nobis
883 798 927 823 po-

145 837 271 860 testatem
288 833 410 860 calcandi
426 841 509 868 super
524 839 665 868 serpentes
686 838 713 860 et
732 834 887 868 scorpiones
901 839 928 862 et

142 886 223 912 super
232 887 338 906 omnem
353 880 481 906 virtutem
494 879 594 907 inimici
606 899 613 914 ,
627 884 656 907 ut
666 880 733 907 nihil
746 881 822 908 vobis
834 888 926 908 eorum

142 929 239 952 noceat
265 925 286 950 ⁷.
304 932 314 950 ι

175 1015 220 1042 57.
240 1015 332 1049 Neque
356 1014 438 1048 igitur
463 1015 603 1048 negandus
627 1017 669 1041 est
691 1013 778 1041 Filius
797 1012 862 1045 Dei,
878 1021 929 1041 nec

141 1061 344 1087 erubesceudus
367 1060 441 1092 ipse,
464 1064 510 1086 aut
535 1066 677 1087 sermones
695 1059 775 1094 ejus;
801 1059 847 1086 sed
863 1059 928 1086 illud

142 1106 308 1132 audiendum
332 1109 373 1132 est
388 1113 395 1132 ς
413 1115 421 1130 ε
438 1105 489 1138 Qui
513 1105 653 1140 negaverit
676 1113 718 1131 me
735 1112 827 1132 coram
843 1105 925 1131 homi-

142 1150 237 1184 nilvus,
257 1151 360 1185 negabo
378 1155 405 1177 et
420 1158 470 1185 ego
490 1158 552 1177 eum
579 1157 670 1177 coram
693 1149 775 1177 Patre
799 1158 859 1176 meo
882 1150 927 1184 qui

141 1196 168 1222 in
182 1196 258 1223 cmlis
274 1202 316 1223 est
332 1196 361 1228 3;
377 1206 387 1223 ι
401 1201 427 1224 et
442 1197 528 1223 illud:
547 1205 556 1222 ι
573 1195 638 1223 Nam
654 1196 700 1231 qui
725 1203 768 1223 me
789 1196 928 1223 erubuerit

139 1247 168 1269 et
182 1250 257 1269 meos
274 1250 430 1274 sermones,
445 1244 516 1269 hunc
532 1241 615 1269 Filius
630 1242 748 1269 hominis
763 1242 927 1274 erubescet,

141 1296 202 1315 cum
226 1289 331 1316 venerit
357 1289 383 1316 in
406 1289 490 1323 gloria
516 1296 582 1320 sua,
603 1292 630 1314 et
651 1287 755 1320 Patris,
777 1291 804 1314 et
819 1291 928 1314 sancto-

141 1341 201 1360 rum
217 1333 374 1369 angelorum
409 1334 419 1349 '
434 1342 441 1367 ;
461 1343 471 1359 ι
485 1338 512 1361 et
527 1341 534 1360 :
555 1342 565 1360 ι
581 1333 660 1361 Iesus
675 1333 804 1360 sustinuit
819 1340 927 1360 crucem

141 1379 305 1406 confusione
329 1383 499 1414 contempta,
524 1384 606 1414 atque
631 1379 691 1406 ideo
708 1379 734 1405 in
750 1378 863 1406 dextera
881 1378 927 1404 Dei

141 1425 216 1452 sedet
233 1425 277 1451 “'2
295 1435 305 1451 ι
323 1429 349 1452 et
375 1425 526 1452 imitatores
547 1424 604 1458 ejus
627 1424 786 1451 confusione
806 1428 928 1451 content-

140 1474 186 1503 pta
202 1470 358 1497 assidebunt
376 1469 421 1501 ei,
438 1475 465 1497 et
480 1477 541 1496 cum
556 1476 589 1496 eo
611 1469 762 1503 regnabunt
783 1468 810 1496 in
833 1469 926 1502 cmlis;

140 1523 201 1541 cum
225 1523 277 1548 eo,
307 1515 438 1549 inquam,
467 1515 511 1549 qui
529 1524 539 1540 ι
555 1515 630 1542 venit
659 1522 712 1542 non
739 1522 832 1548 pacem
859 1516 923 1541 mit-

141 1565 199 1586 tere
229 1559 256 1586 in
288 1564 411 1592 terram,
445 1560 492 1586 sed
527 1559 645 1594 gladium
671 1559 706 1586 η.
727 1559 818 1586 ιίῖιιιιι
852 1560 923 1586 enim

143 1614 152 1630 ι
171 1605 248 1631 virus
267 1604 303 1631 sit
326 1611 416 1631 sermo
441 1605 486 1631 Dei
509 1609 537 1632 et.
562 1605 658 1632 eﬂicax
682 1609 709 1632 et
732 1605 924 1638 penetrabilior

140 1650 212 1677 omni
240 1649 330 1684 gladio
354 1650 466 1684 ancipiti
490 1655 518 1678 et
542 1651 700 1684 pertingens
724 1658 808 1684 usque
828 1650 862 1678 ad
884 1650 924 1677 di-

112 1689 115 1692 i
139 1696 271 1722 visionem
298 1695 396 1722 anima:
423 1701 451 1722 et
475 1695 608 1730 spiritus,
633 1703 793 1731 eompagum
818 1703 924 1730 quoque

140 1748 172 1767 ac
187 1741 376 1773 medullarum,
393 1746 419 1768 et
433 1741 567 1769 discretor
581 1742 773 1776 cogitationum
793 1745 820 1768 et
834 1742 924 1768 inten-

139 1787 243 1813 tionum
264 1787 354 1814 cordis
369 1787 393 1802 ¹¹
409 1795 416 1820 ;
434 1796 442 1813 ι
462 1787 505 1814 hic
521 1794 592 1814 nunc
608 1788 727 1814 maxime
749 1794 843 1822 pacem
865 1794 925 1821 qum

140 1836 285 1866 exsuperat
316 1839 424 1858 omnem
456 1839 568 1859 sensum
598 1840 681 1866 quam
709 1832 767 1859 suis
795 1832 924 1866 apostolis

139 1877 223 1912 299
238 1877 354 1912 reliquit.
374 1877 513 1912 pratmium
539 1877 681 1904 animabus
699 1877 800 1904 nostris
825 1884 925 1911 propo-

140 1923 195 1955 nit;
214 1923 331 1957 gladinm
349 1927 440 1949 autem
466 1923 541 1950 misit
559 1923 632 1950 inter
649 1923 795 1958 imaginem
823 1923 925 1950 terreni

139 1972 166 1994 et
189 1969 333 2003 imaginem
351 1969 480 2000 caelestis.
502 1974 530 1996 ut
552 1976 612 1996 cum
635 1969 686 1996 hoe
708 1974 827 2003 tempore
844 1969 926 1995 etule-

139 2019 207 2040 stem
232 2020 353 2041 nostrum
370 2015 505 2042 hotninem
523 2016 684 2050 susceperit,
702 2023 750 2043 nos
766 2016 862 2043 deinde
882 2016 926 2043 ιιι-ι

139 2066 206 2092 gnos
221 2059 276 2094 iam
292 2068 344 2087 non
362 2061 456 2091 dividi,
472 2060 554 2087 faciat
572 2061 681 2088 omnino
706 2061 843 2088 cmlestes.
866 2060 924 2088 Nec

139 2105 254 2139 gladium
274 2111 379 2133 tantum
406 2106 479 2133 venit
503 2106 611 2133 mittere
636 2107 661 2133 in
688 2111 785 2133 terram
802 2126 808 2138 ,
836 2107 882 2132 sed
900 2110 926 2131 et

980 199 1039 224 ὁδὸν
1053 198 1100 224 τοῦ
1117 197 1194 231 ξύλου
1213 198 1262 233 τῆς
1280 198 1360 233 ζωῆς,
1381 198 1520 232 φυλάσσει,
1536 199 1578 224 ἵνα
1603 199 1697 234 μηδεὶς
1713 200 1782 226 ἀνά-

982 243 1038 276 ξιος
1054 245 1192 280 ἐπιτραπῇ
1210 244 1258 279 τὴν
1279 244 1362 279 αὐτὴν
1379 244 1489 270 διελθὼν
1505 244 1590 271 ἐλθεῖν
1608 245 1655 271 ἐπὶ
1680 245 1710 270 τὸ
1737 245 1781 277 ξύ-

980 289 1024 316 λον
1039 290 1088 324 τῆς
1105 289 1187 325 ζωῆς.
1207 290 1240 315 Ἠ
1258 290 1308 325 μὲν
1324 290 1376 326 γὰρ
1398 290 1508 325 φλογίνη
1525 291 1647 325 ῥομφαία
1665 291 1781 323 καθέξει

983 344 992 359 ί
1010 335 1073 365 τοὺς
1090 334 1353 369 ἐποικοδομήσαντας
1370 333 1409 368 τῷ
1421 333 1538 368 κειμένῳ
1551 333 1669 369 θεμελίῳ
1687 333 1781 369 Ἰησοῦ

979 378 1089 414 Χριστῷ
1103 379 1180 412 ξύλα,
1196 379 1212 413 ἦ
1225 379 1330 414 χόρτον,
1344 378 1360 413 ἢ
1375 378 1510 413 καλάμην,
1528 387 1537 403 ι
1553 379 1602 404 καὶ
1627 378 1657 404 τὸ
1680 378 1782 404 εὐκαυ-

980 425 1104 451 στὸτατον
1119 425 1165 450 καὶ
1181 424 1226 451 ἐπὶ
1241 424 1332 450 πλεῖον
1348 424 1490 458 καιόμενον
1506 424 1582 457 ξύλον
1600 424 1657 459 τῆς.
1677 424 1710 450 ἶν’
1726 424 1780 450 οῦ-

978 479 1032 502 τως
1057 469 1194 505 ὀνομάσω,
1210 470 1367 505 ἀρνήσεως·
1392 470 1425 496 τὰ
1445 470 1473 496 δὲ
1498 470 1630 505 χερουϐὶμ
1652 471 1718 502 τοὺς
1745 471 1780 496 οὐ

979 517 1133 552 πεφυκότας
1154 516 1311 552 κρατεῖσθαι
1336 516 1388 543 ὑπὸ
1405 517 1452 551 τῆς
1471 516 1598 552 φλογίνης
1621 517 1779 551 ῥομφαίας,

977 563 1016 598 ’τῷ
1043 563 1123 598 μηδὲν
1147 563 1274 596 συγγενὲς
1305 562 1372 597 αὐτῇ
1401 562 1624 597 ᾤκοδομηκέναι,
1653 562 1779 597 παραλαρ

979 608 1069 640 ϐάντα,
1081 599 1261 644 παραπέμψει
1273 607 1318 634 ἐπὶ
1329 607 1359 633 τὸ
1373 607 1422 642 τῆς
1435 606 1508 642 ζωῆς
1520 606 1606 638 ξύλον⁷
1616 607 1664 633 καὶ
1683 607 1780 634 πάντα

978 654 996 680 δι
1013 654 1159 688 ἐφύτευσεν
1173 654 1187 679 ὁ
1203 653 1269 684 Θεὸς
1289 654 1317 679 ὲν
1331 654 1389 684 ταῖς
1405 653 1556 685 ἀνατολαῖς,
1574 653 1622 679 καὶ.
1638 653 1777 685 ἐξανέτει-

977 699 1022 726 λεν
1038 700 1070 726 ἐκ
1084 700 1133 734 τῆς
1144 699 1205 734 γῆς.
1226 698 1313 734 Ἰησοῦ
1333 698 1363 724 δὲ
1379 698 1563 730 συνοδεύοντος
1581 700 1646 733 ὑμῖν
1663 699 1711 725 ἐπὶ
1729 699 1780 726 τὸν

978 747 1148 782 παράδεισον,
1171 746 1390 781 καταφρονήσετε
1412 745 1458 771 τοῦ
1483 745 1570 779 δερεως
1593 747 1779 781 νενικημένου

978 792 1024 818 καὶ
1041 792 1228 827 συντριϐέντος
1243 791 1295 817 ὑπὸ
1311 792 1373 823 τοὺς
1388 789 1475 826 Ἰησοῦ
1497 791 1590 822 πόδας,
1606 793 1653 818 καὶ
1677 792 1711 818 δι’
1726 793 1781 819 αὐ-

977 838 1023 864 τὸν
1041 838 1095 872 (57)
1110 837 1155 863 καὶ
1171 837 1222 863 ὑπὸ
1250 837 1313 868 τοὺς
1328 836 1493 872 ἡμετέρους·
1516 846 1525 862 ι
1543 836 1690 868 δεδωκότος
1707 838 1778 871 ἡμῖν

979 882 1101 915 ἐξουσίαν
1124 885 1218 910 πατεῖν
1243 883 1336 909 ἐπάνω
1365 883 1451 916 ὕφεων
1473 883 1520 909 καὶ
1549 884 1699 919 σκορπίῳν,
1729 884 1778 909 καὶ

979 930 1025 956 ἐπὶ
1048 930 1137 957 πᾶσαν
1149 929 1198 964 τὴν
1213 929 1327 964 δύναμιν
1343 929 1389 955 τοῦ
1403 928 1512 963 ἐχθροῦ,
1527 929 1570 955 ἴνα
1593 921 1678 964 μηδὲν
1700 929 1780 964 ὑμᾶς

981 976 1037 1012 (58)
1053 976 1142 1003 αὐτῶν
1158 976 1285 1015 ἀδικήσῃ.
1303 985 1313 1001 ι

1013 1023 1077 1050 οὕτ³
1091 1021 1137 1050 οὖν
1152 1023 1283 1059 ἀρνητέον
1298 1023 1343 1049 τὸν
1370 1022 1434 1049 Υἱὸν
1450 1023 1497 1049 τοῦ
1523 1023 1600 1055 Θεοῦ,
1615 1022 1679 1049 οὔτε
1698 1023 1780 1049 ἐπαι-

979 1069 1105 1104 σχυντέον
1117 1069 1209 1100 αὐτὸν,
1225 1069 1240 1103 ἢ
1255 1069 1316 1101 τοὺς
1331 1068 1426 1102 λόγους
1445 1068 1537 1100 αὐτοῦ,
1551 1069 1608 1095 ἀλλ’
1625 1069 1778 1095 ἀκουστέον

978 1114 1069 1141 τοῦδε·
1090 1123 1099 1140 ‹
1117 1114 1210 1146 Ὅστις
1234 1114 1256 1139 δ’
1277 1113 1310 1140 ἂν
1336 1114 1523 1149 ἀπαρνήσεταί
1554 1123 1586 1149 με
1616 1114 1779 1150 ἔμπροσθεν

978 1162 1031 1187 τῶν
1047 1160 1206 1196 ἀνθρώπων,
1222 1161 1413 1196 ἀπαρνήσομαι
1430 1160 1507 1195 κάγὼ
1520 1161 1602 1187 αὑτὸν
1614 1161 1777 1197 ἔμπροσθεν

978 1206 1024 1232 τοῦ
1039 1206 1144 1242 Πατρός
1165 1215 1214 1241 μου
1240 1205 1286 1232 τοῦ
1314 1207 1342 1233 ὲν
1365 1208 1421 1238 τοῖς
1446 1207 1588 1242 οὐρανοῖς·
1609 1216 1618 1232 ι
1637 1206 1685 1233 καὶ
1707 1206 1775 1232 τοῦθ

981 1262 990 1277 ι
1013 1253 1060 1284 ’ος
1077 1253 1130 1287 γὰρ
1144 1252 1176 1279 ἂν
1192 1252 1358 1287 ἐπαισχυνθῇ
1384 1252 1433 1287 ἐμὲ
1458 1253 1505 1278 καὶ
1523 1253 1584 1284 τοὺς
1605 1253 1691 1287 ἐμοὺς
1705 1253 1775 1286 (39),

978 1298 1071 1325 τοῦτον
1086 1299 1100 1324 ὁ
1120 1298 1182 1330 Υἱὸς
1203 1298 1250 1324 τοῦ
1268 1297 1412 1333 ἀνθρώπου
1436 1299 1693 1334 ἐπαισχυνθήσεται,
1707 1299 1776 1326 ὅταν

978 1343 1041 1379 ἔλθῃ
1068 1345 1096 1370 ὲν
1119 1345 1152 1379 τῇ
1174 1344 1236 1379 δόξῃ
1259 1344 1351 1376 αὐτοῦ,
1376 1345 1423 1370 καὶ
1446 1343 1492 1370 τοῦ
1508 1344 1625 1380 Πατρὸς,
1643 1345 1692 1370 καί
1719 1344 1776 1371 τῶν

979 1389 1062 1423 ἁγίων
1079 1390 1218 1423 ἀγγέλωνθ
1237 1399 1246 1415 ι
1264 1391 1311 1416 καὶ
1328 1398 1338 1415 ι
1353 1390 1367 1416 ὁ
1388 1389 1490 1425 Ἰησοῦς
1504 1390 1532 1416 δέ
1547 1398 1611 1416 ποτε
1639 1390 1776 1425 ὑπέμεινε

980 1434 1106 1470 σταυρὸν,
1121 1434 1250 1469 αἰσχύνης
1262 1436 1480 1470 καταφρονήσας,
1489 1436 1535 1462 καὶ
1545 1435 1588 1462 διὰ
1598 1435 1678 1462 τοῦτο
1690 1435 1776 1463 ἐκάθ-

941 1487 962 1516 c
981 1488 1035 1506 ισεν
1054 1481 1084 1506 ἐν
1106 1479 1180 1515 δεξιᾷ
1207 1479 1255 1506 τοῦ
1269 1480 1346 1506 Θεοῦ.
1367 1490 1376 1506 ι
1394 1481 1448 1507 Καὶ
1463 1481 1488 1507 οἱ
1506 1481 1623 1516 μιμηταὶ
1639 1480 1668 1507 δὲ
1687 1481 1774 1508 αὐτοῦ

974 1525 1104 1560 αίσχὺνης
1122 1526 1363 1562 καταφρονοῦντες,
1380 1527 1604 1560 συγκαθεδοῦνται
1626 1527 1713 1562 αὐτῷ,
1725 1528 1775 1554 καὶ

975 1571 1232 1606 συμϐασιλεύσουσιν
1255 1573 1284 1600 ὲν
1304 1573 1359 1604 τοῖς
1376 1573 1500 1608 οὐρανοῖς
1517 1573 1556 1608 τῷ
1570 1583 1580 1599 ς
1600 1573 1705 1600 ἐλθόντι
1723 1573 1773 1600 οὐκ

975 1619 1088 1654 εἰρήνην
1104 1619 1150 1644 ἐπὶ
1162 1618 1211 1654 τὴν
1226 1619 1276 1653 γῆν
1292 1618 1392 1654 βαλεῖν,
1406 1619 1473 1645 ἀλλὰ
1495 1619 1640 1654 μάχαιραν.
1660 1629 1671 1645 ι
1694 1619 1772 1646 Ἐπεὶ

975 1663 1028 1698 γὰρ
1039 1673 1047 1688 ι
1059 1664 1073 1690 ὁ
1085 1663 1163 1698 λόγος
1171 1664 1216 1690 τοῦ
1227 1663 1294 1690 Θεοῦ
1307 1663 1360 1695 ζῶν
1371 1665 1417 1690 καὶ
1428 1665 1542 1699 ἐνεργὴς
1554 1665 1601 1691 καὶ
1612 1665 1772 1700 τομώτερος

976 1709 1045 1744 ὑπὲρ
1068 1710 1157 1735 πᾶσαν
1186 1709 1322 1744 μάχαιραν
1347 1709 1482 1744 δίστομον,
1509 1710 1555 1736 καὶ
1583 1710 1773 1745 διικνούμενος

975 1753 1037 1789 ἄχρι
1065 1753 1197 1789 μερισμοῦ
1225 1754 1314 1789 ψυχῆς
1339 1754 1385 1781 καὶ
1414 1754 1582 1790 πνεύματος,
1614 1755 1715 1790 ἁρμῶν
1742 1763 1771 1782 τε

976 1800 1023 1826 καὶ
1047 1799 1162 1834 μυελῶν,
1181 1799 1227 1826 καὶ
1248 1800 1368 1835 κριτικὸς
1391 1799 1562 1836 ἐνθυμήσεων
1587 1800 1634 1826 καὶ
1661 1801 1772 1827 ἐννοιῶν

976 1843 1104 1879 καρδίας·
1123 1854 1132 1870 ι
1148 1841 1225 1876 οὗτος
1238 1844 1354 1880 μάλιστα
1367 1844 1413 1871 νῦν
1428 1845 1538 1880 εἰρήνην
1554 1845 1603 1879 μὲν
1620 1845 1670 1880 τὴν
1684 1844 1772 1880 ὑπερ-

978 1889 1089 1926 έχουσαν
1118 1891 1207 1916 πάντα
1234 1890 1313 1922 νοῦν,
1346 1890 1378 1924 ἣν
1409 1890 1498 1924 ἀφῆκε
1528 1890 1584 1921 τοῖς
1610 1889 1772 1921 ἀποστόλοις

978 1935 1086 1966 ἑαυτοῦ,
1112 1934 1236 1972 βραξεύει
1253 1936 1312 1966 ταῖς
1336 1934 1435 1968 ψυχαῖς
1459 1934 1551 1970 ἡμῶν·
1578 1935 1718 1970 μάχαιραν
1744 1934 1773 1960 δὲ

977 1979 1056 2005 ἔϐαλε
1080 1979 1181 2013 μεταξὺ
1197 1979 1245 2014 τῆς
1266 1979 1312 2005 τοῦ
1328 1978 1418 2013 χοϊκοῦ
1441 1979 1543 2009 εἰκόνος
1558 1979 1604 2005 καὶ
1619 1979 1668 2005 τοῦ
1686 1980 1755 2005 ὲπου

978 2025 1079 2060 ρανίου,
1103 2025 1136 2050 ἵν’
1152 2025 1197 2050 ἐπὶ
1213 2024 1258 2050 τοῦ
1288 2024 1418 2058 παρόντος
1439 2023 1483 2050 τὸν
1507 2024 1670 2059 ἐπουράνιον
1688 2024 1768 2059 ἡμῶν

979 2067 1154 2103 παραλαϐὼν,
1179 2067 1290 2103 ὕστερον
1307 2067 1396 2099 ἀξίους
1418 2068 1580 2102 γενομένους
1596 2067 1643 2094 τοῦ
1668 2069 1707 2103 μὴ
1733 2068 1770 2094 δι-

977 2111 1157 2148 χοτομηθῆναι
1185 2113 1268 2148 ἡμᾶς,
1292 2113 1321 2145 ἐξ
1343 2113 1410 2139 ὅλων
1444 2114 1544 2149 ποιήσῃ
1577 2114 1769 2148 ἐπουρανίους.

139 2151 239 2184 ignem,
252 2151 284 2178 de
303 2159 355 2186 quo
371 2152 460 2178 dixit:
481 2160 490 2177 ι
504 2151 573 2184 Quid
591 2151 651 2178 volo
669 2152 720 2177 nisi
741 2156 770 2178 ut
787 2151 921 2178 accenda-

1002 2158 1026 2184 ιι).
1048 2157 1077 2183 οὺ
1101 2157 1181 2192 μόνον
1210 2158 1347 2193 μάχαιραν
1369 2155 1433 2192 ἦλθε
1458 2158 1547 2192 βαλεῖν
1571 2158 1617 2184 ἐπὶ
1639 2159 1691 2193 τὴν
1708 2159 1770 2194 γῆν,

141 2195 259 2220 ιιιτ¹³ἳι
284 2196 456 2223 Accendalur
479 2196 561 2230 igitur
584 2196 628 2223 hic
652 2197 722 2231 ignis
739 2201 766 2224 el.
790 2197 816 2223 in
835 2196 919 2228 vobis,

139 2240 279 2274 deleatque
295 2246 416 2268 terrenas
435 2249 528 2269 omnes
541 2247 568 2269 et
587 2243 711 2277 corporis
727 2243 830 2270 anticus
846 2242 920 2276 cogi-

141 2287 264 2317 tationes,
278 2292 305 2314 et
319 2287 452 2319 baptismo
468 2294 531 2321 quo,
549 2295 634 2322 usque
651 2289 714 2314 dum
733 2287 919 2321 perficeretur,

139 2333 328 2359 coarctabatur
341 2332 430 2365 Iesus,
444 2332 621 2360 libentissime
638 2333 824 2367 baptizemini.
839 2334 876 2359 Ac
893 2338 920 2359 tu

139 2379 247 2414 quidem
264 2379 308 2414 qui
324 2383 351 2406 et
365 2386 477 2406 uxorem
496 2379 590 2411 habes,
603 2384 631 2405 et
646 2379 755 2410 liberos,
770 2383 797 2405 et
812 2378 919 2411 fratres,

138 2428 166 2450 et
187 2431 312 2456 sorores.
334 2430 470 2452 memento
499 2424 576 2458 hujus
601 2424 754 2452 sermonis:
775 2433 785 2450 ι
807 2425 833 2451 Si
861 2425 922 2458 quis

138 2470 215 2496 venit.
229 2471 262 2497 ad
282 2478 334 2503 me,
350 2475 377 2498 et
397 2478 449 2498 non
473 2471 529 2498 odit
546 2475 667 2504 patrem,
690 2474 717 2497 et
743 2475 874 2501 matrem,
895 2475 922 2496 ct

138 2521 260 2547 uxorem,
274 2521 301 2542 ct
317 2516 426 2548 liberos,
442 2521 469 2543 el
491 2516 600 2548 fratres,
621 2520 648 2541 et
665 2522 785 2547 sorores,
803 2523 854 2541 non
874 2523 922 2549 pn-

140 2564 191 2587 test
212 2568 288 2588 meus
310 2569 369 2588 esse
391 2560 593 2596 discipulus”;
607 2570 616 2586 ι
637 2561 716 2588 ambo
733 2566 823 2588 autem
849 2562 921 2588 illius

172 2629 184 2644 ⁸
196 2629 202 2655 Ι
215 2629 276 2656 Cor.
292 2638 334 2661 Ill,
351 2629 390 2656 l2.

139 2662 159 2678 “
177 2663 270 2692 Matth.
285 2666 363 2696 x,5L

415 2613 419 2616 ν
440 2632 450 2646 ⁸
465 2631 563 2658 Gencs.
584 2637 614 2660 ιι.
631 2630 658 2660 8,
675 2630 701 2656 9.

403 2666 424 2681 ¹¹
441 2665 520 2692 Ilebr.
536 2673 571 2697 Iv,
590 2666 634 2691 Η..
673 2665 694 2680 ³⁸
713 2665 777 2692 Luc.
797 2673 845 2699 λιι,
860 2667 903 2693 49.

174 2732 230 2767 (57)
242 2735 348 2761 Λὺτόν.
366 2735 447 2761 Forte
464 2734 615 2767 legendum,
630 2733 722 2761 αὑτοῦ.

172 2767 228 2805 ﬁt};
248 2768 343 2805 διζιιᾶς.
360 2769 441 2805 Forte
455 2769 605 2805 legendum,
622 2771 704 2805 ἡμᾶς.

174 2803 228 2838 (59)
247 2804 360 2838 Ἐμούς.
379 2804 505 2839 Vulgatus
526 2803 602 2832 Lucae
623 2803 713 2832 textus
733 2803 842 2831 ϐιαιως
863 2808 923 2837 post

751 2630 760 2644 ⁷
773 2630 837 2657 an.
855 2639 880 2661 κ,
906 2632 948 2658 19.

974 2202 1098 2229 ἀλλὰκαὶ
1113 2203 1176 2238 πῦρ,
1192 2203 1256 2238 περὶ
1272 2201 1301 2230 οῦ
1318 2211 1397 2238 φησι·
1415 2212 1423 2228 ι
1438 2203 1512 2229 Θέλω
1529 2203 1553 2229 εί
1565 2203 1614 2238 ἤδη
1628 2203 1767 2239 ἀνήφθη.)

981 2248 1138 2283 Ἀναφθήτω
1161 2248 1304 2283 τοιγαροῦν
1326 2248 1404 2274 τοῦτο
1428 2249 1458 2274 τὸ
1481 2248 1537 2283 πῦρ
1567 2249 1613 2274 καὶ
1637 2249 1667 2274 ἐν
1693 2249 1768 2284 ὑμῖν,

974 2293 1132 2327 ἐξαφανίζον
1151 2293 1239 2320 πάντα
1260 2294 1352 2328 γήϊνον
1365 2294 1411 2320 καὶ
1431 2293 1616 2328 φιλοσώματον
1637 2293 1768 2329 λογισμὸν

974 2339 1050 2374 ὑμῶν
1061 2347 1067 2354 ·
1085 2340 1131 2366 καὶ
1147 2340 1176 2365 τὺ
1192 2339 1333 2374 βάπτισμα
1348 2339 1411 2374 περὶ
1423 2335 1451 2365 οῦ
1472 2339 1486 2364 ὁ
1507 2337 1609 2372 Ἰησοῦς
1627 2339 1768 2374 συνείχετο

973 2384 1024 2414 ἕως
1046 2383 1170 2418 τελεσθῇ,
1197 2383 1265 2418 μετὰ
1291 2383 1380 2418 πάσης
1403 2383 1556 2418 προθυμίας
1584 2382 1765 2417 βαπτίσασθε.

975 2430 1029 2455 Καὶ
1045 2430 1076 2455 σὺ
1101 2430 1150 2464 μὲν
1166 2430 1179 2455 ὁ
1195 2430 1263 2464 ἔχων
1287 2430 1412 2463 γυναῖκα,
1433 2428 1480 2455 καὶ
1499 2428 1592 2459 τέκνα,
1615 2429 1663 2454 καὶ
1692 2429 1767 2456 ἀδελ-

975 2475 1057 2508 φοὺς,
1081 2475 1128 2501 καὶ
1145 2474 1272 2509 ἀδελφὰς,
1302 2474 1425 2509 μέμνησο
1451 2473 1514 2499 τοῦ⁸
1535 2483 1544 2498 ‹
1560 2474 1594 2499 Εἴ
1605 2483 1646 2505 τις
1659 2474 1765 2510 ἔρχεται

976 2519 1042 2554 πρὸς
1057 2521 1099 2555 μὲ,
1116 2521 1162 2546 καὶ
1181 2521 1211 2547 οὐ
1231 2522 1303 2556 μισεῖ
1316 2521 1361 2546 τὸν
1378 2520 1494 2555 πατέρα,
1513 2519 1558 2545 καὶ
1571 2519 1626 2555 ’τὴν
1648 2520 1763 2555 μητέρα.

974 2566 1021 2591 καὶ
1035 2565 1082 2601 τὴν
1095 2567 1220 2599 γυναῖκα,
1238 2567 1285 2592 καὶ
1301 2566 1335 2592 τὰ
1349 2565 1441 2597 τέκνα,
1463 2566 1510 2591 καὶ
1533 2566 1595 2596 τοὺς
1617 2565 1762 2599 ἀδελεροῦς,

1002 2635 1012 2650 ⁸
1028 2635 1123 2663 Matth.
1142 2644 1170 2668 ιι,
1187 2636 1230 2663 55.
1283 2637 1293 2652 ⁹
1306 2636 1372 2664 Luc.
1390 2644 1429 2669 ιι,
1441 2635 1486 2662 26.
1534 2635 1554 2651 ¹⁰
1571 2636 1652 2663 llebr.
1672 2644 1720 2668 xtl,
1736 2637 1761 2662 ἑ.

944 2667 965 2683 ¹²⁵
979 2668 1045 2697 an.
1062 2679 1116 2703 MV,
1131 2672 1176 2697 26.

976 2738 1060 2772 ἐμούς
1075 2738 1147 2764 addit
1168 2738 1272 2772 λόγους,
1289 2739 1334 2764 scd
1352 2739 1426 2766 deest
1450 2738 1530 2765 etiam
1551 2737 1576 2764 in
1594 2738 1691 2764 codice
1709 2745 1761 2763 mu-

981 2774 1118 2807 nuscripto
1135 2773 1360 2808 Cantabrigiensi.
