1843 3076
65 113 115 139 613

609 112 831 139 ΕΧΗΟΗΊᾹΉΟ
851 114 895 137 At)
913 110 1136 138 MAh'lYRIUM.

1636 117 1690 144 6H

63 177 109 202 καὶ
128 174 179 204 τὰς
205 174 330 209 ἀδελφὰς,
357 175 386 200 οὺ
402 173 511 200 δύναταί
530 182 579 208 μου
604 173 725 208 μαθητὴς
741 171 826 198 εἷναι·
843 182 852 197 ι

941 176 1091 198 ementote:
1113 180 1122 196 ι
1138 170 1165 198 Si
1184 172 1244 206 quis
1262 174 1335 201 venit
1355 174 1388 202 ad
1411 182 1466 207 me,
1487 179 1514 202 et
1538 183 1589 203 non
1608 177 1665 204 odit
1678 186 1687 203 ι

63 221 213 256 ἀμφότεροι
229 221 256 246 δὲ
271 220 332 246 ’ποῦ’
353 230 362 245 ι
378 220 411 246 Εἴ
424 229 464 251 τις
483 219 589 255 ἔρχεται
612 219 681 254 πρὸς
697 220 740 254 μὲ,
761 219 806 245 καὶ
820 219 851 244 οὑ

65 267 138 302 μισεῖ
153 276 162 292 ι
189 266 257 302 πρὸς
277 267 333 296 τοῖς
360 265 501 301 προτέροις
526 274 535 290 ι
549 265 588 292 ἔτι
611 265 658 292 καὶ
681 266 730 300 τὴν
755 264 851 291 ἑαυτοῦ

63 311 161 346 ψυχὴν,
175 310 206 337 οὺ
222 309 333 336 δύναταί
357 318 406 345 μου
425 308 547 344 μαθητὴς
570 307 646 335 εἶναι.
662 318 671 334 ›
694 308 762 334 Ἀλλ’
781 308 852 334 οὕτω

66 357 269 393 μισήσατειτὴν
282 355 385 382 ἑαυτῶν
409 355 507 390 ψυχὴν,
526 355 563 386 ὡς
578 355 621 381 διὰ
635 354 681 381 τοῦ
698 355 785 390 μισεῖν
811 354 852 384 εἰς

65 403 135 438 ζωὴν
161 402 269 429 αἰώνιον
298 401 444 436 φυλάσσειν
470 401 565 436 αὑτήν.
591 410 600 426 ‹
620 401 649 426 '0
670 399 723 434 γὰρ
753 399 851 435 μισῶν,

65 450 140 484 φησὶ,
157 448 207 484 τὴν
222 448 316 475 ἑαυτοῦ
333 448 420 483 ψυχὴν
439 448 480 478 είς
501 446 573 482 ζωὴν
596 446 703 473 αἰώνιον
721 446 852 481 φυλάσσει

65 494 178 528 αὐτήν.)
201 493 305 520 Οὐκοῦν
322 493 370 528 τὴν
391 492 480 526 ψυχὴν
503 491 546 517 διὰ
572 491 620 527 τὴν
648 491 756 518 αἰώνιον
779 491 851 526 ζωὴν

66 540 215 575 μισήσατε,
249 538 421 573 πειθόμενοι,
454 539 494 564 ὅτι
524 537 604 564 καλὸν
643 537 689 563 καὶ
715 537 852 572 ὠφέλιμον

66 587 143 620 μῖσος
157 584 277 611 διδάσκει
290 585 377 619 μισεῖν
391 585 405 610 ὁ
430 583 541 618 Ἰησοῦς,
560 583 664 618 Ὥσπερ
678 583 706 609 δὲ
721 583 790 618 ὑπὲρ
803 582 850 608 τοῦ

66 629 236 664 φυλαχθῆναι
257 629 297 660 εἰς
321 627 392 662 ζωὴν
416 627 524 654 αἰώνιον
547 628 597 663 τὴν
617 628 705 662 ψυχὴν
725 628 851 662 μισητέον

65 675 129 709 ἡμῖν
147 676 222 700 ἔσται
247 674 340 709 αὐτὴν,
362 673 432 700 οὕτω
456 674 589 707 γυναῖκα,
611 674 657 699 καὶ
683 673 781 704 τέκνα,
806 673 852 699 καὶ

63 719 211 752 ἀδελφοὺς,
236 718 282 745 καὶ
297 717 414 751 ἀδελφὰς
432 717 555 752 μίσησον,
571 717 584 742 ὀ
604 717 672 751 ἔχων
699 717 801 748 ταῦτα,
819 717 852 743 ἵν’

63 765 209 801 ὼφελήσῃς
230 764 293 795 τοὺς
316 763 503 798 μισουμένους,
522 763 557 788 δι’
571 762 653 789 αὑτοῦ
668 761 715 788 τοῦ
734 771 851 798 μεμιση-

906 222 1003 251 prmter
1013 224 1094 252 supra
1106 219 1216 251 relatos,
1231 227 1240 244 ι
1253 219 1340 247 adlmc
1351 226 1439 248 autem
1449 225 1476 248 et
1487 221 1604 249 animam
1614 230 1691 249 suam

906 270 959 289 non
989 267 1078 297 potest
1102 270 1178 290 meus
1203 270 1263 291 esse
1287 265 1467 300 discipulus.)
1494 267 1547 294 Sed
1572 268 1690 294 animam

906 311 1023 334 vestram
1038 308 1077 335 sic
1088 308 1150 335 odio
1164 309 1272 341 habete,
1285 314 1314 336 ιιι
1328 318 1387 337 eam
1401 319 1449 345 per
1460 312 1550 339 odium
1565 312 1592 339 in
1607 313 1690 340 vitam

905 358 1034 379 aeternam
1063 354 1250 380 custodiatis:
1276 363 1285 379 ι
1306 354 1357 388 Qui
1386 356 1458 383 enim
1485 358 1543 385 odit
1572 359 1690 385 animam

906 405 992 430 suam,
1009 398 1109 433 inquit,
1133 399 1159 425 in
1183 399 1265 426 vitam
1282 405 1412 428 aeternam
1428 404 1547 430 custodit
1560 412 1619 430 eam
1632 404 1663 432 ”.
1677 414 1687 430 ι

905 443 1030 470 Animam
1048 452 1114 479 ergo
1131 451 1241 480 propter
1255 446 1335 473 vitam
1354 451 1482 474 aeternam
1501 449 1563 476 odio
1580 450 1689 481 habete,

903 489 1003 517 bonum
1021 495 1048 518 et
1068 490 1141 518 'utile
1164 491 1256 518 odium
1283 499 1344 519 esse
1367 494 1490 526 persuasi
1515 495 1585 528 quod
1610 495 1692 523 Jesus

903 535 990 562 docet.
1009 535 1085 562 Sicut
1105 540 1195 563 autem
1208 555 1215 568 ,
1241 537 1314 563 ut‘in
1331 537 1414 564 vitam
1446 543 1576 566 aeternam
1598 545 1690 568 custo-

903 581 992 608 diatur
1005 583 1106 614 anima,
1124 583 1186 610 odio
1203 583 1281 610 nobis
1297 583 1419 611 habenda
1435 588 1488 617 est,
1504 585 1544 611 sie
1566 593 1690 617 uxorem.

903 630 930 653 et
951 627 1059 659 liberos,
1083 632 1110 655 et
1139 628 1255 662 fratres,
1278 634 1306 656 et
1330 636 1440 657 sorores
1462 629 1524 657 odio
1549 630 1647 658 habeto
1664 636 1691 658 tu

902 673 948 706 qui
963 673 1019 700 haec
1035 673 1130 706 habes,
1146 678 1176 700 ut
1194 673 1226 701 iis
1241 681 1306 708 quos
1318 673 1409 702 oderis
1427 675 1501 702 utilis
1519 675 1566 707 sis,
1583 683 1615 703 eo
1632 677 1691 711 ipso

905 718 976 751 quod
991 718 1054 746 odio
1070 726 1117 746 eos
1133 719 1272 751 habueris,
1295 724 1407 754 accepta
1424 720 1493 747 bene
1509 720 1549 748 eis
1570 721 1688 749 faciendi

900 768 1047 798 potestate,
1063 764 1110 790 Dei
1127 764 1230 791 scilicet
1243 765 1348 792 amicus
1364 764 1461 792 factus.

63 811 141 838 κέναι
160 810 314 846 παρρησίαν
327 808 523 844 ἀναλαμϐάνων
537 809 604 844 πρὸς
619 809 649 835 τὸ
663 809 814 843 εὐεργετεῖν
832 809 940 841 αὐτοὺς,
957 810 1032 844 φίλος
1047 809 1191 845 γενόμενος
1204 810 1273 845 Θεῷ.

98 856 176 890 "Apta
201 855 230 881 δὲ
257 855 303 882 καὶ
330 855 536 891 ὑπομιμνήσκου
565 855 612 882 τοῦ
646 855 793 891 εὐξαμένου
819 856 846 883 ὲν
863 863 884 889 Β

62 900 203 935 Πνεύματι
220 900 284 935 περὶ
296 899 396 926 τέκνων
413 901 556 936 μαρτύρων
578 899 621 927 διὰ
635 901 683 936 τὴν
700 901 767 936 πρὸς
787 901 851 928 Θεὸν

62 945 174 980 ἀγάπην
207 945 295 971 αὐτῶν
333 945 602 980 καταλελειμμένων,
625 946 672 972 καὶ
701 947 849 981 φήσαντος·

64 1001 72 1016 ι
89 991 272 1026 Περιποίησαι
299 991 362 1022 τοὺς
394 991 468 1022 υἱοὺς
498 991 552 1018 τῶν
585 990 848 1026 τεθανατωμένων.»

60 1035 150 1061 Μόνον
166 1035 196 1062 δὲ
211 1034 274 1067 ἴσθι,
293 1044 302 1060 ι
318 1035 360 1061 ὅτι
373 1035 402 1061 οὐ
417 1035 451 1061 τὰ
464 1035 546 1061 τέκνα
567 1035 615 1070 τῆς
631 1036 747 1070 σαρκὸς,
767 1036 851 1063 ταῦτα

60 1084 145 1111 rex»):
165 1083 232 1110 Θεοῦ
243 1091 249 1098 ·
264 1093 273 1109 υ
295 1083 341 1110 καὶ
354 1083 395 1109 ὃτι
410 1083 505 1118 ὥσπερ
523 1083 630 1117 λέγεται
647 1085 701 1115 τοῖς
717 1084 748 1110 ἐκ
769 1084 851 1119 σπέρ-

63 1138 148 1164 ματος
167 1128 291 1164 Ἀϐραὰμ
315 1129 390 1155 τότε·
411 1138 420 1154 ι
436 1126 500 1155 Οἶδα
525 1129 565 1155 ὅτι
594 1129 703 1164 σπέρμα
728 1130 851 1165 Ἀϐραάμ

60 1176 164 1201 ἐστεσι
194 1175 240 1201 καὶ
264 1174 310 1201 τό·
327 1184 336 1200 ι
353 1175 385 1201 Εἰ
407 1175 488 1201 τέκνα
512 1174 559 1201 τοῦ
586 1174 708 1210 Ἀϐραάμ
731 1173 796 1210 ἦτε,
817 1175 851 1202 τὰ

61 1221 131 1255 ἔργα
147 1221 195 1247 τοῦ
213 1220 337 1255 Ἀϐραὰμ
359 1221 488 1247 ἐποιεῖτε·
504 1230 513 1246 ι
529 1220 598 1247 οὕτω
613 1221 659 1247 κοιλ⁸
676 1222 731 1252 τοῖς
747 1221 850 1253 τέκνοις

62 1274 109 1291 σου
125 1265 298 1301 λεχθήσεται·
317 1264 392 1298 Οἶδα,
408 1267 448 1292 ὃτι
465 1266 573 1301 σπέρμα
592 1266 752 1301 Ἀμὸροσίυυ
770 1266 831 1292 ἐστέ
842 1275 848 1281 ·

60 1312 110 1337 καὶ
122 1311 170 1337 τό·
185 1311 217 1337 Ei
230 1311 312 1338 τέκνα
327 1311 373 1337 τοῦ
392 1311 553 1346 ’Δμϐροσίου
569 1311 642 1342 ἐστὲ,
656 1312 703 1337 καὶ
721 1310 788 1346 ἔργα
804 1310 850 1337 τοῦ

67 1355 232 1391 Ἀμϐροσίου
262 1357 380 1382 ποιεῖτε·
408 1357 455 1382 και¹
485 1356 554 1391 τάχα
583 1356 741 1391 ποιήσουσι,
767 1355 851 1381 πλείω

58 1401 232 1436 ὡφελοῦντός
251 1410 296 1428 σου
311 1402 408 1433 αὐτοὺς
425 1401 493 1437 μετὰ
514 1402 563 1437 τὴν
579 1401 705 1436 τοιαύτην
726 1400 814 1433 ἔξοδον
833 1401 849 1436 ἢ

60 1448 86 1473 εἰ
108 1447 264 1482 παρέμενες
285 1447 386 1478 αὐτοῖς.
409 1447 475 1473 Τότε
491 1447 544 1482 γὰρ
559 1448 605 1473 καὶ
633 1446 850 1483 ὲπιστημονικώ-

58 1501 141 1528 τερον
156 1492 225 1519 αὐτά
239 1493 402 1528 ἀγαπήσεις,
421 1494 468 1519 καὶ
485 1492 664 1528 συνετώτερον
681 1493 745 1528 περὶ
761 1492 849 1519 αὐτῶν

940 856 985 883 58.
1017 856 1106 883 Simul
1128 855 1186 890 ejus
1199 861 1336 884 memento
1360 857 1405 891 qui
1422 858 1516 885 orabat
1536 857 1563 886 in
1589 857 1690 893 Spiritu

904 909 953 936 pro
976 907 1126 936 martyrum
1154 903 1217 930 ﬁliis
1240 910 1308 937 quos
1332 903 1368 929 illi
1400 911 1451 938 pro
1475 911 1525 931 suo
1548 904 1573 931 in
1606 904 1690 931 Deum

903 955 995 974 amore
1021 947 1216 982 reliquissent,
1238 953 1265 974 et
1293 948 1399 976 dicebat
1421 957 1428 976 :
1454 958 1463 974 ι
1482 948 1595 976 Posside
1619 949 1688 976 ﬁlios

904 993 1124 1021 murtiﬁeatorum
1139 993 1169 1020 ⁸⁸.
1181 1002 1191 1018 ›
1213 993 1300 1020 Unum
1323 998 1415 1020 autem
1438 994 1490 1021 hoc
1515 994 1594 1027 scito,
1612 1003 1621 1019 ι
1635 1002 1689 1021 non

902 1038 948 1072 qui
966 1039 1012 1065 ﬁlii
1028 1043 1090 1065 sunt
1108 1038 1210 1071 carnis,
1226 1039 1274 1065 hos
1287 1046 1348 1066 esse
1364 1039 1432 1067 ﬁlios
1446 1040 1492 1066 Dei
1507 1040 1538 1072 ¹⁷;
1553 1049 1562 1065 ›
1579 1044 1606 1066 et
1619 1041 1690 1067 sicut

903 1088 964 1110 tunc
977 1084 1077 1110 dicitur
1093 1083 1126 1110 ad
1141 1091 1189 1111 eos
1202 1084 1248 1118 qui
1270 1084 1304 1111 de
1324 1085 1428 1111 semine
1441 1085 1578 1112 Abraham
1601 1090 1664 1112 sunt
1678 1094 1684 1112 :

904 1138 913 1154 ι
929 1129 991 1156 Scio
1015 1129 1081 1164 quia
1106 1137 1199 1157 semen
1225 1130 1341 1157 Abrahae
1367 1131 1469 1162 estis,»
1496 1135 1544 1158 et:
1564 1140 1572 1156 ι
1589 1131 1617 1158 Si
1642 1131 1688 1158 ﬁlii

900 1174 1015 1202 Abrahae
1028 1175 1136 1208 essetis,
1151 1183 1231 1210 opera
1251 1175 1367 1203 Abraha‘.
1382 1176 1508 1204 faceretis
1519 1177 1561 1204 ¹⁸ε
1577 1186 1586 1203 ι
1604 1178 1644 1205 sic
1663 1183 1691 1205 et

902 1219 964 1248 ﬁliis
986 1221 1041 1247 tuis
1066 1220 1166 1248 dictum
1192 1220 1320 1248 iri:Scio
1350 1221 1413 1255 quia
1438 1229 1529 1249 semen
1554 1223 1690 1250 Ambrosii

901 1267 977 1299 estis,
992 1270 1018 1294 et
1033 1267 1055 1294 si
1071 1267 1119 1294 ﬁlii
1134 1262 1271 1294 Ambrosii
1294 1266 1371 1300 estis,
1386 1274 1468 1301 opera
1496 1268 1633 1296 Ambrosii
1651 1268 1691 1294 fa-

901 1312 974 1338 cile:
990 1316 1018 1338 et
1037 1311 1156 1339 fortasse
1177 1311 1294 1345 facient,
1316 1312 1376 1347 plus
1399 1320 1414 1339 a
1432 1318 1458 1340 te
1473 1318 1534 1347 post
1556 1314 1688 1348 ejusmodi

900 1356 1050 1384 discessum
1074 1357 1193 1391 adjuvati
1209 1365 1290 1392 quam
1306 1358 1329 1384 si
1350 1365 1410 1384 cum
1429 1358 1480 1385 illis
1497 1359 1687 1386 remansisses.

902 1398 977 1429 Scies
990 1402 1062 1429 enim
1078 1407 1143 1430 tunc
1158 1403 1254 1430 melius
1276 1404 1411 1438 quomodo
1431 1403 1557 1437 diligendi
1580 1404 1645 1436 sint,
1659 1409 1687 1430 et

904 1447 1066 1482 prudentius
1079 1455 1129 1482 pro
1144 1447 1199 1475 illis
1210 1448 1313 1479 orabis,
1327 1448 1352 1474 si
1366 1449 1525 1483 cognoveris
1542 1448 1611 1475 filios
1626 1453 1687 1475 tuos

901 1500 972 1526 esse,
985 1501 1039 1520 non
1056 1501 1150 1521 semen
1166 1498 1281 1520 tantum.
1294 1493 1361 1521 illud
1377 1502 1448 1521 nunc
1463 1494 1489 1521 in
1506 1501 1552 1521 ore
1569 1494 1686 1521 habeto:

58 1538 139 1575 εὔξῃ,
156 1538 203 1565 ἐὰν
221 1538 318 1574 μάθῃς,
334 1539 373 1565 ὃτι
390 1539 471 1565 τέκνα
488 1547 534 1564 σου
548 1539 616 1571 ἐστὶ,
631 1539 677 1564 καὶ
695 1538 725 1564 οὐ
741 1538 851 1574 σπέρμα

941 1538 982 1571 lui
997 1543 1069 1565 amat
1084 1538 1168 1565 ﬁlium
1183 1543 1229 1565 aut
1243 1538 1324 1565 ﬁliam
1339 1538 1399 1572 plus
1409 1546 1490 1572 quam
1507 1546 1559 1571 me,
1577 1546 1628 1566 non
1644 1544 1685 1566 est

60 1584 155 1619 μόνον.
189 1584 253 1610 Ἀνὰ
277 1584 363 1619 στόμα
388 1584 434 1611 νῦν
458 1584 501 1619 ἔχε
514 1583 559 1610 τό·
579 1592 588 1608 ι
611 1583 638 1609 '0
663 1583 746 1617 φιλῶν
766 1583 853 1618 υἰὸνῆ

58 1630 202 1664 θυγατέρα
229 1630 298 1665 ὑπὲρ
317 1630 368 1664 ὲμὲ
393 1630 443 1656 οὐκ
464 1629 521 1655 ἐστι
538 1638 587 1664 μου
605 1628 693 1661 άξιος·
709 1638 719 1654 ι
736 1629 783 1655 καὶ
806 1629 852 1655 ’τό⁵

61 1686 71 1701 ι
95 1677 123 1702 Ὀ
139 1675 227 1711 εὑρὼν
250 1676 298 1711 τὴν
313 1675 400 1711 ψυχὴν
415 1675 496 1701 αὑτοῦ
522 1675 647 1701 ἀπολέσει
661 1675 745 1710 αὑτήν
755 1682 762 1689 ο
780 1675 825 1700 καὶ
841 1675 855 1700 ὁ

903 1591 947 1611 me
960 1584 1082 1618 dignus.»
1097 1583 1146 1610 Et:
1161 1592 1170 1609 ι
1185 1583 1236 1616 Qui
1248 1584 1352 1611 invenit
1364 1585 1481 1611 animam
1495 1591 1582 1618 suam,
1596 1585 1690 1619 perdet

904 1637 979 1662 eam,
1003 1634 1030 1656 et
1049 1630 1094 1664 qui
1121 1629 1270 1664 perdiderit
1304 1630 1423 1657 animam
1448 1637 1542 1663 suam,
1569 1630 1690 1658 inveniet

903 1680 963 1699 eam
975 1673 1007 1699 ".
1021 1682 1030 1698 ›

57 1722 199 1753 ἀπολέσας
223 1722 273 1756 τὴν
298 1721 388 1757 ψυχὴν
416 1720 498 1747 αὑτοῦ
528 1720 620 1748 ἕνεκεν
647 1719 713 1755 ἐμοῦ
740 1720 850 1755 εὑρήσει
865 1719 957 1754 αὐτήν.
977 1728 987 1744 ι

97 1769 188 1796 Τόπον
210 1768 254 1794 διὰ
271 1768 319 1802 τῆς
335 1768 374 1799 είς
397 1767 427 1793 τὸ
447 1766 594 1802 μαρτύριον
618 1766 771 1802 προθυμίας
794 1766 853 1792 δότε

58 1815 102 1851 τῷ
125 1815 172 1842 τοῦ
197 1815 305 1850 Πατρὸς
320 1814 395 1849 ὑμῶν
421 1813 571 1848 Πνεύματι,
592 1811 715 1839 λαλοῦντι
736 1813 791 1844 τοῖς
810 1811 854 1838 διὰ

58 1861 222 1888 θεοσέϐειαν
250 1859 449 1895 παραδοθεῖσιν.
469 1858 532 1884 Ἐὰν
555 1857 644 1892 είδῆτε
670 1857 782 1888 ἑαυτοὺς
809 1865 854 1892 μι-

58 1906 222 1940 σουμένους,
239 1905 286 1931 καὶ
304 1904 472 1939 βδελυκτοὺς,
488 1904 535 1930 καὶ
559 1903 667 1934 ἀσεϐεῖς
684 1901 753 1928 εἶναι
778 1910 854 1937 νομι-

57 1951 209 1986 ζομένους,
227 1950 289 1976 τότε
313 1950 460 1977 ἀναλάῦετε
474 1949 504 1975 τό
514 1958 520 1964 ·
540 1958 549 1974 ι
563 1948 612 1975 Διὰ
626 1948 704 1974 τοῦτο
722 1948 736 1973 ὁ
752 1948 853 1983 κόσμος

58 1998 136 2032 ὑμᾶς
153 1998 238 2031 μισεῖ,
253 1996 294 2022 ὅτι
315 1996 364 2022 οὐκ
379 1995 439 2021 ἐστὲ
463 1995 495 2021 ὲκ
510 1994 557 2021 τοῦ
573 1994 676 2029 κόσμου
696 1993 790 2020 τούτου
801 2001 807 2008 ·
826 1994 850 2019 εί

57 2043 114 2078 γὰρ
136 2039 186 2076 ἦτε
201 2041 233 2067 ἐκ
249 2040 294 2066 τοῦ
315 2039 418 2075 κόσμου
434 2039 537 2071 τούτου,
554 2040 567 2065 6
582 2039 682 2073 κόσμος
694 2037 727 2065 ἂν
743 2038 773 2063 τὸ
788 2037 851 2064 ἴδιον

57 2089 159 2124 ἐφίλει.
176 2098 185 2113 ι
204 2087 320 2119 Πολλοὺς
344 2087 509 2122 ὀνειδισμοὺς
525 2086 569 2113 διὰ
585 2086 701 2122 Χριστὸν
718 2085 764 2112 καὶ
787 2085 851 2111 πολ-

56 2135 125 2166 λοὺς
142 2134 292 2166 κινδύνους,
314 2133 343 2165 ἐξ
361 2129 398 2162 οὗ,
408 2132 615 2165 πεπιστεύκατε,
640 2131 851 2167 ὑπομείναντες,

57 2182 114 2212 ἕως
141 2179 237 2210 τέλους
256 2180 284 2206 ἐν
305 2178 344 2213 τῷ
370 2179 515 2214 ὑπομένειν
540 2178 710 2213 προκάψατε·
734 2188 743 2203 ι
759 2178 819 2204 Ὅτι
838 2179 852 2204 ὁ

58 2225 216 2260 ὑπομείνας
230 2225 270 2255 εἰς
291 2224 380 2256 τέλος,
399 2221 475 2255 οὗτος
499 2223 660 2259 σωθήσεται.
674 2233 683 2248 ι
704 2224 786 2254 νίστε,
802 2223 852 2253 ὅτι,

59 2270 134 2296 κατὰ
158 2270 205 2296 τὸν
222 2269 342 2304 Πέτρον·
360 2279 368 2294 ι
392 2268 598 2303 ’Λγαλλιάσεσθε
614 2268 702 2302 ὀλίγον
727 2268 806 2303 ἄρτι,
830 2268 854 2294 εἰ

57 2315 120 2342 δέον
136 2315 207 2346 ἐστὶ,
232 2313 396 2350 λυπηθέντες
412 2314 440 2341 ἐν
464 2313 595 2344 ποικίλοις
619 2314 794 2348 πειρασμοῖς,
811 2313 854 2338 ἵνα

57 2361 90 2386 τὸ
115 2359 241 2394 δοκίμιον
264 2358 341 2394 ἡμῶν
363 2359 412 2394 τῆς
441 2358 572 2390 πίστεως,
598 2358 664 2384 πολὺ
692 2357 854 2393 τιμιώτερον

58 2405 177 2441 χρυσίου
200 2404 247 2430 τοῦ
279 2403 478 2438 ἀπολλυμένου,
503 2404 549 2429 καὶ
572 2403 616 2429 διὰ
643 2404 727 2438 πυρὸς
754 2403 854 2429 δεδοκι-

61 2450 218 2486 μασμένου,
235 2450 331 2485 εὑρεθῇ
348 2451 387 2481 είς
412 2449 520 2476 ἔπαινον
541 2450 588 2475 καὶ
610 2448 687 2480 δόξαν
704 2450 751 2475 καὶ
773 2449 854 2484 τιμὴν

57 2498 89 2524 ὲν
114 2495 289 2530 ἀποκαλύψει
314 2495 400 2530 Ἰησοῦ
423 2494 551 2531 Χριστοῦ.
566 2505 574 2521 ι
599 2495 677 2521 Ἀλλὰ
693 2495 723 2521 τὸ
746 2505 754 2519 ι
769 2495 854 2529 λυπη-

58 2544 157 2574 θέντες
174 2552 183 2566 ι
202 2542 262 2568 ἀντὶ
279 2540 325 2567 τοῦ
343 2551 352 2566 ι
367 2542 532 2577 πονήσαντες
547 2551 556 2567 ι
578 2541 725 2568 ἀκούσατε·
750 2541 787 2572 ὡς
810 2540 856 2575 δῆ-

57 2590 106 2616 λον
127 2589 177 2615 καὶ
194 2588 227 2614 ὲκ
243 2587 306 2614 τοῦ·
325 2597 333 2612 ι
352 2587 395 2613 Ἐν
418 2587 516 2619 λύπαις
531 2587 595 2623 τέξῃ
619 2587 709 2613 τέκνα.
726 2597 734 2611 ι
751 2586 787 2612 Οὐ
803 2586 856 2622 γὰρ

59 2635 174 2666 πάντως
188 2635 217 2660 ἐν
230 2634 304 2670 λύπῃ
315 2633 354 2668 τῷ
365 2633 446 2660 πάθει
461 2633 546 2660 τίκτει
561 2633 638 2668 γυνὴ,
652 2631 719 2659 ἀλλὰ
733 2633 760 2658 ὲν
774 2631 855 2666 πόνῳ.

61 2691 71 2706 ε
86 2681 132 2716 Μὴ
147 2680 275 2714 ἀγαπᾶτε
289 2679 447 2715 γὰρ,,φησ“ι,
461 2679 507 2707 τὸν
521 2680 631 2714 κόσμον,
648 2678 713 2714 μηδὲ
725 2678 759 2704 τὰ
774 2679 801 2703 ὲν
817 2677 856 2712 τῷ

57 2727 169 2762 κόσμῳ.
192 2727 256 2754 Ἐάν
277 2735 320 2757 τις
344 2726 437 2761 ἀγαπᾷ
460 2725 504 2752 τὸν
531 2725 642 2760 κόσμον,
667 2725 717 2751 οὐκ
743 2723 815 2750 ἔστιν
838 2723 857 2754 ὴ

101 2798 122 2813 ’⁸
135 2797 214 2824 Joan.
227 2805 278 2828 xu,
295 2796 341 2824 25.
382 2796 403 2811 ¹⁶
416 2795 488 2822 Psal.
502 2803 602 2822 Lxu'ln
614 2816 621 2828 ,
638 2795 681 2820 ll.

58 2834 85 2849 '°
101 2833 183 2861 Joau.
209 2841 254 2867 xv,
280 2833 324 2859 lt).

727 2794 748 2809 ’⁷
762 2793 840 2820 Rom.
857 2801 882 2819 lx
894 2812 901 2824 ,
921 2793 948 2819 8.

371 2831 392 2846 ²¹
413 2831 509 2859 Matth.
524 2838 552 2863 x,
565 2830 610 2858 2'2.
649 2831 670 2846 "
686 2829 695 2855 l
713 2828 770 2856 Pet.
788 2836 805 2861 ι,
820 2829 846 2860 (i,
868 2827 893 2854 7.
931 2828 954 2842 η
973 2827 1040 2854 Gen.
1067 2834 1116 2859 ιιι,
1134 2827 1173 2852 Ιϋ.

942 1765 987 1792 59.
1008 1763 1104 1792 Vestra
1121 1765 1153 1792 ad
1169 1764 1330 1799 martyrium
1354 1765 1494 1793 alacritate
1516 1765 1604 1794 locum
1628 1768 1690 1794 date

908 1810 1023 1845 Spiritui
1049 1810 1138 1837 Patris
1162 1810 1245 1837 vestri
1268 1810 1313 1844 qui
1340 1810 1458 1845 loquitur
1484 1812 1516 1839 iis
1540 1813 1584 1846 qui
1609 1811 1691 1847 300

910 1860 1021 1891 propter
1033 1855 1191 1890 religionem
1209 1856 1361 1882 traduntur.
1379 1856 1408 1882 Si
1425 1857 1545 1884 videritis
1564 1864 1612 1884 vos
1627 1860 1689 1885 odio

907 1907 934 1929 et
963 1902 1158 1929 abominatioui
1185 1908 1258 1934 esse,
1284 1906 1311 1929 et
1335 1901 1432 1935 impios
1464 1903 1600 1936 reputari,
1627 1908 1690 1930 tunc

909 1948 974 1975 illud
995 1947 1123 1982 suscipite
1139 1956 1145 1974 :
1168 1956 1178 1973 ι
1193 1947 1338 1982 Propterea
1353 1948 1411 1974 odit
1426 1955 1474 1975 vos
1495 1948 1609 1975 mundus
1626 1949 1688 1981 quia

906 1994 939 2020 de
959 1993 1058 2020 mundo
1085 2000 1137 2019 non
1162 1991 1244 2024 estis;
1262 1992 1285 2018 si
1310 1992 1380 2019 enim
1407 1993 1439 2020 de
1456 1995 1556 2020 nmndo
1581 1995 1687 2025 essetis,

909 2039 1025 2065 mundus
1053 2038 1125 2072 quod
1143 2046 1221 2065 suum
1247 2043 1289 2064 cst
1310 2038 1434 2072 diligeret
1444 2040 1477 2065 ’°.
1495 2048 1503 2064 ι
1520 2039 1610 2066 Multis
1631 2039 1687 2073 jam

906 2084 1081 2111 contumeliis
1101 2090 1211 2118 propter
1224 2083 1372 2115 Christum,
1389 2085 1479 2111 multis
1505 2084 1632 2117 periculis
1651 2090 1690 2111 to-

907 2129 1012 2159 leratis,
1026 2137 1057 2156 ex
1075 2137 1129 2164 quo
1154 2130 1320 2161 credidistis.
1344 2136 1427 2162 usque
1443 2130 1475 2156 ad
1493 2129 1570 2156 finem
1596 2138 1689 2164 perse-

909 2180 1034 2202 verantes
1050 2175 1075 2201 in
1093 2174 1221 2208 patientia
1242 2174 1366 2208 proﬁcite
1384 2183 1391 2200 :
1411 2183 1420 2199 ι
1435 2174 1486 2207 Qui
1503 2175 1574 2201 enim
1598 2183 1690 2209 perse-

908 2220 1045 2246 veraverit
1063 2220 1087 2246 in
1108 2219 1199 2252 ﬁnem,
1215 2220 1258 2246 hic
1274 2220 1364 2247 salvus
1380 2220 1432 2247 erit
1443 2221 1476 2246 “.
1489 2229 1498 2245 ι
1517 2220 1600 2247 Scitis
1619 2221 1690 2255 quod

907 2266 1002 2293 Petrus
1019 2267 1074 2293 ait:
1093 2275 1102 2291 ι
1118 2265 1292 2293 Exsultabilis
1314 2266 1447 2293 modicum
1469 2273 1550 2297 nunc,
1566 2267 1587 2293 si
1608 2275 1690 2301 opor-

908 2317 955 2345 tet,
971 2312 1125 2348 contristarj
1149 2313 1175 2338 iu
1194 2312 1277 2338 variis
1296 2313 1500 2344 tentetiouibus,
1519 2317 1547 2339 ιιι
1565 2313 1690 2347 probatio

908 2363 1002 2384 vestrae
1025 2357 1086 2384 ﬁdei
1104 2357 1187 2384 multo
1212 2358 1354 2392 pretiosior
1381 2366 1446 2384 auro
1472 2358 1542 2391 quod
1569 2358 1639 2391 perit
1665 2364 1691 2384 et

907 2410 954 2437 per
971 2403 1058 2437 ignem
1077 2403 1214 2437 probatur,
1234 2404 1387 2430 inveniatur
1403 2404 1428 2430 in
1454 2403 1560 2430 laudem
1578 2409 1605 2430 et
1631 2404 1690 2438 glo-

908 2449 974 2474 riam
989 2453 1016 2475 et
1040 2448 1169 2475 honorem
1188 2448 1213 2475 in
1239 2449 1403 2475 revelatione
1427 2448 1489 2475 Jesu
1512 2448 1614 2475 Christi
1629 2449 1662 2475 ".
1678 2458 1688 2474 ι

906 2493 958 2520 Sed
986 2503 995 2518 ‹
1011 2494 1191 2520 contristari»
1220 2501 1269 2528 pro
1301 2502 1310 2518 (
1327 2493 1449 2520 laborare
1465 2502 1473 2518 ι
1502 2494 1634 2526 accipite,
1659 2501 1690 2520 ιιι

906 2539 986 2565 etiam
1001 2546 1032 2565 ex
1050 2538 1096 2565 illo
1113 2538 1284 2566 manifestum
1308 2544 1370 2566 est:
1388 2547 1398 2564 ι
1422 2538 1449 2565 In
1475 2539 1584 2565 tristitia
1602 2539 1690 2573 paries

907 2584 1041 2611 lilios“.n
1065 2583 1122 2611 Non
1147 2585 1219 2611 enim
1246 2584 1356 2611 omnino
1373 2585 1398 2611 in
1426 2584 1493 2611 tristi
1523 2584 1625 2611 doloris
1647 2585 1689 2611 af-

907 2629 978 2657 fectu
993 2630 1064 2664 parit
1085 2629 1191 2662 mulier,
1211 2629 1258 2656 sed
1278 2629 1304 2655 in
1327 2629 1429 2656 labore.
1448 2629 1566 2660 «Nolite.
1584 2630 1688 2663 inquit,

910 2676 1022 2710 diligere
1038 2676 1182 2705 nmudum,
1206 2682 1294 2708 neque
1307 2681 1338 2702 ea
1363 2682 1422 2709 quae
1446 2676 1472 2701 in
1498 2675 1599 2702 mundo
1614 2680 1688 2702 sunt.

910 2722 939 2749 Si
958 2723 1017 2756 quis
1036 2721 1122 2755 diligit
1141 2721 1281 2753 mundum,
1297 2727 1348 2747 non
1365 2725 1407 2747 est
1425 2721 1544 2748 charitas
1560 2721 1648 2748 Patris
1663 2721 1690 2748 in

997 2791 1018 2806 ¹⁸
1033 2791 1110 2818 Joau.
1125 2798 1170 2817 νιιι
1181 2810 1188 2822 ,
1199 2790 1244 2823 57,
1261 2790 1305 2817 59.
1360 2791 1380 2806 ¹⁹
1397 2789 1491 2817 Matth.
1513 2798 1540 2824 x,
1555 2790 1589 2817 57
1601 2794 1628 2818 et
1642 2789 1687 2818 59.
