1843 3076
202 107 255 134 (ὶιὸ

202 169 248 193 eo;
270 161 394 195 qttoniam
415 168 495 187 omne
513 161 583 195 quod
606 164 647 187 est
674 161 700 188 in
723 161 833 191 mundo.
849 161 982 196 'concupi-

201 208 303 234 scentia
321 207 410 233 carnis
431 211 473 233 est.
489 210 515 232 et
538 206 763 240 concupiscentia
789 206 932 234 oculorunt
957 212 983 233 et

200 252 325 286 superbia
339 252 409 283 vitae,
422 259 481 285 qua:
496 259 548 278 non
561 257 603 278 est
617 259 650 278 ex
666 251 756 284 Patre,
772 252 819 278 sed
835 259 867 278 ex
884 252 984 279 nume

200 304 251 324 est.
269 298 300 324 Et
315 297 428 324 mundus
445 297 555 329 transit,
570 301 597 324 et
610 297 829 331 concupiscentia
851 296 909 330 ejus
923 296 956 324 “.
971 306 980 322 ι

199 343 286 370 Nolite
302 344 382 378 igitur
398 352 429 370 ea
448 343 560 377 diligere
580 350 642 376 quas
664 347 815 374 transeunt,
837 342 884 369 sed
904 342 984 369 facile

198 390 364 416 voluntatem
381 389 438 421 Dei,
453 393 481 415 ut
495 389 569 423 digni
585 389 645 416 sitis
660 396 743 414 unum
762 387 818 414 lieri
835 395 897 415 ettm
914 387 982 414 Filio

198 441 226 462 et
243 435 322 462 Patre
342 439 369 462 et
385 435 484 468 Spiritu
505 433 687 467 sauetojuxta
705 433 855 460 Salvatoris
872 440 981 467 prccent

198 481 330 508 dicentis:
349 489 357 505 ι
374 481 450 507 Sicut
467 487 517 514 ego
534 485 561 507 et
578 484 604 506 tu
620 487 701 506 unum
722 486 828 510 sumus,
847 483 875 505 ul
889 483 916 505 et
932 479 981 512 ipsi

198 526 225 553 in
241 527 317 553 nobis
334 534 416 552 unum
438 526 490 552 sint
503 526 536 551 ’⁸.
551 535 561 550 ι
577 525 649 557 Quot
671 532 736 551 vero
757 525 814 551 dies
831 524 982 550 lucrabitur

199 572 224 599 is
237 571 282 606 qui
297 571 424 598 dilexerit.
440 571 571 597 mundum
585 576 611 597 et
626 577 656 596 ea
673 578 733 604 qua:
750 570 776 596 in
794 569 894 596 mundo
908 575 979 601 sunt,

200 619 374 652 animamque
389 617 526 651 propriam
541 617 638 643 damno
653 616 808 642 alleceritel
825 616 981 648 perdiderit,

202 663 451 696 conscientiamque
476 661 672 689 circumlulerit
696 662 846 696 negationis
879 662 982 688 scelere

199 709 272 743 quod
292 709 387 740 quovis
409 715 492 735 onere
507 707 617 741 gravius
632 711 682 738 est,
698 706 872 741 oppressam?
888 707 982 734 Memi-

199 755 319 781 nerimus
339 754 436 788 singuli
452 754 559 788 quoties
577 758 664 780 morte
681 753 784 786 vulgari
809 753 920 780 interire
935 761 982 786 pe-

199 799 307 826 riclitati
324 799 423 831 simus;
441 799 643 831 cogitemusque
658 805 721 823 num
736 797 806 824 forte
823 797 906 824 simus
920 797 980 824 ideo

199 845 300 871 servati
321 849 350 871 ut
363 844 473 880 proprio
490 842 621 875 sanguine
635 842 720 869 abluti
734 847 760 869 et
775 843 848 869 omni
871 849 981 875 peccato

200 890 320 917 rnundati
345 891 414 924 apud
436 891 546 918 caeleste
563 890 648 916 altare
661 897 722 916 cum
749 889 783 915 iis
799 889 843 922 qui
859 888 982 915 similiter

199 937 371 967 certaverint,
387 944 593 964 conversemur.

233 1073 277 1101 40.
297 1074 374 1107 Quod
389 1074 411 1102 si
431 1074 492 1108 quis
513 1082 610 1109 magno
625 1074 686 1102 vita:
703 1081 796 1102 amore
818 1074 908 1101 victus
933 1076 980 1100 aut

198 1120 320 1147 laborum
345 1120 523 1154 impatientia.
541 1125 589 1147 aut
605 1120 777 1147 sermonibus
797 1120 842 1154 qui
862 1124 924 1153 apte
946 1119 979 1145 ad

197 1165 412 1200 persuadendqu
437 1166 581 1193 videantur
602 1166 635 1192 ab
667 1166 699 1192 iis
722 1165 774 1192 dici
799 1165 845 1199 qui
871 1171 920 1191 nos
945 1162 980 1190 ad

198 1211 332 1238 deteriora
348 1217 478 1238 conantur
496 1212 634 1244 inducere,
656 1218 739 1238 unttm
762 1211 844 1237 Deum
867 1209 981 1244 ejusque

199 1257 334 1284 Christum
352 1257 507 1291 negaverit,
533 1257 673 1284 confessus
698 1261 788 1284 autem
815 1256 898 1282 fuerit
923 1256 979 1282 dte-

199 1303 286 1330 monia
301 1307 347 1331 aut
368 1302 501 1335 fortunas,
517 1303 585 1330 scito
601 1302 689 1334 illum,
706 1303 750 1336 qui
767 1306 845 1337 parat
864 1301 980 1328 ιιιιιηιοιιί

199 1356 320 1376 mensam
332 1353 359 1376 et
383 1349 496 1376 fortuna:
513 1349 604 1375 vinum
623 1349 734 1379 miscet.
761 1348 904 1382 reliquisse
925 1348 980 1375 Do-

197 1394 314 1426 minum,
327 1399 427 1422 etcum
449 1395 548 1422 montis
565 1395 652 1422 sancti
675 1394 734 1428 ejus
757 1394 855 1422 oblitus
870 1394 916 1427 sit,
934 1401 979 1421 rc-

197 1440 372 1472 prehensioni
389 1441 426 1467 illi
447 1440 597 1474 subjectum
617 1441 649 1468 iri
664 1448 745 1474 quam
768 1440 854 1468 Isaias
871 1441 981 1476 scripsit

198 1485 224 1512 in
245 1486 315 1513 hunc
332 1486 460 1513 modum:
480 1496 488 1511 ι
502 1485 554 1512 Vos
570 1491 661 1514 autem
676 1486 722 1520 qui
736 1487 920 1521 dercliquistis
937 1495 979 1514 me

196 1535 224 1556 et
242 1530 318 1557 obliti
339 1531 406 1557 estis
430 1531 530 1557 montis
552 1531 639 1558 sancti
661 1531 731 1563 mei,
751 1535 778 1558 et
801 1532 902 1566 paratis
924 1532 980 1559 dte—

198 1576 270 1601 moni
294 1582 427 1608 mensam,
441 1580 468 1602 et
486 1575 604 1610 impletis
620 1576 733 1603 fortuna:
754 1577 905 1611 potionem;
930 1585 980 1612 ego

196 1619 276 1654 301
292 1620 395 1647 tradam
409 1627 456 1648 vos
473 1620 499 1647 in
512 1620 649 1656 gladium;
664 1629 758 1649 omnes
776 1622 802 1649 in
818 1622 981 1650 mactatione

197 1665 309 1698 cadetis,
323 1666 387 1700 quia
411 1666 506 1693 vocavi
525 1674 572 1694 vos
588 1671 616 1694 et
634 1675 687 1694 non
701 1667 847 1700 obedistis;
875 1669 979 1696 locutus

197 1717 268 1744 sum,
296 1715 324 1738 et
347 1713 560 1747 eontempsistis,
576 1717 603 1739 et
618 1712 721 1740 fecistis
747 1713 846 1740 malum
864 1714 889 1740 in
914 1721 980 1741 con-

196 1760 288 1789 spectu
306 1763 378 1789 meo,
391 1761 419 1784 et
445 1765 504 1792 qua:
531 1759 655 1786 nolebam
674 1758 804 1792 elegistis.
835 1753 979 1794 Propterea

196 1801 253 1828 haec
267 1801 332 1829 dicit
347 1802 476 1830 Dominus
492 1813 498 1830 :
516 1803 586 1831 Ecce
601 1805 647 1838 qui
663 1804 786 1832 serviunt
810 1805 876 1833 mihi
899 1812 978 1832 man-

196 1844 346 1879 ducaltunt;
362 1854 411 1875 vos
423 1852 511 1875 autem
525 1849 666 1882 esurietis;
691 1857 756 1877 ecce
782 1850 827 1884 qui
856 1851 980 1878 serviunt

196 1891 262 1918 mihi
277 1891 460 1927 laetabuntur;
479 1902 527 1922 vos
554 1899 643 1922 autem
670 1895 889 1930 cnnl'undemini;
914 1904 980 1925 ecce

194 1938 240 1972 qui
253 1939 375 1966 serviunt
390 1940 454 1967 mihi
470 1941 644 1968 exsultabunt
656 1941 682 1968 in
699 1941 800 1974 laetitia,
820 1949 867 1970 vos
888 1946 977 1970 autem

195 1982 347 2011 clatnabitis
364 1989 474 2019 propter
488 1985 608 2013 dolorem
627 1985 730 2018 cordis,
743 1989 770 2013 et
788 1989 899 2020 propter
911 1993 975 2012 con-

195 2027 332 2056 tritionem
349 2029 461 2063 spiritus
479 2030 629 2060 ululabitis.
644 2030 813 2065 Relinquetis
835 2031 908 2057 enirn
929 2038 978 2057 no-

194 2079 255 2100 men
271 2081 360 2101 meum
376 2075 402 2102 in
416 2077 586 2104 saturitatem
606 2076 701 2104 electis
723 2077 807 2109 meis;
824 2083 870 2103 vos
888 2079 976 2103 autem

195 2118 340 2146 interﬁciet
373 2119 541 2148 Dominus".
566 2131 575 2148 ι
593 2122 646 2150 Sed
663 2122 685 2149 si
708 2122 886 2156 intelligentes
917 2128 976 2155 quae

194 2163 230 2190 sit
244 2171 336 2191 mensa
351 2163 468 2198 Domini,
490 2167 634 2201 participes
659 2166 718 2202 ejus
731 2174 790 2193 esse
803 2166 924 2197 velimus,
945 2165 975 2191 il-

194 2208 238 2235 lud
251 2216 357 2244 quoque
383 2211 536 2238 noverimus
555 2220 562 2238 :
580 2220 589 2236 ι
609 2211 665 2239 Non
683 2212 793 2246 potestis
806 2218 905 2238 mensae
922 2210 974 2238 Do-

194 2254 259 2280 mini
282 2254 426 2289 participes
453 2263 524 2289 esse,
542 2261 568 2283 et
590 2264 689 2284 mensa:
713 2256 943 2284 daemoniorum".
963 2265 972 2281 ν

194 2298 260 2331 Quis
274 2304 362 2327 autem
373 2300 456 2327 tilium
474 2301 584 2329 lonitrui
609 2301 738 2329 Joannem
753 2301 866 2328 audiens
880 2301 973 2328 dicen-

195 2349 247 2372 tem
263 2352 271 2372 :
292 2354 302 2370 «
319 2345 414 2373 Omnis
431 2346 476 2380 qui
502 2351 581 2380 negat
602 2346 711 2378 Filium,
736 2353 785 2373 nec
801 2346 906 2373 Patrem
923 2347 972 2374 lia-

193 2389 254 2423 bet;
271 2390 470 2424 quiconﬁtetur
481 2390 589 2423 Filium,
603 2396 629 2419 et
638 2391 743 2418 Patrem
757 2391 837 2418 habet
847 2391 886 2424 ¹⁸,
902 2401 911 2417 ι
923 2399 974 2419 non

194 2433 318 2462 formidet
325 2442 364 2466 μεθ
381 2435 562 2463 Christianum
583 2443 634 2464 non
652 2443 711 2463 esse
727 2436 817 2463 dicere
830 2440 858 2462 et
875 2443 973 2469 negare

192 2478 300 2513 Filium,
316 2485 345 2507 ut
363 2481 437 2508 illttm
456 2482 579 2516 negando
592 2488 641 2508 nec
655 2481 763 2508 Patrem
775 2481 889 2508 habeat?
905 2481 971 2514 Quis

191 2527 280 2561 potius
297 2534 350 2554 non
376 2532 481 2561 quaerat
493 2531 521 2554 et
537 2526 664 2561 operibus
684 2531 711 2552 et
738 2527 828 2554 verbis
847 2534 877 2554 se
890 2526 968 2554 Citri-

225 2625 249 2641 “
264 2624 360 2652 lJoan.
375 2633 408 2654 ll.
423 2625 467 2657 15,
485 2623 585 2656 16,”.
623 2624 645 2639 ’⁸
660 2622 737 2651 Joan.
756 2633 820 2658 xm,
838 2626 882 2658 2|,
899 2625 946 2652 22.

189 2712 292 2773 arista)
319 2711 374 2739 Τοῦ
408 2711 505 2745 ὅρουςι
532 2711 649 2747 Legebat
676 2713 852 2745 Wetstenius,

295 2781 452 2815 Νοοῦντες,
469 2781 513 2814 τίς
529 2782 547 2815 ἡ
564 2782 615 2809 τοῦ
635 2783 742 2816 Κιγνίου
758 2792 785 2817 τι
793 2782 891 2812 άπεζὶι.
907 2783 971 2810 ι’..ιε

903 2714 966 2745 τοὺς

921 98 1084 128 ORlGENlS

1761 98 1806 126 6l6

998 165 1018 193 Α
1035 159 1126 194 ἀγάπη
1150 158 1196 184 τοῦ
1222 157 1327 193 Πατρὺς
1359 158 1387 184 ἐν
1411 156 1499 192 αὐτῷ’
1527 157 1567 183 ὅτι
1596 157 1648 183 πᾶν
1671 157 1700 182 τὸ
1722 158 1749 182 ὲν
1774 159 1806 191 τῷ

1034 204 1138 239 κόσμῳ,
1160 205 1176 238 ή
1198 203 1329 238 ἐπιθυμία
1352 203 1400 237 τῆς
1417 203 1526 238 σαρκὸς,
1544 203 1591 228 καὶ
1612 201 1741 236 ἐπιθυμία
1760 203 1807 228 τῶν

1033 247 1187 284 ὀψθαλμῶν,
1204 248 1250 273 καὶ
1275 249 1290 281 ἡ
1309 246 1451 277 ἁλαζονεέα
1472 246 1518 272 τοῦ
1545 245 1600 280 βίου
1619 246 1668 271 οὐκ
1691 245 1761 271 ἔστιν
1781 247 1807 272 ἐκ

1033 292 1078 318 τοῦ
1097 292 1213 327 Πατρὸς,
1232 291 1287 318 ἀλλ’
1301 293 1333 318 ἐκ
1347 291 1392 317 τοῦ
1409 291 1511 326 κόσμου
1534 291 1599 317 ἐστι.
1618 292 1672 317 Καὶ
1687 292 1701 316 ὸ
1718 291 1807 326 κόσμος

1034 338 1186 373 παράγεται
1206 338 1252 364 καὶ
1267 339 1284 372 ἡ
1307 337 1450 372 ἐπιθυμία.
1466 348 1474 362 ι
1502 339 1547 373 Μὴ
1569 335 1615 364 οὖν
1639 337 1761 370 ἀγαπᾶτε
1780 337 1809 362 1'1

1033 382 1220 418 παραγόμενα,
1243 382 1321 413 ἀλλὰ,
1339 382 1477 414 ποιοῦντες
1502 382 1532 408 τὸ
1548 382 1653 417 θέλημα
1677 381 1723 408 τοῦ
1739 382 1807 410 Θεοῦ,

1033 428 1100 460 ἄξιοι
1126 429 1235 462 γίνεσθε
1250 428 1296 454 τοῦ
1315 428 1343 454 ἓν
1367 429 1493 463 γενέσθαι
1516 429 1574 464 ἅμα
1591 430 1647 465 Υἱῷ
1663 430 1710 455 καὶ
1732 430 1808 464 ῐῐατρὶ

1032 475 1079 501 καὶ
1097 475 1166 510 ἁγίῳ
1185 475 1337 510 Πνεύματι,
1360 476 1430 502 κατὰ
1452 475 1502 510 τὴν
1526 475 1571 502 τοῦ
1597 476 1722 511 Σωτῆρος
1737 477 1808 511 εὐχὴν

1032 518 1170 553 λέγοντοςν
1191 528 1200 544 ‹
1223 519 1265 550 Ὠς
1283 519 1337 553 ἐγὼ
1353 520 1398 545 καὶ
1417 521 1449 546 σὺ
1466 519 1495 545 ἓν
1509 520 1602 555 ἐσμεν,
1614 520 1659 546 ἵνα
1676 521 1724 546 καὶ
1743 522 1808 547 aitet

1032 566 1060 591 ἐν
1074 565 1138 600 ἡμῖν
1153 564 1181 590 ἓν
1189 561 1250 590 ὦσι.
1265 574 1274 589 ι
1290 565 1378 596 Πόσας
1388 565 1416 591 δὲ
1433 565 1479 591 καὶ
1496 565 1601 600 ἡμέρας
1619 565 1677 591 Eat:
1689 565 1808 600 κερξῆτατ

1032 610 1214 645 ἀγαπήσαντα
1233 610 1277 636 τὸν
1296 607 1424 644 κόσμονῆ
1442 609 1476 636 τὰ
1495 611 1523 635 ἐν
1537 609 1576 644 τῷ
1589 610 1696 645 κόσμῳ,
1712 610 1755 636 καὶ
1768 610 1808 644 τὴν

1032 655 1128 681 ἑαυτοῦ
1145 655 1233 690 ψυχὴν
1254 654 1435 690 ζημιούμενον
1451 654 1468 690 ἣ
1486 655 1650 686 ἀπολλύντα,
1672 656 1717 681 καὶ
1742 663 1808 690 περι-

1032 700 1146 736 φέροντα
1164 700 1282 732 συνειὸος
1298 700 1464 736 βαρούμενον
1482 701 1550 735 ὑπὲρ
1565 701 1673 736 φορτίον
1690 701 1754 736 βαρὺ
1770 701 1808 727 καὶ

1031 746 1084 772 ὑπὸ
1101 747 1150 781 τῆς
1168 747 1308 781 ἀρνήσεως
1329 745 1490 780 πτώματος;
1509 745 1743 781 ’Υπομνησθὼμεν
1756 746 1808 772 ἕκα-

1032 801 1104 824 στος,
1131 792 1227 823 ὁσάκις
1250 791 1398 818 ἀποθανεῖν
1423 792 1467 817 τὸν
1492 791 1580 818 κοινὸν
1606 791 1721 818 θάνατον
1746 793 1806 818 ὲκιν-

1031 838 1151 869 δύνευσε,
1176 838 1222 864 καὶ
1245 837 1432 872 λογισώμεθα,
1454 837 1559 872 μήποτε
1588 836 1633 863 διὰ
1655 837 1734 863 τοῦτο
1755 838 1807 871 ἐτη-

1032 883 1165 918 ρήθημεν,
1188 883 1240 915 ἵνα,
1263 883 1458 918 βαπτισάμενοι
1475 882 1514 918 τῷ
1530 882 1635 909 ἑαυτῶν
1653 883 1748 918 αἵματι
1771 884 1807 909 καὶ

1031 928 1246 963 ἁπολουσάμενοι
1271 929 1361 954 πᾶσαν
1385 928 1531 963 ἁμαρτίαν,
1549 928 1624 963 παρὰ
1646 928 1686 963 τῷ
1699 930 1726 954 ὲν
1740 929 1807 963 οὐρι-

1031 974 1085 1004 νοῖς
1101 972 1285 1008 θυσιαστηρίῳ
1305 973 1353 1004 τὰς
1370 972 1510 1008 διατριϐὰς
1530 973 1600 1007 μετὰ
1619 973 1676 999 τῶν
1701 981 1806 1006 «uvam-vv

1031 1017 1183 1052 νισαμένων
1197 1018 1384 1053 ποιησώμεθα.

997 829 1016 856 Β

1066 1075 1097 1101 Ei
1110 1074 1138 1101 δέ
1154 1083 1196 1106 τις
1211 1075 1302 1106 ἐνδοὺς
1316 1075 1369 1101 ἀπὸ
1384 1074 1482 1110 πολλῆς
1497 1074 1646 1109 φιλοζωΐας
1661 1075 1678 1109 ἢ
1693 1074 1740 1108 τῆς
1752 1074 1806 1108 πρὸς

1030 1119 1092 1151 τοὺς
1113 1120 1210 1152 πόνους
1228 1120 1372 1155 μαλακίας,
1388 1120 1404 1155 ἢ
1419 1119 1473 1146 τῶν
1489 1119 1676 1154 νομιζομένων
1700 1119 1804 1149 πιθανῶς

1031 1165 1214 1201 προσάγεσθαι
1240 1166 1291 1192 ὑπὸ
1316 1165 1369 1192 τῶν
1393 1165 1594 1192 ἀναπειθόντων
1620 1166 1696 1200 ἡμᾶς
1717 1166 1758 1191 ἐπὶ
1780 1164 1806 1190 τὰ

1031 1211 1156 1247 χείρονα,
1180 1203 1326 1247 ἀρνήσαιτο
1346 1211 1394 1246 μὲν
1417 1212 1448 1237 τὸ
1464 1210 1532 1237 εἶναι
1554 1211 1600 1237 ἕνα
1616 1211 1685 1236 Θεὸν
1707 1211 1751 1237 καὶ
1769 1209 1806 1235 τὸν

1031 1256 1148 1292 Χριστὸν
1170 1256 1263 1289 αὑτοῦ,
1289 1258 1454 1292 ὁμολογήσαι
1478 1257 1506 1282 δὲ
1529 1256 1657 1291 δαιμόνια
1681 1257 1697 1291 ἢ
1720 1256 1802 1290 τύχας·

1033 1301 1107 1334 ἵστω,
1123 1302 1163 1329 ὅτι
1185 1299 1278 1334 οὗτος,
1302 1303 1453 1337 ἐτοιμέιζων
1472 1301 1512 1337 τῷ
1538 1301 1650 1336 δαίμονι
1674 1301 1803 1337 τράπεζαν,

1030 1348 1077 1375 καὶ
1093 1348 1203 1383 πληρῶν
1216 1349 1250 1383 τῇ
1264 1347 1334 1384 τύχῃ
1353 1349 1495 1383 κέρασμα,
1517 1347 1682 1382 ἐγκατέλιπε
1700 1347 1801 1383 Κύριον’

1030 1393 1077 1420 καὶ
1093 1393 1332 1428 ἐπιλανθανόμενος
1345 1393 1392 1420 τοῦ
1407 1394 1485 1429 ὅρους
1499 1393 1556 1429 (40)
1567 1393 1613 1420 τοῦ
1630 1393 1710 1428 ἁγίου
1724 1392 1801 1422 αὑτοῦ,

1029 1437 1133 1470 τούτοις
1148 1440 1204 1470 τοῖς
1219 1439 1339 1474 ἐλέγχοις
1355 1439 1538 1471 ὑποκείσεται,
1554 1439 1602 1471 οὓς
1626 1438 1738 1470 Ἡσαΐας
1756 1438 1802 1464 τοῦ-

993 1489 1015 1520 c
1029 1493 1074 1511 τον
1090 1485 1135 1512 τὸν
1154 1485 1253 1520 τρόπον
1271 1485 1408 1520 ἀνέγραψε
1419 1493 1425 1499 ”
1444 1494 1453 1511 ‹
1475 1485 1569 1520 Ὑμεῖς
1585 1485 1613 1512 δὲ
1631 1486 1657 1512 οἱ
1680 1485 1801 1520 ἐγκαταλι-

1032 1530 1127 1562 πόντες
1150 1539 1183 1565 με
1209 1531 1254 1557 καὶ
1282 1530 1521 1565 ἐπιλανθανόμενοι
1546 1530 1578 1556 τὸ
1603 1531 1670 1566 ὅρος
1693 1531 1721 1557 τὸ
1742 1530 1800 1565 ἅγιόν

1032 1583 1094 1610 μου,
1119 1575 1165 1601 καὶ
1189 1575 1376 1610 ὲτοιμάζοντες
1401 1575 1439 1610 τῷ
1461 1576 1566 1611 δαίμονι
1594 1576 1744 1611 τράπεζαν,
1766 1576 1801 1601 καὶ

1031 1621 1196 1656 πληροῦντες
1215 1622 1247 1656 τῇ
1262 1622 1331 1657 τύχῃ
1353 1621 1489 1656 κέρασμα,
1503 1620 1558 1651 ἐγὼ
1574 1621 1728 1656 παραδώσω
1747 1622 1800 1656 ὑμᾶς

1029 1667 1069 1697 εἰς
1086 1665 1232 1701 μάχαιραν.
1251 1666 1353 1696 Πάντες
1372 1666 1400 1691 ἐν
1419 1666 1509 1700 σφαγῇ
1532 1665 1676 1692 πεσεῖσθε·
1699 1666 1736 1692 ὅτι
1752 1665 1800 1691 Exi-

1029 1711 1094 1737 λεσα
1108 1712 1188 1747 ὑμᾶς,
1204 1711 1251 1738 καὶ
1263 1711 1311 1746 οὐχ
1330 1710 1502 1746 ὑπηκούσατε
1513 1718 1520 1725 ·
1537 1710 1667 1746 ἐλάλησα,
1690 1711 1733 1738 καὶ
1745 1718 1799 1744 περ·

1029 1756 1173 1792 ηκούσατε·
1197 1756 1244 1782 καὶ
1267 1757 1410 1791 ἐποιήσατε
1425 1756 1455 1782 τὸ
1477 1756 1595 1791 πονηρὸν
1612 1756 1729 1783 ἐναντίον
1744 1763 1797 1791 μου’

1029 1802 1076 1828 καὶ
1091 1801 1109 1828 ἃ
1123 1802 1174 1828 οὐκ
1190 1800 1337 1837 ἐϐουλόμην
1353 1801 1519 1835 ἐξελέξασθε.
1535 1801 1585 1828 Διὰ
1602 1802 1683 1829 τοῦτο
1697 1802 1753 1829 τάδε
1766 1800 1797 1827 λέ-

1028 1855 1071 1881 γει
1081 1846 1191 1882 Κύριος·
1210 1846 1274 1873 Ἰδοὺ
1290 1847 1313 1873 οἱ
1332 1846 1501 1878 δουλεύοντές
1519 1851 1567 1882 μοι
1577 1847 1719 1881 φάγονται·
1738 1847 1797 1881 lipsi;

1028 1893 1057 1920 δὲ
1080 1893 1230 1919 πεινάσετε.
1254 1892 1317 1919 Ἰδοὺ
1329 1892 1534 1924 οἱδουλεύοντές
1556 1900 1600 1927 μοι
1618 1892 1796 1928 εὐφρανθήσον-

1028 1947 1085 1966 ται·
1115 1939 1194 1974 ὑμεῖς
1220 1938 1249 1964 δὲ
1272 1938 1493 1974 αἰσχυνθήσεσθε.
1524 1938 1587 1965 Ἰδοὺ
1607 1939 1633 1965 οἱ
1652 1936 1796 1966 δουλεύοντές

1030 1993 1074 2019 μοι
1099 1983 1305 2018 ὰγαλλιάσονται
1322 1985 1350 2010 ὲν
1366 1983 1535 2019 εὐφροσύνῃ·
1567 1983 1648 2018 ὑμεῖς
1667 1984 1695 2010 δὲ
1715 1982 1795 2017 κεκρά-

1028 2028 1105 2062 ξεσθε
1121 2027 1165 2054 διὰ
1178 2028 1222 2054 τὸν
1237 2028 1316 2054 πόνον
1332 2027 1381 2063 τῆς
1400 2027 1528 2063 καρδίας,
1548 2028 1595 2054 καὶ
1606 2027 1661 2054 ἀπὸ
1675 2025 1794 2062 ωντριὸῆς

1028 2073 1180 2108 πνεύματος
1209 2073 1365 2106 ὀλολύξετε·
1393 2073 1568 2108 καταλείψετε
1600 2073 1655 2109 γὰρ
1680 2073 1708 2100 τὺ
1730 2070 1794 2105 ὕνομά

1030 2127 1079 2154 μου
1102 2119 1142 2150 εἰς
1170 2119 1326 2154 πλησμονὴν
1354 2119 1409 2149 τοῖς
1440 2118 1577 2150 ἐκλεκτοῖς
1599 2126 1665 2152 μου·
1688 2117 1752 2152 ὑμᾶς

992 2153 1013 2180 D
1027 2166 1114 2193 ἀνελεῖ
1128 2165 1238 2201 Κύριος.
1256 2175 1265 2191 ι
1286 2165 1364 2192 Ἀλλὰ
1379 2166 1426 2191 καὶ
1437 2164 1516 2199 εἴπερ
1530 2164 1662 2196 νοοῦντες,
1678 2164 1743 2198 τίςή
1759 2160 1792 2188 τοῦ

1027 2211 1128 2247 Κυρίου
1151 2210 1275 2246 τράπεζα
1299 2211 1366 2247 (41),
1395 2211 1517 2246 μετέχειν
1543 2211 1629 2246 αὐτῆς
1655 2207 1791 2245 βουλόμεθα.

1025 2257 1202 2292 γινώσκωμεν
1219 2257 1258 2289 τὺ,
1275 2266 1284 2282 ‹
1302 2257 1338 2283 υὺ
1352 2256 1465 2283 δύνασθε
1477 2256 1578 2292 Κυρίου
1598 2255 1731 2291 τραπέζης
1745 2261 1791 2289 μετ-

1025 2302 1106 2336 έχειν,
1127 2303 1174 2328 καὶ
1188 2301 1326 2337 τραπέζης
1345 2302 1499 2337 δαιμονίων.
1518 2311 1527 2327 ι
1543 2301 1590 2333 Τίς
1600 2301 1628 2328 δὲ
1639 2301 1747 2330 ἀκούσας
1756 2297 1789 2324 τοῦ

1024 2347 1073 2382 τῆς
1089 2347 1203 2383 βροντῆς
1220 2347 1278 2373 υἱοῦ
1304 2348 1426 2374 Ἰωάννου
1438 2348 1576 2381 λέγοντο;’
1595 2357 1604 2373 ί
1626 2347 1704 2378 Πᾶςό
1715 2343 1790 2380 ἀρνού-

1026 2402 1105 2428 μενος
1122 2393 1167 2419 τὸν
1182 2393 1245 2418 Υἱὺν
1273 2392 1333 2419 οὐδὲ
1354 2393 1398 2419 τὸν
1418 2392 1529 2428 Πατέρα
1558 2392 1628 2428 ἔχει·
1650 2394 1664 2419 ὁ
1678 2392 1703 2417 δὲ
1716 2389 1788 2424 ὁμολο-

1023 2438 1078 2473 γῶν
1093 2439 1138 2464 τὸν
1155 2438 1218 2465 Υἱὸν
1238 2438 1284 2464 καὶ
1301 2438 1347 2465 τὸν
1363 2438 1473 2474 Πατέρα
1495 2438 1551 2473 ἔχει
1564 2447 1570 2452 ·
1591 2447 1599 2463 ι
1617 2438 1648 2464 οὐ
1663 2435 1788 2471 φοϐηθήσε-

1021 2491 1066 2509 ται
1082 2483 1125 2510 διὰ
1137 2483 1184 2510 τοῦ
1206 2483 1296 2518 λέγειν
1314 2483 1351 2518 μὴ
1368 2481 1436 2510 εἶναι
1455 2484 1625 2518 Χριστιανὸς,
1646 2480 1786 2518 ἀρνήσασθαι

1021 2529 1066 2555 τὸν
1082 2529 1156 2561 Υἱὸν,
1179 2530 1207 2555 ὲν
1219 2528 1258 2564 τῷ
1274 2528 1415 2564 ἀρνεῖσθαι
1439 2529 1530 2562 αὐτὸν,
1551 2529 1600 2564 οὐχ
1616 2529 1681 2562 ἕξων
1694 2528 1733 2554 τὸν
1742 2525 1785 2552 Πι-

1569 2626 1592 2642 ¹⁸
1605 2625 1615 2652 l
1627 2625 1700 2653 Joan.
1713 2631 1738 2653 ιι,
1751 2620 1782 2647 Ξῖ)-

989 2626 1012 2641 ¹⁶
1023 2626 1085 2654 lsai.
1099 2633 1160 2658 LXV,
1176 2626 1271 2654 "-15.
1310 2627 1332 2642 "
1344 2626 1352 2653 l
1363 2627 1425 2655 Cor.
1442 2633 1470 2659 x,
1485 2627 1531 2653 21.

1019 2713 1162 2749 Origenem
1179 2714 1226 2742 lib.
1256 2722 1314 2747 vut,
1332 2715 1431 2743 Contra
1448 2715 1572 2748 Celsum',
1590 2723 1665 2742 num.
1689 2711 1779 2749 24.}5,

1021 2747 1174 2776 ubi‘cottlra
1193 2749 1403 2785 idolo'tltytorum
1423 2758 1510 2782 esum,
1528 2750 1614 2777 locum
1632 2749 1700 2776 l'anli
1712 2751 1718 2775 Ι
1731 2747 1778 2775 Cor.
1806 2764 1807 2767 η

1027 2792 1084 2816 \rn,
1101 2785 1220 2818 pluribus
1233 2784 1320 2820 urget.
1337 2786 1386 2812 Adi
1402 2785 1521 2820 ejusdem
1541 2784 1587 2812 lib.
1607 2793 1677 2812 nuru.
1689 2784 1726 2811 5t).

1804 2813 1806 2829 l
