  <div class='ocr_page' id='page_1' title='image "/cluster/home/n/w/nwhite01/storage/ocr_20150623/11/njp.32101077772414/345.png"; bbox 0 0 1843 3076; ppageno 0'>
   <div class='ocr_carea' id='block_1_1' title="bbox 175 122 227 150">
    <p class='ocr_par' dir='ltr' id='par_1_1' title="bbox 175 122 227 150">
     <span class='ocr_line' id='line_1_1' title="bbox 175 122 227 150; baseline 0.019 -1"><span class='ocrx_word' id='word_1_1' title='bbox 175 122 227 150; x_wconf 69' lang='grc'><strong>619</strong></span> 
     </span>
    </p>
   </div>
   <div class='ocr_carea' id='block_1_2' title="bbox 893 124 1055 154">
    <p class='ocr_par' dir='ltr' id='par_1_2' title="bbox 893 124 1055 154">
     <span class='ocr_line' id='line_1_2' title="bbox 893 124 1055 154; baseline 0.006 -1"><span class='ocrx_word' id='word_1_2' title='bbox 893 124 1055 154; x_wconf 76' lang='lat' dir='ltr'><strong>ORIGENIS</strong></span> 
     </span>
    </p>
   </div>
   <div class='ocr_carea' id='block_1_3' title="bbox 1752 133 1799 161">
    <p class='ocr_par' dir='ltr' id='par_1_3' title="bbox 1752 133 1799 161">
     <span class='ocr_line' id='line_1_3' title="bbox 1752 133 1799 161; baseline 0.021 -1"><span class='ocrx_word' id='word_1_3' title='bbox 1752 133 1799 161; x_wconf 66' lang='lat'><strong>630</strong></span> 
     </span>
    </p>
   </div>
   <div class='ocr_carea' id='block_1_4' title="bbox 175 182 942 226">
    <p class='ocr_par' dir='ltr' id='par_1_4' title="bbox 175 182 942 220">
     <span class='ocr_line' id='line_1_4' title="bbox 175 182 942 220; baseline 0.004 -10"><span class='ocrx_word' id='word_1_4' title='bbox 175 183 244 217; x_wconf 83' lang='lat' dir='ltr'><strong>ejus,</strong></span> <span class='ocrx_word' id='word_1_5' title='bbox 262 183 301 210; x_wconf 92' lang='lat' dir='ltr'><strong>sic</strong></span> <span class='ocrx_word' id='word_1_6' title='bbox 317 187 344 210; x_wconf 89' lang='lat' dir='ltr'><strong>et</strong></span> <span class='ocrx_word' id='word_1_7' title='bbox 359 183 385 210; x_wconf 92' lang='lat' dir='ltr'><strong>in</strong></span> <span class='ocrx_word' id='word_1_8' title='bbox 403 182 434 210; x_wconf 92' lang='lat' dir='ltr'><strong>iis</strong></span> <span class='ocrx_word' id='word_1_9' title='bbox 450 190 510 217; x_wconf 75' lang='lat' dir='ltr'><strong>qua:</strong></span> <span class='ocrx_word' id='word_1_10' title='bbox 523 182 648 217; x_wconf 87' lang='lat' dir='ltr'><strong>patiendo</strong></span> <span class='ocrx_word' id='word_1_11' title='bbox 668 183 775 212; x_wconf 76' lang='lat' dir='ltr'><strong>fortiter</strong></span> <span class='ocrx_word' id='word_1_12' title='bbox 789 185 883 220; x_wconf 73' lang='lat' dir='ltr'><strong>gessit,</strong></span> <span class='ocrx_word' id='word_1_13' title='bbox 898 194 942 220; x_wconf 80' lang='lat' dir='ltr'><strong>par</strong></span> 
     </span>
    </p>
   </div>
   <div class='ocr_carea' id='block_1_5' title="bbox 1033 182 1798 226">
    <p class='ocr_par' dir='ltr' id='par_1_5' title="bbox 1033 187 1798 226">
     <span class='ocr_line' id='line_1_5' title="bbox 1033 187 1798 226; baseline 0.007 -13"><span class='ocrx_word' id='word_1_14' title='bbox 1033 187 1059 213; x_wconf 74' lang='grc' dir='ltr'>αὶ</span> <span class='ocrx_word' id='word_1_15' title='bbox 1088 187 1346 223; x_wconf 75' lang='grc' dir='ltr'>συνθριαμϐευουσιν</span> <span class='ocrx_word' id='word_1_16' title='bbox 1357 209 1363 221; x_wconf 94' lang='grc'><strong>,</strong></span> <span class='ocrx_word' id='word_1_17' title='bbox 1378 188 1415 220; x_wconf 82' lang='grc' dir='ltr'>ὡς</span> <span class='ocrx_word' id='word_1_18' title='bbox 1430 189 1552 216; x_wconf 72' lang='grc' dir='ltr'>κοινωνοὶ</span> <span class='ocrx_word' id='word_1_19' title='bbox 1568 190 1622 217; x_wconf 80' lang='grc' dir='ltr'>τῶν</span> <span class='ocrx_word' id='word_1_20' title='bbox 1636 189 1798 226; x_wconf 59' lang='grc' dir='ltr'>παθημάτων</span> 
     </span>
    </p>
   </div>
   <div class='ocr_carea' id='block_1_6' title="bbox 175 229 959 264">
    <p class='ocr_par' dir='ltr' id='par_1_6' title="bbox 175 229 959 264">
     <span class='ocr_line' id='line_1_6' title="bbox 175 229 959 264; baseline 0.001 -6"><span class='ocrx_word' id='word_1_21' title='bbox 175 236 227 258; x_wconf 88' lang='lat' dir='ltr'><strong>tem</strong></span> <span class='ocrx_word' id='word_1_22' title='bbox 243 231 372 262; x_wconf 81' lang='lat' dir='ltr'><strong>habeam;</strong></span> <span class='ocrx_word' id='word_1_23' title='bbox 386 230 456 256; x_wconf 88' lang='lat' dir='ltr'><strong>inter</strong></span> <span class='ocrx_word' id='word_1_24' title='bbox 467 237 527 264; x_wconf 72' lang='lat' dir='ltr'><strong>quae</strong></span> <span class='ocrx_word' id='word_1_25' title='bbox 545 229 666 257; x_wconf 80' lang='lat' dir='ltr'><strong>facinora</strong></span> <span class='ocrx_word' id='word_1_26' title='bbox 682 236 708 258; x_wconf 89' lang='lat' dir='ltr'><strong>et</strong></span> <span class='ocrx_word' id='word_1_27' title='bbox 721 231 784 258; x_wconf 88' lang='lat' dir='ltr'><strong>illud</strong></span> <span class='ocrx_word' id='word_1_28' title='bbox 806 237 847 260; x_wconf 91' lang='lat' dir='ltr'><strong>cst</strong></span> <span class='ocrx_word' id='word_1_29' title='bbox 862 233 959 260; x_wconf 90' lang='lat' dir='ltr'><strong>trium-</strong></span> 
     </span>
    </p>
   </div>
   <div class='ocr_carea' id='block_1_7' title="bbox 173 276 958 311">
    <p class='ocr_par' dir='ltr' id='par_1_7' title="bbox 173 276 958 311">
     <span class='ocr_line' id='line_1_7' title="bbox 173 276 958 311; baseline 0.003 -7"><span class='ocrx_word' id='word_1_30' title='bbox 173 278 271 311; x_wconf 85' lang='lat' dir='ltr'><strong>phasse</strong></span> <span class='ocrx_word' id='word_1_31' title='bbox 284 276 450 311; x_wconf 90' lang='lat' dir='ltr'><strong>principatus</strong></span> <span class='ocrx_word' id='word_1_32' title='bbox 463 280 490 303; x_wconf 90' lang='lat' dir='ltr'><strong>et</strong></span> <span class='ocrx_word' id='word_1_33' title='bbox 505 280 670 310; x_wconf 81' lang='lat' dir='ltr'><strong>potestates;</strong></span> <span class='ocrx_word' id='word_1_34' title='bbox 685 284 753 311; x_wconf 90' lang='lat' dir='ltr'><strong>quos</strong></span> <span class='ocrx_word' id='word_1_35' title='bbox 776 277 851 306; x_wconf 85' lang='lat' dir='ltr'><strong>brevi</strong></span> <span class='ocrx_word' id='word_1_36' title='bbox 871 279 958 306; x_wconf 82' lang='lat' dir='ltr'><strong>victos</strong></span> 
     </span>
    </p>
   </div>
   <div class='ocr_carea' id='block_1_8' title="bbox 171 320 957 358">
    <p class='ocr_par' dir='ltr' id='par_1_8' title="bbox 171 320 957 358">
     <span class='ocr_line' id='line_1_8' title="bbox 171 320 957 358; baseline 0.003 -8"><span class='ocrx_word' id='word_1_37' title='bbox 171 328 199 350; x_wconf 91' lang='lat' dir='ltr'><strong>et</strong></span> <span class='ocrx_word' id='word_1_38' title='bbox 212 321 358 350; x_wconf 87' lang='lat' dir='ltr'><strong>debellatos</strong></span> <span class='ocrx_word' id='word_1_39' title='bbox 376 321 511 348; x_wconf 77' lang='lat' dir='ltr'><strong>videbitis.</strong></span> <span class='ocrx_word' id='word_1_40' title='bbox 528 320 594 354; x_wconf 70' lang='lat' dir='ltr'><strong>Qum</strong></span> <span class='ocrx_word' id='word_1_41' title='bbox 604 327 693 350; x_wconf 91' lang='lat' dir='ltr'><strong>autem</strong></span> <span class='ocrx_word' id='word_1_42' title='bbox 710 323 761 350; x_wconf 91' lang='lat' dir='ltr'><strong>alia</strong></span> <span class='ocrx_word' id='word_1_43' title='bbox 776 324 887 358; x_wconf 83' lang='lat' dir='ltr'><strong>perinde</strong></span> <span class='ocrx_word' id='word_1_44' title='bbox 901 325 957 352; x_wconf 88' lang='lat' dir='ltr'><strong>dies</strong></span> 
     </span>
    </p>
   </div>
   <div class='ocr_carea' id='block_1_9' title="bbox 170 366 958 401">
    <p class='ocr_par' dir='ltr' id='par_1_9' title="bbox 170 366 958 401">
     <span class='ocr_line' id='line_1_9' title="bbox 170 366 958 401; baseline 0.005 -7"><span class='ocrx_word' id='word_1_45' title='bbox 170 367 266 395; x_wconf 81' lang='lat' dir='ltr'><strong>salutis</strong></span> <span class='ocrx_word' id='word_1_46' title='bbox 290 371 331 394; x_wconf 90' lang='lat' dir='ltr'><strong>est</strong></span> <span class='ocrx_word' id='word_1_47' title='bbox 357 375 389 394; x_wconf 91' lang='lat' dir='ltr'><strong>ac</strong></span> <span class='ocrx_word' id='word_1_48' title='bbox 410 367 454 393; x_wconf 89' lang='lat' dir='ltr'><strong>illa</strong></span> <span class='ocrx_word' id='word_1_49' title='bbox 481 375 533 401; x_wconf 89' lang='lat' dir='ltr'><strong>qua</strong></span> <span class='ocrx_word' id='word_1_50' title='bbox 561 366 624 394; x_wconf 86' lang='lat' dir='ltr'><strong>hinc</strong></span> <span class='ocrx_word' id='word_1_51' title='bbox 639 368 683 395; x_wconf 90' lang='lat' dir='ltr'><strong>tali</strong></span> <span class='ocrx_word' id='word_1_52' title='bbox 699 370 779 396; x_wconf 89' lang='lat' dir='ltr'><strong>modo</strong></span> <span class='ocrx_word' id='word_1_53' title='bbox 805 370 958 398; x_wconf 81' lang='lat' dir='ltr'><strong>exceditis?</strong></span> 
     </span>
    </p>
   </div>
   <div class='ocr_carea' id='block_1_10' title="bbox 170 413 957 448">
    <p class='ocr_par' dir='ltr' id='par_1_10' title="bbox 170 413 957 448">
     <span class='ocr_line' id='line_1_10' title="bbox 170 413 957 448; baseline 0.004 -7"><span class='ocrx_word' id='word_1_54' title='bbox 170 413 223 442; x_wconf 86' lang='lat' dir='ltr'><strong>Sed</strong></span> <span class='ocrx_word' id='word_1_55' title='bbox 238 414 360 446; x_wconf 82' lang='lat' dir='ltr'><strong>obsecro,</strong></span> <span class='ocrx_word' id='word_1_56' title='bbox 382 422 392 439; x_wconf 84' lang='grc' dir='ltr'><strong>ι</strong></span> <span class='ocrx_word' id='word_1_57' title='bbox 411 413 512 440; x_wconf 88' lang='lat' dir='ltr'><strong>netnini</strong></span> <span class='ocrx_word' id='word_1_58' title='bbox 533 413 594 442; x_wconf 88' lang='lat' dir='ltr'><strong>date</strong></span> <span class='ocrx_word' id='word_1_59' title='bbox 609 414 689 441; x_wconf 84' lang='lat' dir='ltr'><strong>ullam</strong></span> <span class='ocrx_word' id='word_1_60' title='bbox 705 414 884 444; x_wconf 77' lang='lat' dir='ltr'><strong>offensionem</strong></span> <span class='ocrx_word' id='word_1_61' title='bbox 895 437 902 448; x_wconf 95' lang='lat'><strong>,</strong></span> <span class='ocrx_word' id='word_1_62' title='bbox 929 422 957 444; x_wconf 93' lang='lat' dir='ltr'><strong>ut</strong></span> 
     </span>
    </p>
   </div>
   <div class='ocr_carea' id='block_1_11' title="bbox 169 461 958 495">
    <p class='ocr_par' dir='ltr' id='par_1_11' title="bbox 169 461 958 495">
     <span class='ocr_line' id='line_1_11' title="bbox 169 461 958 495; baseline 0.005 -7"><span class='ocrx_word' id='word_1_63' title='bbox 169 469 222 488; x_wconf 88' lang='lat' dir='ltr'><strong>non</strong></span> <span class='ocrx_word' id='word_1_64' title='bbox 241 461 409 495; x_wconf 81' lang='lat' dir='ltr'><strong>vituperetur</strong></span> <span class='ocrx_word' id='word_1_65' title='bbox 430 461 628 493; x_wconf 83' lang='lat' dir='ltr'><strong>ministerium;</strong></span> <span class='ocrx_word' id='word_1_66' title='bbox 655 462 702 490; x_wconf 87' lang='lat' dir='ltr'><strong>sed</strong></span> <span class='ocrx_word' id='word_1_67' title='bbox 721 463 747 490; x_wconf 92' lang='lat' dir='ltr'><strong>in</strong></span> <span class='ocrx_word' id='word_1_68' title='bbox 759 463 886 491; x_wconf 91' lang='lat' dir='ltr'><strong>omnibus</strong></span> <span class='ocrx_word' id='word_1_69' title='bbox 913 472 958 492; x_wconf 59' lang='grc' dir='ltr'><strong>ειη</strong></span> 
     </span>
    </p>
   </div>
   <div class='ocr_carea' id='block_1_12' title="bbox 168 507 954 541">
    <p class='ocr_par' dir='ltr' id='par_1_12' title="bbox 168 507 954 541">
     <span class='ocr_line' id='line_1_12' title="bbox 168 507 954 541; baseline 0.004 -7"><span class='ocrx_word' id='word_1_70' title='bbox 168 507 284 534; x_wconf 80' lang='lat' dir='ltr'><strong>liibeatis</strong></span> <span class='ocrx_word' id='word_1_71' title='bbox 299 507 479 541; x_wconf 79' lang='lat' dir='ltr'><strong>vosmetipsos</strong></span> <span class='ocrx_word' id='word_1_72' title='bbox 506 507 577 534; x_wconf 83' lang='lat' dir='ltr'><strong>sit-ut</strong></span> <span class='ocrx_word' id='word_1_73' title='bbox 594 508 642 536; x_wconf 87' lang='lat' dir='ltr'><strong>Dei</strong></span> <span class='ocrx_word' id='word_1_74' title='bbox 671 507 811 536; x_wconf 88' lang='lat' dir='ltr'><strong>ministros</strong></span> <span class='ocrx_word' id='word_1_75' title='bbox 830 510 856 537; x_wconf 93' lang='lat' dir='ltr'><strong>in</strong></span> <span class='ocrx_word' id='word_1_76' title='bbox 872 510 954 537; x_wconf 90' lang='lat' dir='ltr'><strong>multa</strong></span> 
     </span>
    </p>
   </div>
   <div class='ocr_carea' id='block_1_13' title="bbox 167 553 956 590">
    <p class='ocr_par' dir='ltr' id='par_1_13' title="bbox 167 553 956 590">
     <span class='ocr_line' id='line_1_13' title="bbox 167 553 956 590; baseline 0.006 -11"><span class='ocrx_word' id='word_1_77' title='bbox 167 553 327 588; x_wconf 70' lang='lat' dir='ltr'><strong>patientia&quot;</strong></span> <span class='ocrx_word' id='word_1_78' title='bbox 337 573 344 585; x_wconf 84' lang='lat'><strong>,</strong></span> <span class='ocrx_word' id='word_1_79' title='bbox 360 562 369 579; x_wconf 87' lang='grc'><strong>›</strong></span> <span class='ocrx_word' id='word_1_80' title='bbox 383 553 520 580; x_wconf 85' lang='lat' dir='ltr'><strong>dicentes:</strong></span> <span class='ocrx_word' id='word_1_81' title='bbox 531 562 540 578; x_wconf 78' lang='grc' dir='ltr'><strong>ι</strong></span> <span class='ocrx_word' id='word_1_82' title='bbox 553 553 586 580; x_wconf 83' lang='grc' dir='ltr'>Ει</span> <span class='ocrx_word' id='word_1_83' title='bbox 601 562 672 582; x_wconf 89' lang='lat' dir='ltr'><strong>nunc</strong></span> <span class='ocrx_word' id='word_1_84' title='bbox 684 562 742 590; x_wconf 67' lang='lat' dir='ltr'><strong>qum</strong></span> <span class='ocrx_word' id='word_1_85' title='bbox 755 560 798 583; x_wconf 90' lang='lat' dir='ltr'><strong>est</strong></span> <span class='ocrx_word' id='word_1_86' title='bbox 815 561 956 590; x_wconf 79' lang='lat' dir='ltr'><strong>exspecta-</strong></span> 
     </span>
    </p>
   </div>
   <div class='ocr_carea' id='block_1_14' title="bbox 168 599 955 629">
    <p class='ocr_par' dir='ltr' id='par_1_14' title="bbox 168 599 955 629">
     <span class='ocr_line' id='line_1_14' title="bbox 168 599 955 629; baseline 0.003 -2"><span class='ocrx_word' id='word_1_87' title='bbox 168 601 204 627; x_wconf 85' lang='lat' dir='ltr'><strong>tio</strong></span> <span class='ocrx_word' id='word_1_88' title='bbox 214 599 291 627; x_wconf 84' lang='lat' dir='ltr'><strong>mea?</strong></span> <span class='ocrx_word' id='word_1_89' title='bbox 303 606 392 626; x_wconf 85' lang='lat' dir='ltr'><strong>nonne</strong></span> <span class='ocrx_word' id='word_1_90' title='bbox 409 599 538 626; x_wconf 86' lang='lat' dir='ltr'><strong>Dominus</strong></span> <span class='ocrx_word' id='word_1_91' title='bbox 546 599 586 626; x_wconf 68' lang='lat' dir='ltr'><strong>a7?</strong></span> <span class='ocrx_word' id='word_1_92' title='bbox 600 609 610 626; x_wconf 74' lang='grc' dir='ltr'><strong>ι</strong></span> <span class='ocrx_word' id='word_1_93' title='bbox 626 600 748 628; x_wconf 86' lang='lat' dir='ltr'><strong>Scientes</strong></span> <span class='ocrx_word' id='word_1_94' title='bbox 767 610 776 627; x_wconf 81' lang='grc' dir='ltr'><strong>ι</strong></span> <span class='ocrx_word' id='word_1_95' title='bbox 789 601 887 629; x_wconf 89' lang='lat' dir='ltr'><strong>multas</strong></span> <span class='ocrx_word' id='word_1_96' title='bbox 896 610 955 629; x_wconf 83' lang='lat' dir='ltr'><strong>esse</strong></span> 
     </span>
    </p>
   </div>
   <div class='ocr_carea' id='block_1_15' title="bbox 167 645 955 681">
    <p class='ocr_par' dir='ltr' id='par_1_15' title="bbox 167 645 955 681">
     <span class='ocr_line' id='line_1_15' title="bbox 167 645 955 681; baseline 0.004 -9"><span class='ocrx_word' id='word_1_97' title='bbox 167 645 494 680; x_wconf 75' lang='lat' dir='ltr'><strong>tribulationesiustorum</strong></span> <span class='ocrx_word' id='word_1_98' title='bbox 505 645 541 673; x_wconf 67' lang='grc' dir='ltr'><strong>ἐς</strong></span> <span class='ocrx_word' id='word_1_99' title='bbox 554 655 615 672; x_wconf 79' lang='grc'><strong>»-‹</strong></span> <span class='ocrx_word' id='word_1_100' title='bbox 627 647 652 674; x_wconf 91' lang='lat' dir='ltr'><strong>in</strong></span> <span class='ocrx_word' id='word_1_101' title='bbox 665 647 870 675; x_wconf 83' lang='lat' dir='ltr'><strong>necessitatibus</strong></span> <span class='ocrx_word' id='word_1_102' title='bbox 879 668 886 681; x_wconf 94' lang='lat'><strong>,</strong></span> <span class='ocrx_word' id='word_1_103' title='bbox 899 658 908 674; x_wconf 74' lang='grc' dir='ltr'><strong>ι</strong></span> <span class='ocrx_word' id='word_1_104' title='bbox 926 653 955 675; x_wconf 84' lang='grc' dir='ltr'><strong>ιιι</strong></span> 
     </span>
    </p>
   </div>
   <div class='ocr_carea' id='block_1_16' title="bbox 166 692 953 728">
    <p class='ocr_par' dir='ltr' id='par_1_16' title="bbox 166 692 953 728">
     <span class='ocr_line' id='line_1_16' title="bbox 166 692 953 728; baseline 0.004 -10"><span class='ocrx_word' id='word_1_105' title='bbox 166 692 245 727; x_wconf 81' lang='lat' dir='ltr'><strong>quasi</strong></span> <span class='ocrx_word' id='word_1_106' title='bbox 265 692 448 719; x_wconf 82' lang='lat' dir='ltr'><strong>necessariam</strong></span> <span class='ocrx_word' id='word_1_107' title='bbox 471 692 549 719; x_wconf 88' lang='lat' dir='ltr'><strong>nobis</strong></span> <span class='ocrx_word' id='word_1_108' title='bbox 571 692 766 720; x_wconf 85' lang='lat' dir='ltr'><strong>beatitudinem</strong></span> <span class='ocrx_word' id='word_1_109' title='bbox 789 699 953 728; x_wconf 82' lang='lat' dir='ltr'><strong>repetamus;</strong></span> 
     </span>
    </p>
   </div>
   <div class='ocr_carea' id='block_1_17' title="bbox 167 734 954 777">
    <p class='ocr_par' dir='ltr' id='par_1_17' title="bbox 167 734 954 777">
     <span class='ocr_line' id='line_1_17' title="bbox 167 734 954 777; baseline 0.004 -14"><span class='ocrx_word' id='word_1_110' title='bbox 167 747 177 763; x_wconf 73' lang='grc' dir='ltr'><strong>ι</strong></span> <span class='ocrx_word' id='word_1_111' title='bbox 197 737 224 764; x_wconf 88' lang='lat' dir='ltr'><strong>in</strong></span> <span class='ocrx_word' id='word_1_112' title='bbox 244 737 417 772; x_wconf 79' lang='lat' dir='ltr'><strong>angustiis&quot;,</strong></span> <span class='ocrx_word' id='word_1_113' title='bbox 434 734 492 764; x_wconf 55' lang='lat' dir='ltr'><strong>rut</strong></span> <span class='ocrx_word' id='word_1_114' title='bbox 507 743 620 772; x_wconf 78' lang='lat' dir='ltr'><strong>angusta</strong></span> <span class='ocrx_word' id='word_1_115' title='bbox 641 739 840 777; x_wconf 56' lang='lat' dir='ltr'><strong>arctaquqvita</strong></span> <span class='ocrx_word' id='word_1_116' title='bbox 856 739 954 767; x_wconf 85' lang='lat' dir='ltr'><strong>indesi-</strong></span> 
     </span>
    </p>
   </div>
   <div class='ocr_carea' id='block_1_18' title="bbox 165 783 953 820">
    <p class='ocr_par' dir='ltr' id='par_1_18' title="bbox 165 783 953 820">
     <span class='ocr_line' id='line_1_18' title="bbox 165 783 953 820; baseline 0 -10"><span class='ocrx_word' id='word_1_117' title='bbox 165 789 262 812; x_wconf 84' lang='lat' dir='ltr'><strong>nenter</strong></span> <span class='ocrx_word' id='word_1_118' title='bbox 276 783 448 815; x_wconf 83' lang='lat' dir='ltr'><strong>incedentes&#39;,</strong></span> <span class='ocrx_word' id='word_1_119' title='bbox 468 784 502 810; x_wconf 83' lang='lat' dir='ltr'><strong>ad</strong></span> <span class='ocrx_word' id='word_1_120' title='bbox 519 784 601 811; x_wconf 89' lang='lat' dir='ltr'><strong>vitam</strong></span> <span class='ocrx_word' id='word_1_121' title='bbox 617 786 815 819; x_wconf 78' lang='lat' dir='ltr'><strong>perveniamus.</strong></span> <span class='ocrx_word' id='word_1_122' title='bbox 837 784 865 812; x_wconf 88' lang='lat' dir='ltr'><strong>Si</strong></span> <span class='ocrx_word' id='word_1_123' title='bbox 887 792 953 820; x_wconf 87' lang='lat' dir='ltr'><strong>opus</strong></span> 
     </span>
    </p>
   </div>
   <div class='ocr_carea' id='block_1_19' title="bbox 164 829 953 865">
    <p class='ocr_par' dir='ltr' id='par_1_19' title="bbox 164 829 953 865">
     <span class='ocr_line' id='line_1_19' title="bbox 164 829 953 865; baseline 0.001 -9"><span class='ocrx_word' id='word_1_124' title='bbox 164 831 211 862; x_wconf 81' lang='lat' dir='ltr'><strong>sit,</strong></span> <span class='ocrx_word' id='word_1_125' title='bbox 231 830 409 857; x_wconf 81' lang='lat' dir='ltr'><strong>exhibeamus</strong></span> <span class='ocrx_word' id='word_1_126' title='bbox 424 837 472 857; x_wconf 91' lang='lat' dir='ltr'><strong>nos</strong></span> <span class='ocrx_word' id='word_1_127' title='bbox 486 839 494 855; x_wconf 85' lang='grc' dir='ltr'><strong>ι</strong></span> <span class='ocrx_word' id='word_1_128' title='bbox 512 829 538 856; x_wconf 91' lang='lat' dir='ltr'><strong>in</strong></span> <span class='ocrx_word' id='word_1_129' title='bbox 553 829 702 862; x_wconf 80' lang='lat' dir='ltr'><strong>laboribus,</strong></span> <span class='ocrx_word' id='word_1_130' title='bbox 735 830 762 856; x_wconf 94' lang='lat' dir='ltr'><strong>in</strong></span> <span class='ocrx_word' id='word_1_131' title='bbox 795 830 905 865; x_wconf 72' lang='lat' dir='ltr'><strong>vigiliis,</strong></span> <span class='ocrx_word' id='word_1_132' title='bbox 926 835 953 857; x_wconf 87' lang='lat' dir='ltr'><strong>et</strong></span> 
     </span>
    </p>
   </div>
   <div class='ocr_carea' id='block_1_20' title="bbox 165 875 953 911">
    <p class='ocr_par' dir='ltr' id='par_1_20' title="bbox 165 875 953 911">
     <span class='ocr_line' id='line_1_20' title="bbox 165 875 953 911; baseline -0.001 -8"><span class='ocrx_word' id='word_1_133' title='bbox 165 878 190 903; x_wconf 89' lang='lat' dir='ltr'><strong>in</strong></span> <span class='ocrx_word' id='word_1_134' title='bbox 205 875 316 911; x_wconf 86' lang='lat' dir='ltr'><strong>jejuniis</strong></span> <span class='ocrx_word' id='word_1_135' title='bbox 324 876 346 892; x_wconf 77' lang='grc' dir='ltr'><strong>⁵ο</strong></span> <span class='ocrx_word' id='word_1_136' title='bbox 365 885 371 903; x_wconf 90' lang='lat'><strong>:</strong></span> <span class='ocrx_word' id='word_1_137' title='bbox 392 881 454 902; x_wconf 73' lang='lat' dir='ltr'><strong>r—t</strong></span> <span class='ocrx_word' id='word_1_138' title='bbox 465 883 529 903; x_wconf 86' lang='lat' dir='ltr'><strong>ecce</strong></span> <span class='ocrx_word' id='word_1_139' title='bbox 545 876 615 903; x_wconf 87' lang='lat' dir='ltr'><strong>enim</strong></span> <span class='ocrx_word' id='word_1_140' title='bbox 632 875 778 908; x_wconf 87' lang='lat' dir='ltr'><strong>Dominus,</strong></span> <span class='ocrx_word' id='word_1_141' title='bbox 805 880 832 903; x_wconf 88' lang='lat' dir='ltr'><strong>et</strong></span> <span class='ocrx_word' id='word_1_142' title='bbox 849 883 953 903; x_wconf 84' lang='lat' dir='ltr'><strong>merces</strong></span> 
     </span>
    </p>
   </div>
   <div class='ocr_carea' id='block_1_21' title="bbox 164 921 952 956">
    <p class='ocr_par' dir='ltr' id='par_1_21' title="bbox 164 921 952 956">
     <span class='ocr_line' id='line_1_21' title="bbox 164 921 952 956; baseline -0.001 -7"><span class='ocrx_word' id='word_1_143' title='bbox 164 923 191 949; x_wconf 86' lang='lat' dir='ltr'><strong>in</strong></span> <span class='ocrx_word' id='word_1_144' title='bbox 206 929 288 949; x_wconf 84' lang='lat' dir='ltr'><strong>manu</strong></span> <span class='ocrx_word' id='word_1_145' title='bbox 303 922 371 956; x_wconf 81' lang='lat' dir='ltr'><strong>ejus,</strong></span> <span class='ocrx_word' id='word_1_146' title='bbox 385 926 414 950; x_wconf 91' lang='lat' dir='ltr'><strong>ut</strong></span> <span class='ocrx_word' id='word_1_147' title='bbox 428 921 524 949; x_wconf 85' lang='lat' dir='ltr'><strong>reddat</strong></span> <span class='ocrx_word' id='word_1_148' title='bbox 537 921 682 956; x_wconf 89' lang='lat' dir='ltr'><strong>unicuique</strong></span> <span class='ocrx_word' id='word_1_149' title='bbox 695 922 841 949; x_wconf 87' lang='lat' dir='ltr'><strong>secundum</strong></span> <span class='ocrx_word' id='word_1_150' title='bbox 869 929 952 956; x_wconf 82' lang='lat' dir='ltr'><strong>Opera</strong></span> 
     </span>
    </p>
   </div>
   <div class='ocr_carea' id='block_1_22' title="bbox 163 968 281 995">
    <p class='ocr_par' dir='ltr' id='par_1_22' title="bbox 163 968 281 995">
     <span class='ocr_line' id='line_1_22' title="bbox 163 968 281 995; baseline -0.008 0"><span class='ocrx_word' id='word_1_151' title='bbox 163 968 253 995; x_wconf 76' lang='lat' dir='ltr'><strong>sua“.</strong></span> <span class='ocrx_word' id='word_1_152' title='bbox 272 977 281 994; x_wconf 75' lang='grc' dir='ltr'><strong>ι</strong></span> 
     </span>
    </p>
   </div>
   <div class='ocr_carea' id='block_1_23' title="bbox 196 1056 950 1091">
    <p class='ocr_par' dir='ltr' id='par_1_23' title="bbox 196 1056 950 1091">
     <span class='ocr_line' id='line_1_23' title="bbox 196 1056 950 1091; baseline -0.004 -5"><span class='ocrx_word' id='word_1_153' title='bbox 196 1059 241 1086; x_wconf 67' lang='grc'><strong>43.</strong></span> <span class='ocrx_word' id='word_1_154' title='bbox 258 1059 334 1086; x_wconf 75' lang='lat' dir='ltr'><strong>Nune</strong></span> <span class='ocrx_word' id='word_1_155' title='bbox 356 1058 530 1086; x_wconf 83' lang='lat' dir='ltr'><strong>ostendamus</strong></span> <span class='ocrx_word' id='word_1_156' title='bbox 553 1064 603 1085; x_wconf 88' lang='lat' dir='ltr'><strong>nos</strong></span> <span class='ocrx_word' id='word_1_157' title='bbox 623 1056 765 1085; x_wconf 87' lang='lat' dir='ltr'><strong>scientiam</strong></span> <span class='ocrx_word' id='word_1_158' title='bbox 795 1063 844 1091; x_wconf 84' lang='lat' dir='ltr'><strong>per</strong></span> <span class='ocrx_word' id='word_1_159' title='bbox 868 1063 950 1091; x_wconf 84' lang='lat' dir='ltr'><strong>opera</strong></span> 
     </span>
    </p>
   </div>
   <div class='ocr_carea' id='block_1_24' title="bbox 162 1103 951 1139">
    <p class='ocr_par' dir='ltr' id='par_1_24' title="bbox 162 1103 951 1139">
     <span class='ocr_line' id='line_1_24' title="bbox 162 1103 951 1139; baseline -0.004 -7"><span class='ocrx_word' id='word_1_160' title='bbox 162 1106 282 1133; x_wconf 68' lang='lat' dir='ltr'><strong>scientite</strong></span> <span class='ocrx_word' id='word_1_161' title='bbox 295 1105 486 1132; x_wconf 84' lang='lat' dir='ltr'><strong>convenientia</strong></span> <span class='ocrx_word' id='word_1_162' title='bbox 508 1104 704 1139; x_wconf 87' lang='lat' dir='ltr'><strong>concupivisse.</strong></span> <span class='ocrx_word' id='word_1_163' title='bbox 722 1103 817 1130; x_wconf 90' lang='lat' dir='ltr'><strong>Omnis</strong></span> <span class='ocrx_word' id='word_1_164' title='bbox 840 1103 951 1130; x_wconf 89' lang='lat' dir='ltr'><strong>castitas</strong></span> 
     </span>
    </p>
   </div>
   <div class='ocr_carea' id='block_1_25' title="bbox 161 1149 951 1187">
    <p class='ocr_par' dir='ltr' id='par_1_25' title="bbox 161 1149 951 1187">
     <span class='ocr_line' id='line_1_25' title="bbox 161 1149 951 1187; baseline -0.005 -8"><span class='ocrx_word' id='word_1_165' title='bbox 161 1151 382 1181; x_wconf 80' lang='lat' dir='ltr'><strong>manifesteturin</strong></span> <span class='ocrx_word' id='word_1_166' title='bbox 394 1151 472 1179; x_wconf 87' lang='lat' dir='ltr'><strong>nobis</strong></span> <span class='ocrx_word' id='word_1_167' title='bbox 487 1161 494 1178; x_wconf 83' lang='lat'><strong>:</strong></span> <span class='ocrx_word' id='word_1_168' title='bbox 509 1156 537 1178; x_wconf 93' lang='lat' dir='ltr'><strong>ut</strong></span> <span class='ocrx_word' id='word_1_169' title='bbox 552 1151 712 1187; x_wconf 81' lang='lat' dir='ltr'><strong>lenganimis</strong></span> <span class='ocrx_word' id='word_1_170' title='bbox 725 1149 771 1177; x_wconf 88' lang='lat' dir='ltr'><strong>Dei</strong></span> <span class='ocrx_word' id='word_1_171' title='bbox 781 1149 837 1183; x_wconf 85' lang='lat' dir='ltr'><strong>lilii,</strong></span> <span class='ocrx_word' id='word_1_172' title='bbox 851 1153 878 1176; x_wconf 89' lang='lat' dir='ltr'><strong>et</strong></span> <span class='ocrx_word' id='word_1_173' title='bbox 892 1149 951 1176; x_wconf 88' lang='lat' dir='ltr'><strong>lon-</strong></span> 
     </span>
    </p>
   </div>
   <div class='ocr_carea' id='block_1_26' title="bbox 162 1195 950 1233">
    <p class='ocr_par' dir='ltr' id='par_1_26' title="bbox 162 1195 950 1233">
     <span class='ocr_line' id='line_1_26' title="bbox 162 1195 950 1233; baseline -0.003 -10"><span class='ocrx_word' id='word_1_174' title='bbox 162 1198 279 1233; x_wconf 79' lang='lat' dir='ltr'><strong>ganimis</strong></span> <span class='ocrx_word' id='word_1_175' title='bbox 293 1197 393 1225; x_wconf 86' lang='lat' dir='ltr'><strong>Christi</strong></span> <span class='ocrx_word' id='word_1_176' title='bbox 409 1197 518 1230; x_wconf 84' lang='lat' dir='ltr'><strong>fratres,</strong></span> <span class='ocrx_word' id='word_1_177' title='bbox 532 1196 764 1231; x_wconf 78' lang='lat' dir='ltr'><strong>longanimitatem</strong></span> <span class='ocrx_word' id='word_1_178' title='bbox 781 1195 806 1222; x_wconf 92' lang='lat' dir='ltr'><strong>iu</strong></span> <span class='ocrx_word' id='word_1_179' title='bbox 823 1195 950 1222; x_wconf 90' lang='lat' dir='ltr'><strong>omnibus</strong></span> 
     </span>
    </p>
   </div>
   <div class='ocr_carea' id='block_1_27' title="bbox 160 1240 950 1276">
    <p class='ocr_par' dir='ltr' id='par_1_27' title="bbox 160 1240 950 1276">
     <span class='ocr_line' id='line_1_27' title="bbox 160 1240 950 1276; baseline -0.003 -8"><span class='ocrx_word' id='word_1_180' title='bbox 160 1250 220 1276; x_wconf 78' lang='lat' dir='ltr'><strong>qua:</strong></span> <span class='ocrx_word' id='word_1_181' title='bbox 243 1243 320 1270; x_wconf 89' lang='lat' dir='ltr'><strong>nobis</strong></span> <span class='ocrx_word' id='word_1_182' title='bbox 342 1242 489 1274; x_wconf 84' lang='lat' dir='ltr'><strong>accidunt,</strong></span> <span class='ocrx_word' id='word_1_183' title='bbox 511 1242 687 1269; x_wconf 75' lang='lat' dir='ltr'><strong>exbibeamus</strong></span> <span class='ocrx_word' id='word_1_184' title='bbox 709 1250 716 1269; x_wconf 90' lang='lat'><strong>:</strong></span> <span class='ocrx_word' id='word_1_185' title='bbox 738 1251 748 1267; x_wconf 77' lang='grc' dir='ltr'><strong>ι</strong></span> <span class='ocrx_word' id='word_1_186' title='bbox 774 1240 950 1275; x_wconf 81' lang='lat' dir='ltr'><strong>Longanimis</strong></span> 
     </span>
    </p>
   </div>
   <div class='ocr_carea' id='block_1_28' title="bbox 161 1286 948 1323">
    <p class='ocr_par' dir='ltr' id='par_1_28' title="bbox 161 1286 948 1323">
     <span class='ocr_line' id='line_1_28' title="bbox 161 1286 948 1323; baseline -0.004 -8"><span class='ocrx_word' id='word_1_187' title='bbox 161 1289 234 1316; x_wconf 86' lang='lat' dir='ltr'><strong>enim</strong></span> <span class='ocrx_word' id='word_1_188' title='bbox 251 1289 292 1316; x_wconf 84' lang='lat' dir='ltr'><strong>vir</strong></span> <span class='ocrx_word' id='word_1_189' title='bbox 309 1288 410 1316; x_wconf 90' lang='lat' dir='ltr'><strong>multus</strong></span> <span class='ocrx_word' id='word_1_190' title='bbox 437 1288 463 1315; x_wconf 85' lang='lat' dir='ltr'><strong>in</strong></span> <span class='ocrx_word' id='word_1_191' title='bbox 490 1287 643 1323; x_wconf 84' lang='lat' dir='ltr'><strong>prudentia,</strong></span> <span class='ocrx_word' id='word_1_192' title='bbox 663 1286 842 1323; x_wconf 86' lang='lat' dir='ltr'><strong>pusillanimis</strong></span> <span class='ocrx_word' id='word_1_193' title='bbox 861 1292 948 1313; x_wconf 90' lang='lat' dir='ltr'><strong>autem</strong></span> 
     </span>
    </p>
   </div>
   <div class='ocr_carea' id='block_1_29' title="bbox 159 1331 950 1368">
    <p class='ocr_par' dir='ltr' id='par_1_29' title="bbox 159 1331 950 1368">
     <span class='ocr_line' id='line_1_29' title="bbox 159 1331 950 1368; baseline -0.001 -9"><span class='ocrx_word' id='word_1_194' title='bbox 159 1334 240 1362; x_wconf 58' lang='lat' dir='ltr'><strong>valde</strong></span> <span class='ocrx_word' id='word_1_195' title='bbox 269 1333 468 1368; x_wconf 76' lang='lat' dir='ltr'><strong>imprudens“.</strong></span> <span class='ocrx_word' id='word_1_196' title='bbox 489 1343 498 1360; x_wconf 70' lang='grc' dir='ltr'><strong>ι</strong></span> <span class='ocrx_word' id='word_1_197' title='bbox 517 1333 546 1361; x_wconf 83' lang='lat' dir='ltr'><strong>Si</strong></span> <span class='ocrx_word' id='word_1_198' title='bbox 573 1337 680 1367; x_wconf 88' lang='lat' dir='ltr'><strong>oportet</strong></span> <span class='ocrx_word' id='word_1_199' title='bbox 707 1340 737 1359; x_wconf 85' lang='lat' dir='ltr'><strong>se</strong></span> <span class='ocrx_word' id='word_1_200' title='bbox 759 1331 950 1359; x_wconf 87' lang='lat' dir='ltr'><strong>commendare</strong></span> 
     </span>
    </p>
   </div>
   <div class='ocr_carea' id='block_1_30' title="bbox 163 1377 948 1415">
    <p class='ocr_par' dir='ltr' id='par_1_30' title="bbox 163 1377 948 1415">
     <span class='ocr_line' id='line_1_30' title="bbox 163 1377 948 1415; baseline -0.004 -9"><span class='ocrx_word' id='word_1_201' title='bbox 163 1389 171 1406; x_wconf 83' lang='grc' dir='ltr'><strong>ι</strong></span> <span class='ocrx_word' id='word_1_202' title='bbox 191 1387 239 1415; x_wconf 83' lang='lat' dir='ltr'><strong>per</strong></span> <span class='ocrx_word' id='word_1_203' title='bbox 256 1387 330 1406; x_wconf 87' lang='lat' dir='ltr'><strong>arma</strong></span> <span class='ocrx_word' id='word_1_204' title='bbox 347 1379 460 1412; x_wconf 74' lang='lat' dir='ltr'><strong>jnstitiaa</strong></span> <span class='ocrx_word' id='word_1_205' title='bbox 480 1387 494 1406; x_wconf 92' lang='lat' dir='ltr'><strong>a</strong></span> <span class='ocrx_word' id='word_1_206' title='bbox 519 1379 621 1406; x_wconf 84' lang='lat' dir='ltr'><strong>dextris</strong></span> <span class='ocrx_word' id='word_1_207' title='bbox 634 1385 685 1406; x_wconf 86' lang='lat' dir='ltr'><strong>eta</strong></span> <span class='ocrx_word' id='word_1_208' title='bbox 697 1378 816 1406; x_wconf 85' lang='lat' dir='ltr'><strong>sinistris</strong></span> <span class='ocrx_word' id='word_1_209' title='bbox 825 1378 863 1409; x_wconf 74' lang='lat'><strong>“;</strong></span> <span class='ocrx_word' id='word_1_210' title='bbox 877 1387 886 1403; x_wconf 74' lang='grc' dir='ltr'><strong>ι</strong></span> <span class='ocrx_word' id='word_1_211' title='bbox 903 1377 948 1412; x_wconf 85' lang='lat' dir='ltr'><strong>qui</strong></span> 
     </span>
    </p>
   </div>
   <div class='ocr_carea' id='block_1_31' title="bbox 159 1424 947 1460">
    <p class='ocr_par' dir='ltr' id='par_1_31' title="bbox 159 1424 947 1460">
     <span class='ocr_line' id='line_1_31' title="bbox 159 1424 947 1460; baseline -0.003 -7"><span class='ocrx_word' id='word_1_212' title='bbox 159 1425 410 1454; x_wconf 83' lang='lat' dir='ltr'><strong>commcndavimus</strong></span> <span class='ocrx_word' id='word_1_213' title='bbox 434 1425 615 1460; x_wconf 87' lang='lat' dir='ltr'><strong>nosmetipsos</strong></span> <span class='ocrx_word' id='word_1_214' title='bbox 633 1435 642 1451; x_wconf 83' lang='grc' dir='ltr'><strong>ι</strong></span> <span class='ocrx_word' id='word_1_215' title='bbox 664 1424 840 1460; x_wconf 75' lang='lat' dir='ltr'><strong>per‘gloriam</strong></span> <span class='ocrx_word' id='word_1_216' title='bbox 859 1433 868 1450; x_wconf 73' lang='grc' dir='ltr'><strong>ι</strong></span> <span class='ocrx_word' id='word_1_217' title='bbox 894 1432 947 1459; x_wconf 88' lang='lat' dir='ltr'><strong>qua</strong></span> 
     </span>
    </p>
   </div>
   <div class='ocr_carea' id='block_1_32' title="bbox 159 1470 949 1508">
    <p class='ocr_par' dir='ltr' id='par_1_32' title="bbox 159 1470 949 1508">
     <span class='ocr_line' id='line_1_32' title="bbox 159 1470 949 1508; baseline -0.003 -8"><span class='ocrx_word' id='word_1_218' title='bbox 159 1480 298 1508; x_wconf 69' lang='lat' dir='ltr'><strong>Lunquam</strong></span> <span class='ocrx_word' id='word_1_219' title='bbox 315 1472 378 1499; x_wconf 87' lang='lat' dir='ltr'><strong>elati</strong></span> <span class='ocrx_word' id='word_1_220' title='bbox 394 1479 496 1503; x_wconf 87' lang='lat' dir='ltr'><strong>sumus,</strong></span> <span class='ocrx_word' id='word_1_221' title='bbox 512 1478 585 1497; x_wconf 91' lang='lat' dir='ltr'><strong>nunc</strong></span> <span class='ocrx_word' id='word_1_222' title='bbox 601 1479 611 1496; x_wconf 79' lang='grc' dir='ltr'><strong>ι</strong></span> <span class='ocrx_word' id='word_1_223' title='bbox 634 1470 773 1498; x_wconf 84' lang='lat' dir='ltr'><strong>infamiam</strong></span> <span class='ocrx_word' id='word_1_224' title='bbox 787 1479 797 1496; x_wconf 80' lang='grc'><strong>1</strong></span> <span class='ocrx_word' id='word_1_225' title='bbox 817 1471 949 1505; x_wconf 84' lang='lat' dir='ltr'><strong>patienter</strong></span> 
     </span>
    </p>
   </div>
   <div class='ocr_carea' id='block_1_33' title="bbox 1010 231 1798 273">
    <p class='ocr_par' dir='ltr' id='par_1_33' title="bbox 1010 231 1798 273">
     <span class='ocr_line' id='line_1_33' title="bbox 1010 231 1798 273; baseline 0.006 -15"><span class='ocrx_word' id='word_1_226' title='bbox 1010 231 1092 258; x_wconf 76' lang='grc' dir='ltr'>αὑτοῦ</span> <span class='ocrx_word' id='word_1_227' title='bbox 1108 233 1255 268; x_wconf 84' lang='grc' dir='ltr'><strong>γινόμενοι,</strong></span> <span class='ocrx_word' id='word_1_228' title='bbox 1269 232 1339 259; x_wconf 75' lang='grc' dir='ltr'>οὕτω</span> <span class='ocrx_word' id='word_1_229' title='bbox 1349 234 1394 260; x_wconf 71' lang='grc' dir='ltr'>καὶ</span> <span class='ocrx_word' id='word_1_230' title='bbox 1403 234 1457 261; x_wconf 86' lang='grc' dir='ltr'>τῶν</span> <span class='ocrx_word' id='word_1_231' title='bbox 1469 235 1498 260; x_wconf 84' lang='grc' dir='ltr'>ὲν</span> <span class='ocrx_word' id='word_1_232' title='bbox 1510 237 1566 267; x_wconf 84' lang='grc' dir='ltr'>τοῖς</span> <span class='ocrx_word' id='word_1_233' title='bbox 1582 235 1741 271; x_wconf 79' lang='grc' dir='ltr'>παθήμασιν</span> <span class='ocrx_word' id='word_1_234' title='bbox 1750 236 1798 273; x_wconf 70' lang='grc' dir='ltr'>(ιε)</span> 
     </span>
    </p>
   </div>
   <div class='ocr_carea' id='block_1_34' title="bbox 1010 276 1799 317">
    <p class='ocr_par' dir='ltr' id='par_1_34' title="bbox 1010 276 1799 317">
     <span class='ocr_line' id='line_1_34' title="bbox 1010 276 1799 317; baseline 0.006 -14"><span class='ocrx_word' id='word_1_235' title='bbox 1010 278 1092 304; x_wconf 82' lang='grc' dir='ltr'>αὑτοῦ</span> <span class='ocrx_word' id='word_1_236' title='bbox 1116 278 1386 314; x_wconf 68' lang='grc' dir='ltr'>ἀνδραγαθημάτων*</span> <span class='ocrx_word' id='word_1_237' title='bbox 1404 280 1433 312; x_wconf 83' lang='grc' dir='ltr'><strong>ὲξ</strong></span> <span class='ocrx_word' id='word_1_238' title='bbox 1449 276 1486 306; x_wconf 80' lang='grc' dir='ltr'>ὧν</span> <span class='ocrx_word' id='word_1_239' title='bbox 1509 281 1566 307; x_wconf 83' lang='grc' dir='ltr'>ἐστι</span> <span class='ocrx_word' id='word_1_240' title='bbox 1589 281 1636 307; x_wconf 74' lang='grc' dir='ltr'>καὶ</span> <span class='ocrx_word' id='word_1_241' title='bbox 1656 281 1687 307; x_wconf 80' lang='grc' dir='ltr'>τὸ</span> <span class='ocrx_word' id='word_1_242' title='bbox 1708 281 1799 317; x_wconf 80' lang='grc' dir='ltr'>θριαμ-</span> 
     </span>
    </p>
   </div>
   <div class='ocr_carea' id='block_1_35' title="bbox 1009 322 1799 361">
    <p class='ocr_par' dir='ltr' id='par_1_35' title="bbox 1009 322 1799 361">
     <span class='ocr_line' id='line_1_35' title="bbox 1009 322 1799 361; baseline 0.008 -13"><span class='ocrx_word' id='word_1_243' title='bbox 1009 322 1104 350; x_wconf 76' lang='grc' dir='ltr'>ϐεῦσαι</span> <span class='ocrx_word' id='word_1_244' title='bbox 1117 322 1166 353; x_wconf 78' lang='grc' dir='ltr'><strong>τὰς</strong></span> <span class='ocrx_word' id='word_1_245' title='bbox 1182 323 1279 358; x_wconf 79' lang='grc' dir='ltr'>ἀρχὰς.</span> <span class='ocrx_word' id='word_1_246' title='bbox 1297 324 1343 350; x_wconf 75' lang='grc' dir='ltr'>καὶ</span> <span class='ocrx_word' id='word_1_247' title='bbox 1357 324 1406 356; x_wconf 81' lang='grc' dir='ltr'><strong>τὰς</strong></span> <span class='ocrx_word' id='word_1_248' title='bbox 1432 324 1574 357; x_wconf 83' lang='grc' dir='ltr'>ἐξουσίας·</span> <span class='ocrx_word' id='word_1_249' title='bbox 1591 326 1624 358; x_wconf 84' lang='grc' dir='ltr'>ἃς</span> <span class='ocrx_word' id='word_1_250' title='bbox 1643 327 1703 361; x_wconf 78' lang='grc' dir='ltr'>μετ’</span> <span class='ocrx_word' id='word_1_251' title='bbox 1718 327 1799 361; x_wconf 80' lang='grc' dir='ltr'><strong>ὀλίγον</strong></span> 
     </span>
    </p>
   </div>
   <div class='ocr_carea' id='block_1_36' title="bbox 1008 366 1798 409">
    <p class='ocr_par' dir='ltr' id='par_1_36' title="bbox 1008 366 1798 409">
     <span class='ocr_line' id='line_1_36' title="bbox 1008 366 1798 409; baseline 0.008 -16"><span class='ocrx_word' id='word_1_252' title='bbox 1008 366 1105 401; x_wconf 69' lang='grc' dir='ltr'>ὕφεσθε</span> <span class='ocrx_word' id='word_1_253' title='bbox 1134 368 1329 403; x_wconf 80' lang='grc' dir='ltr'><strong>νενικημένας,</strong></span> <span class='ocrx_word' id='word_1_254' title='bbox 1350 369 1397 395; x_wconf 73' lang='grc' dir='ltr'>καὶ</span> <span class='ocrx_word' id='word_1_255' title='bbox 1419 371 1627 406; x_wconf 74' lang='grc' dir='ltr'>κατισχυμένας,</span> <span class='ocrx_word' id='word_1_256' title='bbox 1648 372 1718 398; x_wconf 84' lang='grc' dir='ltr'>Ποία</span> <span class='ocrx_word' id='word_1_257' title='bbox 1739 372 1798 409; x_wconf 79' lang='grc' dir='ltr'>ἄλλη</span> 
     </span>
    </p>
   </div>
   <div class='ocr_carea' id='block_1_37' title="bbox 1007 411 1799 454">
    <p class='ocr_par' dir='ltr' id='par_1_37' title="bbox 1007 411 1799 454">
     <span class='ocr_line' id='line_1_37' title="bbox 1007 411 1799 454; baseline 0.008 -16"><span class='ocrx_word' id='word_1_258' title='bbox 1007 411 1092 444; x_wconf 80' lang='grc' dir='ltr'>οὑτως</span> <span class='ocrx_word' id='word_1_259' title='bbox 1108 413 1198 449; x_wconf 83' lang='grc' dir='ltr'>ἡμέρα</span> <span class='ocrx_word' id='word_1_260' title='bbox 1215 415 1351 449; x_wconf 79' lang='grc' dir='ltr'><strong>σωτηρίας</strong></span> <span class='ocrx_word' id='word_1_261' title='bbox 1366 415 1404 446; x_wconf 84' lang='grc' dir='ltr'>ὼς</span> <span class='ocrx_word' id='word_1_262' title='bbox 1419 415 1510 451; x_wconf 82' lang='grc' dir='ltr'>ἡμέρα</span> <span class='ocrx_word' id='word_1_263' title='bbox 1523 417 1573 450; x_wconf 76' lang='grc' dir='ltr'>τῆς</span> <span class='ocrx_word' id='word_1_264' title='bbox 1582 416 1711 452; x_wconf 81' lang='grc' dir='ltr'><strong>τοιαύτης</strong></span> <span class='ocrx_word' id='word_1_265' title='bbox 1727 419 1799 454; x_wconf 78' lang='grc' dir='ltr'>ἡμῶν</span> 
     </span>
    </p>
   </div>
   <div class='ocr_carea' id='block_1_38' title="bbox 1007 458 1799 500">
    <p class='ocr_par' dir='ltr' id='par_1_38' title="bbox 1007 458 1799 500">
     <span class='ocr_line' id='line_1_38' title="bbox 1007 458 1799 500; baseline 0.009 -15"><span class='ocrx_word' id='word_1_266' title='bbox 1007 458 1132 486; x_wconf 80' lang='grc' dir='ltr'>ἐντεῦθεν</span> <span class='ocrx_word' id='word_1_267' title='bbox 1156 460 1333 495; x_wconf 72' lang='grc' dir='ltr'>ἀπαλλαγῆςς</span> <span class='ocrx_word' id='word_1_268' title='bbox 1366 461 1446 487; x_wconf 75' lang='grc' dir='ltr'>Ἀλλὰ</span> <span class='ocrx_word' id='word_1_269' title='bbox 1475 462 1648 497; x_wconf 75' lang='grc' dir='ltr'>παρακαλῶ,</span> <span class='ocrx_word' id='word_1_270' title='bbox 1676 473 1686 489; x_wconf 75' lang='grc' dir='ltr'><strong>ι</strong></span> <span class='ocrx_word' id='word_1_271' title='bbox 1724 466 1799 500; x_wconf 78' lang='grc' dir='ltr'>μηδε-</span> 
     </span>
    </p>
   </div>
   <div class='ocr_carea' id='block_1_39' title="bbox 1009 505 1799 546">
    <p class='ocr_par' dir='ltr' id='par_1_39' title="bbox 1009 505 1799 546">
     <span class='ocr_line' id='line_1_39' title="bbox 1009 505 1799 546; baseline 0.006 -15"><span class='ocrx_word' id='word_1_272' title='bbox 1009 505 1073 540; x_wconf 87' lang='grc' dir='ltr'>μίαν</span> <span class='ocrx_word' id='word_1_273' title='bbox 1098 505 1154 540; x_wconf 74' lang='grc' dir='ltr'>(ιϐ)</span> <span class='ocrx_word' id='word_1_274' title='bbox 1175 507 1204 532; x_wconf 86' lang='grc' dir='ltr'>ὲν</span> <span class='ocrx_word' id='word_1_275' title='bbox 1221 507 1316 542; x_wconf 71' lang='grc' dir='ltr'>μηδενὶ</span> <span class='ocrx_word' id='word_1_276' title='bbox 1333 507 1401 533; x_wconf 85' lang='grc' dir='ltr'>δῶτε</span> <span class='ocrx_word' id='word_1_277' title='bbox 1422 508 1601 544; x_wconf 76' lang='grc' dir='ltr'>προσκοπὴν,</span> <span class='ocrx_word' id='word_1_278' title='bbox 1620 509 1664 536; x_wconf 79' lang='grc' dir='ltr'>ἵνα</span> <span class='ocrx_word' id='word_1_279' title='bbox 1687 510 1723 546; x_wconf 84' lang='grc' dir='ltr'>μὴ</span> <span class='ocrx_word' id='word_1_280' title='bbox 1749 520 1799 546; x_wconf 84' lang='grc' dir='ltr'>μω-</span> 
     </span>
    </p>
   </div>
   <div class='ocr_carea' id='block_1_40' title="bbox 1008 552 1800 593">
    <p class='ocr_par' dir='ltr' id='par_1_40' title="bbox 1008 552 1800 593">
     <span class='ocr_line' id='line_1_40' title="bbox 1008 552 1800 593; baseline 0.006 -15"><span class='ocrx_word' id='word_1_281' title='bbox 1008 552 1080 588; x_wconf 86' lang='grc' dir='ltr'>μηθῇ</span> <span class='ocrx_word' id='word_1_282' title='bbox 1104 554 1121 588; x_wconf 84' lang='grc' dir='ltr'>ὴ</span> <span class='ocrx_word' id='word_1_283' title='bbox 1146 553 1282 585; x_wconf 79' lang='grc' dir='ltr'>διακονία,</span> <span class='ocrx_word' id='word_1_284' title='bbox 1310 553 1378 580; x_wconf 76' lang='grc' dir='ltr'><strong>ἀλλὰ</strong></span> <span class='ocrx_word' id='word_1_285' title='bbox 1403 555 1431 581; x_wconf 84' lang='grc' dir='ltr'>ὲν</span> <span class='ocrx_word' id='word_1_286' title='bbox 1459 555 1541 582; x_wconf 75' lang='grc' dir='ltr'>παντὶ</span> <span class='ocrx_word' id='word_1_287' title='bbox 1568 556 1683 587; x_wconf 77' lang='grc' dir='ltr'>ἑαυτοὺς</span> <span class='ocrx_word' id='word_1_288' title='bbox 1711 558 1800 593; x_wconf 65' lang='grc' dir='ltr'>συστή-</span> 
     </span>
    </p>
   </div>
   <div class='ocr_carea' id='block_1_41' title="bbox 1007 598 1796 636">
    <p class='ocr_par' dir='ltr' id='par_1_41' title="bbox 1007 598 1796 636">
     <span class='ocr_line' id='line_1_41' title="bbox 1007 598 1796 636; baseline 0.004 -12"><span class='ocrx_word' id='word_1_289' title='bbox 1007 598 1089 624; x_wconf 86' lang='grc' dir='ltr'>σασθε</span> <span class='ocrx_word' id='word_1_290' title='bbox 1106 598 1171 632; x_wconf 70' lang='grc'>(47),</span> <span class='ocrx_word' id='word_1_291' title='bbox 1187 598 1224 630; x_wconf 83' lang='grc' dir='ltr'>ὡς</span> <span class='ocrx_word' id='word_1_292' title='bbox 1235 598 1302 625; x_wconf 73' lang='grc' dir='ltr'>Θεοῦ</span> <span class='ocrx_word' id='word_1_293' title='bbox 1312 599 1429 626; x_wconf 83' lang='grc' dir='ltr'>διάκονοι</span> <span class='ocrx_word' id='word_1_294' title='bbox 1442 600 1470 625; x_wconf 79' lang='grc' dir='ltr'>ὲν</span> <span class='ocrx_word' id='word_1_295' title='bbox 1484 600 1606 636; x_wconf 82' lang='grc' dir='ltr'><strong>ὑπομονῇ</strong></span> <span class='ocrx_word' id='word_1_296' title='bbox 1619 600 1716 636; x_wconf 81' lang='grc' dir='ltr'>πολλῇ,</span> <span class='ocrx_word' id='word_1_297' title='bbox 1736 611 1744 627; x_wconf 75' lang='grc' dir='ltr'><strong>ι</strong></span> <span class='ocrx_word' id='word_1_298' title='bbox 1757 602 1796 628; x_wconf 85' lang='grc' dir='ltr'>λέ-</span> 
     </span>
    </p>
   </div>
   <div class='ocr_carea' id='block_1_42' title="bbox 1005 643 1795 683">
    <p class='ocr_par' dir='ltr' id='par_1_42' title="bbox 1005 643 1795 683">
     <span class='ocr_line' id='line_1_42' title="bbox 1005 643 1795 683; baseline 0.005 -14"><span class='ocrx_word' id='word_1_299' title='bbox 1005 651 1115 678; x_wconf 88' lang='grc' dir='ltr'>γοντες·</span> <span class='ocrx_word' id='word_1_300' title='bbox 1130 653 1139 669; x_wconf 82' lang='grc' dir='ltr'><strong>ι</strong></span> <span class='ocrx_word' id='word_1_301' title='bbox 1159 643 1216 670; x_wconf 81' lang='grc' dir='ltr'><strong>Νῦν</strong></span> <span class='ocrx_word' id='word_1_302' title='bbox 1229 645 1257 671; x_wconf 69' lang='grc' dir='ltr'><strong>δὲ</strong></span> <span class='ocrx_word' id='word_1_303' title='bbox 1268 644 1309 676; x_wconf 81' lang='grc' dir='ltr'><strong>τίς</strong></span> <span class='ocrx_word' id='word_1_304' title='bbox 1325 646 1341 680; x_wconf 82' lang='grc' dir='ltr'>ἡ</span> <span class='ocrx_word' id='word_1_305' title='bbox 1359 646 1480 681; x_wconf 78' lang='grc' dir='ltr'>ὑπομονὴ</span> <span class='ocrx_word' id='word_1_306' title='bbox 1496 654 1564 681; x_wconf 87' lang='grc' dir='ltr'>μου;</span> <span class='ocrx_word' id='word_1_307' title='bbox 1580 646 1642 681; x_wconf 72' lang='grc' dir='ltr'><strong>οὐχὶ</strong></span> <span class='ocrx_word' id='word_1_308' title='bbox 1655 647 1770 683; x_wconf 74' lang='grc' dir='ltr'>Κύριος;</span> <span class='ocrx_word' id='word_1_309' title='bbox 1787 657 1795 673; x_wconf 80' lang='grc' dir='ltr'><strong>ι</strong></span> 
     </span>
    </p>
   </div>
   <div class='ocr_carea' id='block_1_43' title="bbox 1005 689 1797 726">
    <p class='ocr_par' dir='ltr' id='par_1_43' title="bbox 1005 689 1797 726">
     <span class='ocr_line' id='line_1_43' title="bbox 1005 689 1797 726; baseline 0.003 -10"><span class='ocrx_word' id='word_1_310' title='bbox 1005 689 1171 725; x_wconf 76' lang='grc' dir='ltr'>πειθόμενοι,</span> <span class='ocrx_word' id='word_1_311' title='bbox 1185 699 1193 716; x_wconf 78' lang='grc' dir='ltr'><strong>ι</strong></span> <span class='ocrx_word' id='word_1_312' title='bbox 1205 690 1348 717; x_wconf 77' lang='grc' dir='ltr'>ὃτιπολλαὶ</span> <span class='ocrx_word' id='word_1_313' title='bbox 1362 692 1388 718; x_wconf 83' lang='grc' dir='ltr'>αἱ</span> <span class='ocrx_word' id='word_1_314' title='bbox 1397 691 1500 726; x_wconf 73' lang='grc' dir='ltr'>θλίψεις</span> <span class='ocrx_word' id='word_1_315' title='bbox 1508 692 1682 718; x_wconf 80' lang='grc' dir='ltr'>τῶνδικαίων</span> <span class='ocrx_word' id='word_1_316' title='bbox 1694 694 1797 719; x_wconf 76' lang='grc' dir='ltr'>ἰ-ιέν</span> 
     </span>
    </p>
   </div>
   <div class='ocr_carea' id='block_1_44' title="bbox 1005 736 1796 773">
    <p class='ocr_par' dir='ltr' id='par_1_44' title="bbox 1005 736 1796 773">
     <span class='ocr_line' id='line_1_44' title="bbox 1005 736 1796 773; baseline 0.003 -11"><span class='ocrx_word' id='word_1_317' title='bbox 1005 736 1150 770; x_wconf 83' lang='grc' dir='ltr'>ἀνάγκαις,</span> <span class='ocrx_word' id='word_1_318' title='bbox 1169 745 1177 762; x_wconf 73' lang='grc' dir='ltr'><strong>ι</strong></span> <span class='ocrx_word' id='word_1_319' title='bbox 1194 736 1226 763; x_wconf 80' lang='grc' dir='ltr'><strong>ἵν’</strong></span> <span class='ocrx_word' id='word_1_320' title='bbox 1240 736 1278 768; x_wconf 87' lang='grc' dir='ltr'>ὼς</span> <span class='ocrx_word' id='word_1_321' title='bbox 1295 737 1446 770; x_wconf 78' lang='grc' dir='ltr'>ἀναγκαίαν</span> <span class='ocrx_word' id='word_1_322' title='bbox 1469 738 1535 772; x_wconf 80' lang='grc' dir='ltr'>ἡμῖν</span> <span class='ocrx_word' id='word_1_323' title='bbox 1549 737 1597 773; x_wconf 80' lang='grc' dir='ltr'>τὴν</span> <span class='ocrx_word' id='word_1_324' title='bbox 1613 738 1796 773; x_wconf 75' lang='grc' dir='ltr'>μακαριότητα</span> 
     </span>
    </p>
   </div>
   <div class='ocr_carea' id='block_1_45' title="bbox 1005 781 1796 819">
    <p class='ocr_par' dir='ltr' id='par_1_45' title="bbox 1005 781 1796 819">
     <span class='ocr_line' id='line_1_45' title="bbox 1005 781 1796 819; baseline 0.004 -12"><span class='ocrx_word' id='word_1_325' title='bbox 1005 781 1195 816; x_wconf 82' lang='grc' dir='ltr'>ἀναιτήσωμεν</span> <span class='ocrx_word' id='word_1_326' title='bbox 1208 790 1214 796; x_wconf 93' lang='grc'><strong>·</strong></span> <span class='ocrx_word' id='word_1_327' title='bbox 1226 791 1235 806; x_wconf 83' lang='grc' dir='ltr'><strong>ι</strong></span> <span class='ocrx_word' id='word_1_328' title='bbox 1246 782 1274 808; x_wconf 82' lang='grc' dir='ltr'>ὲν</span> <span class='ocrx_word' id='word_1_329' title='bbox 1286 783 1485 818; x_wconf 80' lang='grc' dir='ltr'>στενοχωρίαις,</span> <span class='ocrx_word' id='word_1_330' title='bbox 1501 792 1510 808; x_wconf 75' lang='grc' dir='ltr'><strong>ι</strong></span> <span class='ocrx_word' id='word_1_331' title='bbox 1524 783 1569 809; x_wconf 80' lang='grc' dir='ltr'>καὶ</span> <span class='ocrx_word' id='word_1_332' title='bbox 1580 783 1629 818; x_wconf 81' lang='grc' dir='ltr'>τὴν</span> <span class='ocrx_word' id='word_1_333' title='bbox 1651 784 1746 819; x_wconf 73' lang='grc' dir='ltr'>στενὴν</span> <span class='ocrx_word' id='word_1_334' title='bbox 1755 785 1796 811; x_wconf 74' lang='grc' dir='ltr'>καὶ</span> 
     </span>
    </p>
   </div>
   <div class='ocr_carea' id='block_1_46' title="bbox 1004 826 1794 864">
    <p class='ocr_par' dir='ltr' id='par_1_46' title="bbox 1004 826 1794 864">
     <span class='ocr_line' id='line_1_46' title="bbox 1004 826 1794 864; baseline 0.004 -12"><span class='ocrx_word' id='word_1_335' title='bbox 1004 826 1187 862; x_wconf 75' lang='grc' dir='ltr'>τεθλιμμένην</span> <span class='ocrx_word' id='word_1_336' title='bbox 1202 827 1412 863; x_wconf 81' lang='grc' dir='ltr'>ἀπαραλείπτως</span> <span class='ocrx_word' id='word_1_337' title='bbox 1436 828 1602 860; x_wconf 78' lang='grc' dir='ltr'><strong>ὁδεύσαντες,</strong></span> <span class='ocrx_word' id='word_1_338' title='bbox 1623 830 1794 864; x_wconf 68' lang='grc' dir='ltr'>καταντήσω-</span> 
     </span>
    </p>
   </div>
   <div class='ocr_carea' id='block_1_47' title="bbox 1005 871 1794 910">
    <p class='ocr_par' dir='ltr' id='par_1_47' title="bbox 1005 871 1794 910">
     <span class='ocr_line' id='line_1_47' title="bbox 1005 871 1794 910; baseline 0.004 -12"><span class='ocrx_word' id='word_1_339' title='bbox 1005 881 1054 907; x_wconf 87' lang='grc' dir='ltr'><strong>μεν</strong></span> <span class='ocrx_word' id='word_1_340' title='bbox 1070 872 1116 898; x_wconf 69' lang='grc' dir='ltr'><strong>ἐπὶ</strong></span> <span class='ocrx_word' id='word_1_341' title='bbox 1132 872 1181 908; x_wconf 80' lang='grc' dir='ltr'>τὴν</span> <span class='ocrx_word' id='word_1_342' title='bbox 1199 871 1281 908; x_wconf 80' lang='grc' dir='ltr'>ζωήν.</span> <span class='ocrx_word' id='word_1_343' title='bbox 1303 873 1364 899; x_wconf 78' lang='grc' dir='ltr'>Ἐὰν</span> <span class='ocrx_word' id='word_1_344' title='bbox 1377 873 1436 899; x_wconf 85' lang='grc' dir='ltr'>δέον</span> <span class='ocrx_word' id='word_1_345' title='bbox 1451 871 1479 910; x_wconf 78' lang='grc' dir='ltr'>ᾖ,</span> <span class='ocrx_word' id='word_1_346' title='bbox 1494 875 1674 909; x_wconf 80' lang='grc' dir='ltr'>συστήσωμεν</span> <span class='ocrx_word' id='word_1_347' title='bbox 1689 876 1794 907; x_wconf 69' lang='grc' dir='ltr'>ἑαυτοὺς</span> 
     </span>
    </p>
   </div>
   <div class='ocr_carea' id='block_1_48' title="bbox 1007 917 1791 955">
    <p class='ocr_par' dir='ltr' id='par_1_48' title="bbox 1007 917 1791 955">
     <span class='ocr_line' id='line_1_48' title="bbox 1007 917 1791 955; baseline 0.004 -12"><span class='ocrx_word' id='word_1_348' title='bbox 1007 927 1016 943; x_wconf 82' lang='grc' dir='ltr'><strong>ι</strong></span> <span class='ocrx_word' id='word_1_349' title='bbox 1028 919 1056 944; x_wconf 82' lang='grc' dir='ltr'>ἐν</span> <span class='ocrx_word' id='word_1_350' title='bbox 1068 917 1171 949; x_wconf 79' lang='grc' dir='ltr'>κόποις,</span> <span class='ocrx_word' id='word_1_351' title='bbox 1188 918 1235 944; x_wconf 72' lang='grc' dir='ltr'>καὶ</span> <span class='ocrx_word' id='word_1_352' title='bbox 1256 918 1284 944; x_wconf 82' lang='grc' dir='ltr'>ὲν</span> <span class='ocrx_word' id='word_1_353' title='bbox 1301 918 1482 953; x_wconf 74' lang='grc' dir='ltr'>ἀγρυπνίαις,</span> <span class='ocrx_word' id='word_1_354' title='bbox 1500 919 1546 945; x_wconf 76' lang='grc' dir='ltr'>καὶ</span> <span class='ocrx_word' id='word_1_355' title='bbox 1566 920 1594 945; x_wconf 84' lang='grc' dir='ltr'>ἐν</span> <span class='ocrx_word' id='word_1_356' title='bbox 1621 921 1768 955; x_wconf 74' lang='grc' dir='ltr'>νηστείαις.</span> <span class='ocrx_word' id='word_1_357' title='bbox 1784 930 1791 945; x_wconf 75' lang='grc' dir='ltr'><strong>ι</strong></span> 
     </span>
    </p>
   </div>
   <div class='ocr_carea' id='block_1_49' title="bbox 1003 963 1792 1001">
    <p class='ocr_par' dir='ltr' id='par_1_49' title="bbox 1003 963 1792 1001">
     <span class='ocr_line' id='line_1_49' title="bbox 1003 963 1792 1001; baseline 0.004 -12"><span class='ocrx_word' id='word_1_358' title='bbox 1003 973 1051 989; x_wconf 87' lang='grc'><strong>-‹</strong></span> <span class='ocrx_word' id='word_1_359' title='bbox 1080 964 1146 989; x_wconf 76' lang='grc' dir='ltr'>Ἰδοὺ</span> <span class='ocrx_word' id='word_1_360' title='bbox 1162 963 1216 999; x_wconf 82' lang='grc' dir='ltr'><strong>γὰρ</strong></span> <span class='ocrx_word' id='word_1_361' title='bbox 1232 963 1351 998; x_wconf 73' lang='grc' dir='ltr'>Κύριος,</span> <span class='ocrx_word' id='word_1_362' title='bbox 1367 964 1412 990; x_wconf 75' lang='grc' dir='ltr'>καὶ</span> <span class='ocrx_word' id='word_1_363' title='bbox 1431 965 1445 990; x_wconf 87' lang='grc' dir='ltr'><strong>ό</strong></span> <span class='ocrx_word' id='word_1_364' title='bbox 1465 964 1559 999; x_wconf 78' lang='grc' dir='ltr'>μισθὸς</span> <span class='ocrx_word' id='word_1_365' title='bbox 1575 965 1603 990; x_wconf 80' lang='grc' dir='ltr'>ἐν</span> <span class='ocrx_word' id='word_1_366' title='bbox 1618 965 1693 1001; x_wconf 77' lang='grc' dir='ltr'>χειρὶ</span> <span class='ocrx_word' id='word_1_367' title='bbox 1707 965 1792 998; x_wconf 75' lang='grc' dir='ltr'>αὑτοῦ,</span> 
     </span>
    </p>
   </div>
   <div class='ocr_carea' id='block_1_50' title="bbox 1003 1008 1682 1044">
    <p class='ocr_par' dir='ltr' id='par_1_50' title="bbox 1003 1008 1682 1044">
     <span class='ocr_line' id='line_1_50' title="bbox 1003 1008 1682 1044; baseline 0 -8"><span class='ocrx_word' id='word_1_368' title='bbox 1003 1009 1148 1036; x_wconf 77' lang='grc' dir='ltr'>ὰποδοιῖναι</span> <span class='ocrx_word' id='word_1_369' title='bbox 1165 1009 1282 1044; x_wconf 73' lang='grc' dir='ltr'>ἑκάστῳ,</span> <span class='ocrx_word' id='word_1_370' title='bbox 1297 1008 1336 1040; x_wconf 85' lang='grc' dir='ltr'>ὡς</span> <span class='ocrx_word' id='word_1_371' title='bbox 1348 1009 1382 1036; x_wconf 81' lang='grc' dir='ltr'><strong>τὰ</strong></span> <span class='ocrx_word' id='word_1_372' title='bbox 1399 1009 1468 1044; x_wconf 74' lang='grc' dir='ltr'>ἔργα</span> <span class='ocrx_word' id='word_1_373' title='bbox 1483 1009 1566 1035; x_wconf 72' lang='grc' dir='ltr'>αὑτοῦ</span> <span class='ocrx_word' id='word_1_374' title='bbox 1581 1010 1653 1036; x_wconf 74' lang='grc' dir='ltr'>ἐστι.</span> <span class='ocrx_word' id='word_1_375' title='bbox 1673 1019 1682 1036; x_wconf 77' lang='grc' dir='ltr'><strong>ι</strong></span> 
     </span>
    </p>
   </div>
   <div class='ocr_carea' id='block_1_51' title="bbox 1037 1065 1792 1101">
    <p class='ocr_par' dir='ltr' id='par_1_51' title="bbox 1037 1065 1792 1101">
     <span class='ocr_line' id='line_1_51' title="bbox 1037 1065 1792 1101; baseline -0.001 -8"><span class='ocrx_word' id='word_1_376' title='bbox 1037 1067 1094 1093; x_wconf 78' lang='grc' dir='ltr'><strong>Νῦν</strong></span> <span class='ocrx_word' id='word_1_377' title='bbox 1110 1066 1250 1101; x_wconf 80' lang='grc' dir='ltr'>δείξωμεν,</span> <span class='ocrx_word' id='word_1_378' title='bbox 1272 1066 1312 1092; x_wconf 85' lang='grc' dir='ltr'>ὅτι</span> <span class='ocrx_word' id='word_1_379' title='bbox 1328 1065 1427 1100; x_wconf 86' lang='grc' dir='ltr'>γνῶσιν</span> <span class='ocrx_word' id='word_1_380' title='bbox 1449 1065 1492 1092; x_wconf 77' lang='grc' dir='ltr'><strong>διὰ</strong></span> <span class='ocrx_word' id='word_1_381' title='bbox 1512 1065 1580 1101; x_wconf 79' lang='grc' dir='ltr'>ἔργα</span> <span class='ocrx_word' id='word_1_382' title='bbox 1601 1067 1743 1101; x_wconf 75' lang='grc' dir='ltr'>πρέποντα</span> <span class='ocrx_word' id='word_1_383' title='bbox 1763 1067 1792 1101; x_wconf 83' lang='grc' dir='ltr'><strong>τῇ</strong></span> 
     </span>
    </p>
   </div>
   <div class='ocr_carea' id='block_1_52' title="bbox 1001 1111 1792 1148">
    <p class='ocr_par' dir='ltr' id='par_1_52' title="bbox 1001 1111 1792 1148">
     <span class='ocr_line' id='line_1_52' title="bbox 1001 1111 1792 1148; baseline -0.003 -8"><span class='ocrx_word' id='word_1_384' title='bbox 1001 1113 1100 1148; x_wconf 77' lang='grc' dir='ltr'>γνώσει</span> <span class='ocrx_word' id='word_1_385' title='bbox 1124 1112 1305 1148; x_wconf 81' lang='grc' dir='ltr'>ὲποθήσαμεν.</span> <span class='ocrx_word' id='word_1_386' title='bbox 1327 1111 1404 1138; x_wconf 78' lang='grc' dir='ltr'>Πᾶσα</span> <span class='ocrx_word' id='word_1_387' title='bbox 1429 1111 1544 1147; x_wconf 80' lang='grc' dir='ltr'>ἁγνότης</span> <span class='ocrx_word' id='word_1_388' title='bbox 1571 1113 1755 1148; x_wconf 80' lang='grc' dir='ltr'>φανερωθήτω</span> <span class='ocrx_word' id='word_1_389' title='bbox 1768 1114 1792 1138; x_wconf 81' lang='grc' dir='ltr'>ὲν</span> 
     </span>
    </p>
   </div>
   <div class='ocr_carea' id='block_1_53' title="bbox 1002 1156 1791 1194">
    <p class='ocr_par' dir='ltr' id='par_1_53' title="bbox 1002 1156 1791 1194">
     <span class='ocr_line' id='line_1_53' title="bbox 1002 1156 1791 1194; baseline -0.001 -10"><span class='ocrx_word' id='word_1_390' title='bbox 1002 1159 1087 1194; x_wconf 77' lang='grc' dir='ltr'>ἡμῖν’</span> <span class='ocrx_word' id='word_1_391' title='bbox 1113 1157 1160 1188; x_wconf 81' lang='grc' dir='ltr'>ὡς,</span> <span class='ocrx_word' id='word_1_392' title='bbox 1176 1156 1351 1192; x_wconf 82' lang='grc' dir='ltr'>μακροθύμου</span> <span class='ocrx_word' id='word_1_393' title='bbox 1377 1156 1443 1182; x_wconf 74' lang='grc' dir='ltr'>Θεοῦ</span> <span class='ocrx_word' id='word_1_394' title='bbox 1461 1156 1523 1188; x_wconf 73' lang='grc' dir='ltr'>υἱοὶ,</span> <span class='ocrx_word' id='word_1_395' title='bbox 1549 1157 1596 1183; x_wconf 78' lang='grc' dir='ltr'>καὶ</span> <span class='ocrx_word' id='word_1_396' title='bbox 1619 1158 1791 1193; x_wconf 75' lang='grc' dir='ltr'>μακροθύμου</span> 
     </span>
    </p>
   </div>
   <div class='ocr_carea' id='block_1_54' title="bbox 1001 1202 1791 1240">
    <p class='ocr_par' dir='ltr' id='par_1_54' title="bbox 1001 1202 1791 1240">
     <span class='ocr_line' id='line_1_54' title="bbox 1001 1202 1791 1240; baseline -0.003 -9"><span class='ocrx_word' id='word_1_397' title='bbox 1001 1203 1119 1240; x_wconf 76' lang='grc' dir='ltr'>Χριστοῦ</span> <span class='ocrx_word' id='word_1_398' title='bbox 1134 1203 1252 1237; x_wconf 77' lang='grc' dir='ltr'>ἀδελφοὶ,</span> <span class='ocrx_word' id='word_1_399' title='bbox 1267 1202 1523 1238; x_wconf 73' lang='grc' dir='ltr'>μακροθυμήσωμεν</span> <span class='ocrx_word' id='word_1_400' title='bbox 1532 1203 1561 1229; x_wconf 83' lang='grc' dir='ltr'>ὲν</span> <span class='ocrx_word' id='word_1_401' title='bbox 1576 1203 1647 1229; x_wconf 72' lang='grc' dir='ltr'>πᾶσι</span> <span class='ocrx_word' id='word_1_402' title='bbox 1660 1204 1717 1234; x_wconf 67' lang='lat' dir='ltr'><strong>ut;</strong></span> <span class='ocrx_word' id='word_1_403' title='bbox 1731 1211 1791 1238; x_wconf 83' lang='grc' dir='ltr'>συμ-</span> 
     </span>
    </p>
   </div>
   <div class='ocr_carea' id='block_1_55' title="bbox 1001 1248 1787 1284">
    <p class='ocr_par' dir='ltr' id='par_1_55' title="bbox 1001 1248 1787 1284">
     <span class='ocr_line' id='line_1_55' title="bbox 1001 1248 1787 1284; baseline -0.001 -8"><span class='ocrx_word' id='word_1_404' title='bbox 1001 1249 1132 1276; x_wconf 78' lang='grc' dir='ltr'>ϐαίνουσι.</span> <span class='ocrx_word' id='word_1_405' title='bbox 1153 1258 1162 1275; x_wconf 80' lang='grc' dir='ltr'><strong>ι</strong></span> <span class='ocrx_word' id='word_1_406' title='bbox 1180 1248 1364 1284; x_wconf 83' lang='grc' dir='ltr'>Μακρόθυμος</span> <span class='ocrx_word' id='word_1_407' title='bbox 1380 1248 1433 1284; x_wconf 79' lang='grc' dir='ltr'><strong>γὰρ</strong></span> <span class='ocrx_word' id='word_1_408' title='bbox 1441 1249 1510 1284; x_wconf 80' lang='grc' dir='ltr'>ἀνὴρ</span> <span class='ocrx_word' id='word_1_409' title='bbox 1522 1248 1604 1279; x_wconf 78' lang='grc' dir='ltr'>πολὺς</span> <span class='ocrx_word' id='word_1_410' title='bbox 1616 1249 1648 1275; x_wconf 81' lang='grc' dir='ltr'>ἐν</span> <span class='ocrx_word' id='word_1_411' title='bbox 1658 1250 1787 1284; x_wconf 70' lang='grc' dir='ltr'><strong>φρονήσει⁸</strong></span> 
     </span>
    </p>
   </div>
   <div class='ocr_carea' id='block_1_56' title="bbox 1000 1293 1789 1329">
    <p class='ocr_par' dir='ltr' id='par_1_56' title="bbox 1000 1293 1789 1329">
     <span class='ocr_line' id='line_1_56' title="bbox 1000 1293 1789 1329; baseline -0.001 -9"><span class='ocrx_word' id='word_1_412' title='bbox 1000 1294 1014 1320; x_wconf 83' lang='grc' dir='ltr'><strong>ὁ</strong></span> <span class='ocrx_word' id='word_1_413' title='bbox 1028 1294 1055 1321; x_wconf 77' lang='grc' dir='ltr'>δὲ</span> <span class='ocrx_word' id='word_1_414' title='bbox 1068 1293 1225 1329; x_wconf 64' lang='grc' dir='ltr'>ὁλιγόψυχος</span> <span class='ocrx_word' id='word_1_415' title='bbox 1242 1293 1358 1328; x_wconf 52' lang='grc' dir='ltr'>ἰσχυρῶς</span> <span class='ocrx_word' id='word_1_416' title='bbox 1374 1293 1478 1329; x_wconf 64' lang='grc' dir='ltr'>ἄφρων.</span> <span class='ocrx_word' id='word_1_417' title='bbox 1498 1303 1507 1320; x_wconf 73' lang='grc' dir='ltr'><strong>ι</strong></span> <span class='ocrx_word' id='word_1_418' title='bbox 1521 1294 1552 1320; x_wconf 78' lang='grc' dir='ltr'><strong>Εἰ</strong></span> <span class='ocrx_word' id='word_1_419' title='bbox 1565 1294 1607 1320; x_wconf 88' lang='grc' dir='ltr'><strong>δεῖ</strong></span> <span class='ocrx_word' id='word_1_420' title='bbox 1623 1294 1721 1321; x_wconf 70' lang='grc' dir='ltr'>ἑαυτὸν</span> <span class='ocrx_word' id='word_1_421' title='bbox 1737 1303 1789 1320; x_wconf 77' lang='grc' dir='ltr'>συν-</span> 
     </span>
    </p>
   </div>
   <div class='ocr_carea' id='block_1_57' title="bbox 1002 1338 1787 1374">
    <p class='ocr_par' dir='ltr' id='par_1_57' title="bbox 1002 1338 1787 1374">
     <span class='ocr_line' id='line_1_57' title="bbox 1002 1338 1787 1374; baseline -0.001 -9"><span class='ocrx_word' id='word_1_422' title='bbox 1002 1338 1106 1366; x_wconf 85' lang='grc' dir='ltr'>ιστάναι</span> <span class='ocrx_word' id='word_1_423' title='bbox 1123 1349 1132 1364; x_wconf 82' lang='grc' dir='ltr'><strong>ι</strong></span> <span class='ocrx_word' id='word_1_424' title='bbox 1151 1339 1195 1365; x_wconf 69' lang='grc' dir='ltr'><strong>διὰ</strong></span> <span class='ocrx_word' id='word_1_425' title='bbox 1209 1338 1262 1364; x_wconf 84' lang='grc' dir='ltr'>τῶν</span> <span class='ocrx_word' id='word_1_426' title='bbox 1276 1338 1364 1365; x_wconf 59' lang='grc' dir='ltr'>ὀπάων</span> <span class='ocrx_word' id='word_1_427' title='bbox 1379 1338 1428 1373; x_wconf 84' lang='grc' dir='ltr'>τῆς</span> <span class='ocrx_word' id='word_1_428' title='bbox 1445 1338 1617 1374; x_wconf 79' lang='grc' dir='ltr'>δικαιοσύνης</span> <span class='ocrx_word' id='word_1_429' title='bbox 1632 1339 1688 1365; x_wconf 85' lang='grc' dir='ltr'>τῶν</span> <span class='ocrx_word' id='word_1_430' title='bbox 1703 1339 1787 1372; x_wconf 76' lang='grc' dir='ltr'>δεξιῶν</span> 
     </span>
    </p>
   </div>
   <div class='ocr_carea' id='block_1_58' title="bbox 1000 1385 1785 1421">
    <p class='ocr_par' dir='ltr' id='par_1_58' title="bbox 1000 1385 1785 1421">
     <span class='ocr_line' id='line_1_58' title="bbox 1000 1385 1785 1421; baseline -0.001 -9"><span class='ocrx_word' id='word_1_431' title='bbox 1000 1386 1046 1412; x_wconf 74' lang='grc' dir='ltr'>καὶ</span> <span class='ocrx_word' id='word_1_432' title='bbox 1059 1385 1210 1421; x_wconf 81' lang='grc' dir='ltr'>ἀριστερῶν</span> <span class='ocrx_word' id='word_1_433' title='bbox 1222 1393 1229 1400; x_wconf 92' lang='grc'><strong>·</strong></span> <span class='ocrx_word' id='word_1_434' title='bbox 1250 1394 1259 1411; x_wconf 75' lang='grc' dir='ltr'><strong>ι</strong></span> <span class='ocrx_word' id='word_1_435' title='bbox 1279 1385 1460 1420; x_wconf 71' lang='grc' dir='ltr'>συστήσαντες</span> <span class='ocrx_word' id='word_1_436' title='bbox 1474 1385 1586 1416; x_wconf 81' lang='grc' dir='ltr'>ἑαυτοὺς</span> <span class='ocrx_word' id='word_1_437' title='bbox 1600 1394 1608 1410; x_wconf 84' lang='grc' dir='ltr'><strong>ι</strong></span> <span class='ocrx_word' id='word_1_438' title='bbox 1627 1385 1673 1411; x_wconf 74' lang='grc' dir='ltr'><strong>διὰ</strong></span> <span class='ocrx_word' id='word_1_439' title='bbox 1682 1385 1764 1420; x_wconf 78' lang='grc' dir='ltr'>δόξης,</span> <span class='ocrx_word' id='word_1_440' title='bbox 1777 1395 1785 1410; x_wconf 76' lang='grc' dir='ltr'><strong>ι</strong></span> 
     </span>
    </p>
   </div>
   <div class='ocr_carea' id='block_1_59' title="bbox 999 1430 1784 1467">
    <p class='ocr_par' dir='ltr' id='par_1_59' title="bbox 999 1430 1784 1467">
     <span class='ocr_line' id='line_1_59' title="bbox 999 1430 1784 1467; baseline -0.004 -9"><span class='ocrx_word' id='word_1_441' title='bbox 999 1431 1046 1458; x_wconf 74' lang='grc' dir='ltr'>καὶ</span> <span class='ocrx_word' id='word_1_442' title='bbox 1061 1431 1098 1467; x_wconf 80' lang='grc' dir='ltr'>μὴ</span> <span class='ocrx_word' id='word_1_443' title='bbox 1114 1431 1297 1466; x_wconf 83' lang='grc' dir='ltr'>χαυνωθέντες</span> <span class='ocrx_word' id='word_1_444' title='bbox 1308 1431 1351 1456; x_wconf 79' lang='grc' dir='ltr'><strong>ἐπ’</strong></span> <span class='ocrx_word' id='word_1_445' title='bbox 1364 1430 1442 1466; x_wconf 80' lang='grc' dir='ltr'>αὑτῇ,</span> <span class='ocrx_word' id='word_1_446' title='bbox 1456 1430 1504 1457; x_wconf 82' lang='grc' dir='ltr'>νῦν</span> <span class='ocrx_word' id='word_1_447' title='bbox 1517 1431 1546 1457; x_wconf 80' lang='grc' dir='ltr'>δὲ</span> <span class='ocrx_word' id='word_1_448' title='bbox 1563 1440 1572 1456; x_wconf 81' lang='grc' dir='ltr'><strong>ι</strong></span> <span class='ocrx_word' id='word_1_449' title='bbox 1589 1430 1644 1465; x_wconf 82' lang='grc' dir='ltr'>τὴν</span> <span class='ocrx_word' id='word_1_450' title='bbox 1659 1431 1784 1466; x_wconf 67' lang='grc' dir='ltr'>ἀτιμίαν»</span> 
     </span>
    </p>
   </div>
   <div class='ocr_carea' id='block_1_60' title="bbox 999 1475 1785 1512">
    <p class='ocr_par' dir='ltr' id='par_1_60' title="bbox 999 1475 1785 1512">
     <span class='ocr_line' id='line_1_60' title="bbox 999 1475 1785 1512; baseline -0.003 -9"><span class='ocrx_word' id='word_1_451' title='bbox 999 1477 1204 1512; x_wconf 85' lang='grc' dir='ltr'>ὑπομείνωμεν·</span> <span class='ocrx_word' id='word_1_452' title='bbox 1230 1475 1287 1502; x_wconf 84' lang='grc' dir='ltr'>ἀλλ’</span> <span class='ocrx_word' id='word_1_453' title='bbox 1305 1476 1328 1502; x_wconf 81' lang='grc' dir='ltr'>εἰ</span> <span class='ocrx_word' id='word_1_454' title='bbox 1349 1475 1396 1502; x_wconf 76' lang='grc' dir='ltr'>καὶ</span> <span class='ocrx_word' id='word_1_455' title='bbox 1414 1485 1423 1501; x_wconf 78' lang='grc' dir='ltr'><strong>ι</strong></span> <span class='ocrx_word' id='word_1_456' title='bbox 1440 1475 1577 1511; x_wconf 73' lang='grc' dir='ltr'>εὐφημίας</span> <span class='ocrx_word' id='word_1_457' title='bbox 1598 1485 1606 1501; x_wconf 74' lang='grc' dir='ltr'><strong>ι</strong></span> <span class='ocrx_word' id='word_1_458' title='bbox 1625 1475 1710 1508; x_wconf 75' lang='grc' dir='ltr'>ἀξίως</span> <span class='ocrx_word' id='word_1_459' title='bbox 1730 1477 1785 1502; x_wconf 75' lang='grc' dir='ltr'>ἐπο-</span> 
     </span>
    </p>
   </div>
   <div class='ocr_carea' id='block_1_61' title="bbox 160 1516 942 1562">
    <p class='ocr_par' dir='ltr' id='par_1_61' title="bbox 160 1516 942 1549">
     <span class='ocr_line' id='line_1_61' title="bbox 160 1516 942 1549; baseline -0.003 -5"><span class='ocrx_word' id='word_1_460' title='bbox 160 1519 291 1549; x_wconf 85' lang='lat' dir='ltr'><strong>feramus,</strong></span> <span class='ocrx_word' id='word_1_461' title='bbox 305 1525 336 1544; x_wconf 90' lang='lat' dir='ltr'><strong>ac</strong></span> <span class='ocrx_word' id='word_1_462' title='bbox 351 1518 412 1544; x_wconf 87' lang='lat' dir='ltr'><strong>licet</strong></span> <span class='ocrx_word' id='word_1_463' title='bbox 426 1525 435 1542; x_wconf 78' lang='grc' dir='ltr'><strong>ι</strong></span> <span class='ocrx_word' id='word_1_464' title='bbox 452 1517 550 1543; x_wconf 85' lang='lat' dir='ltr'><strong>bonam</strong></span> <span class='ocrx_word' id='word_1_465' title='bbox 568 1516 666 1542; x_wconf 84' lang='lat' dir='ltr'><strong>famam</strong></span> <span class='ocrx_word' id='word_1_466' title='bbox 681 1525 690 1542; x_wconf 72' lang='grc' dir='ltr'><strong>ι</strong></span> <span class='ocrx_word' id='word_1_467' title='bbox 708 1516 830 1543; x_wconf 89' lang='lat' dir='ltr'><strong>moribus</strong></span> <span class='ocrx_word' id='word_1_468' title='bbox 845 1516 942 1543; x_wconf 67' lang='lat' dir='ltr'><strong>nostri:</strong></span> 
     </span>
    </p>
   </div>
   <div class='ocr_carea' id='block_1_62' title="bbox 1033 1516 1785 1562">
    <p class='ocr_par' dir='ltr' id='par_1_62' title="bbox 1033 1521 1785 1558">
     <span class='ocr_line' id='line_1_62' title="bbox 1033 1521 1785 1558; baseline -0.003 -9"><span class='ocrx_word' id='word_1_469' title='bbox 1033 1522 1180 1558; x_wconf 76' lang='grc' dir='ltr'>τευσάμεθα</span> <span class='ocrx_word' id='word_1_470' title='bbox 1192 1522 1239 1549; x_wconf 70' lang='grc' dir='ltr'>καὶ</span> <span class='ocrx_word' id='word_1_471' title='bbox 1253 1521 1461 1557; x_wconf 76' lang='grc' dir='ltr'>εὑφημήθημεν,</span> <span class='ocrx_word' id='word_1_472' title='bbox 1485 1521 1531 1548; x_wconf 78' lang='grc' dir='ltr'>νῦν</span> <span class='ocrx_word' id='word_1_473' title='bbox 1548 1522 1576 1548; x_wconf 75' lang='grc' dir='ltr'>δὲ</span> <span class='ocrx_word' id='word_1_474' title='bbox 1593 1522 1647 1557; x_wconf 82' lang='grc' dir='ltr'>τῆς</span> <span class='ocrx_word' id='word_1_475' title='bbox 1666 1522 1720 1549; x_wconf 78' lang='grc' dir='ltr'><strong>ἀπὸ</strong></span> <span class='ocrx_word' id='word_1_476' title='bbox 1739 1521 1785 1548; x_wconf 83' lang='grc' dir='ltr'>τῶν</span> 
     </span>
    </p>
   </div>
   <div class='ocr_carea' id='block_1_63' title="bbox 158 1561 948 1597">
    <p class='ocr_par' dir='ltr' id='par_1_63' title="bbox 158 1561 948 1597">
     <span class='ocr_line' id='line_1_63' title="bbox 158 1561 948 1597; baseline -0.004 -6"><span class='ocrx_word' id='word_1_477' title='bbox 158 1563 249 1591; x_wconf 87' lang='lat' dir='ltr'><strong>meriti</strong></span> <span class='ocrx_word' id='word_1_478' title='bbox 265 1563 350 1590; x_wconf 78' lang='lat' dir='ltr'><strong>simus</strong></span> <span class='ocrx_word' id='word_1_479' title='bbox 364 1567 392 1589; x_wconf 86' lang='lat' dir='ltr'><strong>et</strong></span> <span class='ocrx_word' id='word_1_480' title='bbox 406 1561 585 1593; x_wconf 75' lang='lat' dir='ltr'><strong>consecuti“,</strong></span> <span class='ocrx_word' id='word_1_481' title='bbox 598 1562 743 1596; x_wconf 83' lang='lat' dir='ltr'><strong>irrogatam</strong></span> <span class='ocrx_word' id='word_1_482' title='bbox 755 1562 788 1589; x_wconf 91' lang='lat' dir='ltr'><strong>ab</strong></span> <span class='ocrx_word' id='word_1_483' title='bbox 799 1562 879 1597; x_wconf 79' lang='lat'><strong>303</strong></span> <span class='ocrx_word' id='word_1_484' title='bbox 897 1562 948 1589; x_wconf 70' lang='lat' dir='ltr'><strong>im~</strong></span> 
     </span>
    </p>
   </div>
   <div class='ocr_carea' id='block_1_64' title="bbox 158 1609 948 1646">
    <p class='ocr_par' dir='ltr' id='par_1_64' title="bbox 158 1609 948 1646">
     <span class='ocr_line' id='line_1_64' title="bbox 158 1609 948 1646; baseline -0.003 -7"><span class='ocrx_word' id='word_1_485' title='bbox 158 1611 230 1646; x_wconf 81' lang='lat' dir='ltr'><strong>piisr</strong></span> <span class='ocrx_word' id='word_1_486' title='bbox 245 1609 383 1637; x_wconf 85' lang='lat' dir='ltr'><strong>infamiam</strong></span> <span class='ocrx_word' id='word_1_487' title='bbox 396 1618 404 1635; x_wconf 72' lang='grc' dir='ltr'><strong>ι</strong></span> <span class='ocrx_word' id='word_1_488' title='bbox 415 1610 607 1636; x_wconf 87' lang='lat' dir='ltr'><strong>sustineamus.</strong></span> <span class='ocrx_word' id='word_1_489' title='bbox 619 1609 753 1637; x_wconf 57' lang='lat' dir='ltr'><strong>Praeterea</strong></span> <span class='ocrx_word' id='word_1_490' title='bbox 772 1609 794 1637; x_wconf 91' lang='lat' dir='ltr'><strong>si</strong></span> <span class='ocrx_word' id='word_1_491' title='bbox 809 1616 836 1637; x_wconf 89' lang='lat' dir='ltr'><strong>ut</strong></span> <span class='ocrx_word' id='word_1_492' title='bbox 848 1619 857 1635; x_wconf 81' lang='grc' dir='ltr'><strong>ι</strong></span> <span class='ocrx_word' id='word_1_493' title='bbox 869 1617 948 1637; x_wconf 79' lang='lat' dir='ltr'><strong>vera-</strong></span> 
     </span>
    </p>
   </div>
   <div class='ocr_carea' id='block_1_65' title="bbox 157 1653 947 1688">
    <p class='ocr_par' dir='ltr' id='par_1_65' title="bbox 157 1653 947 1688">
     <span class='ocr_line' id='line_1_65' title="bbox 157 1653 947 1688; baseline 0.001 -6"><span class='ocrx_word' id='word_1_494' title='bbox 157 1663 205 1684; x_wconf 83' lang='lat' dir='ltr'><strong>ces</strong></span> <span class='ocrx_word' id='word_1_495' title='bbox 224 1664 234 1681; x_wconf 73' lang='grc' dir='ltr'><strong>ι</strong></span> <span class='ocrx_word' id='word_1_496' title='bbox 255 1662 304 1681; x_wconf 87' lang='lat' dir='ltr'><strong>nos</strong></span> <span class='ocrx_word' id='word_1_497' title='bbox 318 1653 407 1681; x_wconf 87' lang='lat' dir='ltr'><strong>mirati</strong></span> <span class='ocrx_word' id='word_1_498' title='bbox 421 1658 483 1680; x_wconf 90' lang='lat' dir='ltr'><strong>sunt</strong></span> <span class='ocrx_word' id='word_1_499' title='bbox 496 1654 514 1680; x_wconf 92' lang='lat' dir='ltr'><strong>ii</strong></span> <span class='ocrx_word' id='word_1_500' title='bbox 528 1654 573 1688; x_wconf 85' lang='lat' dir='ltr'><strong>qui</strong></span> <span class='ocrx_word' id='word_1_501' title='bbox 584 1654 725 1682; x_wconf 87' lang='lat' dir='ltr'><strong>veritatem</strong></span> <span class='ocrx_word' id='word_1_502' title='bbox 741 1660 833 1682; x_wconf 87' lang='lat' dir='ltr'><strong>amant</strong></span> <span class='ocrx_word' id='word_1_503' title='bbox 849 1664 855 1683; x_wconf 95' lang='lat'>:</span> <span class='ocrx_word' id='word_1_504' title='bbox 875 1663 947 1683; x_wconf 88' lang='lat' dir='ltr'><strong>nunc</strong></span> 
     </span>
    </p>
   </div>
   <div class='ocr_carea' id='block_1_66' title="bbox 158 1699 947 1735">
    <p class='ocr_par' dir='ltr' id='par_1_66' title="bbox 158 1699 947 1735">
     <span class='ocr_line' id='line_1_66' title="bbox 158 1699 947 1735; baseline 0 -7"><span class='ocrx_word' id='word_1_505' title='bbox 158 1708 219 1728; x_wconf 86' lang='lat' dir='ltr'><strong>cum</strong></span> <span class='ocrx_word' id='word_1_506' title='bbox 235 1700 351 1728; x_wconf 88' lang='lat' dir='ltr'><strong>dicimur</strong></span> <span class='ocrx_word' id='word_1_507' title='bbox 371 1708 380 1725; x_wconf 80' lang='grc' dir='ltr'><strong>ι</strong></span> <span class='ocrx_word' id='word_1_508' title='bbox 399 1699 517 1733; x_wconf 83' lang='lat' dir='ltr'><strong>seducti,</strong></span> <span class='ocrx_word' id='word_1_509' title='bbox 537 1708 547 1725; x_wconf 74' lang='grc' dir='ltr'><strong>ι</strong></span> <span class='ocrx_word' id='word_1_510' title='bbox 564 1699 712 1728; x_wconf 89' lang='lat' dir='ltr'><strong>rideamus.</strong></span> <span class='ocrx_word' id='word_1_511' title='bbox 733 1700 774 1728; x_wconf 78' lang='grc' dir='ltr'>οι)</span> <span class='ocrx_word' id='word_1_512' title='bbox 790 1701 874 1728; x_wconf 86' lang='lat' dir='ltr'><strong>multa</strong></span> <span class='ocrx_word' id='word_1_513' title='bbox 890 1701 947 1735; x_wconf 92' lang='lat' dir='ltr'><strong>qui-</strong></span> 
     </span>
    </p>
   </div>
   <div class='ocr_carea' id='block_1_67' title="bbox 157 1745 943 1782">
    <p class='ocr_par' dir='ltr' id='par_1_67' title="bbox 157 1745 943 1782">
     <span class='ocr_line' id='line_1_67' title="bbox 157 1745 943 1782; baseline -0.001 -9"><span class='ocrx_word' id='word_1_514' title='bbox 157 1747 209 1774; x_wconf 88' lang='lat' dir='ltr'><strong>bus</strong></span> <span class='ocrx_word' id='word_1_515' title='bbox 221 1745 328 1773; x_wconf 85' lang='lat' dir='ltr'><strong>liberati</strong></span> <span class='ocrx_word' id='word_1_516' title='bbox 342 1751 435 1772; x_wconf 89' lang='lat' dir='ltr'><strong>sumus</strong></span> <span class='ocrx_word' id='word_1_517' title='bbox 459 1745 577 1779; x_wconf 87' lang='lat' dir='ltr'><strong>pericula</strong></span> <span class='ocrx_word' id='word_1_518' title='bbox 592 1745 668 1772; x_wconf 90' lang='lat' dir='ltr'><strong>multi</strong></span> <span class='ocrx_word' id='word_1_519' title='bbox 686 1753 734 1772; x_wconf 85' lang='lat' dir='ltr'><strong>nos</strong></span> <span class='ocrx_word' id='word_1_520' title='bbox 749 1746 802 1773; x_wconf 88' lang='lat' dir='ltr'><strong>Deo</strong></span> <span class='ocrx_word' id='word_1_521' title='bbox 819 1755 828 1771; x_wconf 85' lang='grc' dir='ltr'><strong>ι</strong></span> <span class='ocrx_word' id='word_1_522' title='bbox 849 1747 943 1782; x_wconf 80' lang='lat' dir='ltr'><strong>cogni-</strong></span> 
     </span>
    </p>
   </div>
   <div class='ocr_carea' id='block_1_68' title="bbox 159 1791 944 1827">
    <p class='ocr_par' dir='ltr' id='par_1_68' title="bbox 159 1791 944 1827">
     <span class='ocr_line' id='line_1_68' title="bbox 159 1791 944 1827; baseline 0 -8"><span class='ocrx_word' id='word_1_523' title='bbox 159 1797 201 1819; x_wconf 88' lang='lat' dir='ltr'><strong>tos</strong></span> <span class='ocrx_word' id='word_1_524' title='bbox 219 1802 227 1818; x_wconf 87' lang='grc'><strong>›</strong></span> <span class='ocrx_word' id='word_1_525' title='bbox 245 1799 304 1819; x_wconf 88' lang='lat' dir='ltr'><strong>esse</strong></span> <span class='ocrx_word' id='word_1_526' title='bbox 316 1791 442 1818; x_wconf 82' lang='lat' dir='ltr'><strong>dixerunt</strong></span> <span class='ocrx_word' id='word_1_527' title='bbox 455 1799 462 1824; x_wconf 89' lang='lat'><strong>;</strong></span> <span class='ocrx_word' id='word_1_528' title='bbox 477 1797 548 1818; x_wconf 74' lang='lat' dir='ltr'><strong>nunc</strong></span> <span class='ocrx_word' id='word_1_529' title='bbox 565 1791 610 1825; x_wconf 87' lang='lat' dir='ltr'><strong>qui</strong></span> <span class='ocrx_word' id='word_1_530' title='bbox 627 1791 706 1824; x_wconf 80' lang='lat' dir='ltr'><strong>volet,</strong></span> <span class='ocrx_word' id='word_1_531' title='bbox 723 1791 795 1818; x_wconf 82' lang='lat' dir='ltr'><strong>dicat</strong></span> <span class='ocrx_word' id='word_1_532' title='bbox 809 1799 857 1819; x_wconf 89' lang='lat' dir='ltr'><strong>nos</strong></span> <span class='ocrx_word' id='word_1_533' title='bbox 876 1802 885 1818; x_wconf 82' lang='grc' dir='ltr'><strong>ι</strong></span> <span class='ocrx_word' id='word_1_534' title='bbox 905 1793 944 1827; x_wconf 83' lang='lat' dir='ltr'><strong>ig—</strong></span> 
     </span>
    </p>
   </div>
   <div class='ocr_carea' id='block_1_69' title="bbox 156 1836 944 1871">
    <p class='ocr_par' dir='ltr' id='par_1_69' title="bbox 156 1836 944 1871">
     <span class='ocr_line' id='line_1_69' title="bbox 156 1836 944 1871; baseline 0 -6"><span class='ocrx_word' id='word_1_535' title='bbox 156 1842 245 1870; x_wconf 84' lang='lat' dir='ltr'><strong>notos,</strong></span> <span class='ocrx_word' id='word_1_536' title='bbox 260 1846 269 1863; x_wconf 78' lang='grc' dir='ltr'><strong>ι</strong></span> <span class='ocrx_word' id='word_1_537' title='bbox 284 1844 346 1864; x_wconf 91' lang='lat' dir='ltr'><strong>cum</strong></span> <span class='ocrx_word' id='word_1_538' title='bbox 371 1836 443 1864; x_wconf 85' lang='lat' dir='ltr'><strong>forle</strong></span> <span class='ocrx_word' id='word_1_539' title='bbox 469 1836 555 1870; x_wconf 75' lang='lat' dir='ltr'><strong>magis</strong></span> <span class='ocrx_word' id='word_1_540' title='bbox 587 1837 785 1871; x_wconf 77' lang='lat' dir='ltr'><strong>cognoscimur.</strong></span> <span class='ocrx_word' id='word_1_541' title='bbox 814 1837 944 1866; x_wconf 85' lang='lat' dir='ltr'><strong>Ferentes</strong></span> 
     </span>
    </p>
   </div>
   <div class='ocr_carea' id='block_1_70' title="bbox 155 1882 945 1919">
    <p class='ocr_par' dir='ltr' id='par_1_70' title="bbox 155 1882 945 1919">
     <span class='ocr_line' id='line_1_70' title="bbox 155 1882 945 1919; baseline -0.001 -8"><span class='ocrx_word' id='word_1_542' title='bbox 155 1884 238 1919; x_wconf 82' lang='lat' dir='ltr'><strong>igitur</strong></span> <span class='ocrx_word' id='word_1_543' title='bbox 250 1891 309 1918; x_wconf 81' lang='lat' dir='ltr'><strong>qua:</strong></span> <span class='ocrx_word' id='word_1_544' title='bbox 322 1883 489 1917; x_wconf 74' lang='lat' dir='ltr'><strong>contingunt,</strong></span> <span class='ocrx_word' id='word_1_545' title='bbox 507 1882 704 1918; x_wconf 74' lang='lat' dir='ltr'><strong>v‘eastigamur,</strong></span> <span class='ocrx_word' id='word_1_546' title='bbox 722 1883 768 1910; x_wconf 87' lang='lat' dir='ltr'><strong>sed</strong></span> <span class='ocrx_word' id='word_1_547' title='bbox 782 1891 834 1911; x_wconf 90' lang='lat' dir='ltr'><strong>non</strong></span> <span class='ocrx_word' id='word_1_548' title='bbox 849 1884 945 1910; x_wconf 91' lang='lat' dir='ltr'><strong>morti-</strong></span> 
     </span>
    </p>
   </div>
   <div class='ocr_carea' id='block_1_71' title="bbox 156 1927 941 1964">
    <p class='ocr_par' dir='ltr' id='par_1_71' title="bbox 156 1927 941 1964">
     <span class='ocr_line' id='line_1_71' title="bbox 156 1927 941 1964; baseline 0 -8"><span class='ocrx_word' id='word_1_549' title='bbox 156 1931 289 1962; x_wconf 86' lang='lat' dir='ltr'><strong>iicamur,</strong></span> <span class='ocrx_word' id='word_1_550' title='bbox 321 1938 330 1955; x_wconf 77' lang='grc' dir='ltr'><strong>ι</strong></span> <span class='ocrx_word' id='word_1_551' title='bbox 359 1933 387 1956; x_wconf 88' lang='lat' dir='ltr'><strong>et</strong></span> <span class='ocrx_word' id='word_1_552' title='bbox 416 1937 425 1953; x_wconf 78' lang='grc' dir='ltr'><strong>ι</strong></span> <span class='ocrx_word' id='word_1_553' title='bbox 460 1927 583 1955; x_wconf 83' lang='lat' dir='ltr'><strong>tristibus</strong></span> <span class='ocrx_word' id='word_1_554' title='bbox 606 1928 789 1956; x_wconf 76' lang='lat' dir='ltr'><strong>assimilainur</strong></span> <span class='ocrx_word' id='word_1_555' title='bbox 807 1929 852 1964; x_wconf 89' lang='lat' dir='ltr'><strong>qui</strong></span> <span class='ocrx_word' id='word_1_556' title='bbox 881 1937 941 1964; x_wconf 77' lang='lat' dir='ltr'><strong>gau-</strong></span> 
     </span>
    </p>
   </div>
   <div class='ocr_carea' id='block_1_72' title="bbox 155 1975 285 2002">
    <p class='ocr_par' dir='ltr' id='par_1_72' title="bbox 155 1975 285 2002">
     <span class='ocr_line' id='line_1_72' title="bbox 155 1975 285 2002; baseline -0.015 0"><span class='ocrx_word' id='word_1_557' title='bbox 155 1975 258 2002; x_wconf 80' lang='lat' dir='ltr'><strong>demus.</strong></span> <span class='ocrx_word' id='word_1_558' title='bbox 276 1984 285 2000; x_wconf 77' lang='grc' dir='ltr'><strong>ι</strong></span> 
     </span>
    </p>
   </div>
   <div class='ocr_carea' id='block_1_73' title="bbox 191 2019 942 2056">
    <p class='ocr_par' dir='ltr' id='par_1_73' title="bbox 191 2019 942 2056">
     <span class='ocr_line' id='line_1_73' title="bbox 191 2019 942 2056; baseline 0.001 -9"><span class='ocrx_word' id='word_1_559' title='bbox 191 2021 236 2047; x_wconf 66' lang='grc'><strong>44.</strong></span> <span class='ocrx_word' id='word_1_560' title='bbox 258 2021 304 2048; x_wconf 79' lang='lat' dir='ltr'><strong>Ait</strong></span> <span class='ocrx_word' id='word_1_561' title='bbox 322 2020 421 2048; x_wconf 87' lang='lat' dir='ltr'><strong>alicubi</strong></span> <span class='ocrx_word' id='word_1_562' title='bbox 438 2019 539 2047; x_wconf 75' lang='lat' dir='ltr'><strong>Paulus</strong></span> <span class='ocrx_word' id='word_1_563' title='bbox 555 2019 588 2047; x_wconf 84' lang='lat' dir='ltr'><strong>ad</strong></span> <span class='ocrx_word' id='word_1_564' title='bbox 604 2027 651 2048; x_wconf 88' lang='lat' dir='ltr'><strong>eos</strong></span> <span class='ocrx_word' id='word_1_565' title='bbox 666 2020 712 2054; x_wconf 92' lang='lat' dir='ltr'><strong>qui</strong></span> <span class='ocrx_word' id='word_1_566' title='bbox 726 2020 760 2048; x_wconf 88' lang='lat' dir='ltr'><strong>ab</strong></span> <span class='ocrx_word' id='word_1_567' title='bbox 775 2021 853 2049; x_wconf 90' lang='lat' dir='ltr'><strong>initio</strong></span> <span class='ocrx_word' id='word_1_568' title='bbox 868 2022 942 2056; x_wconf 84' lang='lat' dir='ltr'><strong>passi</strong></span> 
     </span>
    </p>
   </div>
   <div class='ocr_carea' id='block_1_74' title="bbox 155 2065 943 2101">
    <p class='ocr_par' dir='ltr' id='par_1_74' title="bbox 155 2065 943 2101">
     <span class='ocr_line' id='line_1_74' title="bbox 155 2065 943 2101; baseline 0.001 -8"><span class='ocrx_word' id='word_1_569' title='bbox 155 2071 233 2094; x_wconf 84' lang='lat' dir='ltr'><strong>erant</strong></span> <span class='ocrx_word' id='word_1_570' title='bbox 244 2087 252 2099; x_wconf 88' lang='lat'><strong>,</strong></span> <span class='ocrx_word' id='word_1_571' title='bbox 266 2067 416 2094; x_wconf 85' lang='lat' dir='ltr'><strong>cobortans</strong></span> <span class='ocrx_word' id='word_1_572' title='bbox 431 2073 479 2093; x_wconf 78' lang='lat' dir='ltr'><strong>eos</strong></span> <span class='ocrx_word' id='word_1_573' title='bbox 493 2071 522 2092; x_wconf 94' lang='lat' dir='ltr'><strong>ut</strong></span> <span class='ocrx_word' id='word_1_574' title='bbox 535 2067 561 2092; x_wconf 92' lang='lat' dir='ltr'><strong>in</strong></span> <span class='ocrx_word' id='word_1_575' title='bbox 578 2066 665 2100; x_wconf 87' lang='lat' dir='ltr'><strong>prima</strong></span> <span class='ocrx_word' id='word_1_576' title='bbox 681 2065 726 2093; x_wconf 90' lang='lat' dir='ltr'><strong>illa</strong></span> <span class='ocrx_word' id='word_1_577' title='bbox 740 2067 869 2101; x_wconf 78' lang='lat' dir='ltr'><strong>patientia</strong></span> <span class='ocrx_word' id='word_1_578' title='bbox 885 2074 943 2101; x_wconf 86' lang='lat' dir='ltr'><strong>pcr-</strong></span> 
     </span>
    </p>
   </div>
   <div class='ocr_carea' id='block_1_75' title="bbox 155 2111 940 2146">
    <p class='ocr_par' dir='ltr' id='par_1_75' title="bbox 155 2111 940 2146">
     <span class='ocr_line' id='line_1_75' title="bbox 155 2111 940 2146; baseline -0.001 -6"><span class='ocrx_word' id='word_1_579' title='bbox 155 2117 329 2143; x_wconf 84' lang='lat' dir='ltr'><strong>severareut,</strong></span> <span class='ocrx_word' id='word_1_580' title='bbox 351 2117 380 2139; x_wconf 85' lang='lat' dir='ltr'><strong>et</strong></span> <span class='ocrx_word' id='word_1_581' title='bbox 403 2111 521 2139; x_wconf 83' lang='lat' dir='ltr'><strong>secunda</strong></span> <span class='ocrx_word' id='word_1_582' title='bbox 547 2111 668 2145; x_wconf 87' lang='lat' dir='ltr'><strong>pericula</strong></span> <span class='ocrx_word' id='word_1_583' title='bbox 693 2117 805 2146; x_wconf 84' lang='lat' dir='ltr'><strong>propter</strong></span> <span class='ocrx_word' id='word_1_584' title='bbox 828 2113 940 2139; x_wconf 87' lang='lat' dir='ltr'><strong>verbum</strong></span> 
     </span>
    </p>
   </div>
   <div class='ocr_carea' id='block_1_76' title="bbox 154 2156 941 2192">
    <p class='ocr_par' dir='ltr' id='par_1_76' title="bbox 154 2156 941 2192">
     <span class='ocr_line' id='line_1_76' title="bbox 154 2156 941 2192; baseline 0 -6"><span class='ocrx_word' id='word_1_585' title='bbox 154 2158 203 2186; x_wconf 90' lang='lat' dir='ltr'><strong>Dei</strong></span> <span class='ocrx_word' id='word_1_586' title='bbox 225 2158 298 2185; x_wconf 88' lang='lat' dir='ltr'><strong>illata</strong></span> <span class='ocrx_word' id='word_1_587' title='bbox 319 2157 447 2185; x_wconf 87' lang='lat' dir='ltr'><strong>ferrent:</strong></span> <span class='ocrx_word' id='word_1_588' title='bbox 464 2165 473 2182; x_wconf 84' lang='grc' dir='ltr'><strong>ι</strong></span> <span class='ocrx_word' id='word_1_589' title='bbox 487 2156 718 2184; x_wconf 77' lang='lat' dir='ltr'><strong>Rementoramini</strong></span> <span class='ocrx_word' id='word_1_590' title='bbox 735 2157 867 2192; x_wconf 89' lang='lat' dir='ltr'><strong>pristinos</strong></span> <span class='ocrx_word' id='word_1_591' title='bbox 883 2159 941 2186; x_wconf 85' lang='lat' dir='ltr'><strong>dies</strong></span> 
     </span>
    </p>
   </div>
   <div class='ocr_carea' id='block_1_77' title="bbox 997 1567 1784 1603">
    <p class='ocr_par' dir='ltr' id='par_1_77' title="bbox 997 1567 1784 1603">
     <span class='ocr_line' id='line_1_77' title="bbox 997 1567 1784 1603; baseline -0.001 -8"><span class='ocrx_word' id='word_1_592' title='bbox 997 1567 1134 1596; x_wconf 78' lang='grc' dir='ltr'>δυσσεϐὧν</span> <span class='ocrx_word' id='word_1_593' title='bbox 1149 1577 1157 1594; x_wconf 85' lang='grc' dir='ltr'><strong>ι</strong></span> <span class='ocrx_word' id='word_1_594' title='bbox 1173 1568 1326 1603; x_wconf 76' lang='grc' dir='ltr'>δυσφημίας</span> <span class='ocrx_word' id='word_1_595' title='bbox 1347 1577 1355 1593; x_wconf 82' lang='grc' dir='ltr'><strong>ι</strong></span> <span class='ocrx_word' id='word_1_596' title='bbox 1381 1567 1571 1603; x_wconf 76' lang='grc' dir='ltr'>ἀνασχώμεθα.</span> <span class='ocrx_word' id='word_1_597' title='bbox 1590 1568 1654 1594; x_wconf 86' lang='grc' dir='ltr'>Ἔτι</span> <span class='ocrx_word' id='word_1_598' title='bbox 1675 1568 1703 1594; x_wconf 78' lang='grc' dir='ltr'>δὲ</span> <span class='ocrx_word' id='word_1_599' title='bbox 1716 1568 1738 1594; x_wconf 84' lang='grc' dir='ltr'>εἰ</span> <span class='ocrx_word' id='word_1_600' title='bbox 1753 1567 1784 1598; x_wconf 81' lang='grc' dir='ltr'>ὡς</span> 
     </span>
    </p>
   </div>
   <div class='ocr_carea' id='block_1_78' title="bbox 1001 1612 1782 1650">
    <p class='ocr_par' dir='ltr' id='par_1_78' title="bbox 1001 1612 1782 1650">
     <span class='ocr_line' id='line_1_78' title="bbox 1001 1612 1782 1650; baseline -0.004 -10"><span class='ocrx_word' id='word_1_601' title='bbox 1001 1623 1010 1640; x_wconf 82' lang='grc' dir='ltr'><strong>ι</strong></span> <span class='ocrx_word' id='word_1_602' title='bbox 1030 1614 1138 1650; x_wconf 80' lang='grc' dir='ltr'>ἀληθεῖς</span> <span class='ocrx_word' id='word_1_603' title='bbox 1163 1623 1172 1639; x_wconf 85' lang='grc'><strong>›</strong></span> <span class='ocrx_word' id='word_1_604' title='bbox 1195 1613 1271 1649; x_wconf 72' lang='grc' dir='ltr'>παρὰ</span> <span class='ocrx_word' id='word_1_605' title='bbox 1292 1614 1349 1645; x_wconf 87' lang='grc' dir='ltr'>τοῖς</span> <span class='ocrx_word' id='word_1_606' title='bbox 1373 1612 1548 1648; x_wconf 77' lang='grc' dir='ltr'>φιλαλήθεσιν</span> <span class='ocrx_word' id='word_1_607' title='bbox 1570 1613 1782 1649; x_wconf 75' lang='grc' dir='ltr'>ὲθαυμάσθημεν,</span> 
     </span>
    </p>
   </div>
   <div class='ocr_carea' id='block_1_79' title="bbox 997 1658 1781 1694">
    <p class='ocr_par' dir='ltr' id='par_1_79' title="bbox 997 1658 1781 1694">
     <span class='ocr_line' id='line_1_79' title="bbox 997 1658 1781 1694; baseline -0.004 -8"><span class='ocrx_word' id='word_1_608' title='bbox 997 1659 1045 1686; x_wconf 79' lang='grc' dir='ltr'>νῦν</span> <span class='ocrx_word' id='word_1_609' title='bbox 1059 1660 1105 1686; x_wconf 73' lang='grc' dir='ltr'><strong>ἐπὶ</strong></span> <span class='ocrx_word' id='word_1_610' title='bbox 1120 1659 1159 1694; x_wconf 83' lang='grc' dir='ltr'><strong>τῷ</strong></span> <span class='ocrx_word' id='word_1_611' title='bbox 1177 1658 1304 1694; x_wconf 80' lang='grc' dir='ltr'>λέγεσθαι</span> <span class='ocrx_word' id='word_1_612' title='bbox 1317 1659 1390 1694; x_wconf 77' lang='grc' dir='ltr'>ἡμᾶς</span> <span class='ocrx_word' id='word_1_613' title='bbox 1401 1668 1410 1684; x_wconf 79' lang='grc' dir='ltr'><strong>ι</strong></span> <span class='ocrx_word' id='word_1_614' title='bbox 1424 1658 1573 1685; x_wconf 73' lang='grc' dir='ltr'>πλανᾶσθαι</span> <span class='ocrx_word' id='word_1_615' title='bbox 1592 1667 1601 1683; x_wconf 83' lang='grc'><strong>›</strong></span> <span class='ocrx_word' id='word_1_616' title='bbox 1622 1659 1781 1693; x_wconf 79' lang='grc' dir='ltr'>γελάσωμεν.</span> 
     </span>
    </p>
   </div>
   <div class='ocr_carea' id='block_1_80' title="bbox 1004 1701 1782 1740">
    <p class='ocr_par' dir='ltr' id='par_1_80' title="bbox 1004 1701 1782 1740">
     <span class='ocr_line' id='line_1_80' title="bbox 1004 1701 1782 1740; baseline -0.003 -8"><span class='ocrx_word' id='word_1_617' title='bbox 1004 1706 1065 1732; x_wconf 80' lang='grc' dir='ltr'>Ἐπὶ</span> <span class='ocrx_word' id='word_1_618' title='bbox 1083 1705 1190 1736; x_wconf 82' lang='grc' dir='ltr'>πολλοῖς</span> <span class='ocrx_word' id='word_1_619' title='bbox 1210 1705 1343 1736; x_wconf 76' lang='grc' dir='ltr'>κινδύνοις</span> <span class='ocrx_word' id='word_1_620' title='bbox 1365 1704 1412 1738; x_wconf 73' lang='grc' dir='ltr'><strong>ἀφ’</strong></span> <span class='ocrx_word' id='word_1_621' title='bbox 1431 1701 1468 1731; x_wconf 86' lang='grc' dir='ltr'>ὧν</span> <span class='ocrx_word' id='word_1_622' title='bbox 1491 1704 1678 1740; x_wconf 74' lang='grc' dir='ltr'>ἐρῤύσθημεν,</span> <span class='ocrx_word' id='word_1_623' title='bbox 1703 1704 1782 1731; x_wconf 75' lang='grc' dir='ltr'>πολλοὶ</span> 
     </span>
    </p>
   </div>
   <div class='ocr_carea' id='block_1_81' title="bbox 996 1746 1781 1783">
    <p class='ocr_par' dir='ltr' id='par_1_81' title="bbox 996 1746 1781 1783">
     <span class='ocr_line' id='line_1_81' title="bbox 996 1746 1781 1783; baseline 0 -9"><span class='ocrx_word' id='word_1_624' title='bbox 996 1746 1072 1775; x_wconf 80' lang='grc' dir='ltr'>εἶπον</span> <span class='ocrx_word' id='word_1_625' title='bbox 1091 1749 1164 1783; x_wconf 81' lang='grc' dir='ltr'>ἡμᾶς</span> <span class='ocrx_word' id='word_1_626' title='bbox 1178 1748 1231 1774; x_wconf 76' lang='grc' dir='ltr'>ἀπὸ</span> <span class='ocrx_word' id='word_1_627' title='bbox 1245 1748 1311 1774; x_wconf 75' lang='grc' dir='ltr'>Θεοῦ</span> <span class='ocrx_word' id='word_1_628' title='bbox 1324 1757 1333 1773; x_wconf 82' lang='grc' dir='ltr'><strong>ι</strong></span> <span class='ocrx_word' id='word_1_629' title='bbox 1347 1747 1574 1782; x_wconf 77' lang='grc' dir='ltr'>ὲπιγινώσκεσθαι</span> <span class='ocrx_word' id='word_1_630' title='bbox 1587 1748 1645 1783; x_wconf 68' lang='grc'><strong>(48)</strong></span> <span class='ocrx_word' id='word_1_631' title='bbox 1656 1769 1662 1781; x_wconf 85' lang='grc'><strong>,</strong></span> <span class='ocrx_word' id='word_1_632' title='bbox 1687 1758 1697 1774; x_wconf 64' lang='grc' dir='ltr'><strong>ι</strong></span> <span class='ocrx_word' id='word_1_633' title='bbox 1715 1748 1756 1774; x_wconf 83' lang='grc' dir='ltr'>νῦν</span> <span class='ocrx_word' id='word_1_634' title='bbox 1769 1749 1781 1774; x_wconf 87' lang='grc' dir='ltr'><strong>ό</strong></span> 
     </span>
    </p>
   </div>
   <div class='ocr_carea' id='block_1_82' title="bbox 997 1785 1780 1829">
    <p class='ocr_par' dir='ltr' id='par_1_82' title="bbox 997 1785 1780 1829">
     <span class='ocr_line' id='line_1_82' title="bbox 997 1785 1780 1829; baseline 0 -9"><span class='ocrx_word' id='word_1_635' title='bbox 997 1785 1156 1829; x_wconf 77' lang='grc' dir='ltr'>βουλόμενος</span> <span class='ocrx_word' id='word_1_636' title='bbox 1178 1793 1279 1828; x_wconf 86' lang='grc' dir='ltr'>λεγέτω</span> <span class='ocrx_word' id='word_1_637' title='bbox 1301 1795 1375 1829; x_wconf 84' lang='grc' dir='ltr'>ἡμᾶς</span> <span class='ocrx_word' id='word_1_638' title='bbox 1399 1804 1408 1820; x_wconf 84' lang='grc' dir='ltr'><strong>ι</strong></span> <span class='ocrx_word' id='word_1_639' title='bbox 1435 1795 1598 1829; x_wconf 78' lang='grc' dir='ltr'>ἀγνοεῖσθαι,</span> <span class='ocrx_word' id='word_1_640' title='bbox 1616 1804 1626 1820; x_wconf 80' lang='grc' dir='ltr'><strong>ι</strong></span> <span class='ocrx_word' id='word_1_641' title='bbox 1652 1795 1696 1822; x_wconf 75' lang='grc' dir='ltr'>ὅτε</span> <span class='ocrx_word' id='word_1_642' title='bbox 1720 1794 1780 1829; x_wconf 78' lang='grc' dir='ltr'>τάχα</span> 
     </span>
    </p>
   </div>
   <div class='ocr_carea' id='block_1_83' title="bbox 998 1840 1780 1876">
    <p class='ocr_par' dir='ltr' id='par_1_83' title="bbox 998 1840 1780 1876">
     <span class='ocr_line' id='line_1_83' title="bbox 998 1840 1780 1876; baseline 0.003 -10"><span class='ocrx_word' id='word_1_643' title='bbox 998 1840 1098 1875; x_wconf 84' lang='grc' dir='ltr'>μᾶλλον</span> <span class='ocrx_word' id='word_1_644' title='bbox 1112 1840 1357 1875; x_wconf 76' lang='grc' dir='ltr'>ὲπιγινωκσόμεθα.</span> <span class='ocrx_word' id='word_1_645' title='bbox 1383 1840 1511 1875; x_wconf 81' lang='grc' dir='ltr'>Φέροντες</span> <span class='ocrx_word' id='word_1_646' title='bbox 1529 1841 1594 1874; x_wconf 77' lang='grc' dir='ltr'>γοῦν</span> <span class='ocrx_word' id='word_1_647' title='bbox 1617 1842 1654 1868; x_wconf 74' lang='grc' dir='ltr'><strong>τὰ</strong></span> <span class='ocrx_word' id='word_1_648' title='bbox 1677 1840 1780 1876; x_wconf 76' lang='grc' dir='ltr'>συμϐαί-</span> 
     </span>
    </p>
   </div>
   <div class='ocr_carea' id='block_1_84' title="bbox 997 1885 1779 1921">
    <p class='ocr_par' dir='ltr' id='par_1_84' title="bbox 997 1885 1779 1921">
     <span class='ocr_line' id='line_1_84' title="bbox 997 1885 1779 1921; baseline -0.004 -8"><span class='ocrx_word' id='word_1_649' title='bbox 997 1894 1087 1918; x_wconf 82' lang='grc' dir='ltr'>νοντα,</span> <span class='ocrx_word' id='word_1_650' title='bbox 1105 1895 1115 1912; x_wconf 93' lang='grc'><em>‹</em></span> <span class='ocrx_word' id='word_1_651' title='bbox 1134 1885 1318 1921; x_wconf 79' lang='grc' dir='ltr'>παιδευόμεθα</span> <span class='ocrx_word' id='word_1_652' title='bbox 1334 1886 1392 1921; x_wconf 77' lang='grc' dir='ltr'>μὲν,</span> <span class='ocrx_word' id='word_1_653' title='bbox 1407 1886 1438 1912; x_wconf 90' lang='grc' dir='ltr'><strong>οὑ</strong></span> <span class='ocrx_word' id='word_1_654' title='bbox 1456 1885 1646 1921; x_wconf 81' lang='grc' dir='ltr'>θανατούμεθα</span> <span class='ocrx_word' id='word_1_655' title='bbox 1658 1886 1703 1912; x_wconf 82' lang='grc' dir='ltr'>δέ·</span> <span class='ocrx_word' id='word_1_656' title='bbox 1720 1895 1729 1912; x_wconf 75' lang='grc' dir='ltr'><strong>ι</strong></span> <span class='ocrx_word' id='word_1_657' title='bbox 1741 1885 1779 1911; x_wconf 80' lang='grc' dir='ltr'>καὶ</span> 
     </span>
    </p>
   </div>
   <div class='ocr_carea' id='block_1_85' title="bbox 997 1929 1677 1965">
    <p class='ocr_par' dir='ltr' id='par_1_85' title="bbox 997 1929 1677 1965">
     <span class='ocr_line' id='line_1_85' title="bbox 997 1929 1677 1965; baseline 0.001 -9"><span class='ocrx_word' id='word_1_658' title='bbox 997 1930 1163 1965; x_wconf 85' lang='grc' dir='ltr'>ὁμοιούμεθα</span> <span class='ocrx_word' id='word_1_659' title='bbox 1182 1939 1191 1956; x_wconf 84' lang='grc' dir='ltr'><strong>ι</strong></span> <span class='ocrx_word' id='word_1_660' title='bbox 1208 1929 1388 1965; x_wconf 83' lang='grc' dir='ltr'>λυπουμένοις</span> <span class='ocrx_word' id='word_1_661' title='bbox 1420 1930 1444 1956; x_wconf 80' lang='grc' dir='ltr'>οἱ</span> <span class='ocrx_word' id='word_1_662' title='bbox 1459 1930 1609 1965; x_wconf 83' lang='grc' dir='ltr'>χαίροντες.</span> <span class='ocrx_word' id='word_1_663' title='bbox 1631 1941 1640 1957; x_wconf 73' lang='grc' dir='ltr'><strong>ι</strong></span> <span class='ocrx_word' id='word_1_664' title='bbox 1673 1961 1677 1964; x_wconf 32' lang='grc'><strong>,</strong></span> 
     </span>
    </p>
   </div>
   <div class='ocr_carea' id='block_1_86' title="bbox 1030 2019 1777 2056">
    <p class='ocr_par' dir='ltr' id='par_1_86' title="bbox 1030 2019 1777 2056">
     <span class='ocr_line' id='line_1_86' title="bbox 1030 2019 1777 2056; baseline 0 -10"><span class='ocrx_word' id='word_1_665' title='bbox 1030 2020 1098 2055; x_wconf 79' lang='grc' dir='ltr'>Φησί</span> <span class='ocrx_word' id='word_1_666' title='bbox 1115 2028 1166 2046; x_wconf 80' lang='grc' dir='ltr'>που</span> <span class='ocrx_word' id='word_1_667' title='bbox 1183 2021 1197 2046; x_wconf 91' lang='grc' dir='ltr'><strong>ό</strong></span> <span class='ocrx_word' id='word_1_668' title='bbox 1211 2020 1316 2052; x_wconf 75' lang='grc' dir='ltr'>Παῦλος</span> <span class='ocrx_word' id='word_1_669' title='bbox 1333 2020 1387 2056; x_wconf 68' lang='grc'><strong>(49)</strong></span> <span class='ocrx_word' id='word_1_670' title='bbox 1408 2019 1476 2055; x_wconf 75' lang='grc' dir='ltr'>πρὸς</span> <span class='ocrx_word' id='word_1_671' title='bbox 1493 2021 1555 2051; x_wconf 84' lang='grc' dir='ltr'>τοὺς</span> <span class='ocrx_word' id='word_1_672' title='bbox 1574 2020 1604 2046; x_wconf 81' lang='grc' dir='ltr'>ὲν</span> <span class='ocrx_word' id='word_1_673' title='bbox 1628 2022 1698 2056; x_wconf 79' lang='grc' dir='ltr'>ἀρχῇ</span> <span class='ocrx_word' id='word_1_674' title='bbox 1722 2022 1777 2047; x_wconf 79' lang='grc' dir='ltr'>ὑπο-</span> 
     </span>
    </p>
   </div>
   <div class='ocr_carea' id='block_1_87' title="bbox 996 2065 1776 2102">
    <p class='ocr_par' dir='ltr' id='par_1_87' title="bbox 996 2065 1776 2102">
     <span class='ocr_line' id='line_1_87' title="bbox 996 2065 1776 2102; baseline 0 -10"><span class='ocrx_word' id='word_1_675' title='bbox 996 2066 1160 2100; x_wconf 82' lang='grc' dir='ltr'>μείναντας,</span> <span class='ocrx_word' id='word_1_676' title='bbox 1177 2066 1342 2101; x_wconf 78' lang='grc' dir='ltr'>παρακαλῶν</span> <span class='ocrx_word' id='word_1_677' title='bbox 1367 2065 1465 2097; x_wconf 85' lang='grc' dir='ltr'>αὑτοὺς</span> <span class='ocrx_word' id='word_1_678' title='bbox 1490 2065 1646 2098; x_wconf 82' lang='grc' dir='ltr'>ἀκολούθως</span> <span class='ocrx_word' id='word_1_679' title='bbox 1668 2068 1701 2102; x_wconf 76' lang='grc' dir='ltr'><strong>τῇ</strong></span> <span class='ocrx_word' id='word_1_680' title='bbox 1719 2075 1776 2101; x_wconf 83' lang='grc' dir='ltr'>προ-</span> 
     </span>
    </p>
   </div>
   <div class='ocr_carea' id='block_1_88' title="bbox 993 2110 1776 2147">
    <p class='ocr_par' dir='ltr' id='par_1_88' title="bbox 993 2110 1776 2147">
     <span class='ocr_line' id='line_1_88' title="bbox 993 2110 1776 2147; baseline -0.001 -10"><span class='ocrx_word' id='word_1_681' title='bbox 993 2110 1060 2146; x_wconf 62' lang='grc' dir='ltr'>τέρᾳ.</span> <span class='ocrx_word' id='word_1_682' title='bbox 1076 2111 1197 2147; x_wconf 75' lang='grc' dir='ltr'>ὑπομονῇ</span> <span class='ocrx_word' id='word_1_683' title='bbox 1226 2112 1318 2147; x_wconf 75' lang='grc' dir='ltr'>φέρειν</span> <span class='ocrx_word' id='word_1_684' title='bbox 1342 2111 1481 2144; x_wconf 74' lang='grc' dir='ltr'>κινδύνους</span> <span class='ocrx_word' id='word_1_685' title='bbox 1500 2112 1646 2147; x_wconf 80' lang='grc' dir='ltr'>δευτέρους</span> <span class='ocrx_word' id='word_1_686' title='bbox 1666 2113 1725 2144; x_wconf 78' lang='grc' dir='ltr'>τοὺς</span> <span class='ocrx_word' id='word_1_687' title='bbox 1740 2110 1776 2138; x_wconf 74' lang='grc' dir='ltr'>διὰ</span> 
     </span>
    </p>
   </div>
   <div class='ocr_carea' id='block_1_89' title="bbox 993 2156 1815 2194">
    <p class='ocr_par' dir='ltr' id='par_1_89' title="bbox 993 2156 1815 2194">
     <span class='ocr_line' id='line_1_89' title="bbox 993 2156 1815 2194; baseline -0.002 -11"><span class='ocrx_word' id='word_1_688' title='bbox 993 2158 1038 2183; x_wconf 83' lang='grc' dir='ltr'>τὸν</span> <span class='ocrx_word' id='word_1_689' title='bbox 1065 2156 1159 2192; x_wconf 85' lang='grc' dir='ltr'>λόγον·</span> <span class='ocrx_word' id='word_1_690' title='bbox 1186 2167 1195 2183; x_wconf 82' lang='grc' dir='ltr'><strong>ι</strong></span> <span class='ocrx_word' id='word_1_691' title='bbox 1221 2157 1474 2193; x_wconf 81' lang='grc' dir='ltr'>Ἀναμιμνήσκεσθε</span> <span class='ocrx_word' id='word_1_692' title='bbox 1512 2157 1540 2183; x_wconf 82' lang='grc' dir='ltr'>δὲ</span> <span class='ocrx_word' id='word_1_693' title='bbox 1575 2157 1626 2189; x_wconf 74' lang='grc' dir='ltr'><strong>τὰς</strong></span> <span class='ocrx_word' id='word_1_694' title='bbox 1656 2157 1775 2193; x_wconf 77' lang='grc' dir='ltr'>πρότερον</span> <span class='ocrx_word' id='word_1_695' title='bbox 1814 2191 1815 2194; x_wconf 17' lang='grc' dir='ltr'><strong>η</strong></span> 
     </span>
    </p>
   </div>
   <div class='ocr_carea' id='block_1_90' title="bbox 154 2201 942 2240">
    <p class='ocr_par' dir='ltr' id='par_1_90' title="bbox 154 2203 941 2238">
     <span class='ocr_line' id='line_1_90' title="bbox 154 2203 941 2238; baseline -0.003 -6"><span class='ocrx_word' id='word_1_696' title='bbox 154 2206 183 2232; x_wconf 82' lang='lat' dir='ltr'><strong>in</strong></span> <span class='ocrx_word' id='word_1_697' title='bbox 197 2203 296 2238; x_wconf 88' lang='lat' dir='ltr'><strong>quibus</strong></span> <span class='ocrx_word' id='word_1_698' title='bbox 315 2203 461 2230; x_wconf 90' lang='lat' dir='ltr'><strong>illuminati</strong></span> <span class='ocrx_word' id='word_1_699' title='bbox 478 2209 604 2237; x_wconf 75' lang='lat' dir='ltr'><strong>maguum</strong></span> <span class='ocrx_word' id='word_1_700' title='bbox 620 2207 762 2230; x_wconf 81' lang='lat' dir='ltr'><strong>certamen</strong></span> <span class='ocrx_word' id='word_1_701' title='bbox 776 2203 941 2231; x_wconf 84' lang='lat' dir='ltr'><strong>sustinuistis</strong></span> 
     </span>
    </p>
   </div>
   <div class='ocr_carea' id='block_1_91' title="bbox 1033 2201 1814 2240">
    <p class='ocr_par' dir='ltr' id='par_1_91' title="bbox 1035 2201 1814 2239">
     <span class='ocr_line' id='line_1_91' title="bbox 1035 2201 1814 2239; baseline -0.001 -9"><span class='ocrx_word' id='word_1_702' title='bbox 1035 2203 1109 2239; x_wconf 76' lang='grc' dir='ltr'>ερας,</span> <span class='ocrx_word' id='word_1_703' title='bbox 1138 2205 1166 2230; x_wconf 81' lang='grc' dir='ltr'>ἐν</span> <span class='ocrx_word' id='word_1_704' title='bbox 1188 2201 1233 2236; x_wconf 77' lang='grc' dir='ltr'>αἷς</span> <span class='ocrx_word' id='word_1_705' title='bbox 1256 2203 1434 2238; x_wconf 69' lang='grc' dir='ltr'>φωτισθέντες</span> <span class='ocrx_word' id='word_1_706' title='bbox 1458 2203 1556 2238; x_wconf 87' lang='grc' dir='ltr'>πολλὴν</span> <span class='ocrx_word' id='word_1_707' title='bbox 1582 2203 1694 2238; x_wconf 69' lang='grc' dir='ltr'>ἄθλησιν</span> <span class='ocrx_word' id='word_1_708' title='bbox 1718 2204 1773 2229; x_wconf 73' lang='grc' dir='ltr'>ὑπε-</span> <span class='ocrx_word' id='word_1_709' title='bbox 1813 2230 1814 2237; x_wconf 23' lang='grc' dir='ltr'><strong>γ</strong></span> 
     </span>
    </p>
   </div>
   <div class='ocr_carea' id='block_1_92' title="bbox 155 2247 940 2284">
    <p class='ocr_par' dir='ltr' id='par_1_92' title="bbox 155 2247 940 2284">
     <span class='ocr_line' id='line_1_92' title="bbox 155 2247 940 2284; baseline -0.001 -8"><span class='ocrx_word' id='word_1_710' title='bbox 155 2249 316 2283; x_wconf 84' lang='lat' dir='ltr'><strong>passionum</strong></span> <span class='ocrx_word' id='word_1_711' title='bbox 333 2257 340 2282; x_wconf 89' lang='lat'><strong>;</strong></span> <span class='ocrx_word' id='word_1_712' title='bbox 358 2253 385 2276; x_wconf 90' lang='lat' dir='ltr'><strong>et</strong></span> <span class='ocrx_word' id='word_1_713' title='bbox 400 2248 426 2275; x_wconf 89' lang='lat' dir='ltr'><strong>in</strong></span> <span class='ocrx_word' id='word_1_714' title='bbox 443 2247 529 2274; x_wconf 88' lang='lat' dir='ltr'><strong>altero</strong></span> <span class='ocrx_word' id='word_1_715' title='bbox 544 2248 654 2283; x_wconf 88' lang='lat' dir='ltr'><strong>quidem</strong></span> <span class='ocrx_word' id='word_1_716' title='bbox 669 2249 825 2284; x_wconf 89' lang='lat' dir='ltr'><strong>opprobriis</strong></span> <span class='ocrx_word' id='word_1_717' title='bbox 840 2253 869 2275; x_wconf 88' lang='lat' dir='ltr'><strong>et</strong></span> <span class='ocrx_word' id='word_1_718' title='bbox 891 2248 940 2275; x_wconf 88' lang='lat' dir='ltr'><strong>tri-</strong></span> 
     </span>
    </p>
   </div>
   <div class='ocr_carea' id='block_1_93' title="bbox 154 2293 940 2328">
    <p class='ocr_par' dir='ltr' id='par_1_93' title="bbox 154 2293 940 2328">
     <span class='ocr_line' id='line_1_93' title="bbox 154 2293 940 2328; baseline -0.001 -6"><span class='ocrx_word' id='word_1_719' title='bbox 154 2294 339 2322; x_wconf 81' lang='lat' dir='ltr'><strong>bulationibus</strong></span> <span class='ocrx_word' id='word_1_720' title='bbox 365 2293 552 2328; x_wconf 82' lang='lat' dir='ltr'><strong>spectaculum</strong></span> <span class='ocrx_word' id='word_1_721' title='bbox 579 2293 665 2326; x_wconf 82' lang='lat' dir='ltr'><strong>facti;</strong></span> <span class='ocrx_word' id='word_1_722' title='bbox 691 2295 719 2320; x_wconf 93' lang='lat' dir='ltr'><strong>in</strong></span> <span class='ocrx_word' id='word_1_723' title='bbox 743 2293 830 2321; x_wconf 91' lang='lat' dir='ltr'><strong>altero</strong></span> <span class='ocrx_word' id='word_1_724' title='bbox 850 2298 940 2321; x_wconf 88' lang='lat' dir='ltr'><strong>autem</strong></span> 
     </span>
    </p>
   </div>
   <div class='ocr_carea' id='block_1_94' title="bbox 154 2338 941 2368">
    <p class='ocr_par' dir='ltr' id='par_1_94' title="bbox 154 2338 941 2368">
     <span class='ocr_line' id='line_1_94' title="bbox 154 2338 941 2368; baseline -0.004 0"><span class='ocrx_word' id='word_1_725' title='bbox 154 2340 223 2368; x_wconf 87' lang='lat' dir='ltr'><strong>socii</strong></span> <span class='ocrx_word' id='word_1_726' title='bbox 239 2339 331 2367; x_wconf 83' lang='lat' dir='ltr'><strong>taliter</strong></span> <span class='ocrx_word' id='word_1_727' title='bbox 344 2340 566 2367; x_wconf 82' lang='lat' dir='ltr'><strong>conversantium</strong></span> <span class='ocrx_word' id='word_1_728' title='bbox 581 2338 682 2366; x_wconf 77' lang='lat' dir='ltr'><strong>et‘fccti.</strong></span> <span class='ocrx_word' id='word_1_729' title='bbox 698 2338 766 2366; x_wconf 86' lang='lat' dir='ltr'><strong>Nam</strong></span> <span class='ocrx_word' id='word_1_730' title='bbox 781 2343 809 2366; x_wconf 93' lang='lat' dir='ltr'><strong>et</strong></span> <span class='ocrx_word' id='word_1_731' title='bbox 823 2338 941 2366; x_wconf 77' lang='lat' dir='ltr'><strong>vinculis</strong></span> 
     </span>
    </p>
   </div>
   <div class='ocr_carea' id='block_1_95' title="bbox 153 2385 940 2421">
    <p class='ocr_par' dir='ltr' id='par_1_95' title="bbox 153 2385 940 2421">
     <span class='ocr_line' id='line_1_95' title="bbox 153 2385 940 2421; baseline -0.001 -9"><span class='ocrx_word' id='word_1_732' title='bbox 153 2386 288 2420; x_wconf 84' lang='lat' dir='ltr'><strong>compassi</strong></span> <span class='ocrx_word' id='word_1_733' title='bbox 301 2386 379 2419; x_wconf 80' lang='lat' dir='ltr'><strong>estis,</strong></span> <span class='ocrx_word' id='word_1_734' title='bbox 390 2390 418 2412; x_wconf 90' lang='lat' dir='ltr'><strong>et</strong></span> <span class='ocrx_word' id='word_1_735' title='bbox 430 2386 553 2421; x_wconf 83' lang='lat' dir='ltr'><strong>rapinam</strong></span> <span class='ocrx_word' id='word_1_736' title='bbox 564 2385 697 2412; x_wconf 90' lang='lat' dir='ltr'><strong>bonorum</strong></span> <span class='ocrx_word' id='word_1_737' title='bbox 714 2389 866 2411; x_wconf 88' lang='lat' dir='ltr'><strong>vestrorum</strong></span> <span class='ocrx_word' id='word_1_738' title='bbox 879 2392 940 2411; x_wconf 91' lang='lat' dir='ltr'><strong>cum</strong></span> 
     </span>
    </p>
   </div>
   <div class='ocr_carea' id='block_1_96' title="bbox 154 2430 942 2466">
    <p class='ocr_par' dir='ltr' id='par_1_96' title="bbox 154 2430 942 2466">
     <span class='ocr_line' id='line_1_96' title="bbox 154 2430 942 2466; baseline 0 -8"><span class='ocrx_word' id='word_1_739' title='bbox 154 2431 253 2466; x_wconf 72' lang='lat' dir='ltr'><strong>gaudio</strong></span> <span class='ocrx_word' id='word_1_740' title='bbox 266 2432 426 2466; x_wconf 77' lang='lat' dir='ltr'><strong>suscepistis</strong></span> <span class='ocrx_word' id='word_1_741' title='bbox 437 2451 444 2464; x_wconf 94' lang='lat'><strong>,</strong></span> <span class='ocrx_word' id='word_1_742' title='bbox 459 2435 656 2466; x_wconf 76' lang='lat' dir='ltr'><strong>cognoscentes</strong></span> <span class='ocrx_word' id='word_1_743' title='bbox 669 2437 717 2457; x_wconf 90' lang='lat' dir='ltr'><strong>vos</strong></span> <span class='ocrx_word' id='word_1_744' title='bbox 732 2431 831 2458; x_wconf 89' lang='lat' dir='ltr'><strong>habere</strong></span> <span class='ocrx_word' id='word_1_745' title='bbox 847 2430 942 2458; x_wconf 88' lang='lat' dir='ltr'><strong>melio-</strong></span> 
     </span>
    </p>
   </div>
   <div class='ocr_carea' id='block_1_97' title="bbox 155 2474 938 2505">
    <p class='ocr_par' dir='ltr' id='par_1_97' title="bbox 155 2474 938 2505">
     <span class='ocr_line' id='line_1_97' title="bbox 155 2474 938 2505; baseline -0.003 -1"><span class='ocrx_word' id='word_1_746' title='bbox 155 2485 211 2504; x_wconf 84' lang='lat' dir='ltr'><strong>rem</strong></span> <span class='ocrx_word' id='word_1_747' title='bbox 227 2482 254 2505; x_wconf 89' lang='lat' dir='ltr'><strong>et</strong></span> <span class='ocrx_word' id='word_1_748' title='bbox 270 2482 423 2505; x_wconf 90' lang='lat' dir='ltr'><strong>manentem</strong></span> <span class='ocrx_word' id='word_1_749' title='bbox 440 2477 623 2505; x_wconf 85' lang='lat' dir='ltr'><strong>substantiam</strong></span> <span class='ocrx_word' id='word_1_750' title='bbox 638 2477 664 2502; x_wconf 90' lang='lat' dir='ltr'><strong>in</strong></span> <span class='ocrx_word' id='word_1_751' title='bbox 681 2475 769 2504; x_wconf 65' lang='lat' dir='ltr'><strong>caelis.</strong></span> <span class='ocrx_word' id='word_1_752' title='bbox 786 2474 872 2503; x_wconf 84' lang='lat' dir='ltr'><strong>Nolite</strong></span> <span class='ocrx_word' id='word_1_753' title='bbox 887 2475 938 2502; x_wconf 87' lang='lat' dir='ltr'><strong>ita-</strong></span> 
     </span>
    </p>
   </div>
   <div class='ocr_carea' id='block_1_98' title="bbox 153 2521 937 2557">
    <p class='ocr_par' dir='ltr' id='par_1_98' title="bbox 153 2521 937 2557">
     <span class='ocr_line' id='line_1_98' title="bbox 153 2521 937 2557; baseline -0.003 -8"><span class='ocrx_word' id='word_1_754' title='bbox 153 2530 206 2557; x_wconf 82' lang='lat' dir='ltr'><strong>que</strong></span> <span class='ocrx_word' id='word_1_755' title='bbox 220 2523 347 2550; x_wconf 83' lang='lat' dir='ltr'><strong>amittere</strong></span> <span class='ocrx_word' id='word_1_756' title='bbox 361 2521 555 2550; x_wconf 85' lang='lat' dir='ltr'><strong>confidentiam</strong></span> <span class='ocrx_word' id='word_1_757' title='bbox 575 2526 696 2548; x_wconf 83' lang='lat' dir='ltr'><strong>vestram</strong></span> <span class='ocrx_word' id='word_1_758' title='bbox 707 2541 715 2554; x_wconf 92' lang='lat'><strong>,</strong></span> <span class='ocrx_word' id='word_1_759' title='bbox 730 2527 790 2556; x_wconf 66' lang='lat' dir='ltr'><strong>quae</strong></span> <span class='ocrx_word' id='word_1_760' title='bbox 810 2527 937 2555; x_wconf 78' lang='lat' dir='ltr'><strong>magnam</strong></span> 
     </span>
    </p>
   </div>
   <div class='ocr_carea' id='block_1_99' title="bbox 187 2589 1521 2625">
    <p class='ocr_par' dir='ltr' id='par_1_99' title="bbox 187 2589 1521 2625">
     <span class='ocr_line' id='line_1_99' title="bbox 187 2589 1521 2625; baseline -0.002 -5"><span class='ocrx_word' id='word_1_761' title='bbox 187 2593 210 2608; x_wconf 90' lang='grc'><strong>¹⁶</strong></span> <span class='ocrx_word' id='word_1_762' title='bbox 222 2593 242 2620; x_wconf 92' lang='lat' dir='ltr'><strong>ll</strong></span> <span class='ocrx_word' id='word_1_763' title='bbox 259 2593 323 2620; x_wconf 85' lang='lat' dir='ltr'><strong>Cor.</strong></span> <span class='ocrx_word' id='word_1_764' title='bbox 341 2601 379 2625; x_wconf 69' lang='grc' dir='ltr'>γι,</span> <span class='ocrx_word' id='word_1_765' title='bbox 397 2593 424 2620; x_wconf 74' lang='grc'><strong>5.</strong></span> <span class='ocrx_word' id='word_1_766' title='bbox 462 2593 483 2608; x_wconf 88' lang='grc'><strong>³⁷</strong></span> <span class='ocrx_word' id='word_1_767' title='bbox 500 2593 570 2620; x_wconf 79' lang='lat' dir='ltr'><strong>Psal.</strong></span> <span class='ocrx_word' id='word_1_768' title='bbox 588 2599 703 2624; x_wconf 74' lang='lat' dir='ltr'><strong>xnvut,</strong></span> <span class='ocrx_word' id='word_1_769' title='bbox 718 2592 744 2619; x_wconf 88' lang='lat'><strong>8.</strong></span> <span class='ocrx_word' id='word_1_770' title='bbox 783 2591 804 2608; x_wconf 79' lang='lat'><strong>&quot;</strong></span> <span class='ocrx_word' id='word_1_771' title='bbox 819 2591 890 2618; x_wconf 81' lang='lat' dir='ltr'><strong>Psal.</strong></span> <span class='ocrx_word' id='word_1_772' title='bbox 907 2600 995 2622; x_wconf 78' lang='lat' dir='ltr'><strong>xxx&quot;.</strong></span> <span class='ocrx_word' id='word_1_773' title='bbox 1010 2592 1054 2618; x_wconf 74' lang='lat'><strong>20.</strong></span> <span class='ocrx_word' id='word_1_774' title='bbox 1094 2591 1116 2607; x_wconf 83' lang='lat'><strong>&quot;</strong></span> <span class='ocrx_word' id='word_1_775' title='bbox 1131 2591 1153 2618; x_wconf 86' lang='lat' dir='ltr'><strong>ll</strong></span> <span class='ocrx_word' id='word_1_776' title='bbox 1170 2591 1232 2619; x_wconf 74' lang='lat' dir='ltr'><strong>Cor.</strong></span> <span class='ocrx_word' id='word_1_777' title='bbox 1248 2598 1292 2624; x_wconf 73' lang='lat' dir='ltr'><strong>Vt,</strong></span> <span class='ocrx_word' id='word_1_778' title='bbox 1306 2589 1334 2618; x_wconf 72' lang='grc'><strong>4.</strong></span> <span class='ocrx_word' id='word_1_779' title='bbox 1371 2590 1395 2606; x_wconf 78' lang='lat'>“</span> <span class='ocrx_word' id='word_1_780' title='bbox 1409 2589 1477 2618; x_wconf 85' lang='lat' dir='ltr'><strong>Ibid.</strong></span> <span class='ocrx_word' id='word_1_781' title='bbox 1495 2589 1521 2617; x_wconf 82' lang='lat'><strong>5.</strong></span> 
     </span>
    </p>
   </div>
   <div class='ocr_carea' id='block_1_100' title="bbox 994 2248 1773 2285">
    <p class='ocr_par' dir='ltr' id='par_1_100' title="bbox 994 2248 1773 2285">
     <span class='ocr_line' id='line_1_100' title="bbox 994 2248 1773 2285; baseline -0.001 -9"><span class='ocrx_word' id='word_1_782' title='bbox 994 2250 1104 2285; x_wconf 83' lang='grc' dir='ltr'>μείνατε</span> <span class='ocrx_word' id='word_1_783' title='bbox 1122 2249 1306 2285; x_wconf 59' lang='grc' dir='ltr'>παθημάτων</span> <span class='ocrx_word' id='word_1_784' title='bbox 1332 2249 1410 2276; x_wconf 77' lang='grc' dir='ltr'>τοῦτο</span> <span class='ocrx_word' id='word_1_785' title='bbox 1434 2250 1484 2285; x_wconf 78' lang='grc' dir='ltr'>μὲν</span> <span class='ocrx_word' id='word_1_786' title='bbox 1508 2249 1672 2284; x_wconf 82' lang='grc' dir='ltr'>ὀνειδισμοῖς</span> <span class='ocrx_word' id='word_1_787' title='bbox 1693 2257 1721 2275; x_wconf 83' lang='grc' dir='ltr'><strong>τε</strong></span> <span class='ocrx_word' id='word_1_788' title='bbox 1736 2248 1773 2274; x_wconf 70' lang='grc' dir='ltr'>καὶ</span> 
     </span>
    </p>
   </div>
   <div class='ocr_carea' id='block_1_101' title="bbox 993 2293 1772 2331">
    <p class='ocr_par' dir='ltr' id='par_1_101' title="bbox 993 2293 1772 2331">
     <span class='ocr_line' id='line_1_101' title="bbox 993 2293 1772 2331; baseline 0.001 -10"><span class='ocrx_word' id='word_1_789' title='bbox 993 2295 1098 2330; x_wconf 72' lang='grc' dir='ltr'>θλίψεσι</span> <span class='ocrx_word' id='word_1_790' title='bbox 1115 2294 1326 2331; x_wconf 78' lang='grc' dir='ltr'>θεατριζόμενοι,</span> <span class='ocrx_word' id='word_1_791' title='bbox 1342 2294 1421 2321; x_wconf 84' lang='grc' dir='ltr'>τοῦτο</span> <span class='ocrx_word' id='word_1_792' title='bbox 1436 2295 1464 2321; x_wconf 86' lang='grc' dir='ltr'>δὲ</span> <span class='ocrx_word' id='word_1_793' title='bbox 1480 2295 1602 2321; x_wconf 69' lang='grc' dir='ltr'>κοινωνοὶ.</span> <span class='ocrx_word' id='word_1_794' title='bbox 1623 2294 1676 2320; x_wconf 79' lang='grc' dir='ltr'>τῶν</span> <span class='ocrx_word' id='word_1_795' title='bbox 1699 2293 1772 2322; x_wconf 76' lang='grc' dir='ltr'>οὕτως</span> 
     </span>
    </p>
   </div>
   <div class='ocr_carea' id='block_1_102' title="bbox 992 2337 1772 2374">
    <p class='ocr_par' dir='ltr' id='par_1_102' title="bbox 992 2337 1772 2374">
     <span class='ocr_line' id='line_1_102' title="bbox 992 2337 1772 2374; baseline 0.001 -9"><span class='ocrx_word' id='word_1_796' title='bbox 992 2338 1239 2374; x_wconf 74' lang='grc' dir='ltr'>ἀναστρεφομένων</span> <span class='ocrx_word' id='word_1_797' title='bbox 1254 2339 1413 2374; x_wconf 80' lang='grc' dir='ltr'>γενηθέντες</span> <span class='ocrx_word' id='word_1_798' title='bbox 1425 2348 1431 2354; x_wconf 78' lang='lat'>&#39;</span> <span class='ocrx_word' id='word_1_799' title='bbox 1455 2339 1501 2366; x_wconf 75' lang='lat' dir='ltr'><strong>ml.</strong></span> <span class='ocrx_word' id='word_1_800' title='bbox 1527 2339 1580 2374; x_wconf 79' lang='grc' dir='ltr'><strong>γὰρ</strong></span> <span class='ocrx_word' id='word_1_801' title='bbox 1604 2341 1662 2370; x_wconf 82' lang='grc' dir='ltr'>τοῖς</span> <span class='ocrx_word' id='word_1_802' title='bbox 1677 2337 1772 2372; x_wconf 72' lang='grc' dir='ltr'>δεσμοῖς</span> 
     </span>
    </p>
   </div>
   <div class='ocr_carea' id='block_1_103' title="bbox 994 2383 1771 2419">
    <p class='ocr_par' dir='ltr' id='par_1_103' title="bbox 994 2383 1771 2419">
     <span class='ocr_line' id='line_1_103' title="bbox 994 2383 1771 2419; baseline -0.004 -8"><span class='ocrx_word' id='word_1_803' title='bbox 994 2383 1216 2419; x_wconf 82' lang='grc' dir='ltr'>συνεπαθήσατε”</span> <span class='ocrx_word' id='word_1_804' title='bbox 1240 2385 1287 2411; x_wconf 71' lang='grc' dir='ltr'>καὶ</span> <span class='ocrx_word' id='word_1_805' title='bbox 1313 2385 1362 2419; x_wconf 75' lang='grc' dir='ltr'>τὴν</span> <span class='ocrx_word' id='word_1_806' title='bbox 1382 2384 1509 2419; x_wconf 75' lang='grc' dir='ltr'>ἁρπαγὴν</span> <span class='ocrx_word' id='word_1_807' title='bbox 1531 2384 1586 2410; x_wconf 84' lang='grc' dir='ltr'>τῶν</span> <span class='ocrx_word' id='word_1_808' title='bbox 1609 2383 1771 2419; x_wconf 81' lang='grc' dir='ltr'>ὑπαρχόντων</span> 
     </span>
    </p>
   </div>
   <div class='ocr_carea' id='block_1_104' title="bbox 993 2428 1770 2466">
    <p class='ocr_par' dir='ltr' id='par_1_104' title="bbox 993 2428 1770 2466">
     <span class='ocr_line' id='line_1_104' title="bbox 993 2428 1770 2466; baseline -0.004 -10"><span class='ocrx_word' id='word_1_809' title='bbox 993 2429 1070 2465; x_wconf 85' lang='grc' dir='ltr'>ὑμῶν</span> <span class='ocrx_word' id='word_1_810' title='bbox 1095 2430 1163 2465; x_wconf 80' lang='grc' dir='ltr'>μετὰ</span> <span class='ocrx_word' id='word_1_811' title='bbox 1183 2431 1270 2465; x_wconf 82' lang='grc' dir='ltr'>χαρᾶς</span> <span class='ocrx_word' id='word_1_812' title='bbox 1292 2429 1488 2466; x_wconf 76' lang='grc' dir='ltr'>προσεδέξασθε</span> <span class='ocrx_word' id='word_1_813' title='bbox 1504 2449 1511 2460; x_wconf 90' lang='grc'><strong>,</strong></span> <span class='ocrx_word' id='word_1_814' title='bbox 1542 2429 1718 2464; x_wconf 79' lang='grc' dir='ltr'>γινώσκοντες</span> <span class='ocrx_word' id='word_1_815' title='bbox 1736 2428 1770 2453; x_wconf 79' lang='grc' dir='ltr'>ὅτι</span> 
     </span>
    </p>
   </div>
   <div class='ocr_carea' id='block_1_105' title="bbox 992 2475 1767 2512">
    <p class='ocr_par' dir='ltr' id='par_1_105' title="bbox 992 2475 1767 2512">
     <span class='ocr_line' id='line_1_105' title="bbox 992 2475 1767 2512; baseline -0.005 -9"><span class='ocrx_word' id='word_1_816' title='bbox 992 2477 1136 2512; x_wconf 86' lang='grc' dir='ltr'>κρείττονα</span> <span class='ocrx_word' id='word_1_817' title='bbox 1151 2476 1227 2511; x_wconf 71' lang='grc' dir='ltr'>ἔχετε</span> <span class='ocrx_word' id='word_1_818' title='bbox 1247 2475 1362 2511; x_wconf 78' lang='grc' dir='ltr'>ὓπαρξιν</span> <span class='ocrx_word' id='word_1_819' title='bbox 1386 2477 1414 2502; x_wconf 82' lang='grc' dir='ltr'>ὲν</span> <span class='ocrx_word' id='word_1_820' title='bbox 1434 2476 1558 2510; x_wconf 81' lang='grc' dir='ltr'>οὐρανοῖς</span> <span class='ocrx_word' id='word_1_821' title='bbox 1571 2476 1619 2502; x_wconf 78' lang='grc' dir='ltr'><strong>καί</strong></span> <span class='ocrx_word' id='word_1_822' title='bbox 1640 2475 1767 2511; x_wconf 76' lang='grc' dir='ltr'>μένουσαν.</span> 
     </span>
    </p>
   </div>
   <div class='ocr_carea' id='block_1_106' title="bbox 991 2519 1768 2558">
    <p class='ocr_par' dir='ltr' id='par_1_106' title="bbox 991 2519 1768 2558">
     <span class='ocr_line' id='line_1_106' title="bbox 991 2519 1768 2558; baseline -0.006 -9"><span class='ocrx_word' id='word_1_823' title='bbox 991 2522 1037 2557; x_wconf 83' lang='grc' dir='ltr'><strong>Μὴ</strong></span> <span class='ocrx_word' id='word_1_824' title='bbox 1053 2521 1209 2558; x_wconf 75' lang='grc' dir='ltr'>ἀποϐάλητε</span> <span class='ocrx_word' id='word_1_825' title='bbox 1225 2519 1271 2548; x_wconf 82' lang='grc' dir='ltr'>οὖν</span> <span class='ocrx_word' id='word_1_826' title='bbox 1294 2521 1343 2556; x_wconf 78' lang='grc' dir='ltr'>τὴν</span> <span class='ocrx_word' id='word_1_827' title='bbox 1362 2521 1516 2556; x_wconf 72' lang='grc' dir='ltr'>παρρησίαν</span> <span class='ocrx_word' id='word_1_828' title='bbox 1540 2521 1618 2556; x_wconf 84' lang='grc' dir='ltr'>ὑμῶν</span> <span class='ocrx_word' id='word_1_829' title='bbox 1645 2522 1702 2556; x_wconf 71' lang='grc' dir='ltr'>ἣτις</span> <span class='ocrx_word' id='word_1_830' title='bbox 1722 2519 1768 2553; x_wconf 73' lang='grc' dir='ltr'>ἔχει</span> 
     </span>
    </p>
   </div>
   <div class='ocr_carea' id='block_1_107' title="bbox 1564 2587 1764 2620">
    <p class='ocr_par' dir='ltr' id='par_1_107' title="bbox 1564 2587 1764 2620">
     <span class='ocr_line' id='line_1_107' title="bbox 1564 2587 1764 2620; baseline 0.01 -5"><span class='ocrx_word' id='word_1_831' title='bbox 1564 2590 1586 2605; x_wconf 76' lang='grc'><strong>⁸¹</strong></span> <span class='ocrx_word' id='word_1_832' title='bbox 1603 2590 1654 2618; x_wconf 76' lang='lat' dir='ltr'><strong>lsa.</strong></span> <span class='ocrx_word' id='word_1_833' title='bbox 1670 2596 1712 2620; x_wconf 70' lang='lat' dir='ltr'><strong>XL.</strong></span> <span class='ocrx_word' id='word_1_834' title='bbox 1724 2587 1764 2617; x_wconf 78' lang='lat' dir='ltr'><strong>l0:</strong></span> 
     </span>
    </p>
   </div>
   <div class='ocr_carea' id='block_1_108' title="bbox 152 2626 942 2661">
    <p class='ocr_par' dir='ltr' id='par_1_108' title="bbox 152 2626 931 2661">
     <span class='ocr_line' id='line_1_108' title="bbox 152 2626 931 2661; baseline 0 -7"><span class='ocrx_word' id='word_1_835' title='bbox 152 2628 237 2661; x_wconf 80' lang='lat' dir='ltr'><strong>Apoc.</strong></span> <span class='ocrx_word' id='word_1_836' title='bbox 252 2636 319 2660; x_wconf 61' lang='grc' dir='ltr'>χχιι,</span> <span class='ocrx_word' id='word_1_837' title='bbox 336 2629 378 2655; x_wconf 70' lang='grc'><strong>12.</strong></span> <span class='ocrx_word' id='word_1_838' title='bbox 418 2629 441 2647; x_wconf 70' lang='grc' dir='ltr'>δ’</span> <span class='ocrx_word' id='word_1_839' title='bbox 452 2627 533 2655; x_wconf 85' lang='lat' dir='ltr'><strong>Prov.</strong></span> <span class='ocrx_word' id='word_1_840' title='bbox 547 2635 603 2661; x_wconf 77' lang='lat' dir='ltr'><strong>xn’,</strong></span> <span class='ocrx_word' id='word_1_841' title='bbox 619 2629 664 2654; x_wconf 76' lang='lat'><strong>‘29.</strong></span> <span class='ocrx_word' id='word_1_842' title='bbox 702 2627 725 2642; x_wconf 74' lang='grc'><strong>⁸³</strong></span> <span class='ocrx_word' id='word_1_843' title='bbox 739 2626 758 2653; x_wconf 90' lang='lat' dir='ltr'><strong>ll</strong></span> <span class='ocrx_word' id='word_1_844' title='bbox 773 2627 836 2655; x_wconf 87' lang='lat' dir='ltr'><strong>Cor.</strong></span> <span class='ocrx_word' id='word_1_845' title='bbox 854 2635 890 2658; x_wconf 80' lang='lat' dir='ltr'><strong>v1,</strong></span> <span class='ocrx_word' id='word_1_846' title='bbox 905 2628 931 2654; x_wconf 84' lang='lat'><strong>7.</strong></span> 
     </span>
    </p>
   </div>
   <div class='ocr_carea' id='block_1_109' title="bbox 1033 2626 1219 2661">
    <p class='ocr_par' dir='ltr' id='par_1_109' title="bbox 1033 2626 1219 2659">
     <span class='ocr_line' id='line_1_109' title="bbox 1033 2626 1219 2659; baseline 0 -5"><span class='ocrx_word' id='word_1_847' title='bbox 1033 2627 1074 2654; x_wconf 59' lang='lat' dir='ltr'><strong>iid.</strong></span> <span class='ocrx_word' id='word_1_848' title='bbox 1091 2626 1117 2659; x_wconf 88' lang='lat'><strong>8,</strong></span> <span class='ocrx_word' id='word_1_849' title='bbox 1133 2627 1162 2659; x_wconf 87' lang='lat'><strong>9,</strong></span> <span class='ocrx_word' id='word_1_850' title='bbox 1176 2626 1219 2654; x_wconf 85' lang='grc'><strong>10.</strong></span> 
     </span>
    </p>
   </div>
   <div class='ocr_carea' id='block_1_110' title="bbox 188 2698 940 2736">
    <p class='ocr_par' dir='ltr' id='par_1_110' title="bbox 188 2698 940 2736">
     <span class='ocr_line' id='line_1_110' title="bbox 188 2698 940 2736; baseline 0.001 -11"><span class='ocrx_word' id='word_1_851' title='bbox 188 2698 244 2734; x_wconf 71' lang='grc'><strong>(45)</strong></span> <span class='ocrx_word' id='word_1_852' title='bbox 261 2698 446 2733; x_wconf 81' lang='grc' dir='ltr'>Παθήμασιν.</span> <span class='ocrx_word' id='word_1_853' title='bbox 463 2698 552 2726; x_wconf 76' lang='lat' dir='ltr'><strong>Codex</strong></span> <span class='ocrx_word' id='word_1_854' title='bbox 570 2705 620 2726; x_wconf 88' lang='lat' dir='ltr'><strong>ms.</strong></span> <span class='ocrx_word' id='word_1_855' title='bbox 633 2698 713 2726; x_wconf 82' lang='lat' dir='ltr'><strong>habet</strong></span> <span class='ocrx_word' id='word_1_856' title='bbox 726 2700 852 2736; x_wconf 80' lang='grc' dir='ltr'>πάοησιν,</span> <span class='ocrx_word' id='word_1_857' title='bbox 865 2708 940 2727; x_wconf 85' lang='lat' dir='ltr'><strong>mell-</strong></span> 
     </span>
    </p>
   </div>
   <div class='ocr_carea' id='block_1_111' title="bbox 152 2734 757 2804">
    <p class='ocr_par' dir='ltr' id='par_1_111' title="bbox 152 2734 757 2804">
     <span class='ocr_line' id='line_1_111' title="bbox 152 2734 757 2804; baseline 0.005 -10"><span class='ocrx_word' id='word_1_858' title='bbox 152 2734 244 2804; x_wconf 42' lang='lat' dir='ltr'><strong>(iam)</strong></span> <span class='ocrx_word' id='word_1_859' title='bbox 259 2769 421 2802; x_wconf 77' lang='grc' dir='ltr'>Μηδεμιαν.</span> <span class='ocrx_word' id='word_1_860' title='bbox 438 2768 503 2804; x_wconf 53' lang='grc' dir='ltr'><strong>ΜεἸ</strong></span> <span class='ocrx_word' id='word_1_861' title='bbox 517 2768 659 2804; x_wconf 80' lang='grc' dir='ltr'>μηδεμὶας,</span> <span class='ocrx_word' id='word_1_862' title='bbox 676 2769 757 2797; x_wconf 80' lang='lat' dir='ltr'><strong>male.</strong></span> 
     </span>
    </p>
   </div>
   <div class='ocr_carea' id='block_1_112' title="bbox 191 2803 938 2840">
    <p class='ocr_par' dir='ltr' id='par_1_112' title="bbox 191 2803 938 2840">
     <span class='ocr_line' id='line_1_112' title="bbox 191 2803 938 2840; baseline 0.003 -12"><span class='ocrx_word' id='word_1_863' title='bbox 191 2803 246 2840; x_wconf 55' lang='grc'><strong>(47)</strong></span> <span class='ocrx_word' id='word_1_864' title='bbox 263 2803 471 2840; x_wconf 63' lang='grc' dir='ltr'>Συσςτήσαρ-θε.</span> <span class='ocrx_word' id='word_1_865' title='bbox 482 2803 541 2840; x_wconf 61' lang='lat' dir='ltr'><strong>bis,</strong></span> <span class='ocrx_word' id='word_1_866' title='bbox 556 2805 774 2840; x_wconf 73' lang='grc' dir='ltr'>συστημάσασθε.</span> <span class='ocrx_word' id='word_1_867' title='bbox 788 2812 938 2840; x_wconf 77' lang='lat' dir='ltr'><strong>perperam.</strong></span> 
     </span>
    </p>
   </div>
   <div class='ocr_carea' id='block_1_113' title="bbox 156 2836 939 2875">
    <p class='ocr_par' dir='ltr' id='par_1_113' title="bbox 156 2836 939 2875">
     <span class='ocr_line' id='line_1_113' title="bbox 156 2836 939 2875; baseline 0.004 -12"><span class='ocrx_word' id='word_1_868' title='bbox 156 2836 237 2864; x_wconf 78' lang='lat' dir='ltr'><strong>l&#39;aulo</strong></span> <span class='ocrx_word' id='word_1_869' title='bbox 248 2842 308 2871; x_wconf 81' lang='lat' dir='ltr'><strong>post</strong></span> <span class='ocrx_word' id='word_1_870' title='bbox 319 2838 460 2872; x_wconf 59' lang='lat' dir='ltr'><strong>legendum</strong></span> <span class='ocrx_word' id='word_1_871' title='bbox 475 2838 589 2871; x_wconf 82' lang='lat' dir='ltr'><strong>videtur,</strong></span> <span class='ocrx_word' id='word_1_872' title='bbox 602 2836 734 2872; x_wconf 60' lang='grc' dir='ltr'>λέγοντες,</span> <span class='ocrx_word' id='word_1_873' title='bbox 744 2836 799 2867; x_wconf 68' lang='grc' dir='ltr'><strong>1ςαῖ⁴</strong></span> <span class='ocrx_word' id='word_1_874' title='bbox 811 2836 857 2866; x_wconf 66' lang='grc' dir='ltr'>νῦν</span> <span class='ocrx_word' id='word_1_875' title='bbox 870 2841 911 2871; x_wconf 82' lang='grc' dir='ltr'><strong>τίς</strong></span> <span class='ocrx_word' id='word_1_876' title='bbox 923 2841 939 2875; x_wconf 79' lang='grc' dir='ltr'>ἡ</span> 
     </span>
    </p>
   </div>
   <div class='ocr_carea' id='block_1_114' title="bbox 992 2699 1802 2770">
    <p class='ocr_par' dir='ltr' id='par_1_114' title="bbox 992 2699 1802 2770">
     <span class='ocr_line' id='line_1_114' title="bbox 992 2699 1802 2760; baseline 0.009 -34"><span class='ocrx_word' id='word_1_877' title='bbox 992 2699 1185 2760; x_wconf 55' lang='grc' dir='ltr'>ὑπομονήὲιου.</span> <span class='ocrx_word' id='word_1_878' title='bbox 1742 2727 1747 2733; x_wconf 85' lang='grc'><strong>,</strong></span> <span class='ocrx_word' id='word_1_879' title='bbox 1801 2725 1802 2732; x_wconf 57' lang='grc' dir='ltr'><strong>η</strong></span> 
     </span>
     <span class='ocr_line' id='line_1_115' title="bbox 1028 2731 1763 2770; baseline -0.003 -10"><span class='ocrx_word' id='word_1_880' title='bbox 1028 2735 1085 2770; x_wconf 68' lang='lat' dir='ltr'><strong>(es)</strong></span> <span class='ocrx_word' id='word_1_881' title='bbox 1113 2733 1382 2768; x_wconf 77' lang='grc' dir='ltr'>’“πιγινώσκεσσαι.</span> <span class='ocrx_word' id='word_1_882' title='bbox 1408 2732 1553 2767; x_wconf 84' lang='lat' dir='ltr'><strong>Perperam</strong></span> <span class='ocrx_word' id='word_1_883' title='bbox 1586 2738 1657 2764; x_wconf 90' lang='lat' dir='ltr'><strong>ms.,</strong></span> <span class='ocrx_word' id='word_1_884' title='bbox 1681 2731 1763 2757; x_wconf 69' lang='grc' dir='ltr'>ἐπινω-</span> 
     </span>
    </p>
   </div>
   <div class='ocr_carea' id='block_1_115' title="bbox 993 2769 1762 2839">
    <p class='ocr_par' dir='ltr' id='par_1_115' title="bbox 993 2769 1762 2839">
     <span class='ocr_line' id='line_1_116' title="bbox 993 2769 1762 2839; baseline -0.008 -8"><span class='ocrx_word' id='word_1_885' title='bbox 993 2769 1184 2839; x_wconf 45' lang='lat' dir='ltr'><strong>“(simsim</strong></span> <span class='ocrx_word' id='word_1_886' title='bbox 1195 2810 1254 2830; x_wconf 84' lang='grc' dir='ltr'>που</span> <span class='ocrx_word' id='word_1_887' title='bbox 1268 2804 1285 2830; x_wconf 78' lang='grc' dir='ltr'><em>ὁ</em></span> <span class='ocrx_word' id='word_1_888' title='bbox 1298 2802 1426 2836; x_wconf 77' lang='grc' dir='ltr'>Παῦλος.</span> <span class='ocrx_word' id='word_1_889' title='bbox 1439 2801 1505 2839; x_wconf 77' lang='lat' dir='ltr'><strong>V_idc</strong></span> <span class='ocrx_word' id='word_1_890' title='bbox 1522 2807 1599 2829; x_wconf 79' lang='lat' dir='ltr'><strong>netas</strong></span> <span class='ocrx_word' id='word_1_891' title='bbox 1612 2801 1645 2829; x_wconf 85' lang='lat' dir='ltr'><strong>ad</strong></span> <span class='ocrx_word' id='word_1_892' title='bbox 1658 2795 1762 2833; x_wconf 66' lang='lat' dir='ltr'><strong>Origcui!</strong></span> 
     </span>
    </p>
   </div>
   <div class='ocr_carea' id='block_1_116' title="bbox 993 2836 1476 2874">
    <p class='ocr_par' dir='ltr' id='par_1_116' title="bbox 993 2836 1476 2874">
     <span class='ocr_line' id='line_1_117' title="bbox 993 2836 1476 2874; baseline -0.006 -8"><span class='ocrx_word' id='word_1_893' title='bbox 993 2836 1102 2874; x_wconf 82' lang='lat' dir='ltr'><strong>epistol.</strong></span> <span class='ocrx_word' id='word_1_894' title='bbox 1120 2836 1155 2866; x_wconf 78' lang='lat' dir='ltr'><strong>ad</strong></span> <span class='ocrx_word' id='word_1_895' title='bbox 1172 2838 1341 2871; x_wconf 82' lang='lat' dir='ltr'><strong>Africanum,</strong></span> <span class='ocrx_word' id='word_1_896' title='bbox 1358 2846 1433 2864; x_wconf 89' lang='lat' dir='ltr'><strong>nqu.</strong></span> <span class='ocrx_word' id='word_1_897' title='bbox 1450 2836 1476 2864; x_wconf 89' lang='lat'><strong>9.</strong></span> 
     </span>
    </p>
   </div>
  </div>
