1843 3076
48 137 107 164 655

613 129 837 170 EXHORTATIO
852 129 898 157 AD
916 129 1137 159 MARTYRIUM.

1643 135 1695 163 654

49 196 227 234 πειρασμοῦ,
240 197 285 224 ὅτε
298 197 312 224 ὁ
331 196 379 232 μὲν
393 195 439 222 ἐπὶ
454 195 488 222 τὰ
503 194 628 232 πετρώδη
646 194 761 229 σπαρείς
775 193 814 220 ὲλέ

929 192 1009 219 ulatio
1034 196 1062 219 et
1089 192 1246 226 persecutio
1268 196 1381 228 propter
1394 193 1517 231 verbum,
1534 198 1562 220 et
1585 197 1692 228 tempus

31 248 147 280 Ῑχεται,
166 243 214 270 καὶ
232 244 256 269 oi.
273 242 310 278 μὴ
328 241 540 277 ἑμὸαθύναντες,
562 241 629 276 μηδὲ
646 241 725 276 μέχρι
742 239 788 267 τοῦ
806 240 854 275 βά-

35 287 119 320 ⁴θοιις
142 289 195 324 τῆς
221 288 310 324 ψυχῆς
333 287 548 323 παραδεξάμενοι
572 287 617 313 τὸν
643 286 755 321 Ἰησοῦν.
779 287 807 313 '0
826 286 855 313 δὲ

51 335 161 366 συνιεὶς
178 334 224 361 τὺν
239 334 318 368 λόγον
332 334 512 369 καρποφορεῖ,
527 332 574 359 καὶ
589 333 698 367 κατέχει
715 333 760 359 τὸν
776 332 853 367 λόγον

52 381 140 417 μέχρι
158 381 254 413 τέλους
275 381 302 407 ὲν
326 381 446 416 ὑπομονῇ
472 380 556 407 ποιῶν
581 380 850 407 ἑκατονταπλασίονα.

56 427 214 462 Ἀκούομεν
231 426 286 462 γὰρ
308 427 367 453 τίνα
388 426 488 462 τρόπον
503 427 520 462 ἡ
540 426 635 462 Γραφὴ
655 428 775 463 παριστᾷ
790 427 853 458 τοὺς

52 472 107 507 μὲν
129 473 159 498 ἐν
175 472 265 508 καιρῷ
286 472 401 507 θλίψεως
421 473 437 508 ἢ
454 472 574 506 διωγμοῦ
595 471 852 507 σκανδαλιζομένους

52 519 126 554 μετὰ
141 518 173 545 τὸ
188 520 217 546 ὲν
233 520 304 556 χαρᾷ
316 519 404 546 δοκεῖν
422 519 620 555 παρειληφέναι
635 519 668 546 τὰ
685 520 749 554 ἅγια
765 519 853 555 μαθή-

51 573 141 599 ματα,
162 566 211 592 καὶ
232 565 492 601 σκανδαλιζομένους
511 566 549 601 τῷ
566 567 601 601 μὴ
617 566 686 601 ἔχειν
701 566 798 597 αὐτοὺς
812 567 852 602 ρί-

49 609 113 642 ζαν,
129 609 200 636 ἀλλὰ
216 610 285 645 πρὸς
298 610 392 645 καιρὸν
403 609 552 636 πιστεύειν.
566 611 634 645 Φησὶ
649 609 704 646 γὰρ
718 610 788 637 κατά
803 610 851 645 μὲν

48 654 96 680 τὸν
116 654 276 682 Ματθαῖον·
296 664 305 680 ι
326 654 356 681 Ὀ
373 655 401 681 δὲ
417 655 462 681 ἐπὶ
476 654 511 681 τὰ
530 655 655 690 πετρώδη
671 656 794 691 σπαρεὶς,
810 652 852 682 οὗ.

47 700 99 732 τός
120 701 199 727 ἐστιν
216 701 230 727 ὁ
245 701 291 728 τὸν
310 701 387 735 λόγον
401 700 517 734 ἁκούων,
535 702 582 729 καὶ
598 701 700 734 εὐθέως
720 701 788 737 μετὰ
803 711 851 737 χα-

49 748 104 784 ρᾶς
124 747 275 783 λαμϐάνων
297 748 395 775 αὐτόν·
415 748 465 774 οὐκ
486 748 543 783 ἔχει
562 748 590 774 δὲ
611 747 688 782 ῥίζαν
705 749 733 774 ὲν
752 747 849 782 ἐαυτῷ,

47 794 122 822 ἀλλὰ
136 795 308 832 πρόσκαιρός
321 796 378 821 ἐστι
390 803 396 810 ·
410 795 559 830 γενομένης
573 794 601 821 δὲ
618 794 732 829 θλίψεως
747 795 763 830 ἦ
775 795 851 828 διωγ-

49 841 104 875 μοῦ
121 841 168 868 διὰ
185 841 232 867 τὸν
248 841 337 876 λόγον,
356 841 436 873 εὐθὺς
452 841 674 873 σκανδαλίζεται·
697 850 705 866 ι
731 841 800 868 κατὰ
821 841 849 867 δὲ

46 887 95 914 τὸν
108 887 228 923 Μάρκον
238 895 245 902 ·
260 897 269 913 ι
284 884 363 914 Οὗτοί
376 888 444 914 εἰσιν
460 888 484 914 οἰ
499 887 545 914 ἐπὶ
557 887 591 914 τὰ
603 886 726 923 πετρώδη
739 887 848 922 σπειρό-

48 941 147 968 μενοι·
173 932 210 965 οἳ,
237 932 300 959 ὅταν
319 932 456 959 ἀκούσωσι
475 932 520 959 τὸν
541 932 628 967 λόγον,
653 932 754 962 εὐθέως
781 931 849 967 μετὰ

46 980 140 1014 χαρᾶς
153 978 334 1015 λαμϐάνουσι,
352 979 400 1006 καὶ
416 980 465 1005 οὐκ
482 978 573 1014 ἔχουσι
590 978 667 1014 ῥίζαν
683 979 711 1005 ἐν
731 979 846 1010 ἑαυτοῖς,

46 1024 119 1051 ἀλλά
146 1024 311 1060 πρόσκαιροί
328 1025 412 1050 εἰσιν·
439 1024 508 1050 ἐπὰν
524 1024 673 1060 γενομένης
695 1024 809 1059 θλίψεως
829 1024 845 1060 ἢ

45 1069 174 1104 διωγμοῦ
199 1070 243 1096 διὰ
267 1070 312 1096 τὸν
330 1069 419 1104 λόγον,
445 1070 544 1101 εὐθέως
570 1070 805 1102 σκανδαλίζονται·
836 1081 844 1096 ι

46 1116 122 1143 κατὰ
137 1115 168 1142 δὲ
186 1116 234 1142 τὸν
247 1116 367 1142 Λουκᾶν·
384 1126 392 1140 ι
410 1116 441 1142 Οξ
456 1116 483 1142 δὲ
497 1117 543 1142 ἐπὶ
554 1117 604 1152 τὴν
618 1116 730 1152 πέτραν,
742 1117 766 1142 οἳ
783 1117 847 1143 ὅταν

45 1161 204 1193 ἀκούσωσι,
220 1162 289 1197 μετὰ
304 1163 391 1197 χαρᾶς
407 1162 528 1197 δέχονται
544 1162 589 1189 τὸν
605 1162 682 1197 λόγον
693 1171 700 1177 ·
718 1163 764 1190 καὶ
775 1160 846 1189 οὗτοι

46 1208 130 1244 ρἱαν
141 1208 194 1234 οὐκ
208 1207 312 1242 ἔχουσιν
323 1217 329 1222 ·
344 1207 368 1234 οἳ
383 1208 451 1243 πρὸς
467 1208 560 1244 καιρὸν
576 1208 741 1240 πιστεύουσι,
757 1209 803 1235 καὶ
818 1209 846 1235 ἑν

45 1254 140 1290 καιρῷ
170 1253 324 1289 πειρασμοῦ
353 1254 525 1289 ἀφίστανται.
553 1264 562 1280 ι
587 1255 656 1290 Περὶ
678 1254 732 1281 τῶν
756 1254 846 1286 καλῶς

46 1300 309 1335 καρποφορούντων(
317 1301 490 1332 διδάσκουσα,
505 1300 593 1335 λέγει·
615 1310 623 1325 ι
648 1301 676 1328 Ὀ
693 1301 721 1327 δὲ
738 1302 784 1328 ἐπὶ
797 1301 846 1336 τὴν

47 1346 136 1381 καλὴν
154 1346 209 1380 γῆν
229 1343 447 1382 σπαρεὶςῖνοῦτός
464 1348 536 1373 ἐστιν
552 1348 566 1373 ὁ
580 1347 627 1373 τὸν
643 1347 720 1380 λόγον
740 1346 846 1374 ἀκούων

45 1391 95 1417 καὶ
111 1390 229 1422 συνιεὶς,
242 1390 270 1422 ὃς
294 1390 325 1426 δὴ
343 1393 516 1427 καρποφορεῖ
529 1393 575 1418 καὶ
590 1393 670 1424 ποιεῖ,
688 1392 702 1418 ὁ
718 1392 767 1427 μὲν
785 1393 846 1418 ἐκα-

43 1438 104 1470 τὸν,
119 1438 135 1465 ὸ
151 1438 184 1464 δὲ
200 1438 340 1474 ἑξήκοντα,
355 1440 369 1466 ὁ
384 1439 412 1466 δὲ
428 1439 584 1475 τριάκοντα·
601 1450 611 1466 ι
629 1440 657 1475 ἥ·
675 1449 684 1465 ι
704 1439 759 1466 Καὶ
773 1437 844 1465 οὗτοι

44 1485 119 1511 εἰσιν
141 1484 169 1511 οἱ
190 1484 238 1510 ἐπὶ
253 1484 302 1520 τὴν
316 1485 369 1520 γῆν
389 1485 438 1520 τὴν
455 1486 540 1521 καλὴν
564 1485 723 1521 σπαρέντες,
748 1486 844 1516 οἵτινες

908 245 1012 273 magna:
1032 238 1197 277 tentationis.
1215 238 1309 272 instat,
1323 247 1377 274 quo
1398 240 1525 275 arguitur
1550 241 1596 275 qui
1612 248 1694 276 super

903 289 1013 319 petrosa
1031 285 1182 312 seminatus
1202 290 1257 316 est,
1275 290 1302 312 et
1316 285 1361 320 qui
1378 286 1528 320 profundas
1554 294 1607 314 non
1630 294 1692 321 ege-

904 335 968 357 runt
984 331 1102 364 radices,
1119 339 1169 359 nec
1184 338 1270 366 usque
1292 332 1326 358 ad
1352 332 1453 359 mentis
1479 333 1576 360 intima
1598 332 1691 360 Jesum

903 381 1095 410 Susceperunt.
1113 377 1164 410 Qui
1181 383 1271 405 autem
1287 377 1413 412 intelligit
1426 378 1550 413 verbum,
1570 379 1690 407 fructum

903 422 993 455 affert,
1010 426 1038 450 et
1059 423 1160 450 retinet
1179 423 1292 450 verbum
1307 430 1391 457 usque
1403 424 1436 451 ad
1453 424 1532 451 linem
1546 425 1571 452 in
1587 426 1692 460 patien-

903 469 952 502 tia,
968 469 1074 496 faciens
1097 469 1289 496 centesimum.
1306 469 1440 497 Audimus
1455 471 1529 497 enim
1549 473 1687 506 quomodo

903 515 1044 550 Scriptura
1059 515 1138 545 nobis
1150 515 1278 542 exhibeat
1295 515 1356 542 illos
1368 515 1413 549 qui
1427 515 1453 542 in
1465 520 1588 551 tempore
1600 518 1689 544 tribu-

902 560 1012 587 lati0nis
1035 564 1062 586 et
1078 559 1278 595 persecutionis
1291 560 1526 592 scandalizantur,
1541 566 1688 596 postquam

902 613 962 632 cum
981 606 1079 640 gaudio
1103 610 1228 632 sanctam
1257 606 1432 639 disciplinam
1456 607 1610 640 suscepisse
1636 607 1688 634 visi

901 656 981 683 sunt;
998 655 1026 678 et
1039 651 1100 678 ideo
1114 651 1340 678 scandalizantur
1350 652 1422 687 quod
1435 651 1555 679 radicem
1573 660 1626 679 non
1640 653 1690 679 ha-

900 698 994 729 beant,
1007 698 1056 725 sed
1072 698 1106 725 ad
1128 702 1234 732 tempus
1247 698 1371 726 credant.
1387 697 1431 724 Ait
1447 699 1519 725 enim
1538 699 1688 726 secundum

901 743 1056 771 Matthaanm
1072 752 1079 770 :
1094 752 1104 769 ι
1119 743 1170 777 Qui
1192 748 1283 770 autent
1307 751 1390 778 super
1403 748 1512 779 potrosa
1537 744 1690 772 seminatul

900 794 953 822 est,
970 790 1014 817 hic
1032 793 1074 817 est
1102 791 1148 824 qui
1175 790 1289 817 verbum
1317 791 1402 824 audit,
1423 796 1450 818 et
1475 791 1605 818 continuo
1624 798 1688 818 cum

900 839 1001 873 gaudio
1015 839 1115 874 accipit
1141 838 1224 872 illud;
1250 846 1303 866 non
1320 839 1402 866 habet
1415 844 1506 866 autent
1530 839 1557 866 in
1571 847 1601 866 se
1614 838 1688 866 radio

900 892 973 916 cem,
986 885 1033 912 sed
1057 889 1101 912 est
1125 884 1300 920 temporalis;
1315 885 1387 913 facta
1404 890 1495 912 autem
1511 885 1688 912 tribulatione

899 935 926 956 ct
935 930 1128 965 persecutione
1142 936 1253 965 propter
1265 931 1389 963 verbum,
1404 931 1535 965 continuo
1548 931 1688 958 scandali-

899 976 1040 1004 τοίω-⁵⁸.»
1059 976 1215 1004 Secundum
1232 976 1352 1004 Marcum
1367 984 1375 1003 :
1392 986 1400 1002 ι
1415 977 1445 1004 lli
1460 981 1523 1004 sunt
1546 977 1591 1011 qui
1605 984 1688 1012 super

899 1028 1006 1057 petrusa
1024 1024 1205 1055 seminantur,
1232 1024 1278 1057 qui
1305 1031 1365 1050 cum
1396 1024 1533 1050 audierint
1559 1024 1685 1055 verbum,

899 1069 991 1096 statim
1014 1076 1077 1096 cum
1094 1069 1193 1104 gaudio
1218 1069 1356 1104 accipiunt
1381 1068 1458 1102 illud,
1475 1073 1503 1096 et
1515 1077 1568 1096 non
1586 1069 1687 1097 habent

899 1116 1020 1143 radicem
1036 1116 1063 1142 in
1089 1122 1129 1148 se,
1152 1116 1200 1142 sed
1227 1115 1391 1150 temporales
1417 1119 1496 1142 sunt:
1514 1115 1611 1142 deinde
1625 1120 1685 1142 orta

898 1161 1074 1189 tribulatione
1091 1166 1118 1188 et
1145 1161 1340 1195 persecutione
1354 1166 1466 1196 propter
1480 1161 1604 1194 verbum,
1619 1168 1687 1188 con-

897 1208 986 1234 festim
1006 1207 1289 1234 scandalizautur”.t
1301 1207 1455 1235 Secundum
1470 1207 1571 1235 Lucam
1585 1208 1686 1236 :«Nam

897 1255 944 1288 qui
960 1262 1041 1289 supra
1070 1258 1185 1289 petram,
1200 1253 1245 1288 qui
1262 1261 1324 1281 cum
1339 1254 1477 1281 audierint
1500 1261 1561 1281 cum
1585 1255 1686 1288 gaudio

898 1301 1049 1334 suscipiunt
1064 1300 1195 1331 verbum;
1209 1304 1235 1326 et
1250 1300 1276 1326 hi
1294 1300 1398 1327 radices
1425 1307 1477 1326 non
1497 1300 1616 1333 habent;
1638 1300 1684 1334 qui

897 1344 930 1370 ad
943 1340 1056 1377 tempus
1069 1344 1195 1374 credunt.
1208 1348 1235 1370 et
1249 1343 1275 1370 in
1294 1348 1415 1377 tempore
1430 1345 1591 1371 tentationis
1605 1352 1684 1372 rece-

896 1390 1006 1418 dunt“.
1022 1399 1031 1416 ι
1051 1389 1088 1416 De
1111 1389 1146 1416 iis
1168 1390 1213 1423 qui
1231 1391 1300 1416 bene
1317 1390 1434 1416 fructum
1449 1390 1568 1417 afferunt
1583 1391 1685 1418 docens

896 1436 935 1463 ait
958 1436 1097 1471 Scriptura
1112 1444 1119 1462 :
1137 1436 1207 1469 «Qui
1223 1443 1286 1463 vero
1304 1436 1329 1462 in
1356 1441 1457 1463 terram
1482 1437 1580 1463 bonam
1606 1437 1685 1464 semi-

897 1489 977 1510 natns
1002 1487 1056 1515 est,
1080 1483 1125 1510 hic
1144 1488 1184 1510 est
1202 1485 1246 1517 qui
1264 1483 1340 1509 audit
1368 1482 1491 1516 verbum,
1505 1487 1532 1510 et
1547 1482 1683 1516 intelligit,

44 1530 185 1557 ἀκούουσι
207 1531 253 1557 τὸν
269 1531 346 1566 λόγον
363 1533 409 1559 καὶ
425 1532 611 1566 ἀποδέχονται,
636 1533 682 1558 καὶ
706 1540 814 1568 καρποφ

942 1529 1061 1555 fructum
1082 1527 1172 1560 affert,
1187 1535 1212 1555 ct
1243 1527 1310 1554 facit
1335 1528 1404 1555 alius
1419 1528 1528 1562 quidem
1563 1528 1683 1555 centesi-

47 1575 145 1610 ροῦσιν
157 1575 188 1601 ἓν
199 1576 355 1612 τριάκοντα,
367 1576 412 1603 καὶ
424 1576 451 1603 ἓν
461 1576 600 1612 ἑξήκοντα,
610 1577 655 1603 καὶ
665 1576 693 1602 ἓν
706 1577 801 1603 ἑκατόν
811 1586 818 1592 ·
832 1587 841 1602 ι

45 1623 75 1657 ἣ·
92 1631 102 1647 ι
123 1621 164 1648 Τὸ
180 1621 209 1647 δὲ
224 1623 264 1653 εἰς
279 1621 327 1657 τὴν
344 1622 428 1657 καλὴν
443 1623 505 1657 γῆν,
520 1618 592 1648 οὗτοί
608 1623 686 1653 εἰσιν,
703 1623 800 1654 οἵτινες
816 1624 844 1649 ὲν

44 1667 151 1704 καρδίᾳ
170 1667 239 1702 καλῇ
257 1668 303 1694 καὶ
319 1668 407 1704 ἀγαθῇ
426 1667 590 1700 ἀκούσαντες
603 1668 649 1694 τὸν
662 1668 749 1702 λόγον,
766 1669 845 1694 κατέ-

44 1721 127 1747 χουσι
147 1714 196 1740 καὶ
219 1714 437 1749 καρποφοροῦσιν
453 1715 481 1740 ὲν
503 1713 636 1749 ὑπομονῇ.
665 1723 673 1739 ι
698 1713 776 1740 Κατὰ
799 1714 844 1741 τδν

51 1755 222 1783 Ἀπόστολον
235 1755 280 1783 οῦν
292 1758 352 1784 ἐπεὶ
368 1767 376 1783 ι
395 1757 462 1784 Θεοῦ
476 1757 619 1793 γεώργιον.
633 1758 699 1784 Θεοῦ
717 1758 842 1794 οἱκοδομὴ

44 1800 123 1833 ὲστε,
140 1810 151 1826 ι
165 1801 296 1836 γεώργιον
309 1801 358 1837 μὲν
368 1803 396 1829 ἐν
404 1804 437 1838 τῇ
453 1803 540 1838 ἀγαθῇ
558 1805 604 1839 γῇ,
626 1804 752 1839 οἰκοδομὴ
769 1804 797 1830 δὲ
814 1806 843 1830 ἐν

43 1848 78 1883 τῇ
95 1847 207 1883 πέτρᾳ·
227 1849 264 1880 ὠς
280 1849 408 1884 οἰκοδομὴ
425 1849 502 1881 Θεοῦ,
520 1850 625 1885 στῶμεν
640 1851 758 1877 ἄσειστοι
776 1852 843 1887 πρὸς

44 1894 90 1921 τὸν
110 1895 253 1930 χειμῶνι’
270 1895 317 1922 καὶ
333 1896 371 1928 ὼς
390 1896 456 1923 Θεοῦ
472 1896 614 1933 γεώργιον,
633 1898 701 1933 μηδὲ
719 1898 774 1934 (69.)
796 1899 843 1925 τοῦ

44 1940 172 1977 πονηροῦ
191 1941 386 1977 φροντίζωμεν,
405 1943 473 1978 μήτε
491 1943 614 1977 θλίψεως,
629 1944 645 1979 ἢ
659 1943 778 1978 διωγμοῦ
791 1944 843 1971 τῶν

44 1986 89 2013 διὰ
108 1987 158 2013 τὸν
174 1986 255 2021 λόγον
270 1988 429 2022 γινομένων.
449 1989 517 2024 μήτε
537 1988 587 2024 τῆς
602 1989 648 2028 τοῦ
665 1989 762 2022 αἰῶνος
780 1990 843 2016 τοὺ-

43 2041 92 2059 του
110 2032 259 2068 μερίμνης,
277 2033 293 2068 ἢ
310 2034 361 2069 τῆς
375 2033 483 2069 ἀπάτης
496 2034 542 2061 τοῦ
556 2035 682 2069 πλούτου,
699 2036 715 2072 ἦ
731 2036 784 2063 τῶν
795 2037 842 2063 τοῦ

45 2078 106 2113 βίου
129 2078 250 2113 ἡδονῶν·
269 2078 335 2105 ἀλλὰ
355 2079 464 2106 πάντων
479 2080 582 2106 τούτων
599 2082 840 2116 καταφρονοῦντες,

43 2125 75 2152 τὸ
97 2125 256 2160 ἀμέριμνον
278 2125 327 2160 τῆς
349 2125 444 2159 σοφίας
463 2126 571 2161 πνεῦμα
587 2127 777 2163 ἀναλάϐωμεν,
795 2129 842 2155 καὶ

43 2171 93 2197 ἐπὶ
107 2170 156 2197 τὸν
170 2170 304 2206 μηδαμῶς
316 2171 410 2206 ἔχοντα
421 2173 529 2208 ἀπάτην
543 2172 655 2199 πλοῦτον
671 2174 840 2210 σπεύδωμεν,

43 2218 92 2243 καὶ
110 2216 159 2243 ἐπὶ
176 2217 235 2248 τὰς,
254 2217 287 2242 ἵν’
306 2217 391 2249 οὕτως
407 2217 542 2253 ὀνομάσω,
563 2218 661 2254 ἡδονὰς
684 2219 731 2246 τοῦ
753 2228 841 2256 παρα-

42 2263 137 2289 δείσου
161 2262 211 2297 τῆς
226 2263 332 2298 τρυφῆς
351 2263 542 2298 ἐπειγώμεθα·
566 2264 626 2290 καθ’
647 2264 762 2292 ἕκαστον
788 2268 841 2295 τῶν

42 2307 187 2334 ἐπιπόνων
210 2307 387 2343 λογιζόμενοι,
405 2308 445 2334 ὅτι
465 2318 474 2334 ‹
497 2309 534 2335 Τὸ
555 2309 709 2345 παραυτίκα
728 2311 844 2348 ἐλαφρὸν

42 2353 96 2388 τῆς
123 2352 243 2387 θλίψεως
263 2354 341 2388 ήμῶν
365 2353 426 2380 καθ’
449 2354 602 2390 ὑπερϐολὴν
627 2355 668 2387 εἰς
693 2357 845 2394 ὑπερϐολὴν

44 2397 160 2424 αξώνιον
175 2398 257 2434 βάρος
268 2398 346 2433 δόξης
363 2399 560 2434 κατεργάζεται
575 2400 640 2434 ἡμῖν
650 2408 656 2414 ”
673 2402 845 2429 σκοπούντοιν

43 2443 128 2478 ἡμῶν
146 2444 177 2469 οὐ
195 2443 228 2470 τὰ
243 2443 405 2479 βλεπόμενα,
419 2443 485 2470 ἀλλὰ
499 2444 533 2471 τὰ
546 2445 583 2480 μὴ
601 2444 761 2481 βλεπόμενα,
781 2457 789 2472 ι

897 1582 982 1607 mum,
999 1574 1068 1602 alius
1088 1579 1177 1606 augent
1205 1575 1420 1609 sexagesimum,
1437 1575 1508 1601 alitts
1520 1581 1585 1601 vero
1601 1575 1684 1609 trige-

896 1621 1022 1648 simum“
1036 1629 1042 1652 ;
1058 1630 1066 1646 ι
1088 1621 1128 1646 vel
1144 1629 1151 1647 :
1167 1630 1175 1646 t
1189 1620 1221 1647 Et
1244 1621 1271 1648 hi
1302 1625 1366 1648 sunt
1389 1621 1437 1655 qui
1468 1629 1551 1655 super
1583 1626 1684 1648 terram

896 1668 994 1694 bonam
1024 1669 1151 1694 scmiuati
1181 1672 1258 1700 sunt,
1286 1669 1333 1702 qui
1364 1669 1478 1695 audiunt
1505 1668 1628 1699 verbum,
1656 1673 1685 1696 et

895 1714 1060 1746 suscipiunt,
1089 1721 1116 1742 ct
1145 1715 1321 1746 fructiﬁcanl,
1352 1722 1435 1740 unum
1460 1714 1581 1749 triginta,
1601 1722 1685 1742 unum

895 1759 1048 1793 sexaginta,
1066 1766 1094 1787 ct
1105 1768 1187 1787 unutn
1203 1764 1310 1787 centum
1323 1761 1356 1791 θ’,
1371 1770 1379 1786 ι
1398 1761 1440 1787 vel
1457 1769 1463 1786 :
1482 1770 1490 1786 ι
1505 1760 1581 1793 Quod
1594 1766 1685 1788 autem

895 1805 921 1832 in
942 1810 1045 1831 terram
1069 1805 1178 1839 bonam,
1200 1806 1226 1832 hi
1255 1811 1317 1833 sunt
1336 1807 1380 1840 qui
1411 1807 1436 1832 in
1462 1807 1545 1833 corde
1564 1806 1635 1833 bono
1656 1810 1685 1833 et

895 1851 999 1886 optimo
1012 1851 1156 1878 audientes
1168 1853 1280 1878 verbum
1299 1852 1426 1884 retinent,
1442 1857 1468 1878 ct
1483 1853 1601 1878 fructum
1615 1851 1682 1879 affe-

895 1902 959 1924 runt
991 1897 1017 1924 in
1036 1898 1166 1932 patientia
1178 1897 1210 1925 ⁸³.
1224 1906 1232 1922 ι
1250 1897 1362 1928 Quando
1378 1897 1461 1931 igitur
1473 1897 1551 1930 juxta
1568 1899 1684 1932 Aposto-

895 1942 950 1969 lnm
969 1952 978 1968 ι
990 1943 1035 1969 Dei
1052 1943 1232 1977 agricultura,
1259 1943 1306 1970 Dei
1336 1944 1480 1970 mdiiicalio
1497 1943 1573 1975 estis,
1587 1953 1597 1969 ι
1611 1944 1684 1978 agri-

895 1989 1000 2015 cultura
1019 1989 1045 2015 in
1063 1993 1135 2015 terra
1153 1989 1237 2020 bona,
1257 1989 1401 2016 aedificatio
1415 1997 1497 2023 super
1513 1994 1636 2023 petram;
1652 1993 1682 2016 ut

893 2034 1037 2061 :rdilicatio
1052 2034 1108 2066 Dei,
1125 2039 1226 2062 stemus
1243 2034 1327 2069 309
1350 2034 1504 2061 inconcussi
1530 2035 1563 2060 ad
1581 2040 1685 2068 tempe.

863 2081 865 2083 ’
893 2085 992 2107 stalcm
1010 2089 1017 2106 :
1037 2085 1065 2107 ut
1084 2079 1129 2107 Dei
1148 2081 1328 2115 agricultura,
1348 2088 1435 2114 neque
1450 2080 1483 2108 de
1503 2080 1622 2115 maligno
1634 2088 1683 2107 cu.

894 2133 996 2158 remus,
1027 2134 1115 2160 neque
1145 2126 1178 2154 de
1206 2126 1385 2153 tribulatione
1413 2132 1462 2154 aut
1490 2127 1681 2160 persecutione

894 2179 954 2206 quae
981 2177 1092 2206 propter
1107 2172 1220 2198 verbmu
1237 2173 1356 2205 oriatur,
1374 2181 1461 2207 neque
1485 2173 1517 2200 dc
1549 2174 1682 2201 sollicitu-

895 2218 958 2245 dine
986 2219 1067 2251 hujus
1085 2219 1186 2252 srcculi,
1211 2227 1300 2254 neque
1324 2221 1357 2247 de
1387 2220 1680 2253 fallaciadivitiarum,

894 2269 940 2291 aut
954 2265 986 2292 de
999 2265 1060 2292 vita:
1075 2266 1274 2300 voluptatibus;
1294 2267 1340 2293 sed
1355 2267 1396 2293 Itis
1416 2269 1542 2294 omnibus
1556 2273 1682 2294 content-

894 2310 948 2344 ptis
964 2310 1088 2344 spiritutn
1107 2312 1248 2345 sapientia:
1263 2313 1448 2340 sollicitudine
1462 2319 1601 2340 carentem
1621 2321 1681 2339 sns-

894 2356 1038 2390 cipiamus,
1055 2356 1216 2385 festinemus
1231 2359 1265 2385 ad
1282 2366 1327 2386 eas
1342 2359 1449 2386 divitias
1468 2367 1528 2393 qua:
1541 2359 1679 2385 fallaciam

894 2409 947 2428 non
972 2402 1083 2435 habent,
1106 2407 1134 2430 et
1151 2404 1184 2430 ad
1199 2404 1363 2438 voluptates,
1380 2410 1409 2431 ut
1430 2406 1463 2431 ita
1482 2406 1583 2436 dicam,
1598 2411 1678 2437 para-

893 2448 943 2475 disi
960 2449 1118 2476 deliciarum
1146 2457 1337 2485 properemus.
1357 2451 1528 2484 Reputctnus
1542 2450 1568 2476 in
1586 2449 1681 2482 singu-

45 2489 78 2517 lis
93 2489 226 2516 mrumnis
245 2489 338 2517 istud:
355 2500 364 2515 ι
380 2490 455 2523 Quod
471 2491 498 2518 in
516 2492 641 2525 praesenti
665 2497 706 2519 est
730 2500 948 2522 mumentaneutn
975 2501 1002 2522 et
1028 2496 1088 2523 leve
1112 2497 1296 2524 tribulationis
1319 2503 1429 2529 nostra‘,
1455 2504 1535 2530 supra
1568 2496 1678 2521 modum

45 2536 72 2562 in
93 2535 265 2562 sublimitate
281 2540 414 2561 aiternutn
430 2535 522 2569 glorize
544 2536 648 2570 pondus
666 2543 795 2572 operatur
818 2539 843 2565 in
881 2541 977 2573 nobis;
1003 2549 1056 2568 non
1083 2543 1330 2577 contemplantibus
1360 2543 1440 2570 nobis
1459 2550 1519 2577 quat
1542 2541 1677 2571 videntur.

44 2582 94 2611 sed
113 2590 176 2617 qum
194 2590 247 2609 non
265 2582 431 2609 videntur“.
447 2592 456 2607 ι

80 2630 139 2656 Καὶ
160 2629 241 2656 τοῦτο
259 2629 288 2656 δὲ
311 2629 497 2665 γινώσχωμεν,
516 2630 556 2656 ὅτι
571 2630 602 2657 τὸ
618 2631 761 2667 εἰρημένον
776 2632 839 2668 7:591

43 2676 94 2704 τοῦ
117 2675 201 2703 ’Δὸελ
217 2675 405 2710 ἀναιρεθέντος
421 2676 473 2702 ὑπὸ
491 2675 536 2702 τοῦ
558 2676 779 2712 ἀνθρωποκτόνου
793 2679 840 2706 καὶ

88 2757 112 2773 ⁸⁸
128 2757 225 2785 Matth.
240 2764 302 2789 xm,
318 2755 364 2785 ΞΟ.
377 2756 422 2782 2|.
476 2756 584 2783 "Mare.
599 2765 635 2787 tv,
653 2756 695 2790 16,
712 2757 755 2785 l7.

45 2792 69 2809 ⁸⁸
86 2791 151 2819 Luc.
166 2800 227 2823 vm,
246 2791 291 2818 15.
330 2791 353 2807 ⁵⁸
367 2790 386 2816 ιι
403 2791 465 2818 Cor.
483 2799 521 2824 tv,
539 2791 579 2824 l7,
597 2792 640 2818 18.

83 2864 137 2901 (62)
151 2864 246 2899 Μηδέ.
265 2863 346 2899 Lego,
366 2863 445 2899 μήτε.

808 2757 831 2774 ⁸ο
846 2757 910 2786 Luc.
928 2767 987 2792 vm,
1003 2760 1046 2788 l5.

929 2633 974 2660 50.
998 2633 1068 2660 Istud
1087 2634 1167 2660 etiam
1194 2634 1360 2664 noverimus,
1379 2633 1449 2667 quod
1469 2633 1570 2659 dictum
1587 2635 1628 2659 est
1645 2632 1678 2658 de

893 2679 959 2706 Abel
974 2679 1009 2705 ab
1025 2679 1159 2706 homicida
1177 2685 1202 2705 et
1220 2680 1320 2714 iniusto
1333 2680 1398 2706 Cain
1414 2680 1517 2711 occiso,
1540 2677 1572 2705 iis
1589 2677 1678 2705 omni-

1086 2759 1106 2776 ⁶¹
1126 2758 1220 2786 Matth.
1240 2766 1306 2792 xm,
1323 2758 1368 2787 25.
1425 2759 1447 2775 ι’
1461 2758 1545 2786 Marc.
1568 2765 1607 2790 tv.
1627 2757 1673 2785 20.
