1843 3076
38 115 97 145 655

769 121 971 149 ΡῐῖᾹῖΓΛῚΊΟ.⁵

1625 126 1679 154 6ιῦ

37 177 98 209 ὅτε,
119 176 220 209 κακίας
239 176 322 214 οὔσης
339 177 368 205 ὲν
393 178 557 215 ἀνθρώποις,
581 179 611 207 οὐ
630 182 806 216 κατηγορεῖτο

903 187 995 214 emper
1006 185 1162 207 accusatur.
1181 175 1249 208 Silet
1266 180 1377 216 quidem
1400 182 1433 209 ad
1453 182 1510 210 [nec
1526 181 1676 218 hodieque,

36 224 98 250 Kal.
115 224 197 256 αὐτὸς
219 225 267 260 μὲν
287 226 332 251 καὶ
350 225 397 252 νῦν
417 227 506 261 σιωπᾷ
522 227 590 262 πρὸς
610 227 707 257 ταῦτα,
723 227 770 253 καὶ
784 227 834 254 οὐκ

35 271 222 307 ἀποκρίνεται
240 272 290 307 μὲν
312 273 355 299 διὰ
372 273 473 307 φωνῆς,
502 273 673 308 ἀπολογεῖται
695 275 723 300 δὲ
748 275 775 300 ἐν
795 274 834 309 τῷ

35 316 93 352 βίῳ
107 316 162 344 τῶν
173 318 292 352 γνησίων
303 319 398 344 ἑαυτοῦ
412 318 549 354 μαθητῶν,
565 321 710 354 κεκραγότι
731 319 766 346 τὰ
776 319 834 346 δια-

36 362 170 398 φέροντα,
191 362 238 388 καὶ
258 362 348 398 πάσης
365 362 603 399 ψευδομαρτυρίας
620 364 675 390 ὄντι
688 364 831 400 κρείττονι,

35 407 159 442 ἐλέγχων
171 408 217 434 καὶ
233 408 392 444 ἀνατρέπων
399 409 446 441 τὰς
460 409 695 446 ψευδομαρτυρίας
710 411 755 437 καὶ
767 420 832 437 κατ-

35 453 165 488 ηγορίας.

74 498 174 533 Τολμῶ
189 498 237 533 μὲν
253 495 299 525 οὖν
313 499 360 526 καὶ
378 500 459 534 φημὶ,
471 500 511 527 ὅτι
527 501 561 535 ἣν
574 501 658 534 ἀξιοῖς
669 501 832 537 ποιήσασθαι

33 543 114 577 ἡμᾶς
138 544 296 578 ἀπολογίαν,
319 545 449 571 ὑπεκλύει
469 546 518 581 τὴν
541 547 570 572 ὲν
592 548 648 578 τοῖς
670 548 832 582 πράγμασιν

32 588 198 622 ἀπολογίαν,
213 590 259 616 καὶ
273 590 322 626 τὴν
335 591 453 626 ἐπιφανῆ
471 593 527 623 τοῖς
542 592 592 618 οὐκ
605 593 777 628 ἀναισθήτοις
791 594 834 620 δύ-

31 642 122 669 ναμιν
144 635 192 661 τοῦ
213 635 316 671 Ἰησοῦ*
335 637 410 672 ὅμως
430 637 463 668 δ’,
481 638 524 664 ἵνα
541 639 578 674 μὴ
599 638 721 674 δοκῶμεν
743 640 832 666 ὀκνεῖν

31 679 107 714 πρὸς
119 680 151 706 τὸ
167 681 310 716 ἐπιταχθὲν
320 682 373 708 ὑπὸ
389 682 446 713 σοῦ,
469 684 659 718 πεπειράμεθα
680 685 832 721 ὑπαγορεῦ-

31 731 98 755 σαι,
117 725 189 753 κατὰ
204 726 253 761 τὴν
273 727 412 763 παροῦσαν
425 728 548 764 δύναμιν,
566 730 634 765 πρὸς
651 730 764 758 ἕκαστον
777 732 831 759 τῶν

31 770 91 796 ὑπὸ
112 771 216 798 Κέλσου
236 773 446 808 γεγραμμένων,
462 775 493 800 τὸ
509 775 591 809 φανὲν
606 777 671 811 ἡμῖν
695 777 749 814 (76)
767 779 831 805 ἀνα-

29 817 183 851 τρεπτικὸν
198 817 251 844 τῶν
265 819 358 845 πιστὸν
369 820 463 846 οὐδένα
475 821 631 856 δυναμένων
643 824 730 849 σεῖσαι
744 823 829 858 λόγων

888 233 937 253 nec
960 225 1108 261 quidquam
1134 233 1199 254 voce
1225 228 1383 260 respondet,
1407 230 1455 257 sed
1482 237 1675 264 germanorum

885 271 945 305 ejus
964 272 1161 306 discipulorum
1176 273 1232 300 vita
1246 273 1410 302 defenditur.
1425 275 1488 303 llree
1499 277 1583 310 enim,
1594 277 1677 305 falso-

887 324 945 342 rum
965 318 1071 344 testium
1093 318 1206 351 perﬁdia
1228 319 1352 353 validior,
1367 319 1435 347 falsa
1453 321 1610 350 testimonia
1628 330 1675 350 ca-

886 362 1056 397 lumniasque
1071 363 1207 399 redarguit
1225 368 1306 399 atque
1319 366 1426 393 evertit.

921 493 949 520 5.
965 494 1146 527 Quamobrem
1163 495 1302 523 afﬁrmare
1319 505 1370 524 non
1386 499 1481 526 dubito
1498 507 1578 534 quam
1593 509 1606 527 a
1630 510 1673 529 me

884 540 1068 567 defensionem
1086 543 1175 575 parari
1186 543 1316 577 postulas,
1328 551 1360 570 ea
1376 544 1449 571 illam
1464 545 1600 574 debilitari
1611 555 1672 582 quae

885 588 966 613 rebus
983 592 1010 614 et
1025 588 1104 615 faelis
1118 593 1238 620 constat.
1256 590 1391 624 simulque.
1413 591 1486 618 illam
1500 591 1563 619 .Iesu
1580 598 1673 626 poten-

884 632 949 658 tiam
965 640 1024 667 qua:
1040 641 1092 661 non
1107 635 1219 661 omnino
1238 636 1356 669 stupidis
1379 636 1522 664 evidenter
1547 644 1672 672 apparet.

885 678 987 706 Tamen
1008 687 1041 706 ne
1057 685 1100 706 tua
1114 680 1190 715 jussu
1206 681 1356 708 detrectare
1370 682 1472 714 videar,
1488 688 1602 711 conatus
1610 692 1669 712 sum

883 733 931 758 pro
950 726 1053 753 viribus
1076 727 1109 753 ad
1132 727 1239 762 singula
1259 736 1318 762 quze
1339 727 1434 756 Celsus
1449 728 1562 763 objecit,
1583 731 1609 757 id
1629 739 1672 758 re-

882 770 1016 802 spondere
1028 771 1099 804 quod
1125 780 1156 798 ca
1174 777 1298 800 evertere
1311 774 1398 800 visum
1413 779 1476 807 est;
1492 776 1599 803 tametsi
1618 784 1670 803 non

882 815 1000 841 arbitror
1023 817 1106 843 ullum
1124 825 1138 844 e
1161 817 1284 845 ﬁdelibus
1309 826 1371 846 esse
1397 820 1442 854 qui
1471 820 1582 856 scriptis
1612 822 1672 857 ejus

31 861 132 888 αὐτοῦ.
150 863 205 888 Kal.
222 863 258 899 μὴ
276 865 317 900 εἴη
336 873 367 898 γε
383 866 527 901 εὑρεθῆναί
540 876 610 899 τινα,
623 868 750 904 τοιαύτην
758 870 804 896 ἀνε

903 862 1046 888 ommoveri
1061 867 1154 897 queat.
1168 863 1235 890 Nam
1249 864 1390 898 prohibeat
1400 865 1472 893 Deus
1484 872 1513 893 nt
1524 856 1669 902 quisquam

29 908 141 943 ληφότα
152 909 263 945 ἀγάπην
279 911 326 936 τοῦ
345 911 412 937 Θεοῦ
432 913 460 938 ἐν
479 913 590 948 Χριστῷ
609 913 706 950 Ἰησοῦ,
725 915 762 946 ὡς
775 915 828 942 ὑπὸ

29 953 90 980 τῶν
103 953 235 989 ῥημάτων
258 955 362 982 Κέλσου
374 956 390 992 ἦ
403 965 475 988 τινος
490 957 544 984 τῶν
564 959 664 993 ὁμοίων
691 960 827 996 σεισθῆναι

27 999 80 1025 τὶν
95 1000 256 1035 προαίρεσιν
267 1002 349 1028 αὐτοῦ
360 1002 365 1028 ί
387 1002 415 1028 '0
423 1002 451 1028 δὲ
465 1003 570 1035 Παῦλος
586 1005 669 1040 μυρία
680 1005 730 1031 ὅσα
742 1014 826 1032 κατα-

28 1044 121 1078 λέγων
137 1046 172 1072 τὰ
184 1046 297 1074 εἰωθότα
309 1047 435 1083 χωρίζειν
451 1049 505 1075 ἀπὸ
516 1050 565 1085 τῆς
580 1051 689 1085 ἀγάπης
702 1051 747 1078 τοῦ
758 1052 826 1088 Χρι-

27 1090 96 1116 στοῦ
114 1092 162 1118 καὶ
176 1092 286 1128 ἀγάπης
299 1093 345 1120 τοῦ
354 1093 419 1120 θεοῦ
433 1095 462 1121 ὲν
473 1095 582 1131 Χριστῷ
600 1097 697 1132 Ἰησοῦ,
710 1094 746 1124 ὧν
757 1098 826 1124 πάν-

26 1144 85 1162 των
111 1136 245 1172 κρείττων
261 1136 295 1174 ἦν
312 1140 328 1174 ἡ
347 1140 376 1165 ὲν
396 1140 469 1175 αὐτῷ
485 1141 590 1177 ἀγάπη,
606 1141 683 1176 λόγον
698 1143 728 1168 οὺ
743 1143 824 1169 κατέ-

26 1182 115 1214 ταξεν
127 1183 156 1208 ὲν
167 1184 224 1214 τοῖς
238 1183 398 1220 χωρίζουσι-ι
406 1193 413 1200 ·
435 1186 554 1221 πρόσχες
564 1186 628 1221 γὰρ.
640 1187 680 1213 ὅτι
692 1188 824 1224 πρότερον

26 1227 81 1261 μέν
100 1236 182 1262 φησιν
195 1237 201 1243 ·
219 1238 228 1254 ‹
247 1229 294 1261 Τίς
309 1231 381 1265 ἡμᾶς
393 1232 504 1266 χωρίσει
519 1233 572 1259 ἀπὸ
589 1234 638 1268 τῆς
655 1233 764 1269 ἀγάπης
775 1235 822 1261 τοῦ

24 1273 151 1309 Χριστοῦ
171 1275 243 1311 (77);
266 1275 364 1311 θλίψις,
387 1277 402 1312 ἢ
424 1279 597 1314 στενοχωρία,
617 1279 634 1315 ἢ
651 1279 787 1315 διωγμὸς,
805 1281 821 1317 ἢ

23 1319 120 1354 λιμὸς,
135 1320 152 1356 ἦ
167 1322 313 1357 γυμνότης,
330 1323 346 1358 ἤ
363 1323 494 1356 κίνδυνος,
506 1325 522 1360 ἣ
533 1325 670 1362 μάχαιρα;
687 1326 822 1362 (καθάπερ

23 1365 197 1401 γέγραπται.
215 1367 276 1394 Ὀτι
291 1368 382 1396 ἕνεκεν
403 1369 450 1396 σοῦ
462 1369 648 1406 θανατούμεθα
664 1373 754 1399 πᾶσαν
773 1373 821 1408 τὴν

21 1412 147 1448 ἡμέραν,
172 1413 350 1449 ἐλογίσθημεν
368 1415 406 1447 ὡς
421 1416 544 1452 πρόϐατα
559 1417 775 1453 σφαγῆς.)“Λλλὰ
792 1420 820 1445 ἐν

19 1458 135 1490 τούτοις
155 1460 239 1486 πᾶσιν
263 1460 455 1497 ὑπερνικῶμεν
483 1462 526 1489 διὰ
552 1462 599 1489 τοῦ
626 1464 820 1500 ἀγαπήσαντος

19 1504 112 1538 ἡμᾶς.
131 1514 141 1529 ι
160 1504 292 1540 Δεύτερον
311 1506 339 1533 δὲ
365 1506 429 1534 ἄλλο
451 1507 545 1543 τάγμα
569 1508 741 1544 ἐκτιθέμενος
764 1510 818 1537 τῶν
833 1522 853 1550 c

19 1550 190 1584 πεφυκότων
203 1552 328 1587 χωρίζειν
341 1553 403 1585 τοὺς
415 1555 627 1589 ἁνερματίστους
639 1556 668 1582 ὲν
682 1555 820 1592 Θεοσεϐείᾳ

19 1594 112 1629 λέγει·
129 1606 138 1621 ι
158 1597 312 1632 Πὲπεισμαι
323 1598 387 1635 γάρ,
399 1599 440 1625 ὅτι
452 1599 514 1626 οὔτε
535 1599 657 1633 θάνατος,
673 1600 734 1628 οὔτε
751 1602 818 1638 ζωὴ,

19 1640 85 1667 οὔτε
99 1641 224 1676 ἄγγελοι,
240 1642 301 1669 οὔτε
317 1644 414 1679 ἀρχαὶ,
431 1645 492 1672 οὒτε
508 1646 658 1679 ἐνεστῶτα,
673 1646 734 1674 οὔτε
757 1648 821 1683 μὲλ-

18 1685 115 1716 λοντα,
132 1685 196 1712 οὒτε
211 1687 349 1722 δυνάμεις,
367 1688 429 1714 οὔτε
442 1689 552 1724 ὕψωμα,
572 1690 633 1717 οὔτε
651 1691 742 1726 βάθος,
758 1692 818 1720 οὔτε

18 1739 61 1762 τις
79 1731 173 1762 κτίσις
195 1731 274 1766 ἑτέρα
292 1732 434 1768 δυνήσεται
453 1735 529 1769 ἡμᾶς
551 1736 666 1770 χωρίσαι
686 1737 742 1771 (78ὶ
765 1738 819 1764 ἀπὸ

18 1776 68 1811 τῆς
84 1776 200 1812 ἀγάπης
212 1777 258 1803 τοῦ
276 1777 355 1811 Θεοῦ,
365 1779 414 1814 τῆς
429 1780 458 1806 ὲν
474 1780 584 1816 Χριστῷ
607 1781 694 1817 Ἰησοῦ
708 1782 745 1817 τῷ
761 1783 817 1809 Κυ-

20 1820 72 1856 ρίῳ
88 1821 181 1856 ἡμῶν.
204 1832 214 1848 ι

71 1867 131 1892 Καὶ
156 1867 265 1902 ἀληθῶς
287 1868 361 1902 ἄξιον
393 1869 442 1905 μὲν
466 1871 540 1906 ἡμᾶς
566 1871 748 1907 σεμνύνεσθαι
770 1873 816 1899 ἐπὶ

18 1911 110 1946 θλίψει
133 1912 172 1947 μὴ
196 1913 358 1949 χωριζούσῃ.
378 1915 395 1950 ἢ
419 1917 475 1947 τοῖς
495 1917 560 1952 ἑξῆς
584 1918 652 1954 αὐτῇ
676 1918 815 1953 κατειλεγ-

18 1957 124 1992 μένοις,
147 1959 208 1993 οὐχὶ
227 1959 254 1985 δὲ
275 1960 380 1987 Παῦλον
394 1961 441 1988 καὶ
461 1963 523 1994 τοὺς
538 1964 712 1996 ἀποστόλους,
728 1966 775 1992 καὶ
790 1966 816 1991 εἴ

16 2010 58 2033 τις
71 2003 192 2036 ἐκείνοις
205 2004 299 2039 γέγονε
318 2005 516 2042 παραπλήσιος,
531 2008 575 2035 διὰ
595 2009 625 2035 τὸ
638 2010 707 2036 πάνυ
730 2011 814 2046 ὑπερ-

15 2047 73 2075 άνω
96 2049 154 2075 τῶν
168 2050 297 2077 τοιούτων
320 2046 398 2085 εἶναι,
418 2053 531 2087 λέγοντα
551 2054 591 2081 τό·
619 2064 627 2080 ι
651 2056 693 2082 Ἑν
708 2056 812 2088 τούτοις

17 2094 101 2121 πᾶσιν
127 2095 320 2131 ὑπερνικῶμεν
345 2096 389 2124 διὰ
407 2098 453 2124 τοῦ
478 2099 669 2134 ἀγαπήσαντος
694 2101 776 2136 ἡμᾶς’
798 2111 807 2127 ι

15 2139 84 2175 ὅπερ
105 2140 202 2175 μεῖζον
217 2142 275 2168 ἐστὶ
289 2142 335 2169 τοῦ
354 2142 452 2176 νικᾷν.
467 2144 498 2170 Et
519 2144 546 2171 δὲ
565 2145 605 2171 δεῖ
625 2147 672 2172 καὶ
694 2147 809 2173 ἀποστό-

881 905 926 938 sit,
951 907 1007 940 qui,
1032 913 1175 942 postquam
1192 914 1295 936 tantam
1313 910 1427 944 adeptus
1442 916 1484 938 est.
1507 912 1670 940 cbatitatem

881 950 929 978 Dei
943 952 968 978 iu
984 952 1180 986 Christolesu,
1198 955 1288 982 verbis
1302 955 1374 983 Celsi
1390 956 1482 990 cjusve
1508 958 1636 985 similium
1653 967 1669 986 a

880 998 1019 1031 proposito
1039 998 1171 1026 dimoveri
1198 1001 1293 1034 possit.
1315 1001 1355 1027 Ae
1371 1009 1459 1036 neque
1483 1001 1581 1029 Paulus
1597 1004 1669 1032 inter

877 1041 1036 1070 innumeras
1055 1043 1117 1070 illas
1143 1051 1199 1077 res,
1225 1053 1284 1079 qua:
1300 1046 1368 1074 alios
1381 1054 1395 1073 a
1410 1047 1545 1076 charitate
1564 1050 1667 1078 Christi

877 1091 904 1113 et
920 1094 934 1114 a
953 1088 1087 1116 charitate
1101 1089 1147 1116 Dei
1166 1098 1225 1125 qum
1237 1097 1277 1118 est
1290 1091 1315 1119 in
1333 1091 1443 1120 Christo
1459 1093 1521 1121 Jesu
1537 1102 1665 1130 separare

876 1133 976 1167 solent,
1000 1135 1047 1162 sed
1062 1143 1123 1170 quae
1143 1143 1321 1171 superaverat
1333 1138 1388 1171 illa,
1403 1147 1455 1174 qua
1472 1140 1527 1174 ipse
1542 1141 1666 1175 ardebat.

875 1180 1006 1213 eltaritas,
1026 1189 1181 1209 sermonem
1207 1191 1257 1210 non
1275 1185 1423 1213 recensuit.
1451 1185 1570 1214 Atlverte
1588 1188 1662 1215 enim

875 1225 950 1252 illum
963 1227 1079 1261 primum
1105 1228 1196 1256 dicere
1210 1237 1216 1255 :
1236 1238 1246 1255 ι
1261 1231 1327 1263 Quis
1345 1239 1393 1259 nos
1407 1233 1547 1267 separabit
1571 1241 1585 1260 ιι
1600 1235 1667 1260 eha-
1707 1246 1709 1248 ·

875 1272 956 1299 ritate
970 1272 1093 1301 Christi?
1108 1274 1150 1300 An
1167 1275 1325 1303 tribulatio?
1342 1285 1375 1304 an
1391 1279 1536 1312 angustia?
1554 1287 1586 1306 an
1603 1286 1667 1313 per-

873 1318 996 1345 secutio?
1010 1326 1044 1345 an
1060 1319 1168 1347 fames?
1187 1329 1221 1347 an
1239 1321 1370 1349 nuditas?
1391 1332 1424 1350 an
1440 1324 1590 1357 perieulum
1603 1325 1615 1352 ‘i
1629 1334 1663 1353 an

873 1363 1000 1398 gladius?
1015 1364 1096 1401 (sicut
1109 1367 1240 1401 scriptum
1254 1373 1295 1394 est
1310 1377 1315 1395 :
1339 1368 1406 1401 Quia
1423 1375 1532 1405 propter
1550 1375 1575 1397 te
1590 1378 1664 1398 mor-

874 1408 1011 1435 tilieamur
1021 1413 1075 1436 tota
1088 1410 1146 1444 die;
1159 1412 1286 1439 aestimati
1297 1421 1390 1441 sumus
1398 1414 1539 1442 sicutoves
1547 1416 1663 1443 occisio-

873 1454 938 1488 nis.)
954 1453 1006 1481 Sed
1017 1457 1042 1482 in
1055 1455 1097 1484 his
1106 1457 1233 1485 omnibus
1249 1459 1467 1493 supervincimus
1479 1467 1590 1496 propter
1599 1470 1661 1490 eum

871 1500 916 1533 qui
932 1500 1025 1528 dilexit
1040 1509 1090 1529 nos
1100 1503 1132 1530 7‘.
1148 1512 1157 1528 ι
1173 1502 1298 1532 Secundo
1309 1505 1369 1532 loco
1377 1508 1663 1543 enumeratalia,qnae

872 1553 966 1580 parum
980 1546 1075 1574 ﬁrmos
1089 1548 1114 1574 in
1129 1549 1229 1582 pietate
1241 1551 1401 1586 plerumque
1416 1557 1559 1587 separant:
1574 1563 1582 1578 ι
1595 1556 1663 1582 (ier-

873 1595 914 1618 tus
928 1599 988 1619 sum
1000 1593 1083 1626 enim,
1097 1593 1194 1628 inquit,
1209 1596 1271 1630 quia
1289 1604 1375 1632 neque
1392 1605 1474 1631 tnors,
1492 1606 1580 1634 neque
1594 1600 1660 1633 vita,

870 1644 958 1671 neque
972 1638 1060 1673 angeli
1073 1659 1080 1671 ,
1100 1647 1188 1675 neque
1210 1642 1393 1676 principatus,
1412 1651 1499 1678 neque
1516 1645 1657 1678 instantia,

869 1689 956 1717 neque
969 1683 1071 1718 futura,
1093 1693 1181 1721 neque
1193 1692 1352 1721 potestates,
1371 1696 1460 1724 neque
1474 1690 1600 1722 altitudo,
1611 1699 1659 1718 ne-

868 1735 921 1762 que
938 1729 1114 1763 profundum,
1134 1739 1222 1766 neque
1249 1739 1378 1761 creatura
1410 1734 1462 1761 alia
1491 1735 1591 1770 poterit
1607 1744 1657 1764 nos

868 1780 997 1808 separare
1012 1783 1025 1801 a
1045 1776 1182 1804 charitate
1206 1778 1252 1805 Dei
1275 1786 1334 1813 qua:
1357 1784 1398 1806 est
1422 1780 1448 1807 in
1463 1781 1574 1809 Christo
1590 1781 1656 1811 Jeeu

867 1819 983 1846 Domino
997 1825 1091 1848 nostro
1102 1822 1136 1849 "‘.
1152 1831 1161 1848 ι

900 1865 928 1892 4.
939 1866 977 1892 Ac
992 1874 1040 1893 nos
1055 1867 1162 1900 quidem
1180 1867 1293 1902 gloriari
1318 1877 1427 1904 aequum
1452 1870 1547 1904 fuerit,
1563 1871 1584 1899 si
1603 1880 1654 1899 nec

867 1910 1018 1944 tribulatio,
1046 1919 1096 1938 nec
1121 1912 1172 1939 alia
1200 1921 1260 1948 qua:
1290 1920 1351 1947 post
1376 1915 1449 1942 illaut
1474 1923 1653 1945 numerantur

864 1955 946 1991 317
959 1956 1140 1990 incommoda,
1167 1967 1215 1986 nos
1232 1960 1364 1994 avellant;
1386 1969 1437 1988 non
1455 1962 1519 1989 item
1541 1963 1654 1991 Paulum

863 2007 891 2027 et
905 2002 1052 2035 apostolos,
1069 2008 1114 2029 aut
1130 2003 1153 2030 si
1167 2005 1228 2038 quis
1253 2004 1320 2032 alius
1345 2005 1400 2033 illis
1423 2007 1509 2034 evasit
1530 2008 1629 2035 similis
1643 2028 1651 2041 ,

865 2052 1010 2081 propterea
1024 2049 1095 2083 quod
1111 2050 1145 2076 sit
1160 2049 1202 2077 his
1216 2051 1295 2078 rebus
1311 2051 1388 2086 longe
1411 2052 1535 2086 superior
1548 2053 1593 2088 qui
1608 2053 1652 2080 tli-

863 2093 917 2120 cit:
931 2103 940 2119 ι
955 2094 981 2121 In
993 2094 1036 2122 bis
1049 2096 1174 2123 omnibus
1188 2098 1405 2130 supervincimns
1416 2103 1526 2133 propter
1536 2107 1596 2127 eum
1607 2101 1652 2134 qui

861 2139 957 2166 dilexit
981 2148 1030 2168 nos
1053 2141 1086 2172 7‘;
1123 2150 1132 2167 ι
1158 2142 1229 2175 quod
1253 2143 1344 2177 majus
1370 2149 1411 2170 est
1435 2151 1516 2178 quam
1539 2145 1650 2173 vincere.

14 2185 77 2217 λους
89 2186 281 2221 σεμνύνεσθαι,
301 2188 338 2224 μὴ
352 2188 552 2224 χωριζομένους
565 2191 618 2217 ἀπὸ
631 2191 682 2226 τῆς
699 2192 806 2227 ἀγάπης

904 2185 938 2212 od
958 2186 980 2213 si
996 2186 1132 2220 apostolos
1158 2187 1268 2221 gloriari
1291 2193 1425 2222 oporteat,
1441 2190 1511 2224 quod
1525 2197 1539 2217 a
1555 2191 1646 2218 chaei-

12 2231 60 2258 τοῦ
85 2232 158 2259 Θεοῦ
181 2234 231 2269 τῆς
249 2235 277 2260 ὲν
301 2235 412 2271 Χριστῷ
432 2236 517 2270 Ἰησοῦ
539 2236 578 2271 τῷ
600 2237 694 2272 Κυρίῳ
717 2238 807 2273 ήμῶν,

15 2277 192 2311 σεμνύνοιντο
219 2278 262 2309 ἂν,
286 2279 327 2306 ὅτι
345 2280 406 2307 οὔτε
425 2281 538 2313 θάνατος
561 2282 627 2317 (79),
651 2282 713 2308 οὒτε
740 2282 807 2318 ζωὴ,

13 2322 73 2349 οὒτε
85 2323 210 2357 ἄγγελοι,
223 2324 285 2351 οὔτε
302 2326 394 2361 ἁρχαὶ,
410 2325 472 2353 οὒτε
487 2335 515 2353 τι
535 2327 589 2353 τῶν
611 2327 674 2363 ἑξῆς
696 2327 806 2354 δύναται

15 2367 113 2408 αὐτοὺς
125 2370 242 2404 χωρίσαι
259 2370 312 2397 ἀπὸ
330 2371 380 2406 τῆς
392 2372 502 2407 ἀγάπης
522 2372 577 2408 (80)
590 2372 637 2399 τοῦ
655 2372 735 2405 Θεοῦ,
757 2373 807 2408 τῆς

463 2449 486 2464 ⁷³
497 2449 564 2476 Ibid.
585 2449 629 2482 58,
648 2449 692 2477 59.

59 2515 104 2554 ῖϐ)
132 2514 226 2550 Ἡμῖν.
248 2515 293 2544 Sic
314 2517 366 2556 duo
387 2517 467 2556 codd.
482 2515 607 2556 _\_’at_icani
632 2522 659 2556 et
687 2516 797 2556 liegius,

45 2551 74 2575 iri
89 2554 184 2577 autem
199 2556 282 2591 antea
296 2552 371 2582 editi,
387 2552 465 2591 Dp.sz
482 2550 584 2591 Ibidem
597 2552 680 2591 eode}
698 2551 800 2591 Regins

55 2589 111 2611 tres
136 2585 297 2618 Anglicani,
316 2587 370 2612 τῶν
393 2586 486 2612 πιστὸν
504 2586 608 2614 οὐδένα.
636 2587 723 2618 Alias,
743 2585 800 2612 τῶν

45 2619 117 2646 στῶν
129 2620 234 2646 οὐδένα.

48 2653 105 2688 (77)
127 2655 266 2688 Χριστοῦ.
278 2655 316 2682 Ita
330 2656 414 2684 codex
424 2655 536 2689 Regius.
552 2656 646 2689 sicque
659 2655 800 2690 legendum

15 2691 69 2714 tum
91 2698 107 2716 e
127 2694 206 2726 textu
222 2698 311 2721 sacro,
328 2696 383 2717 tum
401 2699 433 2718 ex
452 2692 509 2726 ipso
522 2690 637 2726 Origene
653 2691 736 2726 paulo
756 2699 800 2718 su-

15 2726 111 2754 perius.
125 2723 208 2752 Libb.
223 2726 288 2752 editi
306 2727 404 2752 habent
420 2723 499 2752 Θεοῦ.

44 2758 99 2793 (7S)
108 2760 249 2793 Χωρίσαι.
260 2760 297 2787 lla
307 2768 400 2787 omnes
410 2769 473 2787 mss.
484 2759 703 2794 Αῐὶιιτς,χωρίζειν
716 2758 799 2786 Paulo

14 2799 181 2834 poshmnuqs
194 2800 298 2834 niss‘zel'
312 2795 476 2834 Speneerns,
519 2793 644 2834 τοῖςηὲξῆς
655 2794 733 2834 αὐτῇ,
744 2793 803 2820 llre-

13 2829 140 2862 schclius,
154 2829 236 2864 ἢτοῖς
243 2829 272 2862 ἐξ
283 2827 316 2865 ἧς
331 2827 410 2866 αὐτῇ,
421 2827 546 2858 mendose
569 2827 696 2857 Gelenius
711 2837 796 2856 tmer-

47 2446 68 2461 "
85 2447 167 2473 Rom.
187 2455 245 2478 vni,
259 2447 304 2479 55,
319 2448 363 2481 36,
380 2448 426 2475 37.

864 2237 920 2258 tale
938 2232 983 2259 Dei
1006 2240 1067 2266 qua:
1088 2238 1129 2260 est
1149 2233 1174 2259 in
1200 2233 1309 2262 Christo
1332 2232 1397 2261 Jesu
1418 2235 1531 2262 Domino
1556 2241 1650 2263 nostro

863 2284 916 2303 non
930 2282 1108 2311 separentur;
1126 2277 1196 2305 laudi
1213 2278 1334 2313 profecto
1343 2280 1472 2307 ducerent
1485 2287 1515 2307 se
1530 2287 1544 2308 a
1555 2281 1648 2308 chart-

863 2327 918 2348 tate
933 2322 981 2349 Dei
997 2330 1058 2357 qua:
1073 2328 1117 2350 est
1145 2324 1170 2350 in
1193 2324 1301 2351 Christo
1326 2324 1389 2352 Jesu
1412 2325 1528 2353 Domino
1555 2332 1649 2353 nostro

861 2375 950 2402 neque
979 2374 1076 2400 morte,
1106 2375 1194 2402 neque
1218 2369 1286 2402 vita,
1308 2376 1395 2404 neque
1418 2370 1530 2406 angelis,
1559 2379 1647 2405 neque

731 2449 754 2464 "
773 2449 850 2475 Rom.
872 2455 931 2480 vui,
951 2448 996 2475 57.

852 2524 913 2550 pres
923 2523 971 2553 pro
978 2516 1046 2553 αὐτῇ
1055 2515 1161 2553 videtur
1171 2516 1267 2550 legisse
1277 2516 1359 2543 αὑτοῦ
1367 2537 1373 2549 ,
1387 2525 1447 2544 nam
1458 2518 1549 2551 vertit,
1562 2519 1623 2553 «ibi;
1631 2531 1641 2547 ι

852 2552 898 2578 sed
910 2551 991 2578 lectio
999 2551 1081 2577 αὑτοῦ
1098 2553 1162 2578 mihi
1175 2560 1226 2578 non
1243 2560 1318 2585 teque
1326 2553 1428 2579 arridet
1441 2560 1472 2579 ac
1486 2551 1641 2583 Doberello.

886 2586 946 2620 (79)
963 2585 1031 2612 Tres
1043 2586 1196 2620 Anglicani.
1212 2587 1255 2612 ὅτε
1269 2586 1331 2612 οὔτε
1344 2586 1468 2619 θάνατος.

889 2621 945 2655 (80)
966 2620 1037 2647 Ἀπὸ
1051 2619 1106 2659 τῆς
1120 2620 1248 2659 ὰγᾴπιις.
1268 2621 1305 2647 lta
1322 2622 1462 2659 legendum
1479 2629 1512 2649 ex
1524 2623 1641 2659 Origene

854 2663 945 2688 supra,
958 2656 1082 2689 quamvis
1098 2663 1147 2681 vox
1157 2656 1210 2681 ἀπό
1224 2664 1249 2682 ιιι
1263 2657 1389 2683 omnibus
1401 2658 1499 2685 nostris
1513 2656 1586 2686 mss:
1594 2659 1641 2686 de-

854 2691 999 2728 sideretur.
1014 2690 1104 2728 Paulo
1115 2696 1174 2723 post
1191 2699 1238 2728 pro
1250 2690 1339 2728 τοίνυν
1359 2691 1389 2728 οίι
1402 2692 1559 2728 συνήδομαι,
1574 2699 1639 2724 etc.,

853 2725 939 2752 codex
959 2724 1120 2751 Oxonieusis
1143 2726 1239 2764 tertius
1253 2726 1344 2764 habet,
1357 2727 1387 2752 οὺ
1400 2724 1514 2764 σύνοιδα
1530 2728 1579 2763 μὲν
1602 2728 1640 2764 τῷ

853 2759 1039 2790 πιστεύσαντι,
1068 2765 1133 2796 rte,
1158 2759 1255 2796 Gni_eto
1281 2761 1452 2796 scribendum
1484 2759 1639 2796 videbatur;

852 2795 881 2820 οὐ
908 2794 997 2820 τοίνυν
1021 2793 1433 2834 συνήςῖομαι,τῷμπιστειξσαντι-
1449 2797 1502 2834 εἰς.
1522 2793 1638 2834 Χριστὸὺ

850 2829 946 2861 οὓτως,
957 2829 995 2860 ὡς
1004 2827 1131 2854 δύνασθαι
1140 2827 1299 2864 σαλεὺθῆναι
1314 2829 1395 2855 αὑτοῦ
1409 2830 1458 2865 τὴν
1471 2827 1572 2862 πίστιν,
1584 2838 1636 2860 ete.
