1843 3076
45 112 97 139 639

651 109 790 138 CONTRA
804 107 943 137 CELSUM
965 107 1028 136 LIB.
1048 107 1069 133 Ι.

1621 113 1674 140 650

43 172 92 198 καὶ
106 169 258 205 ἀνα-γράφοι
275 168 423 203 γυμνασίου
436 168 529 195 ἕνεκεν
547 167 594 194 τοῦ
617 167 670 194 ἀπὸ
691 167 833 194 τοιούτων·

919 165 1025 200 genium
1039 171 1092 192 non
1112 164 1224 199 vulgare
1240 165 1398 194 attulerunt.
1414 166 1480 194 Nam
1496 169 1675 202 quemadmo-

43 216 132 246 οὕτως
150 213 327 249 παραπλήσια
347 209 416 239 εἶναι
433 211 486 247 χρὴ
497 212 552 243 τοῖς
573 210 625 237 τῶν
644 209 763 244 αἱρέσεις
784 217 836 244 πη-

44 261 149 294 ξάντων
171 260 201 285 ὲν
217 258 360 293 φιλοσοφίᾳ
380 258 508 293 νοήμασι,
525 257 560 284 τὰ
576 257 709 292 μέλλοντα
734 255 836 290 ὁμοίως

46 305 162 336 ἐκείνοις
183 304 308 338 λέγεσθαι
333 313 343 328 ι
374 303 455 338 κενὴν
480 303 588 337 ἀπάτην
612 302 658 328 καὶ
689 302 836 337 παράδοσιν

46 350 199 386 ἀνθρώπων
217 349 286 375 κατὰ
299 348 334 374 τὰ
352 349 470 383 στοιχεῖα
482 348 528 373 τοῦ
547 348 662 382 κόσμου,
684 356 693 371 ν

889 211 952 238 dum
967 218 1019 238 non
1034 211 1184 245 quatnlibet
1200 210 1296 238 falsam
1322 212 1348 238 in
1371 213 1546 248 geometricis
1562 215 1671 244 theore»

891 257 1008 284 matibus
1024 257 1248 292 propositionem,
1269 258 1481 294 pseudographae
1498 261 1608 288 nomine
1624 269 1673 297 ap-

890 302 1031 336 pellaverit
1057 302 1203 337 quispiam,
1225 308 1271 329 aut
1287 303 1452 332 describeret
1476 305 1510 333 iis
1521 306 1567 340 qui
1591 314 1621 335 se
1647 307 1673 335 iu

895 347 946 374 bac
961 347 1075 375 scientia
1095 351 1222 375 exercent
1233 357 1239 374 :
1250 348 1298 379 sic,
1313 353 1342 375 ut
1354 356 1436 384 opera
1449 351 1584 384 quzedam,
1602 351 1674 379 velut

49 405 147 424 eorum
163 397 208 430 qui
230 400 367 428 sectarum
385 395 411 421 in
430 394 597 428 philosophia
620 398 745 428 parentes
764 394 886 428 fuerunt,
911 402 921 419 ι
942 394 1031 422 inanis
1056 395 1163 422 fallacia
1186 400 1213 422 et
1236 395 1345 422 traditio
1363 396 1500 424 hominum
1525 398 1673 426 secundum

47 443 182 469 elementa
198 441 291 468 mundi
311 450 320 467 ι
338 441 476 472 dicantur,
493 445 602 474 oportet
619 445 648 467 ut
660 441 753 467 eadem
768 445 826 468 arte
839 442 990 476 composita
1008 440 1120 468 fuerint.

83 487 169 514 Τοῦτο
182 487 210 513 δὲ
223 487 253 513 τὸ
264 487 414 522 προοίμιον,
425 488 494 522 μετὰ
504 487 533 513 τὸ
548 486 732 521 ὑπαγορεῦσαι
745 487 833 514 πάντα

46 533 82 560 τὰ
105 533 185 568 μέχρι
196 533 246 567 τῆς
266 532 341 567 παρὰ
362 533 457 566 Κέλσῳ
478 532 533 567 (88)
550 532 596 558 τοῦ
618 532 745 559 Ἰουδαίου
768 533 836 568 πρὸς

45 579 93 605 τὸν
112 578 215 613 Ἰησοῦν
222 577 450 613 προσωτέοποιίας,
464 577 551 610 ἔδοξεν
565 579 630 613 ἡμῖν
642 579 773 614 προτάξαι
785 579 835 614 τῆς

46 625 138 660 ἀρχῆς
149 633 155 639 ·
170 624 203 650 ἶν’
216 624 290 658 αὖτῷ
305 624 509 660 προεντυγχὰνῃ
525 625 538 650 ὁ
559 625 782 660 ἀναγνωσόμενος
803 626 836 652 τὰ

47 670 118 705 πρὸς
145 669 247 695 Κέλσον
264 670 328 703 ἡμῖν
342 669 570 704 ὑπαγορευθέντα,
598 670 645 696 καὶ
666 670 717 705 ἴδῃ,
739 671 779 697 ὅτι
804 672 834 698 οὐ

47 716 122 741 πάνυ
148 716 253 745 πιστοῖς
273 714 427 749 γέγραπται
453 715 484 740 τὸ
506 715 606 750 βιϐλίον
631 715 719 746 τοῦτο,
744 716 833 752 ἀλλ’ἢ

46 760 141 786 τέλεον
157 759 300 793 ἁγεύστοις
319 759 370 794 τῆς
387 761 425 791 εἰς
439 760 556 795 Χριστὸν
584 761 712 792 πίστεως,
731 761 748 796 ἢ
769 764 834 793 τοῖς,

46 806 87 837 ὡς
100 807 115 832 ὁ
137 805 296 837 ’Δπόστολος
319 805 469 840 ὠνόμασεν,
485 816 494 830 ι
515 807 672 834 ἀσθενοῦσιν
689 808 717 833 ἐν
736 809 768 843 τῇ
792 808 836 833 πί-

46 861 118 879 στει.
146 862 155 877 ι
183 850 250 878 Eine
277 852 299 878 δ’
319 851 420 882 οὕτως·
451 862 460 877 ‹
487 852 537 878 Τὸν
566 853 588 879 δ’
615 852 778 879 ἀσθενοῦντα
801 854 833 888 τῇ

47 899 141 925 πίστει
175 897 426 932 προσλαμϐάνεσθε.
458 907 466 922 ι
496 897 719 933 ’Λπολογησάσῦω
751 898 778 924 δὲ
807 898 838 924 τὸ

47 926 205 978 προοίμιονξ
227 942 267 968 ὅτι
283 926 362 978 ,ἄλλῃ
388 942 437 976 μὲν
461 926 659 977 προθέσειῐτὴν
682 943 767 977 ἀρχὴν
783 943 837 969 τῶν
853 926 874 953 Β

46 988 120 1023 πρὸς
137 987 241 1014 Κέλσον
262 987 497 1022 ὑπηγορεῦσαμεν,
525 987 590 1023 ἄλλῃ
613 987 641 1014 δὲ
659 987 693 1014 τὰ
707 987 774 1022 μετὰ
787 988 837 1023 τὴν

46 1031 147 1066 ἀρχήν.
172 1031 307 1066 Πρότερον
331 1031 379 1065 μὲν
402 1031 455 1066 γὰρ
471 1032 640 1066 ἐσκοποῦμεν
664 1032 836 1068 ὑποσημειώ-

47 1076 150 1103 σασθαι
161 1076 196 1103 τὰ
213 1076 356 1110 κεφάλαια,
373 1077 418 1102 καὶ
434 1077 477 1103 διὰ
489 1077 611 1112 βραχέων
629 1077 664 1104 τὰ
683 1078 750 1113 πρὸς
768 1078 837 1104 αὐτὰ

46 1121 196 1156 λεγόμενα.
208 1120 268 1149 εἶτα
280 1123 348 1157 μετὰ
363 1122 443 1149 τοῦτο
459 1123 676 1158 ωματοποιῆσαι
691 1123 736 1149 τὸν
749 1123 836 1157 λόγον’

46 1168 164 1204 ’ὕστερον
180 1169 202 1195 δ’
217 1169 285 1195 αὐτὰ
307 1168 341 1195 τὰ
358 1169 507 1204 πράγματα
528 1168 662 1195 ὑπέϐαλεν
681 1170 757 1203 ἡμῖν,
777 1177 837 1204 φει-

45 1214 173 1250 δομένοις
188 1215 295 1250 χρόνου,
312 1215 477 1250 ἀρκεσοῆναι
497 1215 544 1248 μὲν
564 1217 620 1246 τοῖς
643 1215 713 1241 κατὰ
730 1214 777 1251 τὴν
791 1217 839 1251 ἀρ-

46 1260 99 1295 χὴν
112 1260 200 1291 οὕτως
213 1260 446 1296 ὑπαγορευθείσιν,
462 1261 489 1286 ἐν
508 1260 535 1286 δὲ
556 1262 612 1291 τοῖς
627 1260 699 1295 ἑξῆς,
717 1260 788 1287 κατὰ
808 1259 838 1287 τὺ

45 1306 164 1332 δυνατὸν
185 1307 262 1341 ἡμῖν,
287 1306 481 1342 συγγραφικῶς
505 1306 690 1340 ἀγωνίσασθαι
714 1307 782 1342 πρὸς
805 1306 839 1332 τὰ

46 1352 155 1378 Κέλσου
168 1352 230 1379 καθ’
243 1352 320 1388 ἡμῶν
332 1353 501 1388 ἐγκλήματα.
515 1352 615 1387 Διόπερ
628 1352 757 1388 αἰτοῦμεν
775 1361 839 1387 συγ-

46 1397 163 1432 γνώμην
185 1397 232 1423 ὲπὶ
244 1399 276 1432 τῇ
299 1398 369 1432 ἀρχῇ
395 1397 450 1423 τῶν
475 1396 586 1431 μετὰτὺ
603 1397 754 1432 προοίμιον.
777 1397 840 1424 Ἐὰν

46 1441 77 1469 δὲ
105 1442 142 1477 μὴ
162 1441 276 1477 κινηθῇς
297 1443 344 1469 καὶ
361 1442 413 1468 ὑπὸ
436 1442 491 1468 τῶν
515 1442 577 1477 ἑξῆς
600 1442 839 1478 ὑπαγορευθέντων

47 1487 210 1522 ἀνυσίμως,
233 1487 281 1513 καὶ
305 1487 348 1512 ἐπ’
368 1487 459 1518 αὐτοῖς
486 1487 534 1522 τὴν
558 1487 653 1522 ὁμοίαν
677 1486 840 1522 συγγνώμην

47 1531 145 1563 αἰτῶν,
159 1531 314 1566 ἀναπέμπω
332 1532 371 1562 σε,
391 1531 437 1557 ἐάν
456 1539 508 1566 περ
527 1530 567 1556 ἔτι
593 1530 672 1566 Θέλῃς
687 1531 720 1557 δι’
737 1531 839 1565 ὑπαγο-

49 1577 173 1612 ρεύσεων
194 1577 244 1608 τὰς
266 1577 356 1608 λύσεις
372 1585 412 1602 σοι
436 1576 490 1603 τῶν
513 1577 616 1602 Κέλσου
643 1577 767 1610 γενέσθαι
794 1577 839 1603 λό-

45 1668 150 1699 λέξεων
163 1667 210 1694 καὶ
233 1667 340 1702 βιϐλίων
357 1668 518 1703 ἀνατρέπειν
540 1667 704 1702 δυναμένους
721 1667 755 1694 τὰ
776 1667 837 1694 καθ’

926 488 953 515 6.
981 487 1041 515 Jam
1057 495 1089 516 eo
1107 495 1166 515 mea
1184 488 1241 516 haec
1271 488 1393 516 defensio
1422 495 1596 524 pervenerat,
1625 492 1671 518 ubi

889 533 982 561 Celsus
997 533 1117 560 Judmum
1133 541 1194 560 cum
1209 533 1272 561 .lesu
1287 533 1468 568 disputantem
1484 535 1598 568 inducit,
1612 544 1672 563 cum

889 580 917 607 iu
931 585 1048 606 mentem
1064 579 1138 606 venit
1155 579 1222 606 hanc
1237 579 1425 606 Prmfationem
1438 584 1501 607 ante
1515 581 1606 614 operis
1623 582 1675 608 ini-

888 626 955 652 tium
970 625 1102 652 collocare
1115 633 1121 657 ;
1139 628 1169 651 ut
1183 626 1228 659 qui
1245 626 1270 652 in
1284 625 1334 652 hoc
1351 633 1417 658 opus
1431 625 1568 658 inciderit,
1583 628 1674 653 statim

889 679 903 697 a
921 671 1015 697 limine
1031 670 1166 704 intelligat
1187 672 1212 697 id
1229 679 1281 698 non
1300 671 1383 698 fuisse
1398 671 1522 698 lidclibus
1533 672 1676 699 elucubra-

892 720 965 747 tum;
979 716 1026 743 sed
1044 715 1087 747 iis,
1106 720 1150 742 aut
1161 716 1207 750 qui
1223 716 1284 743 fidei
1301 716 1326 743 in
1343 717 1480 744 Christum
1496 723 1602 752 gustum
1622 727 1674 745 non

888 761 999 793 habent,
1015 764 1062 786 aut
1075 768 1143 794 quos
1158 770 1166 786 ι
1183 761 1305 788 infirmos
1320 761 1346 787 in
1361 761 1413 788 Iide
1435 770 1444 787 ι
1470 767 1548 789 vocat
1561 763 1676 796 Aposto-

889 805 942 838 lus,
959 806 1003 832 ubi
1015 805 1052 832 ait
1069 815 1075 832 :
1092 815 1100 831 ‹
1119 806 1257 833 lufirnmm
1281 807 1307 833 in
1322 807 1373 834 fide
1392 807 1564 834 assumite”.
1586 818 1594 834 ι
1614 808 1676 835 llaec

889 850 1021 878 Praefatio
1043 858 1086 877 tne
1108 851 1190 878 etiam
1213 851 1305 878 lectori
1327 853 1480 884 excusabit,
1498 853 1570 887 quod
1594 853 1674 880 aliam

894 896 981 928 initio,
999 896 1079 923 aliam
1102 897 1128 924 in
1147 897 1323 931 sequentibus
1343 898 1484 925 refellendi
1500 899 1568 926 Celsi
1595 899 1675 926 ratio—

891 950 952 969 nem
976 947 1086 970 secutus
1101 943 1163 970 sim.
1191 942 1257 969 Nam
1274 943 1391 977 primum
1417 952 1507 971 rerum
1533 945 1633 979 capita,
1649 949 1677 972 et

890 995 950 1022 qua:
962 988 1114 1015 contradici
1131 994 1241 1023 possent
1266 989 1361 1023 paucis
1379 989 1510 1016 adnotare
1527 989 1675 1017 constitue-

894 1039 961 1065 ram,
977 1033 1035 1059 hzec
1048 1033 1139 1059 omnia
1153 1037 1246 1067 postea
1264 1033 1288 1060 in
1315 1035 1448 1061 sermonis
1464 1034 1547 1062 veluti
1575 1042 1676 1069 corpus

891 1077 1050 1105 reducturus
1076 1087 1083 1104 :
1109 1078 1207 1105 deinde
1229 1086 1293 1106 vero
1321 1086 1364 1106 res
1389 1079 1446 1113 ipsa
1464 1079 1568 1106 monuit
1591 1081 1676 1108 satius

891 1124 960 1157 fore,
985 1124 1008 1151 si
1033 1124 1147 1158 tempori
1173 1131 1324 1158 parcerem,
1349 1129 1546 1160 contentusque
1567 1126 1600 1154 iis
1617 1134 1677 1160 quae

892 1169 969 1197 initio
993 1168 1063 1196 Celsi
1086 1168 1326 1196 criminationibus
1348 1169 1515 1204 objeceram,
1534 1170 1560 1197 in
1585 1177 1678 1198 coase-

892 1214 1038 1249 quentibus
1055 1222 1104 1249 pro
1120 1214 1192 1241 virili
1215 1219 1309 1242 contra
1329 1222 1374 1242 cas
1402 1215 1582 1243 decertarem.
1603 1216 1678 1250 Qua-

891 1265 1002 1296 propter
1023 1260 1149 1294 ignoscas
1163 1260 1244 1287 velim
1269 1261 1314 1293 iis,
1326 1268 1388 1295 quae
1405 1266 1465 1294 post
1491 1262 1560 1289 hanc
1574 1261 1676 1289 Praefa-

892 1306 992 1333 tionem
1013 1306 1089 1333 initio
1101 1311 1173 1332 sunt.
1193 1305 1272 1338 Quod
1294 1307 1316 1333 si
1341 1313 1429 1342 neque
1444 1307 1490 1334 tibi
1508 1307 1611 1335 faciunt
1635 1316 1679 1336 sa-

893 1351 938 1384 tis,
965 1359 1026 1386 quce
1050 1355 1217 1385 sequuntur;
1247 1350 1303 1378 illis
1323 1358 1430 1386 quoque
1450 1351 1564 1379 similem
1585 1357 1678 1387 petens

892 1397 1014 1429 veniam,
1028 1396 1107 1423 mitto
1119 1401 1145 1424 te
1162 1396 1195 1423 ad
1213 1396 1401 1430 sapientiores,
1414 1403 1441 1424 et
1454 1397 1500 1431 qui
1517 1397 1595 1425 dictis
1611 1399 1679 1425 scri-

893 1443 1002 1477 ptisque
1025 1442 1096 1468 illius
1121 1441 1240 1468 hominis
1256 1447 1350 1469 contra
1365 1450 1415 1469 nos
1428 1442 1581 1470 calumnias
1599 1443 1679 1470 refel-

894 1487 950 1512 lere
964 1485 1082 1512 valeant.
1100 1484 1180 1519 Sapit
1193 1489 1284 1512 tamen
1301 1485 1345 1513 ille
1361 1486 1456 1520 magis,
1469 1486 1514 1520 qui
1533 1486 1598 1514 illud
1609 1486 1678 1515 Celsi

892 1530 975 1565 319
988 1530 1116 1564 scriptum
1130 1531 1235 1564 legens,
1248 1530 1405 1559 defensione
1417 1533 1527 1560 omnino
1544 1541 1596 1561 non
1609 1534 1679 1561 indi-

853 1591 875 1621 ο
894 1580 950 1610 get,
962 1576 1008 1602 scd
1025 1581 1109 1602 totum
1123 1581 1255 1610 quantum
1270 1582 1311 1603 est
1330 1578 1490 1605 contemnit.
1512 1580 1589 1611 Quod
1615 1579 1680 1607 sim-

46 1631 116 1657 γων,
133 1623 180 1648 ἐπὶ
202 1623 265 1653 τοὺς
279 1621 357 1656 ἡμῶν
375 1621 570 1657 συνετωτέρους
587 1622 633 1647 καὶ
643 1621 781 1653 δυνατοὺς,
795 1622 839 1648 διὰ

893 1621 954 1655 plex
967 1621 1079 1655 quisque
1093 1621 1180 1648 ﬁdelis
1192 1629 1240 1656 per
1256 1621 1453 1650 inhabitantcm
1465 1623 1491 1650 in
1505 1631 1535 1651 se
1548 1623 1678 1658 Spiritum

893 1673 945 1693 non
964 1666 1101 1693 immerito
1113 1660 1188 1693 facit.

46 1715 62 1747 ἡ
68 1713 129 1748 μῶν
154 1712 200 1739 τοῦ
216 1713 321 1739 Κέλσου
341 1713 510 1748 ἐγκλήματα.
529 1713 601 1748 Πλὴν
625 1712 736 1746 βελτίων
747 1713 761 1738 ὁ
779 1713 846 1748 μηδὲ
860 1713 910 1748 τὴν
935 1712 1023 1747 ἀρχὴν
1039 1711 1155 1746 δεηθεὶς,
1170 1711 1221 1738 κᾶν
1238 1712 1354 1747 ἐντυχὼν
1371 1713 1409 1748 τῷ
1424 1713 1526 1740 Κέλσου
1539 1714 1680 1750 συγγράμ-

48 1768 129 1795 tua,
148 1759 198 1794 τῆς
217 1760 285 1794 πρὸς
303 1759 367 1786 αὐτὸ
381 1759 436 1795 (89)
450 1759 596 1793 ἀπολογίας
606 1767 612 1773 ·
627 1759 685 1785 ἀλλ’
699 1759 908 1794 ὑπερφρονήσας
920 1760 1007 1786 πάντα
1024 1758 1057 1785 τὰ
1071 1759 1100 1784 ὲν
1118 1757 1156 1792 τῷ
1169 1757 1262 1793 βιῦλίῳ
1279 1759 1370 1791 αὑτοῦ,
1385 1759 1422 1791 ὡς
1437 1760 1482 1786 καὶ
1498 1760 1549 1786 ὑπὸ
1563 1761 1609 1786 τοῦ
1632 1769 1679 1787 τυ-

47 1806 146 1840 χόντος
171 1807 200 1832 ἐν
220 1806 330 1842 Χριστῷ
358 1806 464 1838 πιστοῦ,
492 1806 535 1832 διὰ
556 1806 587 1832 τὸ
606 1807 634 1832 ἐν
659 1806 734 1841 αὑτῷ
749 1807 870 1842 Πνεῦμα,
883 1807 1001 1840 εὐλόγως
1017 1805 1269 1841 καταφρονούμενοι.

89 1876 115 1892 ⁷⁸
132 1874 212 1903 Rom.
232 1883 288 1908 Σίν,
303 1877 329 1902 1.

47 1950 62 1976 ὸ
89 1947 371 1986 ψευδογραφῶν,οῦτε
392 1948 422 1980 ἐξ
437 1949 587 1986 ἐνξῑόξων...
616 1950 660 1985 Τῷ
688 1950 743 1986 γὰρ
767 1951 784 1985 ἢ
806 1951 839 1977 τὰ

70 1983 399 2020 μικύκλια-περιγράερειν
414 1983 450 2018 μὴ
463 1984 500 2015 ὡς
515 1985 564 2016 δεῖ,
580 1985 595 2019 ἧ
611 1983 743 2020 γραμμάς
765 1983 841 2016 τινας

67 2017 183 2055 γεω-μὴ
201 2018 238 2049 ὡς
254 2018 286 2055 ἂν
303 2017 459 2055 ἀχθείησαν,
475 2019 528 2055 τὸν
539 2017 743 2055 παραλογίσμὸν
759 2021 843 2046 ποιεῖ-

48 2062 108 2080 ται.
129 2053 187 2079 lloc
209 2057 251 2079 est
275 2053 421 2086 interprete
436 2053 549 2080 Boethio
565 2053 601 2080 :1
620 2054 686 2081 Nam
696 2053 790 2088 neque
807 2062 840 2081 ex

49 2089 128 2115 veris
147 2092 172 2114 et
204 2087 418 2122 primisﬂcolligit
445 2088 681 2122 pseudographus,
710 2087 797 2122 neque
808 2096 842 2116 ex

49 2122 279 2158 probabilibus...
294 2121 359 2148 Nam
375 2130 407 2148 eo
422 2123 494 2156 quod
517 2121 563 2149 aut
580 2121 767 2150 sémicirculos
793 2124 842 2150 de-

49 2157 164 2188 beribit,
187 2165 240 2183 non
260 2161 288 2192 ut
311 2161 430 2190 oportet,
453 2161 500 2183 aut
523 2158 607 2184 lineas
629 2158 734 2192 aliquas
757 2158 841 2189 ducit,

50 2200 108 2218 non
128 2196 159 2217 ut
172 2191 301 2218 ducenda:
316 2195 390 2222 sunt,
412 2192 622 2225 paralogismum
646 2191 722 2218 facit.
742 2201 752 2218 ι
770 2192 841 2219 Idem

50 2235 59 2254 ι
74 2226 224 2260 Sep/(istic.
241 2225 352 2261 elenrh.,
368 2233 428 2260 cap.
448 2225 477 2252 ll
496 2227 541 2252 :‘0
559 2226 588 2252 δὲ
607 2227 740 2261 ὲριστιχὸς
755 2226 842 2261 (alias,

50 2261 219 2296 σοφιστικός
228 2266 261 2296 et;
269 2260 505 2296 παραλογιστικός)
523 2261 580 2287 ἐστί
597 2260 655 2292 πως
669 2261 754 2292 οὕτως
774 2260 843 2296 ἔχων

50 2297 126 2331 πρὸς
149 2296 197 2322 τὸν
212 2294 389 2331 διαλεκτικὴν,
407 2295 445 2331 ὡς
468 2297 481 2321 ὁ
497 2294 684 2331 ψευδογράφος
713 2294 844 2330 mea»;

51 2329 254 2366 γεωμετρικόν.
339 2329 393 2365 γὰρ
408 2330 461 2366 τῷν
477 2331 564 2366 αὐτῶν
622 2329 776 2366 διαλεκτικῇ
794 2339 844 2366 πα-

54 2364 214 2400 ραλογίςὲι,
240 2364 364 2400 καθξιπερ
388 2365 434 2400 καὶ
460 2366 474 2391 ὁ
495 2364 681 2400 ψευῶγράφος
709 2365 776 2398 πρὸς
800 2365 844 2400 τὸν

52 2399 229 2440 γεωμέτρην.
243 2399 323 2439 "AUC
342 2401 355 2425 ὁ
372 2399 420 2433 μὲν
442 2400 491 2440 οῦκ
509 2399 713 2440 ,ἐριστικοί-ὅτι
735 2401 776 2440 ὲκ.
790 2399 843 2425 τῶν

53 2433 149 2469 ἀρχῶν
167 2433 216 2461 iui.
223 2433 278 2460 τῶν
293 2433 535 2469 συμπερασμάτων
548 2434 602 2460 τῶν
619 2435 671 2461 ὑπὸ
688 2434 736 2469 τὴν
749 2434 845 2468 τέχνην

52 2466 277 2504 ψεῦδογραφεῐ...
293 2466 347 2494 οἷον
359 2470 373 2494 ὁ
386 2466 607 2504 τετραγωνισμὸς
629 2471 643 2495 ὁ
661 2466 769 2504 μὲν’διὰ
780 2466 845 2494 ’τῶν

56 2504 199 2524 ιιηυίιτΊι-ιν
211 2504 261 2524 m'nr
277 2503 420 2524 ἐηινττιιιῆε
440 2503 494 2524 Ηηρ
511 2508 550 2524 ραι
565 2505 659 2524 multum
676 2505 823 2524 inlarnrale
837 2510 843 2524 Ξ

54 2503 199 2538 μηνίσκων
211 2504 262 2529 οὑκ
277 2503 421 2538 ἐριστικός.
439 2503 494 2530 Hoc
511 2508 553 2530 est
565 2503 666 2531 eodem
675 2505 823 2538 interprete
836 2510 843 2528 :

57 2547 65 2562 ι
83 2539 264 2565 Contentiosa
281 2545 345 2564 vero
360 2538 470 2571 (oratio)
486 2544 528 2565 est
547 2539 748 2573 quodammodo
762 2538 802 2565 sie
817 2545 846 2564 se

55 2573 163 2600 habens
175 2573 208 2608 ad
221 2573 404 2605 dialecticam,
418 2577 447 2598 ut
460 2573 667 2608 pseudographa
689 2573 722 2600 ad
735 2579 844 2607 geome-

55 2608 165 2636 tricam.
179 2607 249 2635 Nam
264 2615 299 2634 ex
311 2607 412 2635 eisdem
424 2607 593 2635 contentioSa
608 2612 688 2642 atque
704 2607 846 2635 dialectica

897 1950 1018 1984 captiose
1030 1948 1130 1983 decipit
1142 1952 1171 1974 ut
1186 1952 1212 1975 et
1224 1947 1428 1984 pseudographa
1444 1947 1615 1984 geometrice.
1627 1946 1680 1974 Sed

899 1981 954 2011 huic
966 1984 1073 2018 quidem
1090 1981 1140 2009 non
1160 1981 1325 2018 contentiosa
1341 1981 1402 2014 quia
1422 1988 1456 2008 ex
1486 1981 1628 2018 principiis
1651 1987 1680 2008 et

894 2016 1114 2046 conclusionibus
1128 2025 1188 2051 qme
1204 2022 1266 2043 sunt
1283 2016 1333 2043 sub
1345 2020 1413 2046 arte.
1430 2016 1676 2050 pseudographiam

894 2053 993 2080 facit...
1008 2058 1036 2079 ut
1049 2050 1217 2086 quadratum
1233 2051 1341 2086 quidem
1360 2057 1420 2084 qua:
1435 2050 1612 2086 perlunulas,
1627 2059 1678 2086 nou

894 2084 1073 2115 contentiosa.
1092 2096 1101 2112 ι
1120 2084 1273 2114 Notandum
1291 2085 1378 2112 obiter
1406 2086 1456 2112 hoc
1482 2084 1540 2111 loco
1563 2085 1679 2111 mentio-

895 2130 955 2149 nem
988 2123 1043 2149 [ieri
1071 2122 1104 2148 de
1125 2125 1263 2151 tantopere
1288 2120 1430 2146 decantata
1455 2119 1498 2145 illa
1518 2119 1625 2152 circuli,
1651 2124 1680 2146 ut

894 2158 980 2189 aiunt,
992 2156 1171 2190 quadratura.
1189 2162 1270 2190 quam
1283 2158 1404 2190 veterum
1423 2153 1545 2190 nonnulli
1563 2161 1576 2180 a
1595 2154 1680 2190 seriu-

895 2187 1007 2218 venta'm‘
1024 2187 1206 2224 iactitabant;
1224 2189 1270 2216 sed
1295 2195 1330 2224 ex
1348 2187 1502 2224 ‘Aristotele
1523 2193 1598 2222 patet
1620 2189 1680 2224 illos

895 2226 979 2254 meris
997 2222 1060 2252 usos
1077 2225 1160 2251 fuisse
1179 2222 1381 2256 paralogismis.
1399 2227 1436 2255 et,
1455 2227 1485 2248 ut
1507 2224 1540 2249 ad
1563 2231 1620 2250 rem
1640 2223 1679 2249 lo-

894 2268 974 2294 quar,
987 2262 1043 2291 τοῖς
1055 2257 1348 2294 ψευδογραφουμὲνοις.
1364 2257 1460 2294 Alia_si
1483 2258 1561 2294 cupis
1574 2258 1680 2294 Aristo—

896 2291 956 2322 t'elis
971 2291 1274 2323 testimonia,euuident
1286 2293 1346 2318 vide
1360 2299 1408 2319 vm
1425 2291 1526 2326 Topic.,
1543 2300 1603 2326 cap.
1618 2292 1628 2318 1
1654 2297 1681 2318 et

896 2330 940 2356 10.
958 2329 1091 2356 Caeterum
1108 2327 1220 2354 Guietus
1238 2334 1290 2353 non
1306 2327 1377 2360 cepit
1399 2327 1470 2353 hunc
1496 2326 1630 2361 ()rigenis
1645 2329 1681 2352 lo-

896 2371 956 2390 cum
972 2363 1016 2390 ubi
1047 2369 1094 2396 pro
1107 2360 1375 2396 ψευδογραφούμενον
1397 2362 1510 2395 putabat
1535 2360 1679 2396 legendum

896 2371 956 2390 cum
972 2371 1016 2390 um
1047 2371 1094 2396 pro
1115 2371 1375 2396 ἐυοῡγραφουμενον
1397 2371 1510 2395 putabat
1535 2371 1679 2395 tegettuuttt

895 2371 1186 2432 deuSoypaqaoupZawv,
1197 2403 1323 2429 tanquam
1331 2396 1464 2430 glossema
1472 2394 1681 2430 praecedentium

896 2431 950 2459 τῶν
961 2431 1143 2467 ψευδομένων.

934 2489 990 2525 (88)
1013 2489 1131 2520 Κέλσῳ.
1157 2487 1202 2525 Sic
1224 2487 1303 2525 codd.
1324 2486 1561 2525 ‘Begtholianus,
1579 2485 1681 2525 etuti-uo

898 2520 1041 2560 Anglicani
1055 2530 1170 2560 quorum
1183 2523 1263 2549 lectio
1275 2521 1494 2560 melior-videtur
1512 2520 1597 2560 altera
1609 2520 1681 2546 Κέλ-

899 2556 1019 2593 aou'quze
1034 2556 1140 2585 in’aliis
1152 2564 1215 2584 mss.
1230 2562 1258 2583 et
1275 2556 1339 2584 libb.
1356 2556 1435 2583 editis
1450 2556 1592 2590 reperitur.

937 2605 991 2640 (89)
1009 2604 1100 2632 Codex
1114 2603 1195 2638 Reg.,
1209 2603 1257 2638 τῆς
1269 2602 1336 2638 πρὸς
1350 2601 1445 2636 αὑτήν,
1462 2600 1540 2628 male.

560 2717 1132 2738 ..ΛΟ-οὓς*

139 2857 278 2887 ΡΑτιιοι.
301 2857 358 2886 Gn.
377 2855 432 2886 XI.
