1843 3076
172 109 226 137 679

210 166 289 202 331
308 166 353 194 15.
373 164 506 199 Quoniam
519 171 584 192 vero
599 168 728 200 tanquam
746 173 760 193 a
775 165 868 192 multis
878 165 958 192 Chri-
973 167 996 194 Α

175 212 276 240 stianis
290 214 452 245 usurpatum
467 210 562 237 Celsus
582 211 674 245 posuit
689 210 760 238 istud
780 220 787 238 :
807 219 815 236 ι
833 210 901 237 Mala
916 218 959 237 res

177 263 220 285 est
237 257 262 283 in
280 257 330 283 hac
348 256 402 282 vita
426 255 577 289 sapientia;
593 255 663 282 bona
684 259 774 282 autem
797 255 926 288 stultitia;
946 265 956 282 ›

177 300 393 336 respondendum
422 299 568 326 adulterari
584 301 618 327 ab
638 307 670 327 eo
694 300 770 327 Pauli
794 301 895 332 locum,
911 308 960 328 nec

176 347 234 380 ipsa
250 345 331 372 verba
349 344 458 376 referri,
473 352 532 379 qua:
545 345 585 372 sic
601 345 720 372 habent:
737 354 746 370 ί
764 344 792 372 Si
805 345 867 379 quis
883 345 959 372 vide—

176 396 220 418 tur
245 391 314 418 inter
340 397 388 417 vos
417 390 526 425 sapiens
544 398 610 417 esse
621 390 647 417 in
669 391 720 418 hoe
734 391 843 423 Stertinio,
861 391 960 418 stultus

175 435 222 462 liat
240 440 269 462 ut
284 435 321 462 sit
335 435 454 470 sapiens.
474 436 613 470 Sapientia
641 436 713 463 enim
746 437 826 472 hujus
854 437 957 470 mundi,

175 482 292 509 stultitia
302 486 344 509 est
360 482 429 516 apud
443 483 568 511 Deum".
583 492 591 508 ι
605 483 676 516 Ergo
685 491 737 510 non
751 483 911 518 simpliciter
922 483 960 510 ait

174 527 320 562 Apostolus
349 526 511 561 sapientiam
534 535 596 554 esse
617 528 762 554 stultitiatn
777 528 846 562 apud
863 528 958 560 Deum,

175 574 222 600 sed
235 572 396 606 sapientiam
413 572 491 606 hujus
511 573 616 600 mundi.
630 573 725 607 Neque
739 574 803 600 dicit
827 574 959 608 simplici-

175 619 235 642 ter:
251 615 279 641 Si
294 615 355 649 quis
370 616 568 651 videtur'inter
586 624 632 644 vos
646 624 709 644 esse
727 618 847 652 sapiens,
862 618 960 646 stultus

176 659 236 692 ﬁat;
254 660 312 692 sed,
330 660 427 687 stultus
448 660 494 687 ﬁat
511 662 537 687 in
554 661 604 688 hoc
619 662 728 695 saeculo,
745 668 776 690 ut
790 663 825 690 sit
840 664 958 698 sapiens.

176 705 343 740 Sapientiam
360 707 442 739 igitur
457 706 537 740 hujus
559 707 650 733 saeculi
670 707 786 735 dicimus
797 716 856 736 earn
874 708 960 742 philo-

176 753 310 786 sophiam,
326 760 386 786 qua:
408 751 484 779 falsis
509 753 684 786 opinionibus
700 758 757 780 tota
770 754 849 788 plena
865 758 916 788 est,
932 759 960 781 et

175 805 235 832 qum
262 798 409 825 secundum
441 798 597 832 Scripturas
627 799 731 826 inutilis
745 803 772 826 et
793 806 959 833 supervacua

176 843 309 870 redditur.
321 843 377 871 Nec
392 845 475 871 etiam
489 844 634 872 stultitiam
653 853 781 872 vocamus
798 845 958 880 simpliciter

174 889 289 922 bonam;
307 890 354 916 sed
371 897 442 923 eam,
453 898 505 924 qua
517 890 577 924 quis
591 890 653 917 huic
664 891 763 918 smculo
775 891 873 918 stultus
884 891 959 918 vide-

176 939 244 961 tur:
263 942 317 968 quo
340 943 422 962 sensu
445 935 615 962 Platonicum
636 936 681 969 qui
707 937 824 962 animam
849 936 959 962 immor-

176 979 267 1012 talem,
283 987 399 1015 eamque
413 988 428 1008 e
443 988 559 1016 corpore
573 982 600 1008 in
621 981 693 1008 aliud
706 989 806 1016 corpus
824 981 958 1016 emigrare

174 1025 273 1056 credit,
289 1026 401 1053 stultum
415 1034 477 1053 esse
485 1028 659 1061 [diceremus,
672 1031 802 1061 quantum
827 1027 859 1053 ad
888 1026 960 1053 Stoi-

173 1079 231 1106 cos,
254 1073 452 1108 Peripateticos
471 1078 498 1101 et
518 1074 682 1108 Epicureos;
710 1074 816 1101 Stoicos
837 1073 957 1108 quidem,

174 1120 220 1153 qui
244 1119 336 1146 insece
360 1120 484 1154 dogmata
509 1120 670 1152 exsibilant;
687 1120 896 1155 Peripateticos.
912 1119 958 1154 qui

177 1165 300 1192 Platonis
339 1166 460 1200 argutias
484 1165 626 1198 derident;
653 1166 799 1200 Epicureos
829 1165 957 1199 denique,

174 1211 273 1245 quibus
288 1211 470 1245 superstitiosi
483 1215 549 1238 sunt
561 1211 578 1238 ii
591 1211 639 1246 qui
653 1211 799 1238 admittunt
813 1210 959 1245 providen-

175 1258 240 1284 tiam
255 1256 393 1291 Deumquc
410 1258 492 1284 rebus
506 1257 633 1285 omnibus
647 1257 810 1291 praeﬁciunt.
824 1257 959 1284 Prmterea

173 1303 256 1330 etiam
272 1310 304 1330 ex
318 1308 409 1330 nostra
423 1303 546 1330 doctrina
566 1308 699 1338 praestare
713 1303 799 1330 multo
812 1303 917 1330 ratione
932 1308 959 1330 et

173 1349 306 1384 sapientia
331 1349 500 1384 persuaderi.
525 1357 606 1383 quam
623 1348 740 1382 simplici
776 1348 842 1380 lide;
868 1353 907 1382 et,
935 1349 957 1376 si

176 1396 293 1423 Verbum
319 1395 479 1430 quibusdam
506 1396 532 1422 in
560 1394 776 1422 circumstantiis
793 1399 958 1428 postremam

174 1441 245 1468 hanc
262 1441 334 1468 viam
352 1441 414 1467 iniri
438 1440 537 1473 voluit,
557 1441 609 1467 hoc
625 1439 726 1467 idcirco
739 1439 867 1473 voluisse,
882 1447 911 1468 ut
925 1450 959 1469 ne

174 1486 300 1513 homines
316 1493 377 1512 esse
393 1489 541 1523 pateretur,
559 1492 627 1518 quos
637 1491 689 1510 non
703 1484 855 1518 adjuvaret,
867 1486 957 1513 decla-
970 1503 991 1531 Ε

174 1536 217 1557 rat
247 1538 395 1564 germanus
422 1529 486 1557 Jesu
515 1530 664 1564 discipulus
687 1531 786 1557 Paulus
812 1539 872 1558 cum
900 1533 954 1559 ait:

175 1585 185 1602 α
203 1576 269 1603 Nam
287 1576 349 1610 quia
367 1576 393 1602 in
404 1575 450 1602 Dei
467 1576 600 1609 sapientia
623 1584 674 1602 non
689 1577 815 1611 cognovit
841 1578 956 1605 mundus

172 1630 222 1656 per
245 1621 408 1655 sapientiam
435 1621 536 1653 Deum;
563 1621 665 1655 placuit
679 1621 734 1648 Deo
746 1629 793 1656 per
812 1622 955 1649 stultitiam

173 1666 373 1701 praedicationis
392 1665 482 1692 salvos
504 1665 595 1692 facere
607 1666 751 1694 credentes
759 1667 793 1694 ⁸³.
813 1677 823 1693 ι
841 1667 880 1694 Ex
894 1668 955 1702 qui-

171 1712 222 1740 bus
238 1712 323 1746 liquet
337 1712 362 1738 in
379 1712 426 1739 Dei
441 1711 574 1746 sapientia
589 1712 672 1739 Deum
685 1713 838 1746 oportuisse
854 1720 956 1748 cogno-

172 1758 228 1787 sci:
243 1757 315 1791 quod
333 1757 396 1792 quia
414 1765 466 1784 non
483 1756 584 1784 factum
604 1761 656 1789 est,
679 1758 765 1785 visum
785 1763 877 1792 postea
901 1759 954 1786 Deo

171 1802 266 1835 fuisse,
281 1809 311 1830 ut
326 1803 418 1830 salvos
431 1802 537 1830 faceret
551 1803 704 1836 credentes,
723 1811 776 1830 non
792 1804 954 1839 simpliciter

170 1856 219 1883 per
250 1849 406 1882 stultitiam,
432 1850 480 1876 sed
508 1856 555 1883 per
579 1849 720 1876 stultitiam
743 1850 953 1884 praedicationis.

169 1895 248 1927 Quod
279 1894 351 1921 enitn
377 1893 457 1921 Jesus
472 1893 598 1921 Christus
617 1895 766 1922 cruciﬁxus
776 1896 954 1929 praedicatur,

170 1939 223 1966 hoc
240 1944 281 1966 est
307 1933 422 1966 stultitia
445 1939 657 1973 praedicationis,
679 1940 906 1974 quemadmodum
926 1944 955 1968 et

170 1984 238 2011 illud
254 1984 408 2018 intelligens
423 1984 521 2011 Paulus
537 1985 575 2012 ait
593 1994 599 2011 :
620 1995 629 2011 ι
648 1984 702 2012 Nos
717 1989 807 2012 autem
823 1986 954 2020 praedica-

169 2037 230 2057 mus
255 2029 345 2057 Jesum
365 2031 514 2064 Christum,
529 2038 645 2065 eumque
662 2030 838 2063 cruciﬁxum;
853 2030 954 2057 Judaeis

169 2075 277 2108 quidem
294 2075 463 2108 scandalum,
483 2075 585 2102 Graecis
602 2080 692 2102 atttem
709 2075 871 2107 stultitiam;
888 2074 953 2109 ipsis

169 2123 260 2145 autem
285 2120 390 2146 vocatis
405 2119 506 2146 Judmis
526 2125 608 2153 atque
624 2119 726 2147 Grzeeis
749 2119 888 2147 Christum
904 2119 951 2146 Dei

169 2165 303 2191 \‘irtntem
320 2170 346 2191 et
362 2165 407 2190 Dei
423 2165 628 2198 sapientiam“.
650 2173 659 2190 ι

203 2209 284 2244 332
305 2209 348 2236 M.
375 2209 442 2236 Cum
458 2209 551 2236 Celsus
567 2210 691 2237 nationes
712 2209 845 2244 plurimas
859 2210 953 2237 existi-

170 2260 225 2282 met
240 2255 352 2280 rationis
367 2253 486 2287 ejusdem
509 2256 623 2288 quadam
638 2255 799 2289 cognatione
811 2262 870 2281 esse
883 2262 951 2281 con-

204 2302 226 2318 ⁸²
240 2301 251 2327 l
265 2301 326 2329 Cor.
343 2308 383 2332 tu,
399 2301 498 2335 184“).
534 2301 557 2317 ⁸³
573 2301 580 2327 Ι
594 2301 654 2328 Cor.
668 2309 687 2332 ι,
700 2302 744 2327 21.

205 2358 260 2395 (59)
286 2359 385 2397 anes
396 2360 488 2397 Acodd.
513 2367 580 2397 mss.
602 2364 629 2397 et
654 2359 815 2397 Philocalia,
831 2363 858 2388 ὲν
873 2362 948 2397 ὑμῖν.

169 2393 604 2434 ‘l-laéschelius'etSpencerusuéz
619 2395 693 2434 ημῖν.
711 2395 794 2423 Paulo
807 2402 867 2430 post
885 2393 949 2424 Phi-

169 2430 263 2456 localia
280 2428 368 2464 μωρία
379 2429 436 2455 ἐστι
450 2428 524 2464 παρὰ
540 2429 578 2464 τῷ
586 2428 654 2464 Θεῷ,

205 2465 259 2498 (60)
273 2463 372 2491 Omnes
397 2463 495 2491 iterum
516 2463 579 2491 mss.
601 2470 627 2491 et
640 2463 802 2498 .Philocalia,
821 2466 849 2492 ὲν
873 2466 945 2500 ὑμῖν.

161 2499 250 2531 ﬁlias,
266 2500 294 2525 ὲν
308 2500 384 2533 ἡμῖν.

205 2535 261 2568 (61)
283 2532 331 2566 ’.ος
346 2535 372 2559 εὶ
387 2532 535 2568 λέγοιμεν.
552 2533 596 2560 Sic
614 2535 693 2562 codd.
707 2534 817 2568 Regius,
843 2534 945 2562 Basile-

167 2570 240 2595 ensis
258 2573 285 2595 et
309 2568 467 2599 Philocalta,
484 2569 583 2595 rectius
600 2576 678 2602 qnam
705 2570 799 2602 reliqui
818 2578 882 2596 mss.
900 2570 945 2603 qui

168 2610 228 2638 eum
255 2602 320 2630 libb.
346 2604 425 2630 editis
456 2604 565 2634 habent,
580 2603 645 2629 ὡσεὶ
673 2603 798 2638 λέγομεν,
818 2609 846 2630 et
869 2602 949 2638 quam

168 2637 220 2674 (lno
242 2638 383 2672 Anglicani
416 2638 441 2664 in
470 2638 568 2672 quibus
593 2639 700 2672 legitur,
723 2637 789 2665 ὡσεὶ
814 2637 948 2674 λέγωμεν.

167 2671 301 2708 Caeterum
319 2671 586 2707 transmigrationem
601 2671 751 2700 animarum
764 2682 779 2700 e
788 2671 950 2708 corporibus

215 2715 328 2766 corptbra
345 2708 422 2734 docet
434 2706 511 2735 Plato
533 2709 584 2735 sub
607 2708 688 2735 linem
712 2706 864 2744 praesertim
888 2709 949 2736 libri

204 2749 266 2766 Clllll
308 2749 320 2766 ι
341 2750 395 2766 rev.

204 2749 266 2767 Clllll
284 2749 320 2767 υε
341 2750 395 2768 νει).

204 2750 266 2767 cmn
284 2750 320 2767 uc
341 2750 395 2776 rep.

203 2775 260 2811 (θὲ)
279 2775 434 2811 1ἶ1ιίίοοιιιίο,
445 2776 592 2811 εἰληφέναι.

204 2809 260 2844 (63)
279 2809 445 2838 ΙΙοεεειιειίυε
460 2816 487 2839 et
498 2809 663 2846 Spencerus,
681 2812 772 2848 σαφῶς
787 2809 833 2839 οὖν
848 2812 888 2838 ἐτι
902 2811 946 2839 διὰ

900 106 1060 134 ORIGENIS

1753 107 1797 134 680

1060 163 1134 190 Ἐπεὶ
1143 163 1187 190 δ’ὁ
1198 163 1301 194 Κέλσος
1317 162 1414 198 ἔθηκεν
1424 162 1462 194 ὡς
1471 162 1616 197 λεγόμενον
1631 162 1686 188 ὑπὸ
1699 162 1798 190 πολλῶν

1010 209 1191 245 Χριστιανῶν,
1221 218 1230 234 ‹
1249 208 1340 234 Κακὸν
1371 207 1420 242 μέν
1441 215 1472 241 γε
1495 208 1511 242 ἡ
1534 209 1563 234 ὲν
1583 206 1623 242 τῷ
1643 206 1695 242 βίῳ
1712 208 1797 241 σοφία,

1010 255 1110 289 ἀγαθὸν
1127 255 1155 280 δὲ
1177 255 1194 289 ἡ
1211 253 1314 289 μωρία·
1342 263 1350 279 ι
1373 253 1492 284 λεκτέον,
1513 253 1553 279 ὅτι
1579 254 1746 286 συκοφαντεῖ
1760 253 1799 280 ’σὺν

1010 300 1097 334 λόγον,
1117 300 1154 335 μὴ
1171 299 1315 334 ἐκθέμενος
1329 298 1412 334 αὐτὴν
1428 298 1477 333 τὴν
1494 298 1569 333 παρὰ
1583 298 1623 333 τῷ
1638 298 1741 333 Παύλῳ
1754 307 1800 324 κει-

1012 347 1094 383 μένην
1117 346 1189 378 λέξιν
1214 345 1298 376 οὕτως
1331 344 1460 380 ἔχουσαν·
1483 353 1492 369 ι
1514 344 1548 370 Εἴ
1568 353 1611 375 τις
1630 344 1705 370 δοκεῖ
1726 344 1800 378 σοφὸς

1010 390 1079 419 εἶναι
1103 394 1132 419 ὲν
1159 391 1222 426 ὑμῖν
1240 390 1307 426 (59),
1326 391 1354 416 ὲν
1369 390 1409 425 τῷ
1423 390 1500 417 αἰῶνι
1521 390 1607 425 τούτῳ
1628 390 1721 425 μωρὸς
1731 390 1801 423 γενέ-

1011 438 1076 471 σθω,
1101 438 1145 464 ἵνα
1173 428 1293 472 γένηται
1310 437 1404 471 σοφός·
1426 437 1442 471 ὴ
1461 438 1516 472 γὰρ
1533 436 1615 470 σοφία
1631 435 1679 462 τοῦ
1697 436 1798 470 κόσμου

1009 483 1104 510 τούτου
1130 483 1219 518 μωρία
1237 482 1311 518 παρὰ
1334 481 1373 517 τῷ
1388 482 1447 517 Θεῷ
1464 482 1547 508 ἐστιν.
1569 492 1578 508 ι
1599 481 1706 508 Οὐκοῦν
1723 482 1738 507 6
1757 482 1801 517 μὲν

1016 529 1176 560 Ἀπύστολός
1190 537 1282 564 φησιν,
1295 528 1342 561 οὐχ
1361 527 1506 561 ἁπλῶς,’11
1523 527 1604 561 σοφία
1623 528 1715 563 μωρία
1731 529 1802 564 παρὰ

1009 574 1049 610 τῷ
1066 574 1126 610 Θεῷ
1157 575 1230 601 ἐστιν
1241 582 1248 589 ·
1274 574 1341 606 ἀλλ’,
1364 574 1396 600 Ἦ
1413 574 1492 607 σοφία
1508 572 1555 599 τοῦ
1571 573 1676 609 κόσμου
1697 574 1801 601 τούτου.

1010 621 1066 646 Καὶ
1082 620 1177 646 πάλιν·
1191 620 1250 651 οὐκ,
1263 612 1341 650 εἴτις
1356 619 1430 645 δοκεί
1444 619 1524 653 σοφὸς
1538 617 1607 645 εἶναι
1619 620 1648 645 ἐν
1663 618 1802 654 (apii/(60),

1011 664 1178 696 ἁπαξαπλῶς
1201 664 1290 699 μωρὸς
1306 663 1425 697 γενέσθω
1435 671 1442 677 ·
1461 663 1528 695 ἀλλ’,
1547 663 1576 689 ἐν
1593 663 1631 698 τῷ
1646 663 1726 689 αἰῶνι
1741 664 1803 690 τοὺ-

1011 719 1048 745 τῳ
1072 711 1161 745 μωρὸς
1183 709 1312 744 γενέσθω,
1337 709 1380 736 ἴνα
1395 709 1507 744 γένηται
1526 709 1618 743 σοφός.
1643 709 1744 743 Σοφίαν
1757 708 1803 736 οὖν

1010 755 1104 781 τούτου
1130 754 1176 780 τοῦ
1200 754 1297 785 αἰῶνος
1319 754 1432 789 λέγομεν
1457 754 1507 790 τὴν
1530 755 1599 780 κατὰ
1621 755 1672 786 τὰς
1693 755 1803 790 Γραᾳᾶς

1011 800 1234 836 καταργουμένην
1245 801 1333 826 πᾶσαν
1345 799 1552 834 ψευῶδοξοῦσαν
1563 799 1723 834 φιλοσοφίαν
1733 809 1739 815 ·
1755 801 1804 827 καὶ

976 834 997 863 Β
1013 834 1117 881 μωρίαν
1138 834 1251 880 λέγομεν
1264 845 1367 881 ἀγαθὴν
1385 845 1435 871 οὐκ
1449 845 1669 880 ἀπολελυμένους,
1684 845 1741 871 ἀλλ’
1757 846 1802 871 ὅτε

1008 900 1050 924 τις
1058 892 1095 926 τῷ
1104 892 1180 918 αἰῶνι
1196 891 1282 926 τούτῳ
1294 891 1399 924 γίνεται
1413 886 1503 926 μῶρός
1510 899 1517 905 ·
1528 891 1566 922 ὼς
1575 892 1599 916 εἰ
1608 891 1737 926 λέγοιμεν
1746 891 1802 925 (61)

1009 940 1055 965 καὶ
1084 939 1129 964 τὸν
1159 937 1341 968 Πλατωνικὸν,
1358 937 1520 963 πιστεύοντα
1545 938 1578 972 τῇ
1599 936 1736 972 ἀθανασία
1754 939 1803 973 τῆς

1008 983 1107 1018 ψυχῆς,
1125 983 1172 1010 καὶ
1188 984 1243 1014 τοῖς
1260 983 1322 1018 περὶ
1338 982 1421 1017 αὐτῆς
1441 982 1599 1017 λεγομένοις
1621 983 1686 1017 περὶ
1709 991 1803 1017 μετεν-

1010 1027 1208 1063 σωματώσεως,
1234 1028 1338 1062 μωρίαν
1371 1026 1544 1061 ἀνειληφέναι
1569 1026 1634 1061 (62),
1660 1027 1698 1058 ὡς
1735 1027 1803 1062 πρὸς

1008 1074 1070 1104 τοὺς
1085 1073 1229 1104 Στωϊκοὺς,
1248 1072 1424 1108 διασύροντας
1443 1073 1492 1108 τὴν
1509 1075 1611 1100 τούτων
1630 1073 1805 1106 συγκαταθε-

1009 1127 1067 1145 σιν·
1091 1119 1137 1146 καὶ
1159 1119 1197 1150 ὡς
1221 1119 1289 1154 πρὸς
1302 1119 1548 1154 Περιπατητικοὺς,
1565 1118 1748 1153 θρυλλοῦντας
1767 1119 1804 1145 τὰ

1008 1165 1150 1195 Πλάτωνος
1164 1165 1344 1200 τερετίσματα
1354 1173 1360 1179 ·
1375 1165 1421 1191 καὶ
1435 1164 1555 1199 ὡς-πρὸς
1578 1165 1801 1200 Ἐπικουρείους,

1008 1211 1218 1246 δεισιδαιμονίαν
1235 1210 1417 1245 ἐγκαλοῦντας
1426 1213 1482 1242 τοῖς
1496 1211 1638 1244 εἰσάγουσι
1661 1211 1802 1246 πρόνοιαν,

1008 1257 1055 1285 καὶ
1069 1257 1134 1284 Θεὸν
1147 1257 1272 1291 ἐφιστᾶσι
1288 1258 1344 1287 τοῖς
1355 1256 1435 1288 ὅλοις.
1451 1257 1510 1282 Ἔτι
1525 1256 1553 1282 δὲ
1573 1257 1613 1283 ὅτι
1625 1256 1672 1283 καὶ
1685 1257 1757 1283 κατὰ
1771 1257 1802 1282 τὸ

1007 1303 1045 1338 τῷ
1062 1303 1132 1338 λόγῳ
1143 1303 1268 1338 ἀρέσκον,
1281 1301 1370 1337 πολλῷ
1385 1302 1508 1337 διαφέρει
1524 1302 1591 1336 μετὰ
1602 1302 1681 1336 λόγου
1695 1303 1744 1329 καὶ
1757 1311 1802 1328 σο-

1009 1349 1074 1383 φίας
1098 1347 1342 1382 συγκατατίθεσθαι
1354 1349 1408 1379 τοῖς
1421 1347 1563 1382 δόγμασιν,
1579 1349 1650 1383 ἥπερ
1670 1349 1741 1382 μετὰ
1754 1348 1801 1381 ψι-

1008 1395 1056 1430 λῆς
1073 1395 1121 1430 rii;
1137 1394 1254 1425 πίστεως
1265 1403 1271 1408 ·
1288 1394 1334 1420 καὶ
1352 1394 1391 1419 ὅτι
1404 1393 1475 1420 κατὰ
1488 1393 1649 1428 περίστασιν
1666 1393 1714 1419 καὶ
1729 1393 1800 1419 τοῦτ’

1009 1438 1141 1474 ἐϐουλήθη
1169 1439 1183 1464 ὁ
1206 1438 1301 1472 Λόγος,
1320 1438 1363 1464 ἵνα
1390 1437 1426 1472 μὴ
1451 1437 1540 1471 πάντη
1559 1437 1709 1470 ἀνωφελεῖς
1732 1437 1800 1471 ἐάσῃ

1008 1484 1070 1514 τοὺς
1093 1483 1262 1518 ἀνθρώπους,
1284 1483 1359 1518 δηλοῖ
1379 1484 1393 1508 6
1409 1482 1455 1509 τοῦ
1473 1481 1560 1517 Ἰησοῦ
1579 1484 1689 1517 γνήσιος
1715 1482 1801 1518 μαθη-

1008 1529 1057 1564 τὴς
1073 1529 1188 1560 Παῦλος,
1207 1528 1306 1554 εἰπών·
1332 1537 1341 1553 ι
1368 1528 1476 1563 Ἐπειδὴ
1493 1522 1592 1563 γὰρῖὲν
1606 1528 1639 1562 τῇ
1656 1527 1740 1562 σοφίᾳ
1753 1528 1798 1554 τοῦ

1008 1573 1074 1600 θεοῦ
1104 1574 1153 1600 οὐκ
1179 1573 1248 1607 ἔγνω
1268 1575 1283 1599 ὁ
1309 1573 1410 1608 κόσμος
1419 1573 1462 1600 διὰ
1473 1573 1523 1608 τῆς
1539 1573 1635 1607 σοφίας
1652 1572 1698 1599 τὸν
1722 1573 1798 1603 Θεὸν,

1007 1619 1152 1654 εὐδόκησεν
1177 1619 1191 1644 6
1208 1618 1273 1649 Θεὸς
1295 1617 1339 1644 διὰ
1354 1618 1404 1652 τῆς
1423 1618 1527 1652 μωρίας
1553 1616 1601 1643 τοῦ
1621 1617 1799 1652 κηρύγματος

1009 1664 1093 1690 σῶσαι
1102 1664 1165 1695 τοὺς
1179 1663 1363 1695 πιστεύοντας.
1378 1674 1386 1688 ι
1398 1663 1494 1698 Σαφῶς
1508 1661 1555 1690 οὖν
1569 1663 1611 1690 ’διὰ
1624 1663 1728 1690 τούτων
1744 1665 1797 1698 (155)

1007 1707 1143 1742 δηλοῦται,
1162 1709 1203 1734 ὅτι
1233 1709 1262 1734 ὲν
1276 1710 1308 1744 τῇ
1328 1709 1409 1744 σοφίᾳ
1421 1709 1466 1735 τοῦ
1485 1709 1552 1735 Θεοῦ
1570 1710 1653 1745 ἐχρῆν
1665 1709 1797 1743 γινώσκε-

1008 1753 1069 1779 σθαι
1092 1754 1136 1780 τὸν
1151 1754 1226 1781 Θεόν.
1242 1754 1296 1780 Καὶ
1313 1755 1373 1780 ἐπεὶ
1389 1754 1426 1789 μὴ
1444 1754 1521 1780 τοῦτο
1533 1756 1681 1790 γεγένηται
1700 1756 1796 1787 οὕτως,

1007 1801 1133 1836 δεύτερον
1150 1801 1296 1836 εὐδόκησεν
1313 1802 1327 1827 6
1342 1800 1407 1832 Θεὸς
1424 1801 1509 1827 σῶσαι
1527 1802 1588 1832 τοὺς
1607 1801 1795 1833 πιστεὺοπας,

1005 1848 1055 1881 οὐχ
1078 1846 1244 1878 ἁπαξαπλῶς
1264 1846 1309 1873 διὰ
1333 1847 1446 1882 μωρίας,
1470 1845 1538 1872 ἀλλὰ
1555 1846 1598 1872 διὰ
1618 1847 1728 1882 μωρίας
1738 1848 1796 1873 ὅσον

1006 1893 1052 1919 ἐπὶ
1067 1892 1105 1927 τῷ
1122 1893 1278 1928 κηρύγματι
1293 1891 1358 1927 (64).
1386 1891 1504 1918 Αὑτόθεν
1519 1892 1572 1927 γὰρ
1590 1893 1795 1927 κηρυσσόμενος

1011 1938 1114 1974 Ἰησοῦς
1124 1939 1241 1974 Χριστὸς
1251 1938 1464 1973 ἐσταυρωμένος.
1476 1937 1566 1972 μωρία
1580 1938 1638 1964 ἐστὶ
1651 1938 1795 1974 κηρύγμα-

1004 1993 1063 2016 τοςθ
1085 1985 1122 2016 ὠς
1139 1985 1185 2011 καὶ
1208 1986 1222 2010 6
1240 1984 1446 2018 συναισθόμενος
1459 1983 1541 2010 αὑτοῦ
1557 1984 1632 2017 λέγει
1647 1984 1757 2016 Παῦλος
1767 1987 1795 2011 ἐν

1006 2031 1044 2065 τῷ
1054 2039 1060 2045 ·
1074 2040 1083 2056 ι
1104 2031 1199 2065 Ἡμεῖς
1214 2030 1242 2056 δὲ
1258 2030 1430 2065 κηρύσσομεν
1446 2029 1547 2063 Ἰησοῦν
1565 2030 1684 2064 Χριστὸν
1698 2031 1792 2057 ἐσταυ-

1006 2076 1127 2111 ρωμένον
1145 2076 1210 2111 (65),
1229 2075 1364 2107 Ἰουδαίοις
1382 2076 1430 2110 μὲν
1453 2075 1608 2107 σκάνδαλον,
1630 2076 1747 2111 Ἕλλησι
1768 2077 1794 2102 δὲ

1007 2121 1129 2156 μωρίαν·
1148 2122 1238 2152 αὐτοῖς
1264 2121 1292 2147 δὲ
1314 2122 1369 2151 τοῖς
1388 2121 1495 2155 κλητοῖς
1521 2121 1660 2153 Ἰουδαίοις
1686 2131 1717 2148 τε
1751 2122 1793 2149 καὶ

968 2170 990 2197 D
1006 2165 1116 2200 Ἕλλησι
1131 2166 1246 2201 Χριστὸν
1259 2165 1324 2191 Θεοῦ
1340 2165 1451 2200 δύναμιν
1469 2166 1514 2191 καὶ
1528 2165 1594 2192 Θεοῦ
1610 2167 1719 2200 σοφίαν.
1733 2178 1742 2191 ι

1041 2211 1202 2244 Συγγένειαν
1219 2210 1294 2246 παρὰ
1312 2211 1418 2242 πολλοῖς
1442 2210 1496 2236 τῶν
1519 2211 1603 2237 ἐθνῶν
1617 2212 1740 2247 νομίζων
1759 2211 1792 2238 εἷ-

1004 2265 1048 2282 ναι
1064 2257 1078 2282 ὁ
1094 2256 1195 2287 Κέλσος
1209 2257 1253 2282 τοῦ
1271 2256 1352 2282 αὑτοῦ
1374 2256 1463 2289 λόγου,
1481 2256 1568 2282 πάντα
1586 2257 1636 2291 μὲν
1666 2257 1792 2292 ὀνομάζει

782 2301 805 2317 ⁸⁵
820 2302 885 2328 Ibid.
899 2302 943 2334 25,
956 2302 1000 2329 24.

1002 2360 1114 2390 τούτων,
1138 2363 1165 2385 et
1190 2358 1270 2384 uncis
1298 2357 1436 2384 includunt
1462 2357 1622 2383 adverbium
1653 2357 1706 2390 ἔτι,
1721 2358 1793 2392 quod

1003 2402 1051 2421 nos
1067 2393 1256 2428 cxpunximus,
1267 2397 1358 2427 utpote
1371 2393 1442 2426 quod
1455 2392 1572 2418 abestab
1583 2393 1713 2420 onmibus
1725 2400 1791 2420 mss.

1003 2435 1029 2457 et
1044 2428 1198 2455 l’hilocalia.

1037 2463 1092 2499 (64)
1117 2463 1193 2499 μοι),
1214 2463 1282 2499 editi
1297 2466 1324 2488 et
1340 2469 1404 2489 mss.
1423 2461 1483 2488 Ἐπὶ
1501 2461 1673 2498 κηρύγματι.
1697 2461 1791 2488 Philo-

1000 2497 1087 2528 calia,
1098 2497 1143 2523 ἐπὶ
1158 2497 1197 2532 τῷ
1215 2497 1381 2532 κηρύγματι.

1037 2533 1090 2569 (65)
1099 2532 1128 2559 Li
1132 2533 1176 2569 bb.
1184 2531 1264 2569 editi,
1274 2531 1459 2569 Χριστὸνηκαὶ
1467 2531 1560 2569 τοῦτον
1567 2531 1789 2569 ἐσταυρωμένον.

1001 2566 1099 2595 Verum
1131 2567 1157 2594 in
1180 2567 1258 2594 codd.
1292 2567 1436 2597 Vaticanis.
1455 2567 1541 2592 tribus
1560 2566 1730 2600 Anglicanus,
1744 2566 1790 2591 Ba-

999 2603 1107 2630 stleensi
1120 2608 1147 2628 et
1164 2601 1311 2628 Philocalia
1328 2602 1413 2631 ιιι-ρει,
1426 2601 1472 2627 καὶ
1489 2601 1595 2627 τοῦτον.
1630 2600 1715 2627 Paulo
1728 2604 1789 2634 [rost

999 2637 1113 2673 Ἕλλησι
1131 2636 1159 2662 δὲ
1182 2636 1303 2673 μωρίανεν
1315 2636 1360 2673 Sic
1375 2636 1522 2663 Philocalia
1539 2641 1568 2673 et
1585 2643 1687 2673 omnes
1706 2638 1787 2662 conn.

1000 2669 1112 2705 mss.,'si
1131 2669 1271 2704 exc'eperts
1288 2671 1469 2697 Basileenscm
1491 2675 1518 2697 et
1529 2671 1598 2697 duos
1628 2669 1786 2697 Vaticanos.

997 2708 1042 2741 qui
1057 2707 1157 2734 habent
1168 2705 1268 2732 ἔθνεσι.
1280 2705 1452 2741 llqasehelius
1463 2713 1571 2739 quoque
1584 2705 1672 2741 habet
1684 2704 1787 2734 ἔθνεσι.

998 2739 1044 2768 ἔοι]
1062 2743 1094 2768 ad
1118 2741 1267 2774 marginem
1285 2739 1407 2775 Ἕλλησι.
1436 2739 1590 2775 Spencerus
1622 2740 1685 2768 vice
1708 2747 1785 2766 versa

997 2777 1024 2802 ’ln
1046 2782 1119 2803 textu
1137 2773 1258 2810 Ἕλλησι,
1275 2780 1300 2802 et
1328 2773 1492 2808 in'margine
1506 2773 1605 2802 ἔθνεσι.
