1843 3076
156 127 211 156 695

873 127 1034 156 ORIGENIS

1732 130 1776 159 696

160 196 202 215 res
222 197 316 217 omnes
328 193 454 218 evexerat
472 193 614 223 totumque
634 188 688 216 Deo
711 189 931 221 commiserat,ln

1022 189 1074 214 εὗεῐ
1088 188 1159 224 ψυχῇ
1181 187 1333 219 Μωῦσέως,
1351 189 1405 214 πᾶν
1420 188 1531 224 γενητὴν
1548 187 1775 223 ὐπεριναὸάντος,

159 233 295 262 habitasse
305 235 425 262 divinum
442 234 583 268 Spiritum,
597 234 642 268 qui
657 235 736 268 longe
751 234 851 262 clarius
862 242 942 269 quam

158 279 233 306 Plato
246 280 350 308 ullusve
371 288 386 308 e
411 280 514 308 Grmcis
526 285 573 306 aut
602 280 726 308 barbaris
743 280 824 316 338
835 281 942 315 sapien-

157 323 238 356 tibus,
256 331 300 352 res
318 325 425 352 divinas
446 325 612 352 exhibuerit.
629 325 706 358 Quod
721 326 743 352 si
760 326 911 360 poposcerit
928 333 942 352 a

157 369 232 397 nobis
260 371 397 398 rationem.
415 371 494 405 hujus
516 370 577 398 lidei
590 390 598 403 ,
616 372 712 398 reddat
728 371 786 406 ipse
804 371 878 406 prior
895 379 942 399 ra-

155 415 255 442 tionem
265 423 358 443 eorum
367 423 427 450 qua:
435 417 495 443 sine
507 415 562 442 ulla
579 417 740 444 auctoritate
751 417 861 451 protulit
870 425 878 450 ;
887 421 942 444 tum

153 467 204 487 nos
215 467 324 496 quoque
340 466 431 488 nostra
446 461 503 488 hate
514 460 550 488 ita
563 468 592 488 se
611 461 712 488 habere
723 461 906 496 probabimus.

187 548 233 576 20.
251 549 386 576 Caeterum
408 549 503 577 Celsus
527 549 567 576 rel
593 549 692 577 invitus
717 549 877 576 testiﬁcatus
902 554 944 576 est

153 594 331 621 recentiorem
348 602 411 622 esse
426 596 566 626 mundum.
582 596 695 622 necdum
704 596 797 623 decem
809 602 942 623 annorum

153 639 238 666 millia
267 640 454 674 complevisse,
477 649 537 668 cum
559 641 628 668 dixit
652 649 666 667 a
688 641 791 668 Graecis
814 648 859 669 res
882 641 944 668 illas

153 685 280 719 antiquas
291 685 454 719 existimari,
470 687 532 721 quia
552 691 664 722 propter
679 686 779 714 diluvia
796 691 823 714 et
843 685 944 714 conﬂa-

154 731 291 765 gratione;
316 738 396 758 nemo
419 732 589 766 antiquiores
620 731 688 759 vidit
712 737 759 758 aut
792 731 943 759 litterarum

155 777 338 804 monumentis
365 777 514 805 mandavit.
539 777 596 805 Sibi
625 784 692 804 vero
727 777 823 804 habeat
849 776 944 804 Celsus

156 825 301 859 magistros
314 825 347 852 de
360 824 618 860 conﬂagratiouibus
630 831 657 852 et
668 824 777 853 diluviis
790 824 943 859 Egyptios,

996 236 1044 261 καὶ
1063 235 1110 261 τοῦ
1125 234 1291 270 δημιουργοῦ
1308 234 1361 260 τῶν
1379 234 1446 262 ὅλων
1463 235 1558 262 ἑαυτὸν
1573 234 1774 270 ὲξαρτήσαντοςΔ

993 280 1240 315 ὲμπεπολιτεῦσθαι
1255 280 1365 316 Πνεῦμα
1381 280 1461 313 θεῖον,
1478 281 1566 316 πολλῷ
1588 281 1777 316 ἐναργέστερον

993 325 1146 357 Πλάτωνος,
1159 325 1206 352 καὶ
1220 324 1273 352 τῶν
1286 325 1352 359 παρ’
1366 325 1477 360 Ἕλλησι
1489 324 1536 351 καὶ
1550 325 1625 360 παρὰ
1639 324 1779 360 βαρϐάροις

993 369 1094 404 σοφῶν,
1108 369 1144 395 τὰ
1158 369 1206 395 τοῦ
1222 368 1289 395 Θεοῦ
1305 370 1530 404 παραστήσαντος
1543 369 1609 404 (97).
1624 370 1658 395 Et
1671 369 1693 395 δ’
1707 369 1770 395 dm:

992 417 1034 443 τεῖ
1051 417 1124 452 ἡμᾶς
1140 415 1237 450 λόγους
1253 415 1303 450 τῆς
1319 415 1446 450 τοιαύτης
1465 414 1592 447 πίστεως,
1609 415 1706 441 διδότω
1723 415 1782 449 πρό-

991 470 1072 497 τερος
1087 462 1153 497 περὶ
1173 459 1211 498 ὧν
1234 461 1316 492 αὐτὸς
1335 461 1534 492 ἀναποδείκτως
1550 461 1722 496 ἀπεφήνατο,
1741 461 1784 486 καὶ

994 507 1057 542 ὲξῆς
1070 507 1314 541 κατασκευάσομεν
1328 505 1363 533 τὰ
1377 506 1498 542 ἡμέτερα
1514 506 1591 533 ταῦθ’
1605 506 1695 536 οὕτως
1707 505 1782 540 ἔχειν.

1026 550 1101 584 Πλὴν
1136 550 1185 578 καὶ
1220 551 1296 579 ἄκων
1316 552 1440 578 ἐνέπεσεν
1452 552 1576 583 ὁΚέλσος
1591 552 1631 583 εις
1643 552 1675 578 τὸ
1688 560 1785 586 μαρτυ-

995 597 1052 632 ρεῖν
1068 596 1107 632 τῷ
1123 596 1254 632 νεώτερον
1274 593 1343 623 εἶναι
1359 596 1404 623 τὸν
1421 596 1532 631 κόσμον,
1549 597 1597 623 καὶ
1611 596 1723 623 οὐδέπω
1741 605 1787 631 μυ-

995 642 1060 678 ρίων
1073 641 1152 675 ὲτῶν,
1175 641 1261 668 εἰπὼν
1282 642 1330 669 καὶ
1347 642 1478 677 ’Έλληνας
1491 642 1578 669 ταῦτα
1594 642 1720 677 νομίζειν
1741 643 1787 677 ἁρ-

993 690 1067 723 χαῖα,
1086 688 1124 720 ὡς
1142 688 1316 724 πρεσὸύτερα
1338 687 1404 723 (98),
1421 687 1465 714 διὰ
1480 688 1543 719 τοὺς
1563 687 1786 722 κατακλυσμοὺς,

994 735 1041 761 καὶ
1057 734 1107 766 τὰς
1123 734 1294 770 ὲκπυρώσεις
1309 734 1340 760 οὐ
1361 734 1571 769 τεθεωρήκασιν,
1589 733 1646 759 οὐδ’
1664 734 1787 768 ἀπομνη-

995 778 1163 813 μονεύουσιν.
1191 779 1334 805 Ἔστωσαν
1355 778 1383 804 δὲ
1405 778 1444 813 τῷ
1468 778 1564 813 Κέλσῳ
1588 778 1638 805 τοῦ
1656 778 1724 813 περὶ
1739 778 1789 804 τῶν

994 822 1176 858 ὲκπυρώσεων
1197 823 1245 849 καὶ
1266 822 1457 856 ὲξυδατώσεων
1479 823 1563 858 μύθου
1589 823 1752 850 διδάσκαλοι
1766 824 1789 849 o!

153 869 200 904 qui
223 870 273 904 ipsi
295 871 419 897 videntur
445 871 567 898 onmium
593 870 800 906 sapientissimi.
830 869 931 904 Egregi:

1022 869 1052 894 ιτ*
1065 868 1147 895 αὐτὸν
1160 868 1475 903 σοφάηατοιᾍῐγύπτιοι,
1490 866 1527 896 ὦν
1539 869 1589 904 τῆς
1604 869 1706 903 σοφίας
1718 869 1790 903 ἴχνη,

154 915 258 942 scilicet
274 920 353 943 tantm
369 916 511 950 sapientia:
525 916 694 951 reliquerunt
709 915 832 950 vestigia,
853 914 899 949 qui
916 920 943 942 et

152 960 278 988 animalia
308 962 422 989 rationis
442 963 563 995 expertia
577 962 772 995 adoravernnt,
797 965 823 988 et
839 968 942 988 sermov

151 1007 230 1034 nibus
251 1007 366 1042 probare
381 1008 472 1034 conati
495 1011 557 1034 sunt
571 1007 672 1034 cultum
686 1007 726 1034 sic
739 1007 793 1034 Deo
813 1006 941 1033 tributum

151 1053 251 1081 rationi
265 1060 426 1088 congruere,
443 1057 470 1080 et
485 1053 595 1080 arcanis
610 1052 770 1086 quibusdam
792 1051 941 1079 abstrusis--

151 1106 205 1133 que
221 1100 372 1127 rationibus
389 1099 518 1127 stabiliri.
543 1099 582 1127 Ac
604 1098 722 1134 [Egyplii
744 1098 862 1131 quidem,
879 1105 940 1125 cum

151 1151 226 1171 suam
244 1145 289 1172 Dei
306 1145 411 1172 colendi
431 1145 562 1172 rationem
590 1145 616 1171 in
642 1144 764 1171 colendis
780 1143 941 1171 animalibus

152 1189 269 1225 positam
285 1191 427 1225 extollunt,
443 1191 581 1225 sapientes
591 1195 673 1218 sunt:
690 1194 718 1217 at
733 1190 755 1217 si
780 1190 842 1224 quis
852 1189 940 1217 Judae-
964 1223 969 1228 κ

151 1241 229 1260 urunt
255 1234 306 1268 legi
322 1233 525 1269 lcgislatoriqne
544 1234 696 1262 assentiens
710 1235 802 1262 omnia
828 1235 862 1261 ad
881 1235 940 1261 uni-

152 1286 290 1305 \ersarum
299 1286 388 1305 rerum
401 1280 570 1306 conditorem
584 1284 611 1306 et
628 1279 715 1308 solum
730 1279 812 1306 Deum
828 1278 939 1312 referat,

151 1325 229 1352 Celso
244 1327 358 1359 ejusque
370 1325 505 1353 similibus
518 1326 626 1353 videtur
637 1333 670 1353 eo
685 1333 745 1353 esse
755 1324 878 1356 inferior,
894 1325 939 1360 qui

152 1374 275 1398 naturam
295 1371 416 1399 divinam
446 1379 498 1398 non
526 1372 561 1399 ad
582 1371 754 1399 rationabilia
785 1376 888 1399 tantum
914 1376 940 1399 et

151 1418 276 1445 mortalia
291 1419 437 1450 animalia,
468 1419 516 1446 sed
539 1419 620 1446 etiam
644 1418 677 1445 ad
696 1425 728 1445 ea
752 1425 812 1453 quae
836 1417 940 1444 ratione

151 1468 257 1495 carent,
289 1464 414 1495 dimittit;
437 1464 508 1499 quod
536 1463 676 1497 impietate
710 1462 788 1497 longe
831 1467 941 1496 superat

152 1507 301 1536 fabulosam
327 1517 341 1536 ο
365 1509 525 1543 corporibus
562 1509 586 1535 in
616 1515 732 1542 corpora
761 1507 938 1542 transmigra-

152 1553 269 1586 tionem,
299 1562 350 1588 qua
390 1555 465 1581 lieret
494 1559 522 1581 ut
548 1555 638 1581 anima
658 1561 673 1581 e
703 1553 766 1581 cteli
782 1553 932 1581 fornicibus

151 1598 259 1633 delapsa
279 1599 305 1626 in
321 1600 414 1627 brutas
431 1600 581 1627 animantes
608 1605 661 1626 tam
678 1603 833 1626 mansuetas
856 1606 936 1633 quam

153 1644 227 1672 feras
237 1645 424 1672 descenderet.
443 1645 508 1672 Cum
527 1643 683 1680 bujusmodi
707 1645 811 1673 fabulas
827 1649 940 1672 narrant

152 1690 287 1726 Egyptii,
320 1691 446 1718 nimirum
474 1691 613 1718 recondita
649 1696 676 1719 et
697 1699 795 1718 arcana
826 1693 940 1719 scrutari

995 914 1079 948 ἄλογα
1093 914 1150 946 ζῶα
1164 915 1398 950 προσκυνούμενα,
1409 916 1456 941 καὶ
1468 915 1542 949 λόγοι
1553 916 1741 950 παριστάντες
1750 915 1791 941 εὖ-

995 960 1073 993 λογον
1087 957 1156 987 εἶναι
1175 961 1224 987 καὶ
1246 961 1488 997 ἀνακεχωρηκυῖάν
1506 970 1567 988 τινα
1584 961 1634 988 καὶ
1656 961 1791 996 μυστικὴν

995 1005 1042 1040 τὴν
1056 1005 1183 1041 τοιαύτην
1197 1005 1243 1032 τοῦ
1257 1006 1324 1032 Θεοῦ
1336 1007 1491 1042 θεραπείαν.
1504 1007 1564 1034 Κᾶν
1578 1008 1628 1042 μὲν
1645 1007 1791 1041 Αἰγύπτιοι

995 1050 1058 1086 περὶ
1073 1050 1127 1077 τῶν
1143 1051 1220 1083 ζώων
1238 1051 1415 1087 σεμνύνοντες
1431 1052 1532 1079 ἑαυτῶν
1545 1053 1592 1079 τὸν
1607 1053 1690 1087 λόγον
1707 1053 1792 1079 θεολο

992 1097 1055 1130 γίας
1064 1097 1176 1132 φέρωσι,
1189 1097 1266 1132 σοφοί
1278 1099 1346 1125 εἰσιν
1356 1106 1363 1113 ·
1373 1098 1420 1125 ἐὰν
1428 1098 1457 1125 δέ
1466 1089 1507 1130 τις
1514 1098 1568 1125 τῶν
1582 1099 1726 1125 Ἰουδαίων
1737 1099 1791 1133 (99)

995 1139 1250 1182 συγᾴκαταθέμενος
1262 1144 1336 1179 νόμῳ
1352 1144 1399 1171 καὶ
1415 1144 1547 1180 νομοθέτῃ
1561 1144 1652 1171 πάντα
1667 1145 1792 1181 ἀναφέρῃ

993 1189 1038 1216 ἐπὶ
1054 1189 1099 1216 τὸν
1113 1189 1168 1216 τῶν
1182 1189 1250 1216 ὅλων
1267 1189 1432 1225 δημιουργὸν
1447 1190 1493 1216 καὶ
1509 1190 1588 1224 μόνον
1603 1190 1683 1221 Θεὸν,
1701 1190 1791 1225 ἥττων

992 1233 1061 1261 εἶναι
1086 1235 1161 1270 παρὰ
1185 1235 1281 1270 Κέλσῳ
1303 1236 1348 1262 καὶ
1365 1237 1420 1267 τοῖς
1438 1235 1541 1271 ὁμοίοις
1557 1235 1634 1270 αὐτῷ
1651 1235 1790 1268 λογίζεται

992 1281 1038 1307 τοῦ
1062 1280 1099 1316 μὴ
1119 1282 1159 1311 εἰς
1183 1280 1279 1315 λογικὰ
1303 1281 1382 1316 μόνον
1397 1281 1444 1307 καὶ
1460 1280 1544 1315 θνητὰ
1561 1280 1629 1313 ζῶα,
1649 1280 1720 1307 ἀλλὰ
1743 1281 1790 1307 καὶ

992 1326 1031 1357 εἰς
1048 1326 1132 1359 ἄλογα
1150 1326 1316 1360 κατάγοντος
1334 1325 1381 1361 τὴν
1405 1325 1528 1361 θεότητα,
1551 1325 1622 1361 ὑπὲρ
1638 1326 1692 1361 τὴν
1711 1326 1789 1361 μυθι-

992 1371 1043 1407 κὴν
1057 1372 1299 1407 μετενσωμάτωσιν
1310 1371 1359 1406 (Ι),
1368 1371 1417 1406 τὴν
1430 1372 1494 1406 περὶ
1508 1371 1556 1406 τῆς
1567 1372 1724 1406 πιπτούσης
1737 1372 1790 1398 ἀπὸ

991 1417 1045 1444 τῶν
1060 1417 1161 1452 ἀψίδων
1178 1416 1224 1444 τοῦ
1240 1417 1356 1452 οὐρανοῦ
1373 1417 1461 1452 ψυχῆς
1478 1418 1524 1444 καὶ
1540 1417 1593 1449 ἓως
1607 1417 1664 1444 τῶν
1682 1418 1790 1452 ἀλόγων

992 1462 1079 1495 ζώων,
1092 1463 1123 1489 οὐ
1138 1463 1215 1498 μόνον
1235 1463 1355 1499 ἡμέρων,
1368 1462 1436 1489 ἀλλὰ
1448 1463 1495 1489 καὶ
1510 1463 1692 1499 ἀγριωτάτων
1706 1472 1790 1491 κατα-

992 1509 1146 1544 ϐαινούσης.
1164 1509 1220 1536 Καὶ
1236 1509 1283 1536 ἐὰν
1307 1509 1356 1544 μὲν
1376 1509 1519 1544 Αἰγύπτιοι
1536 1509 1720 1544 μυθολογῶσι,
1744 1519 1790 1537 π-

991 1555 1130 1582 στεύονται
1145 1554 1391 1590 πεφιλοσοφηκέναι
1408 1554 1441 1580 δι’
1457 1554 1592 1589 αἰνιγμῶν
1605 1555 1653 1580 καὶ
1666 1555 1790 1590 ἀπορρή-

991 1610 1044 1628 των
1055 1610 1061 1616 ·
1079 1601 1127 1628 ἐὰν
1140 1601 1168 1628 δὲ
1186 1601 1307 1635 Μωῡσῆς
1322 1601 1374 1635 ὅλῳ
1387 1600 1458 1627 ἔθνει
1475 1602 1643 1636 συγγράφων
1666 1602 1789 1637 ἱστορίας

994 1647 1041 1673 καὶ
1058 1647 1156 1681 νόμους
1168 1647 1258 1678 αὐτοῖς
1274 1646 1420 1682 καταλίπῃ,
1436 1645 1515 1681 μῦθοι
1530 1646 1604 1672 κενοὶ
1618 1646 1788 1681 νομίζονται,

996 1692 1057 1728 μηδ’
1074 1692 1237 1727 ἀλληγορῐαν
1251 1691 1437 1726 ἐπιδεχόμενοι
1450 1692 1474 1717 οἱ
1495 1691 1569 1725 λόγοι
1585 1691 1679 1718 αὑτοῦ.

152 1741 295 1771 putantur;
317 1745 384 1772 quas
399 1745 462 1765 vero
474 1738 611 1772 historias,
634 1746 700 1773 quas
714 1738 786 1774 leges
820 1739 868 1765 toti
887 1739 959 1773 genti
987 1738 1092 1774 Moyses
1118 1738 1234 1773 reliquit,
1257 1745 1295 1765 ea:
1321 1738 1444 1764 videntur
1475 1737 1569 1765 inanes
1594 1737 1707 1769 fabulae,
1738 1744 1787 1764 nec

152 1784 209 1818 ejus
233 1792 372 1812 sermones
396 1786 570 1820 ailcgorieunt
599 1793 708 1814 sensum
734 1790 862 1821 putantur
893 1786 1046 1813 admittere.

185 1829 231 1856 21.
246 1830 333 1865 Atque
361 1831 417 1858 haec
436 1832 505 1858 Celsi
524 1832 772 1867 Epicnrcorumque
800 1833 937 1859 sententia

151 1879 204 1902 est.
223 1875 289 1902 Nam
305 1875 341 1902 ait
354 1876 397 1903 ille
412 1885 418 1903 :
436 1887 444 1902 ι
459 1874 496 1904 Ex
515 1879 566 1906 hac
589 1878 723 1910 doctrina,
755 1885 836 1912 quam
860 1885 875 1904 a
895 1885 939 1905 sa-

152 1920 287 1952 |=ienlibus
320 1922 444 1956 gentibus
478 1923 644 1958 cruditisque
681 1923 747 1950 viris
777 1928 936 1957 acceperat,

151 1965 271 1992 divinum
304 1965 411 2001 Moyses
437 1973 599 1996 consecutus
634 1973 676 1996 est
706 1976 816 1996 nomen.
852 1978 861 1994 ι
887 1968 937 1996 Cui

152 2017 202 2045 ego
219 2019 227 2038 ε
251 2011 325 2044 Esto,
343 2012 449 2047 Moyses
468 2014 642 2041 vetustiorem
660 2013 812 2041 doctrinam
832 2022 865 2041 ex
880 2014 940 2042 aliis

153 2056 274 2083 auditam
305 2058 446 2086 tradiderit
472 2058 603 2086 Hebraeis.
632 2059 661 2087 Si
691 2059 806 2092 falsam,
828 2060 849 2087 si
872 2059 940 2087 nihil

152 2101 294 2134 gravitatis
314 2107 357 2129 aut
375 2103 513 2137 sapientia:
534 2104 675 2131 habentem
698 2111 732 2132 ex
744 2105 805 2132 aliis
820 2105 939 2132 auditam

154 2147 292 2180 suscepit,
315 2151 342 2173 ct
357 2148 389 2174 iis
399 2156 469 2182 quos
490 2149 620 2183 regebat,
642 2151 857 2181 commendavit,
882 2158 939 2176 Ine-

153 2193 207 2218 rito
221 2192 371 2227 culpandus
387 2199 444 2226 est;
465 2195 536 2229 quod
559 2196 599 2228 si,
616 2201 644 2223 ut
669 2197 709 2223 ais
736 2200 782 2229 tu,
806 2196 938 2230 sapientia

156 2244 276 2271 veraque
292 2239 393 2273 recepit
416 2240 552 2274 dogmata,
571 2246 597 2267 et
610 2248 687 2268 suos
707 2249 738 2269 ea
756 2241 859 2273 docuit,
874 2242 938 2275 quid

1026 1831 1111 1859 Τοῦτο
1135 1831 1187 1868 γὰρ
1208 1831 1304 1866 Κέλσῳ
1330 1831 1447 1862 καὶτοῖς
1477 1831 1677 1866 Ἐπικουρείοις
1701 1831 1785 1857 δοκεῖ.

995 1887 1003 1903 ι
1023 1877 1124 1905 Τούτου
1146 1876 1202 1909 οὖν,
1229 1878 1305 1912 φησι,
1334 1876 1380 1903 τοῦ
1401 1877 1480 1910 λόγου
1503 1876 1550 1903 τοῦ
1576 1876 1655 1912 παρὰ
1670 1877 1730 1907 τοῖς
1746 1885 1788 1902 σο-

992 1924 1053 1957 φοῖς
1083 1922 1171 1949 ἔθνεσι
1201 1923 1247 1948 καὶ
1273 1921 1426 1957 ἑλλογίμοις
1455 1921 1584 1957 ἀνδράσιν
1610 1921 1786 1956 communi-2;,

992 1968 1077 2003 όνομα
1093 1968 1229 2002 δαιμόνιον
1246 1967 1308 2002 ἔσχε
1325 1967 1453 2001 Μωῡσῆς.
1481 1976 1490 1992 ι
1508 1967 1563 1993 Καὶ
1577 1967 1647 2002 πρὸς
1665 1967 1745 1993 τοῦτο
1760 1967 1787 1992 δὲ

993 2013 1111 2045 λεκτέον,
1127 2012 1159 2039 ἵν’
1173 2012 1247 2047 αὐτῷ
1265 2011 1425 2047 συγχωρηθῇ
1443 2011 1560 2038 Μωῡσέα
1574 2012 1726 2047 ἀκηκοέναι
1737 2013 1787 2046 ἀρ-

992 2059 1132 2094 χαιοτέρου
1149 2058 1244 2092 λόγου,
1262 2058 1308 2085 καὶ
1327 2057 1419 2084 τοῦτον
1441 2056 1577 2092 Ἑϐραίοις
1594 2058 1788 2093 παραδεδωκέ-

993 2113 1051 2132 ναι·
1065 2105 1107 2130 ὅτι
1118 2104 1142 2130 ει
1155 2104 1204 2140 μὲν
1213 2103 1327 2138 ψευδοῦς
1338 2103 1417 2138 λόγου
1429 2104 1558 2135 ἀκούσας,
1572 2104 1620 2130 καὶ
1632 2104 1672 2138 μὴ
1686 2103 1769 2138 σοφοῦ
1779 2124 1786 2135 ,

997 2150 1062 2185 μηδὲ
1079 2150 1189 2185 σεμνοῦ,
1210 2149 1376 2185 παρεδέξατο
1392 2149 1474 2176 αὐτὸν
1497 2149 1543 2176 καὶ
1563 2149 1711 2184 παρέδωκε
1732 2151 1787 2181 tot;

995 2196 1041 2222 ὑπ’
1066 2195 1157 2227 αὐτὸν,
1174 2194 1304 2230 ἐγκλητός
1327 2195 1417 2221 ἐστιν’
1435 2196 1460 2221 εὶ
1480 2194 1513 2226 δ’,
1531 2195 1569 2226 ὡς
1583 2195 1616 2220 σὺ
1636 2195 1702 2229 φῂς,
1723 2203 1787 2228 συγ-

995 2240 1124 2268 κατέθετο
1136 2240 1251 2276 δόγμασι
1269 2241 1359 2274 σοφοῖς
1376 2241 1423 2266 xui
1439 2239 1561 2275 ἀληθέσι,
1577 2240 1625 2267 καὶ
1641 2240 1787 2267 ἐπαίδευσε

154 2282 220 2309 fecit
234 2283 376 2317 quodjure
391 2285 549 2319 reprehendi
566 2287 664 2321 queat?
682 2287 789 2314 Utinam
808 2287 931 2321 Epicuru:

1023 2286 1054 2316 ὺς
1070 2285 1186 2316 οἰκείους
1201 2285 1235 2311 δι’
1252 2284 1351 2317 αὐτῶν,
1364 2285 1389 2311 τί
1399 2294 1463 2311 ποτε
1477 2284 1514 2320 (ﬂ)
1527 2286 1696 2320 κατηγορίας
1713 2286 1789 2318 ἄξιον

164 2364 169 2369 .
188 2330 244 2369 (97_)_
265 2330 369 2369 Triae}?
384 2332 458 2359 Θεοῦ
473 2334 733 2367 adpetentem-tog.
754 2334 799 2361 Sic
822 2333 943 2361 Pliiloca—

153 2364 205 2404 lia_;
225 2365 395 2404 llcescheljns
407 2364 533 2404 antenrct
549 2364 760 2401 Spencerusfzi
773 2368 841 2395 Θεοῦ
858 2377 945 2404 παρα-

153 2401 309 2440 στῄσαντος.
332 2401 436 2440 Mallet"
453 2412 460 2429 ε
475 2403 514 2429 Τὰ
525 2439 528 2440 ν
541 2404 587 2430 τοῦ
609 2404 676 2430 Θεοῦ
701 2404 878 2440 παραστῆσαν
889 2401 904 2434 ,⁷
917 2408 945 2430 ut

153 2413 309 2435 υιιλῡανῖυς.
332 2413 436 2429 ιιιιυιειιι
453 2413 460 2429 2
480 2413 514 2429 ια
541 2413 587 2430 του
609 2413 676 2430 σεου
701 2413 737 2430 πα
757 2413 895 2439 αστησαν,
917 2413 943 2430 υι

152 2436 286 2474 t‘elerattttj
303 2438 480 2474 napaoeﬁaav
498 2439 530 2465 ad
557 2441 712 2473 prwccdcns
734 2413 845 2474 ﬁvsﬁtta
864 2440 943 2465 οεῖον.

155 2501 169 2510 τ
189 2471 244 2505 (98)
261 2471 307 2510 ’ῼς
321 2471 515 2510 πρεσϐύτερα.
528 2471 624 2502 Guicto
640 2471 814 2510 scribendum
827 2475 945 2510 videtur,

151 2506 190 2542 ὼν
206 2506 388 2542 πρεσϐύτερα,
404 2509 475 2542 quod
489 2514 516 2535 et
532 2509 596 2535 mihi
611 2509 723 2536 arridet.
740 2509 799 2535 Mox
820 2513 881 2542 post
899 2509 946 2534 καὶ

151 2540 206 2578 τὰς
219 2540 398 2578 ἐκπυρώέεις,
411 2540 463 2570 duo
482 2544 559 2570 codd.
575 2544 715 2578 Anglicani
729 2540 838 2575 habent,
852 2542 897 2574 οὓς
917 2543 946 2568 οὐ

152 2574 367 2614 τεθεωρήκασιν*
385 2580 449 2611 Reg.
467 2583 492 2604 et
513 2578 605 2610 Basil.,
618 2574 658 2605 ὀὗ
682 2579 712 2604 ού
735 2578 947 2614 τεθεωρήκασιν,

153 2611 252 2647 sicque
267 2611 397 2645 Julianus,
412 2614 456 2647 qui
480 2613 591 2647 insuper
603 2614 636 2640 ad
656 2614 804 2647 marginem
824 2611 909 2639 habet
928 2613 946 2638 ἃ.

153 2645 183 2686 ορ
211 2645 428 2708 τεθεωρίέασινξ
451 2645 620 2675 Huaselielius
645 2653 672 2674 et
689 2645 842 2682 spencerus
856 2655 944 2681 neque

153 2687 212 2708 ους.
227 2688 315 2708 neque
346 2702 353 2708 .
366 2690 453 2708 neuue
466 2681 496 2708 οὗ
510 2683 745 2708 exhibent.sieune
757 2682 851 2708 reliuui
861 2682 941 2708 codd.

153 2677 212 2710 οὓς,
227 2677 315 2714 neque
326 2677 353 2713 ἃ,
366 2690 453 2717 neque
466 2681 496 2710 οὗ
510 2677 745 2717 exhibent,sicqiie
757 2682 851 2716 reliqui
861 2677 941 2709 codd.

155 2721 219 2740 mss.
241 2722 308 2748 quos
325 2717 375 2742 hoc
393 2718 450 2743 loco
469 2719 618 2750 sequimur.

191 2750 245 2783 (99)
268 2750 338 2777 Ἐὰν·
351 2751 383 2777 δὲ
402 2760 446 2784 τις
461 2752 518 2778 τῶν
538 2753 693 2779 Ἰουδαίων.
717 2751 762 2779 Sic
784 2751 940 2778 Philocalia.

157 2782 326 2820 μων-ἥψω
339 2791 367 2812 et
388 2782 548 2820 Spénccius,
564 2788 611 2813 ἐὰν
633 2788 661 2813 δὲ
684 2789 698 2814 ό
723 2787 776 2813 τῶν
799 2786 940 2813 Ἰουδαίων.

155 2818 245 2844 Codex
259 2818 430 2851 Basilccnsis.
443 2821 489 2847 ἐὰν
504 2822 531 2847 δὲ
548 2824 560 2848 ὁ
577 2823 614 2856 τῷ
637 2822 780 2853 Ἰουδαίωί,
797 2829 847 2849 nOn
862 2822 940 2848 male.

996 2331 1077 2359 Paulo
1102 2338 1162 2366 post
1192 2331 1305 2364 Philum,
1334 2332 1496 2367 δημιουργὸν
1523 2332 1570 2358 καὶ
1595 2333 1675 2367 μόνον
1708 2334 1786 2360 Θεόν.

996 2367 1074 2402 Apud
1093 2367 1273 2402 Hmsclielinm
1290 2372 1317 2393 et
1333 2367 1498 2401 Spencerutn
1514 2368 1589 2394 deest
1608 2367 1665 2393 καί.

1033 2401 1072 2436 (1)
1094 2401 1178 2436 Ὑπὲρ
1205 2402 1262 2435 τὴν
1284 2402 1414 2436 μυθικὴν
1435 2401 1716 2436 μετενσωμάτωσιν.
1741 2401 1788 2429 Sic

997 2436 1145 2464 Philoealia
1160 2438 1353 2470 manuscripta,
1370 2442 1397 2464 et
1411 2445 1477 2464 sane
1492 2437 1608 2471 genuina
1626 2443 1668 2464 est
1691 2438 1784 2464 lectio.

999 2472 1101 2499 Sensus
1112 2472 1183 2498 enirn
1198 2472 1248 2498 hoc
1262 2472 1321 2498 loco
1337 2472 1358 2498 is
1373 2477 1424 2504 est,
1439 2471 1581 2506 [Egyptios
1593 2472 1639 2506 qui
1658 2478 1785 2499 naturam

999 2507 1115 2533 divinam
1129 2507 1227 2533 nonad
1240 2507 1410 2534 rationabilia
1424 2512 1527 2533 tantum
1541 2512 1569 2534 et
1584 2507 1723 2538 mortalia,
1738 2509 1786 2534 sed

996 2541 1078 2568 etiam
1095 2541 1129 2567 ad
1144 2541 1220 2568 bruta
1238 2542 1365 2567 animalia
1376 2542 1531 2572 demittunl,
1549 2542 1692 2575 impietate
1707 2542 1786 2576 longe

998 2576 1151 2611 superiores
1159 2584 1218 2603 esse
1227 2576 1259 2603 iis
1269 2576 1313 2609 qui
1324 2577 1429 2603 animas
1439 2576 1592 2611 solasjuxta
1602 2576 1785 2603 Platonicmut

999 2610 1129 2638 fabulosa:
1146 2611 1391 2646 transmigrationis
1407 2610 1528 2638 normam
1549 2619 1564 2637 e
1579 2612 1743 2643 cerporibns
1757 2612 1783 2637 in

998 2653 1111 2679 corpora
1123 2646 1205 2679 migra
1211 2654 1239 2672 re
1247 2650 1367 2673 censent.
1377 2646 1455 2672 Libh.
1463 2647 1539 2678 editi,
1550 2646 1597 2671 ἐπὶ
1607 2646 1657 2680 τὴν
1668 2645 1784 2680 μυθικὴν

999 2681 1249 2716 μετενσωμάτωσιν,
1259 2680 1400 2716 [’hiloealia
1410 2682 1551 2715 impressa,
1558 2681 1630 2715 ὑπὲρ
1636 2681 1686 2716 τὴν
1694 2681 1785 2707 αὐθεν-

997 2716 1074 2751 τικὴν
1096 2715 1346 2751 μετενσωμάτωοιν.
1368 2715 1452 2742 Paulo
1474 2720 1533 2750 post
1548 2717 1635 2742 codex
1659 2715 1782 2742 Julianus

997 2751 1030 2777 ad
1049 2752 1196 2784 marginem
1213 2752 1302 2783 habet,
1313 2751 1346 2777 δι’
1361 2751 1529 2785 αἰνιγμάτων
1545 2751 1592 2777 καὶ
1605 2751 1780 2786 ἀπορρήτων.

1032 2786 1069 2819 (‘2)
1089 2787 1118 2812 Τί
1133 2794 1213 2812 ποτε.
1229 2787 1255 2812 ln
1271 2786 1363 2812 codice
1377 2785 1521 2813 Basileensi
1538 2787 1613 2812 deest
1628 2786 1706 2817 ποτέ,
1725 2791 1781 2812 neo-

996 2830 1047 2849 non
1063 2823 1087 2847 in
1102 2822 1185 2849 tribus
1215 2821 1367 2858 Anglicanis
1385 2825 1410 2847 et
1423 2821 1525 2847 duobus
1540 2819 1692 2853 Vaticanis.
