1843 3076
187 117 239 145 715

908 114 1067 143 ORIGENIS
1732 119 1769 148 716

186 179 220 207 ad
233 178 350 206 nominis
363 177 548 205 celebritatem
562 184 569 209 ;
581 176 691 211 quando
710 183 773 204 vero
793 176 902 211 aliquis,
922 184 951 204 cu

1017 175 1205 210 ορεψαμένων,
1222 176 1267 204 καὶ
1279 175 1444 211 δυνηθέντων
1459 175 1595 207 ἀναλῶσαι
1610 175 1647 207 εἰς
1658 176 1770 206 παίδευσιν

185 224 243 251 haec
253 223 343 250 omnia
357 229 435 249 secus
453 221 636 256 contigerunt,
658 224 746 255 potest
760 228 775 247 e
796 225 835 247 tot
853 219 967 249 dillicul-

186 268 286 296 tatibus
304 267 337 294 ad
349 267 504 294 claritatem
518 273 668 301 emergere,
686 272 856 294 commovere
873 265 913 292 sui
927 264 967 291 l'a-

183 321 225 340 ma
250 311 417 339 audientium
446 311 561 343 animos,
593 311 650 339 ﬁeri
677 311 791 339 celebris
811 315 839 338 et
864 310 964 342 clarus,

181 359 308 392 famaque
318 358 360 385 sui
376 358 492 385 nominis
504 358 660 384 universum
682 358 776 385 orbem
796 356 909 391 implere
925 356 966 382 in-

180 404 260 432 solita
276 404 309 431 de
323 404 381 438 ipso
393 403 593 437 praedicantem,
611 403 672 437 quis
684 403 800 430 indolem
812 401 964 436 hujusmodi

179 453 275 484 sponte
285 453 312 475 et
322 455 355 475 ex
366 447 453 482 seipsa
467 455 636 483 generosam,
646 448 750 483 magnis
762 448 842 475 rebus
857 455 964 481 operam

179 493 299 526 dantem,
315 493 414 520 eximia
432 493 527 519 fiducia
543 493 681 527 praeditam
695 500 748 519 non
760 493 925 519 admiretur?
937 493 965 519 Si

177 538 239 573 quis
252 542 342 565 autem
362 538 446 565 altius
463 538 578 565 scrutari
595 537 670 570 velit,
692 545 780 565 annon
796 537 820 564 is
835 539 964 572 qumsitu--

177 590 225 610 rus
246 587 299 616 est,
318 590 436 617 quonam
452 583 531 610 modo
547 583 590 610 ille
606 590 686 617 parce
709 588 737 610 et
757 583 784 610 in
807 587 965 618 paupertate

176 629 317 662 educatus,
330 629 465 663 nullisque
479 629 635 656 liberalibus
658 629 807 664 disciplinis
832 629 963 663 eruditus,

176 675 253 702 rudis
273 678 300 702 et
320 675 461 709 imperitus
481 675 593 706 artium.
609 682 668 709 quae
682 679 745 702 sunt
761 675 793 702 ad
806 673 963 707 ﬂectendos,

176 721 380 754 demulcendos,
393 719 632 755 conciliandosque
646 721 698 748 sibi
718 721 836 755 plurium
856 721 964 748 audito-

175 773 237 793 rum
254 767 358 793 animos
383 766 576 799 accommodas,
605 773 750 801 aggressus
763 766 800 794 sit
826 773 896 793 nova
917 767 964 794 do-

175 816 266 846 gmata
277 811 458 846 promulgare,
469 812 676 845 doctrinamque
685 811 711 837 iu
722 818 806 846 genus
816 812 962 838 humanum

175 857 314 889 invehere,
330 864 388 891 qua:
406 861 433 884 et
454 856 609 884 Iudaeorum
639 858 718 889 ritus,
740 857 848 885 intactis
873 863 961 885 tamen

173 909 268 929 eorum
279 902 430 936 prophetis,
447 901 545 934 abolet,
564 907 591 930 et
611 904 730 930 maxime
752 902 910 930 Grzecorum
927 903 962 931 de

173 947 298 976 Numinis
323 949 400 976 cultu
427 948 500 983 leges
517 949 634 976 evertit?
651 949 703 982 Qui
720 949 779 977 ﬁeri
802 950 901 985 potuit,
932 955 963 977 ut

173 994 244 1022 idem
264 994 309 1022 ille
331 995 370 1022 sic
391 994 542 1027 institutus,
560 995 684 1030 nihilque
704 1003 842 1031 magnum,
861 1001 891 1023 ut
908 995 960 1030 ipsi

172 1039 230 1073 ejus
244 1040 442 1068 obtrectatores
451 1040 627 1071 confitentur,
646 1041 680 1068 ab
703 1041 813 1068 homine
837 1041 958 1075 edoctus,

172 1085 206 1114 de
225 1085 273 1113 Dei
287 1085 401 1119 judicio,
428 1086 462 1113 de
485 1086 630 1112 criminum
646 1087 746 1120 poenis,
772 1086 806 1113 de
830 1087 958 1114 virtutum

171 1132 294 1166 praemiis
310 1133 373 1159 talia
388 1137 499 1167 tamque
515 1140 568 1160 non
584 1133 782 1159 contemnenda
800 1132 958 1165 dissereret,

172 1182 203 1205 ut
219 1184 273 1204 non
287 1182 409 1212 agrestes
427 1178 508 1205 modo
519 1182 546 1205 et
563 1177 729 1210 illitteratos,
745 1177 791 1205 sed
806 1178 887 1204 etiam
905 1184 957 1204 non

171 1230 273 1256 paucos
287 1230 318 1250 ex
341 1223 375 1250 iis
397 1223 430 1250 ad
455 1231 484 1250 se
500 1222 631 1256 alliceret,
650 1223 696 1257 qui
713 1223 835 1250 acutiore
850 1223 959 1257 ingenio

171 1272 250 1294 erant
275 1272 302 1294 et
326 1270 451 1302 poterant
472 1275 572 1295 arcana
599 1267 776 1302 perscrutari,
801 1275 860 1302 quae
879 1268 958 1295 rebus

171 1313 264 1348 specie
278 1313 431 1346 vilioribus,
450 1318 480 1340 ut
497 1314 534 1340 ita
547 1313 648 1345 dicam,
663 1313 737 1340 velut
754 1313 873 1341 involuta
891 1313 958 1340 latc-

170 1358 257 1385 bant‘l
269 1358 347 1393 Apud
361 1358 500 1385 Platonem
510 1365 570 1385 cum
584 1358 726 1393 Seriphius
740 1358 848 1392 quidam
861 1365 957 1393 expro-

170 1403 278 1431 brasset
288 1402 463 1431 Themistocli
478 1402 581 1430 bellica:
592 1403 701 1430 virtutis
711 1403 797 1437 gloria
811 1403 957 1430 celeberri-

169 1455 226 1481 mo,
248 1449 320 1483 quod
346 1455 400 1475 non
422 1448 532 1482 propria
559 1448 660 1475 virtute
687 1448 858 1482 splendorem
884 1453 957 1475 esset

1016 221 1149 253 τοῦ,υῑοῦ,
1165 222 1211 248 καὶ
1223 223 1321 256 πατρὶς
1336 222 1438 257 μεγάλη
1456 230 1497 253 τις
1509 219 1575 248 οὖσα
1594 222 1640 248 καὶ
1653 222 1768 257 ἐπίσημος·

1016 267 1079 293 ὅταν
1093 266 1121 292 δὲ
1139 267 1225 293 πάντα
1244 267 1277 293 τὰ
1297 267 1401 298 τούτοις
1421 267 1528 293 ἐναντία
1547 266 1614 301 ἔχων
1628 275 1667 297 τις
1681 267 1770 303 δυνηθῇ⁹

1018 312 1176 346 ὑπερκύψας
1188 312 1221 338 τὰ
1234 312 1410 347 ἐμποδίζοντα
1422 313 1515 344 αὑτὸν,
1527 312 1672 347 γνωσθῆναι
1683 313 1722 339 καὶ
1732 315 1771 339 σεῖ-

1017 364 1061 382 σαι
1081 357 1142 387 τοὺς
1160 357 1222 391 περὶ
1237 357 1318 383 αὑτοῦ
1335 358 1492 388 ἀκούοντας,
1509 357 1555 383 καὶ
1571 357 1690 390 γενέσθαι
1705 358 1772 392 ἐμφα-

1016 402 1064 437 νὴς
1083 402 1129 428 καὶ
1145 402 1222 437 δῆλος
1229 403 1302 429 οἱκου
1307 403 1372 438 μένῃ
1383 403 1441 438 ὅλῃ,
1452 402 1486 429 τὰ
1495 402 1607 437 ἀνόμοια
1614 401 1719 438 λεγούσῃ
1726 403 1773 437 περὶ

1016 448 1111 474 αὐτοῦ·
1130 448 1188 479 πῶς
1199 449 1228 474 οὺ
1245 448 1414 484 θαυμαστέον
1425 448 1473 483 τὴν
1487 448 1612 484 τοιαύτην
1626 448 1699 481 φύσιν
1712 449 1774 474 αὑτό-

1017 494 1061 519 οεν
1079 494 1128 527 μὲν
1145 494 1182 525 ὡς
1201 494 1368 530 μεγαλοφυῆ,
1387 495 1433 520 καὶ
1454 495 1581 529 μεγάλοις
1604 494 1774 520 ἐπιϐάλλουσαν

1016 539 1167 574 πράγμασι,
1181 539 1228 566 καὶ
1241 539 1353 575 ἔχουσαν
1364 540 1520 576 παρρησίαν
1531 540 1581 566 οὐκ
1596 540 1775 575 εὐκαταιρρόνη-

1015 593 1076 618 τον;
1094 585 1125 611 El
1142 585 1170 610 δὲ
1187 586 1234 611 καὶ
1252 585 1298 611 ἐπὶ
1315 585 1406 611 πλεῖον
1427 584 1545 617 ἐξετάζοι
1560 594 1601 616 τις
1615 585 1648 611 τὰ
1663 585 1726 611 κατὰ
1741 584 1776 610 ςδν

1014 629 1142 661 τοιοῦτον,
1163 629 1222 662 πῶς
1237 630 1285 656 οὐκ
1300 630 1332 656 ἂν
1347 630 1473 665 ζητήσαι,
1490 629 1549 658 τίνα
1562 630 1661 665 τρόπον
1677 631 1703 656 ἐν
1718 630 1766 655 εὖτε

1014 674 1073 709 λεία
1086 676 1132 701 καὶ
1148 675 1225 710 πενίᾳ
1239 675 1488 710 ἀνατεθραμμένος,
1506 676 1553 702 καὶ
1569 675 1700 710 μηδεμίαν
1715 675 1776 708 ἐγκύ-

1015 719 1088 747 κλιον
1106 720 1229 747 παιδείαν
1250 720 1412 752 παιδευθεὶς,
1431 721 1497 756 μηδὲ
1515 720 1608 756 μαθὼν
1632 721 1723 754 λόγους
1741 720 1776 746 καὶ

1014 765 1144 800 δόγματα,
1163 767 1208 800 ἀφ’
1224 763 1261 793 ὧν
1278 765 1328 793 κᾶν
1342 766 1454 799 πιθανὸς
1468 766 1592 800 γενέσθαι
1611 766 1715 792 ἐδύνατο
1729 767 1775 800 ὀμι-

1015 811 1070 839 λεῖν
1085 811 1183 846 ὄχλοις,
1200 812 1247 838 καὶ
1262 812 1445 847 δημαγωγεῖν,
1465 813 1512 838 καὶ
1528 812 1678 846 ἐπάγεσθαι
1693 813 1775 847 ἀκροα-

1013 857 1062 888 τὰς
1082 857 1217 889 πλείονας,
1235 857 1388 884 ἐπιδίδωσιν
1404 857 1498 884 ἑαυτὸν
1517 857 1675 893 διδασκαλίᾳ.
1695 857 1775 883 καινῶν

1012 901 1162 936 δογμάτων,
1180 901 1332 935 ἐπεισάγων
1345 901 1384 937 τῷ
1396 901 1469 935 γένει
1478 902 1532 928 τῶν
1547 901 1696 937 ἀνθρώπιον
1705 901 1775 935 λόγον,

1012 947 1046 973 τά
1063 956 1092 973 τε
1119 947 1253 973 Ἰουδαίων
1275 946 1322 982 ἔθη
1343 946 1519 977 καταλύοντα,
1542 946 1614 982 μετὰ
1632 946 1679 972 τοῦ
1699 954 1775 981 σεμνο-

1012 993 1098 1018 ποιεῖν
1110 992 1198 1019 αὐτῶν
1213 993 1275 1023 τοὺς
1297 992 1449 1027 προφήτας,
1463 991 1510 1018 καὶ
1521 992 1584 1023 τοὺς
1607 990 1732 1026 Ἑλλήνων
1744 990 1775 1015 νί-

1013 1046 1079 1072 μους
1094 1038 1210 1073 μάλιστα
1221 1038 1283 1073 περὶ
1294 1037 1340 1064 τοῦ
1360 1037 1438 1063 Θείου
1450 1036 1648 1072 καθαιροῦντας
1663 1036 1719 1067 Πῶς
1728 1035 1745 1062 δ’
1753 1035 1777 1061 ἄν

1010 1085 1024 1110 ὁ
1042 1082 1170 1114 τοιοῦτος,
1194 1082 1239 1109 καὶ
1262 1082 1347 1113 οὕτως
1367 1081 1618 1117 ἀνατεθραμμένος,
1646 1081 1690 1107 καὶ
1712 1079 1776 1114 μηδὲν

1012 1129 1067 1164 (ὡς
1082 1129 1129 1155 καὶ
1143 1129 1168 1154 οί
1181 1127 1391 1162 κακολογοῦντες
1407 1127 1488 1153 αὐτὸν
1501 1126 1681 1162 ὁμολογοῦσι)
1698 1125 1776 1160 σεμνὸν

1011 1174 1085 1209 παρά
1099 1172 1242 1209 ἀνθρώπου
1259 1172 1361 1208 μαθὼν,
1376 1172 1486 1198 τοιαῦτα
1502 1172 1566 1206 περὶ
1582 1172 1699 1206 κρίσεως
1714 1170 1775 1200 Θεοῦ,

1010 1220 1056 1246 καὶ
1076 1219 1211 1245 κολάσεων
1236 1218 1284 1253 μὲν
1302 1217 1354 1244 τῶν
1374 1218 1444 1243 κατὰ
1465 1217 1513 1252 τῆς
1529 1217 1642 1248 κακίας,
1667 1215 1744 1250 τιμῶν
1756 1215 1777 1240 δὲ

1008 1266 1062 1292 τῶν
1074 1266 1144 1301 ὑπὲρ
1158 1266 1204 1292 τοῦ
1225 1265 1306 1292 καλοῦ
1324 1265 1412 1299 λέγειν
1426 1265 1541 1299 ἠδύνατο
1559 1264 1611 1290 οὐκ
1630 1264 1778 1297 εὐκαταφρο-

1008 1312 1111 1347 νήτως,
1131 1311 1194 1337 ὥστ’
1209 1311 1239 1337 οὺ
1261 1311 1340 1346 μόνον
1360 1310 1502 1345 ἀγροίκους
1523 1310 1572 1336 καὶ
1600 1309 1706 1340 ἰδιώτας
1727 1308 1777 1341 ἆγε-

1009 1358 1069 1384 σοαι
1083 1357 1135 1384 ὑπὸ
1149 1357 1202 1384 τῶν
1214 1357 1376 1392 λεγομένων,
1401 1355 1468 1382 ἀλλὰ
1492 1355 1538 1381 καὶ
1553 1355 1604 1380 οὐκ
1622 1354 1718 1388 ὀλίγοις
1735 1353 1774 1379 τῶν

1009 1403 1208 1439 συνετωτέρων,
1223 1403 1270 1429 καὶ
1282 1402 1438 1438 δυναμένων
1456 1401 1550 1436 ὲνορᾷν
1567 1400 1720 1436 ἀποκρύψει
1736 1399 1777 1433 (lii

1007 1449 1059 1476 τῶν
1075 1448 1274 1483 εὐτελεστέρων
1292 1447 1476 1483 νομιζομένων
1495 1445 1728 1480 ἀπαγγέλλεσθαι,
1742 1453 1778 1469 πε-

170 1498 321 1526 assecutus,
349 1494 396 1520 sed
428 1494 490 1528 quia
517 1494 604 1528 patria
636 1493 673 1520 illi
698 1493 847 1527 contigerat
873 1493 951 1521 totius

1016 1494 1133 1531 κεχούσῃ
1147 1503 1172 1520 τι
1181 1494 1228 1529 (ὠς
1239 1494 1310 1520 ἐστιν
1318 1493 1413 1527 είπεῖν)
1431 1492 1503 1519 ἔνδον
1518 1491 1741 1527 ἀπορρητότερονς
1757 1489 1777 1514 '0

170 1538 281 1566 Grarcize
295 1538 457 1569 clarissima.
475 1539 497 1565 is
511 1544 605 1572 gratus
622 1539 647 1565 in
663 1538 792 1572 patriam,
817 1546 897 1573 quam
922 1539 955 1565 ad

170 1590 248 1610 suum
261 1583 390 1609 honorem
405 1581 553 1609 contulisse
570 1586 693 1614 noverat,
708 1582 863 1617 respondit:
874 1591 883 1607 ι
900 1581 955 1609 Nec

170 1635 221 1663 ego
232 1628 254 1656 si
268 1625 407 1662 Seriphius
420 1635 516 1661 essem,
537 1628 573 1654 ita
584 1627 692 1655 clarus:
711 1635 760 1655 nec
775 1632 814 1660 tu,
834 1628 856 1654 si
872 1627 955 1655 Athe-

169 1674 283 1705 niensis,
297 1673 395 1701 fuisses
410 1673 617 1700 Themistocles.
633 1682 642 1698 ι
653 1673 751 1701 Noster
762 1670 852 1700 autem
866 1673 955 1706 Iesus,

170 1718 214 1745 cui
229 1718 328 1753 probro
337 1719 417 1746 datur
431 1718 503 1753 quod
521 1725 553 1745 ex
567 1712 628 1745 'vico
648 1722 725 1746 ortus
738 1719 784 1752 sit,
799 1725 886 1753 eoque
902 1725 954 1745 non

169 1762 327 1791 Graecanico
353 1770 404 1790 nec
428 1763 495 1790 alius
524 1763 612 1796 gentis
636 1763 794 1796 celebratas,
810 1763 857 1797 qui
886 1763 956 1790 male

168 1809 244 1836 audit
259 1808 329 1844 quod
347 1808 517 1843 paupercula
540 1808 724 1843 operarizeque
745 1809 842 1835 matris
861 1808 896 1836 sit
924 1808 954 1834 ti-

168 1854 230 1887 lius,
240 1853 311 1888 quod
330 1854 420 1888 inopia
440 1857 550 1881 coactus
561 1854 680 1888 patriam
695 1853 848 1888 reliquerit,
865 1860 954 1881 suam<

167 1906 220 1934 que
233 1899 260 1926 in
275 1897 392 1934 [Egypto
417 1898 541 1926 mercede
561 1897 645 1933 348
669 1898 799 1925 locaverit
825 1905 952 1933 operam;

166 1943 247 1972 Iesus
263 1944 317 1976 ille,
331 1945 376 1979 qui
389 1952 441 1972 non
454 1944 540 1972 solum
554 1945 707 1978 Seriphius,
724 1949 753 1971 ut
764 1944 857 1971 eodem
867 1951 955 1971 exem-

167 1990 213 2025 plo
225 1995 336 2022 utar,ex
350 1990 460 2017 minima
475 1989 742 2024 despicatissimaque
759 1989 846 2016 insula
861 1993 953 2022 ortus;

167 2037 214 2064 sed
226 2036 307 2063 etiam
319 2035 521 2070 Seriphiorum,
536 2040 566 2062 ut
577 2035 613 2062 ita
623 2035 722 2067 dicam,
742 2034 954 2070 ignobilissimus

167 2088 236 2115 erat,
248 2082 499 2116 valuitpermovere
518 2085 602 2108 totum
614 2081 719 2113 orbem,
736 2088 789 2108 non
805 2081 883 2108 modo
898 2087 954 2107 ma-

168 2129 210 2163 gis
225 2135 306 2163 quam
319 2127 491 2155 Atheniensis
499 2126 707 2158 Themistocles,
719 2126 764 2153 sed
780 2126 861 2154 etiam
873 2133 953 2160 quam

1009 1541 1056 1575 μὲν
1072 1538 1117 1566 οὖν
1131 1540 1205 1575 παρὰ
1211 1540 1249 1576 τῷ
1259 1539 1380 1566 Πλάτωνι
1391 1537 1444 1573 (48)
1458 1537 1593 1578 Σερίφιος,
1611 1537 1738 1568 ὀνειδίζων
1750 1535 1777 1568 τῷ

1006 1585 1189 1619 Θεμιστοκλεῖ,
1199 1584 1332 1618 διαϐοήτῳ
1342 1582 1516 1617 γεγενημένῳ
1529 1582 1574 1608 ἐπὶ
1586 1583 1623 1617 τῇ
1637 1581 1776 1617 στρατηγίᾳ,

1006 1631 1044 1661 ὼς
1058 1630 1107 1656 οὐκ
1121 1631 1152 1656 ὲκ
1165 1630 1210 1656 τοῦ
1226 1630 1289 1656 ἰδίου
1307 1629 1387 1664 ἤθους
1395 1629 1426 1655 τὸ
1439 1627 1541 1660 ἔνδοξον
1556 1628 1721 1662 ἀνειληφότι,
1735 1626 1776 1653 ἀλλ’

1006 1675 1038 1701 ὲκ
1053 1675 1098 1701 τοῦ
1117 1674 1291 1709 εὐτυχηκέναι
1303 1674 1430 1709 πατρίδος
1445 1674 1493 1708 τῆς
1508 1674 1537 1699 ὲν
1553 1673 1604 1708 ὅλῃ
1623 1673 1721 1699 Ἐλλάδι
1733 1673 1779 1697 ἑπι-

1007 1719 1172 1755 σημοτάτης,
1187 1720 1304 1755 ἀκήκοεν
1318 1719 1372 1746 ἀπὸ
1398 1718 1635 1753 εὐγνωμονοῦντος
1668 1719 1776 1752 Θεμιστο-

1006 1764 1109 1797 κλέους,
1133 1765 1180 1791 καὶ
1197 1764 1322 1799 ὁρῶντος,
1345 1764 1385 1790 ὅτι
1403 1763 1562 1789 συνεϐάλετο
1575 1762 1654 1797 αὑτῷ
1679 1761 1738 1796 πρὸς
1756 1760 1777 1785 τὺ

1006 1809 1108 1842 ἔνδοξον
1120 1811 1166 1836 καὶ
1179 1811 1195 1845 ἡ
1212 1810 1319 1845 πατρὶς,
1333 1810 1384 1841 ὃτι,
1402 1818 1411 1834 ι
1427 1810 1483 1836 Οὐκ
1493 1809 1525 1835 ἂν
1539 1808 1598 1842 ἐγὼ
1609 1809 1730 1844 Σερίφιος
1741 1806 1776 1834 ὢν,

1008 1855 1094 1887 οὕτως
1109 1855 1211 1888 ἔνδοξος
1234 1855 1388 1888 ἐγεγόνειν·
1410 1854 1470 1880 οὕτε
1489 1855 1521 1881 σὺ
1551 1854 1698 1890 Ἀθηναῖος
1716 1853 1776 1879 εὖτ)-

1005 1900 1089 1935 χήσας
1102 1899 1238 1933 γενέσθαι,
1253 1899 1346 1932 ἐγένου
1358 1898 1390 1925 ἂν
1402 1898 1600 1934 Θεμιστοκλῆς.
1615 1909 1624 1924 ι
1648 1899 1676 1925 '0
1690 1898 1711 1925 δ’
1726 1897 1777 1932 ἡμέ-

1004 1953 1080 1979 τερος
1104 1944 1205 1980 Ἰησοῦς
1221 1944 1267 1970 καὶ
1287 1943 1485 1979 ὀνειδιζόμενος
1501 1944 1538 1975 ὡς
1555 1945 1590 1970 ὲκ
1606 1943 1703 1980 κώμης
1715 1950 1777 1977 γεγο-

1004 1991 1067 2022 νὼς,
1083 1991 1130 2016 καὶ
1150 1989 1251 2024 ταύτης
1267 1990 1317 2024 οὐχ
1348 1989 1515 2024 Ἑλλαδικῆς,
1530 1990 1594 2016 οὺδέ
1615 1999 1688 2022 τινος
1703 1990 1776 2019 ἔθνους

1004 2037 1078 2068 ὄντος
1093 2035 1167 2070 παρὰ
1180 2037 1235 2066 τοῖς
1253 2035 1360 2066 πολλοῖς
1376 2036 1404 2061 ὲν
1420 2037 1567 2071 προαγωγῇ
1577 2044 1584 2050 ο
1603 2035 1776 2071 δυσιςημούμε-

1004 2090 1048 2113 νος
1059 2081 1086 2106 δὲ
1097 2080 1145 2107 καὶ
1160 2080 1206 2106 ἐπὶ
1215 2080 1254 2115 τῷ
1266 2080 1395 2115 πενιχρᾶς
1407 2081 1453 2107 καὶ
1466 2081 1629 2116 χερνήτιδος
1646 2082 1701 2113 υίὸς
1713 2080 1775 2108 εἶναι.

1005 2127 1051 2153 καὶ
1067 2126 1110 2152 διὰ
1128 2126 1222 2153 πενίαν
1236 2125 1391 2152 καταλιπὼν
1408 2126 1457 2160 τὴν
1475 2126 1604 2161 πατρίδα,
1623 2128 1653 2153 ἐν
1667 2126 1776 2161 Αἰγύπτῳ

167 2173 256 2206 Plato,
283 2178 329 2200 aut
355 2172 534 2207 Pythagoras,
563 2176 610 2198 aut
635 2171 766 2206 quidquid
790 2171 951 2205 sapientum,

1016 2173 1197 2208 ιισθαρνῆσαι·
1212 2173 1258 2199 καὶ
1272 2174 1352 2199 οἱονεὶ
1365 2173 1443 2208 (πρὸς
1455 2174 1484 2200 τὸ
1493 2174 1595 2209 ληφθὲν
1609 2175 1776 2210 παράδειγμα»

168 2226 273 2253 regum,
294 2218 540 2252 imperatorumque
558 2220 615 2244 toto
632 2216 698 2244 orbe
718 2217 778 2244 fuit.

1005 2220 1034 2246 οὺ
1060 2220 1139 2254 μόνον
1161 2220 1283 2255 Σερίφιος
1301 2220 1428 2255 γεγονὼς,
1446 2221 1492 2246 καί⁴
1512 2220 1564 2247 ἀπὸ
1585 2221 1730 2255 ἐλαχίστης
1742 2218 1777 2244 καὶ

168 2264 342 2300 ἀσημοτάτης
359 2264 450 2299 νήσου,
483 2263 549 2290 ἀλλά
577 2263 623 2289 καὶ
642 2263 773 2298 Σεριφίων
799 2263 855 2298 (ὡς
881 2264 953 2291 ἔστιν
973 2266 1070 2301 εἰπεῖν)
1089 2267 1104 2292 ὁ
1127 2266 1329 2300 ἀγεννέστατος,
1361 2267 1500 2302 δεδύνηται
1521 2268 1610 2293 σεῖσαι
1634 2267 1681 2302 τὴν
1704 2267 1777 2292 πᾶσαν

167 2309 316 2345 ἀνθρώπων
335 2309 504 2344 οἰκουμένην,
524 2309 553 2334 οὐ
581 2308 659 2343 μόνον
676 2309 745 2343 ὑπὲρ
766 2308 949 2344 Θεμιστοκλέα
963 2311 1007 2338 τὺν
1029 2311 1176 2346 Ἀθηναῖον,
1194 2312 1261 2338 ἀλλά
1287 2313 1333 2339 καὶ
1357 2313 1424 2348 ὑπὲρ
1449 2312 1623 2348 Πυθαγόραν,
1654 2313 1700 2339 καὶ
1718 2311 1775 2338 Πλά-

167 2366 249 2389 τωνα,
266 2357 314 2384 καί
336 2365 411 2388 τινας
431 2356 525 2388 ἄλλους
548 2356 600 2383 τῶν
617 2356 778 2383 ὁποιποτοῦν
795 2357 844 2392 τῆς
865 2359 1026 2395 οἰκουμένης
1044 2360 1132 2394 σοφῶν
1149 2360 1164 2395 ἢ
1180 2360 1310 2395 βασιλέων
1326 2361 1341 2396 ἢ
1360 2361 1529 2396 στρατηγῶν.

202 2405 248 2432 50.
263 2405 329 2438 Quis
351 2405 441 2438 igitur,
467 2405 512 2439 qui
531 2409 656 2431 naturam
676 2412 766 2432 rerum
784 2405 854 2432 haud
868 2406 952 2440 negli-

167 2455 263 2487 genter
285 2451 450 2483 consideret,
473 2457 525 2478 non
546 2451 696 2478 admiretur
710 2457 772 2478 eum
790 2451 876 2486 gloria
901 2460 951 2486 po-

168 2497 252 2531 tuisse
264 2497 376 2524 vincere
385 2501 413 2523 et
430 2502 462 2523 ea
477 2496 578 2528 omnia,
596 2504 656 2531 quae
669 2495 790 2524 infamia:
805 2504 866 2524 esse
878 2502 953 2532 pote-

168 2549 242 2575 rant,
254 2547 281 2570 et
294 2546 428 2577 quotquot
437 2549 553 2576 unquam
571 2542 692 2570 celebres
703 2542 830 2569 fuerunt?
839 2543 906 2570 Nam
919 2551 953 2571 ex

167 2588 202 2615 iis
213 2587 260 2622 qui
279 2587 330 2616 sibi
349 2588 420 2616 inter
434 2588 557 2615 homines
580 2594 679 2615 nomen
695 2587 827 2621 fecerunt,
853 2596 952 2623 paucos

203 2649 260 2684 (Η)
281 2649 467 2684 Ἀποκρύψει.
485 2648 531 2684 Sic
542 2654 640 2684 omnes
658 2654 724 2684 mss,
739 2652 851 2682 excepto
865 2648 951 2676 Jolia-

168 2682 264 2717 no'qui
277 2691 338 2711 cum
357 2683 423 2710 libb.
445 2683 526 2710 editis
541 2683 568 2710 in
587 2686 661 2709 textu
678 2682 769 2715 habet,
793 2683 948 2718 ἀποκρίσει.

169 2717 266 2742 Guielo
278 2717 450 2742 scribendum
468 2718 608 2742 videbatur
623 2717 774 2742 ὑποκρίσει.

169 2717 266 2744 Guieto
278 2717 450 2745 scribendum
468 2718 608 2744 videbatur
623 2717 774 2751 ὑποκρίσει.

175 2785 193 2791 ἢ
206 2751 261 2785 (48)
287 2752 368 2791 ηαρὰ
381 2751 422 2783 τῷ
436 2751 669 2791 gidrwvt.milide
690 2752 828 2791 l‘latonein
843 2751 913 2791 libro
939 2760 948 2779 ι

170 2785 208 2812 De
232 2786 323 2817 repub.
351 2793 410 2820 pag.
438 2786 501 2819 5‘29,
527 2791 554 2813 et
581 2786 717 2813 Plutarch.
732 2786 758 2815 iu
789 2786 849 2814 Vita
877 2786 949 2814 The-

171 2819 309 2847 mistoclis.

1039 2407 1086 2438 Τίς
1102 2405 1148 2434 οὖν
1163 2408 1200 2443 μὴ
1217 2408 1362 2443 παρέργως
1372 2408 1522 2443 ἀνερευνῶν
1535 2408 1584 2443 τὴν
1596 2409 1653 2434 τῶν
1664 2406 1776 2442 πραγμά-

1004 2462 1058 2480 των
1069 2453 1159 2487 φύσιν,
1170 2453 1220 2480 οὐκ
1231 2454 1264 2479 ἂν
1277 2453 1357 2480 αὑτὸν
1368 2454 1555 2489 καταπλαγείη
1573 2455 1718 2489 νικήσαντα
1731 2452 1774 2485 (49)

1004 2497 1051 2523 κα)⁴
1066 2498 1269 2532 ὑπεραναϐἧναι
1291 2497 1442 2533 δυνηθέντα
1464 2499 1496 2533 τῇ
1516 2497 1581 2532 δόξῃ
1606 2497 1641 2524 τὰ
1665 2495 1775 2530 ποιητικὰ

1003 2541 1108 2574 ἀδοξίας
1124 2542 1220 2575 πάντα,
1241 2543 1287 2569 καὶ
1311 2543 1414 2574 πάντας
1437 2543 1500 2574 τοὺς
1524 2542 1632 2569 πώποτ’
1652 2542 1773 2574 ὲνδόξουςς

1003 2588 1100 2614 Καίτοι
1123 2596 1154 2622 γε
1171 2589 1195 2614 of.
1215 2589 1243 2615 ὲν
1266 2587 1418 2624 ἀνθρώποις
1438 2588 1537 2621 ἔνδοξοι
1561 2588 1676 2615 σπάνιον
1697 2588 1719 2614 εἰ
1737 2586 1774 2612 ἐπὶ

1038 2648 1095 2683 (l9)
1107 2647 1288 2681 Νικήσαντα.
1301 2648 1346 2675 Sic
1361 2655 1455 2676 omnes
1468 2647 1545 2674 codd.
1557 2682 1560 2683 ν
1572 2654 1656 2680 mss.,
1666 2646 1688 2673 si
1706 2651 1773 2672 erce-

1003 2685 1076 2718 peris
1091 2683 1269 2717 Anglicanuin
1280 2683 1387 2718 tertium
1400 2683 1426 2718 in
1441 2690 1495 2716 quo
1511 2682 1611 2718 legitur
1628 2682 1771 2718 xtvﬁazwz:

1003 2712 1102 2744 ibidem
1117 2712 1237 2751 quinque
1252 2726 1327 2748 mss.,
1343 2717 1390 2744 καὶ
1410 2712 1626 2752 ὑπέραναόῆναι.
1653 2712 1713 2752 Alii,
1735 2712 1773 2752 καὶ

1004 2752 1163 2786 ὑπερϐῆναι.
1185 2752 1255 2779 Infra
1282 2753 1360 2780 codd.
1383 2752 1504 2787 Regaet
1524 2751 1698 2787 Basileensis,
1718 2756 1773 2787 σπιτ

1002 2782 1064 2813 νιον’
1084 2782 1108 2812 εἰ
1144 2787 1189 2812 ἐπὶ
1219 2787 1317 2814 πλεῖον.
1352 2787 1407 2814 Dno
1424 2782 1585 2815 'Vaticani.
1626 2785 1731 2811 σπάνιον
1754 2782 1771 2806 ει

1002 2822 1047 2848 αττ).
1060 2821 1178 2848 πλείονα.
1196 2821 1313 2857 Reliqui,
1330 2822 1439 2849 σπάνιον
1455 2822 1478 2847 εξ
1499 2821 1543 2846 ἐπὶ
1557 2820 1696 2846 Γλειόνων.
