  <div class='ocr_page' id='page_1' title='image "/cluster/home/n/w/nwhite01/storage/ocr_20150623/11/njp.32101077772414/394.png"; bbox 0 0 1843 3076; ppageno 0'>
   <div class='ocr_carea' id='block_1_1' title="bbox 78 183 123 209">
    <p class='ocr_par' dir='ltr' id='par_1_1' title="bbox 78 183 123 209">
     <span class='ocr_line' id='line_1_1' title="bbox 78 183 123 209; baseline 0 0"><span class='ocrx_word' id='word_1_1' title='bbox 78 183 123 209; x_wconf 84' lang='grc'><strong>717</strong></span> 
     </span>
    </p>
   </div>
   <div class='ocr_carea' id='block_1_2' title="bbox 664 182 1084 213">
    <p class='ocr_par' dir='ltr' id='par_1_2' title="bbox 664 182 1084 213">
     <span class='ocr_line' id='line_1_2' title="bbox 664 182 1084 213; baseline -0.002 -1"><span class='ocrx_word' id='word_1_2' title='bbox 664 183 803 212; x_wconf 75' lang='lat' dir='ltr'><strong>CONTRA</strong></span> <span class='ocrx_word' id='word_1_3' title='bbox 821 182 960 213; x_wconf 84' lang='lat' dir='ltr'><strong>CELSUM</strong></span> <span class='ocrx_word' id='word_1_4' title='bbox 977 182 1042 211; x_wconf 83' lang='lat' dir='ltr'><strong>LIB.</strong></span> <span class='ocrx_word' id='word_1_5' title='bbox 1064 184 1084 211; x_wconf 94' lang='lat' dir='ltr'><strong>l.</strong></span> 
     </span>
    </p>
   </div>
   <div class='ocr_carea' id='block_1_3' title="bbox 1639 187 1692 216">
    <p class='ocr_par' dir='ltr' id='par_1_3' title="bbox 1639 187 1692 216">
     <span class='ocr_line' id='line_1_3' title="bbox 1639 187 1692 216; baseline 0.038 -2"><span class='ocrx_word' id='word_1_6' title='bbox 1639 187 1692 216; x_wconf 75' lang='lat' dir='ltr'><strong>7i8</strong></span> 
     </span>
    </p>
   </div>
   <div class='ocr_carea' id='block_1_4' title="bbox 78 238 837 280">
    <p class='ocr_par' dir='ltr' id='par_1_4' title="bbox 78 238 837 278">
     <span class='ocr_line' id='line_1_4' title="bbox 78 238 837 278; baseline 0.004 -12"><span class='ocrx_word' id='word_1_7' title='bbox 78 238 197 266; x_wconf 79' lang='grc' dir='ltr'>πλειόνων</span> <span class='ocrx_word' id='word_1_8' title='bbox 219 238 277 275; x_wconf 75' lang='grc' dir='ltr'><strong>ἃμα</strong></span> <span class='ocrx_word' id='word_1_9' title='bbox 300 239 348 275; x_wconf 85' lang='grc' dir='ltr'>τὴν</span> <span class='ocrx_word' id='word_1_10' title='bbox 366 240 442 273; x_wconf 78' lang='grc' dir='ltr'>δόξαν</span> <span class='ocrx_word' id='word_1_11' title='bbox 460 240 603 268; x_wconf 86' lang='grc' dir='ltr'>ἀναλαϐεῖν</span> <span class='ocrx_word' id='word_1_12' title='bbox 625 241 791 278; x_wconf 82' lang='grc' dir='ltr'><strong>δεδύνηνται.</strong></span> <span class='ocrx_word' id='word_1_13' title='bbox 819 243 837 268; x_wconf 86' lang='lat'><strong>&#39;(</strong></span> 
     </span>
    </p>
   </div>
   <div class='ocr_carea' id='block_1_5' title="bbox 922 238 1689 280">
    <p class='ocr_par' dir='ltr' id='par_1_5' title="bbox 922 240 1689 280">
     <span class='ocr_line' id='line_1_5' title="bbox 922 240 1689 280; baseline 0.007 -11"><span class='ocrx_word' id='word_1_14' title='bbox 922 242 1032 277; x_wconf 72' lang='lat' dir='ltr'><strong>rperias,</strong></span> <span class='ocrx_word' id='word_1_15' title='bbox 1042 241 1088 276; x_wconf 87' lang='lat' dir='ltr'><strong>qui</strong></span> <span class='ocrx_word' id='word_1_16' title='bbox 1097 240 1220 277; x_wconf 82' lang='lat' dir='ltr'><strong>pluribus</strong></span> <span class='ocrx_word' id='word_1_17' title='bbox 1231 241 1310 269; x_wconf 80' lang='lat' dir='ltr'><strong>simul</strong></span> <span class='ocrx_word' id='word_1_18' title='bbox 1326 242 1481 272; x_wconf 86' lang='lat' dir='ltr'><strong>nominibus</strong></span> <span class='ocrx_word' id='word_1_19' title='bbox 1489 243 1601 280; x_wconf 78' lang='lat' dir='ltr'><strong>gloriam</strong></span> <span class='ocrx_word' id='word_1_20' title='bbox 1615 253 1689 274; x_wconf 90' lang='lat' dir='ltr'><strong>com-</strong></span> 
     </span>
    </p>
   </div>
   <div class='ocr_carea' id='block_1_6' title="bbox 76 283 849 323">
    <p class='ocr_par' dir='ltr' id='par_1_6' title="bbox 76 283 849 323">
     <span class='ocr_line' id='line_1_6' title="bbox 76 283 849 323; baseline 0.006 -14"><span class='ocrx_word' id='word_1_21' title='bbox 76 284 120 319; x_wconf 76' lang='grc' dir='ltr'>μὲν</span> <span class='ocrx_word' id='word_1_22' title='bbox 131 283 182 318; x_wconf 79' lang='grc' dir='ltr'><strong>γὰρ</strong></span> <span class='ocrx_word' id='word_1_23' title='bbox 192 284 237 309; x_wconf 78' lang='grc' dir='ltr'><strong>ἐπὶ</strong></span> <span class='ocrx_word' id='word_1_24' title='bbox 250 284 340 319; x_wconf 67' lang='grc' dir='ltr'>σοφία,</span> <span class='ocrx_word' id='word_1_25' title='bbox 353 285 431 316; x_wconf 82' lang='grc' dir='ltr'>ἄλλος</span> <span class='ocrx_word' id='word_1_26' title='bbox 440 285 461 311; x_wconf 79' lang='grc' dir='ltr'>δ’</span> <span class='ocrx_word' id='word_1_27' title='bbox 473 286 519 312; x_wconf 77' lang='grc' dir='ltr'><strong>ἐπὶ</strong></span> <span class='ocrx_word' id='word_1_28' title='bbox 530 287 687 322; x_wconf 81' lang='grc' dir='ltr'><strong>στρατηγίᾳ,</strong></span> <span class='ocrx_word' id='word_1_29' title='bbox 703 287 849 323; x_wconf 83' lang='grc' dir='ltr'>βαρϐάρων</span> 
     </span>
    </p>
   </div>
   <div class='ocr_carea' id='block_1_7' title="bbox 74 329 849 368">
    <p class='ocr_par' dir='ltr' id='par_1_7' title="bbox 74 329 849 368">
     <span class='ocr_line' id='line_1_7' title="bbox 74 329 849 368; baseline 0.008 -14"><span class='ocrx_word' id='word_1_30' title='bbox 74 329 172 360; x_wconf 78' lang='grc' dir='ltr'>δέτινες</span> <span class='ocrx_word' id='word_1_31' title='bbox 183 329 228 355; x_wconf 74' lang='grc' dir='ltr'><strong>ἐπὶ</strong></span> <span class='ocrx_word' id='word_1_32' title='bbox 239 331 299 362; x_wconf 86' lang='grc' dir='ltr'>ταῖς</span> <span class='ocrx_word' id='word_1_33' title='bbox 312 331 472 366; x_wconf 77' lang='grc' dir='ltr'><strong>παραδόξοις</strong></span> <span class='ocrx_word' id='word_1_34' title='bbox 486 331 515 364; x_wconf 77' lang='grc' dir='ltr'>ἐξ</span> <span class='ocrx_word' id='word_1_35' title='bbox 527 332 636 368; x_wconf 83' lang='grc' dir='ltr'>ὲπῳδῶν</span> <span class='ocrx_word' id='word_1_36' title='bbox 647 333 787 368; x_wconf 70' lang='grc' dir='ltr'><strong>δυνάμεσι⁷</strong></span> <span class='ocrx_word' id='word_1_37' title='bbox 802 334 849 360; x_wconf 79' lang='grc' dir='ltr'>καὶ</span> 
     </span>
    </p>
   </div>
   <div class='ocr_carea' id='block_1_8' title="bbox 73 374 849 414">
    <p class='ocr_par' dir='ltr' id='par_1_8' title="bbox 73 374 849 414">
     <span class='ocr_line' id='line_1_8' title="bbox 73 374 849 414; baseline 0.005 -13"><span class='ocrx_word' id='word_1_38' title='bbox 73 374 140 401; x_wconf 83' lang='grc' dir='ltr'>ἄλλοι</span> <span class='ocrx_word' id='word_1_39' title='bbox 152 375 193 401; x_wconf 77' lang='grc' dir='ltr'><strong>ἐπ’</strong></span> <span class='ocrx_word' id='word_1_40' title='bbox 207 375 306 407; x_wconf 82' lang='grc' dir='ltr'>ἄλλοις,</span> <span class='ocrx_word' id='word_1_41' title='bbox 323 376 353 402; x_wconf 74' lang='grc' dir='ltr'>οὐ</span> <span class='ocrx_word' id='word_1_42' title='bbox 376 376 480 408; x_wconf 87' lang='grc' dir='ltr'><strong>πολλοῖς</strong></span> <span class='ocrx_word' id='word_1_43' title='bbox 493 377 562 412; x_wconf 77' lang='grc' dir='ltr'>ἅμα,</span> <span class='ocrx_word' id='word_1_44' title='bbox 576 378 787 414; x_wconf 77' lang='grc' dir='ltr'><strong>ἐθαυμάσθησαν</strong></span> <span class='ocrx_word' id='word_1_45' title='bbox 802 379 849 405; x_wconf 79' lang='grc' dir='ltr'>καὶ</span> 
     </span>
    </p>
   </div>
   <div class='ocr_carea' id='block_1_9' title="bbox 73 419 847 458">
    <p class='ocr_par' dir='ltr' id='par_1_9' title="bbox 73 419 847 458">
     <span class='ocr_line' id='line_1_9' title="bbox 73 419 847 458; baseline 0.008 -13"><span class='ocrx_word' id='word_1_46' title='bbox 73 420 162 452; x_wconf 76' lang='grc' dir='ltr'>ἔνδοξοι</span> <span class='ocrx_word' id='word_1_47' title='bbox 180 420 339 456; x_wconf 83' lang='grc' dir='ltr'>γεγένηνται</span> <span class='ocrx_word' id='word_1_48' title='bbox 350 430 356 436; x_wconf 90' lang='grc'><strong>·</strong></span> <span class='ocrx_word' id='word_1_49' title='bbox 371 419 447 453; x_wconf 78' lang='grc' dir='ltr'>οὗτος</span> <span class='ocrx_word' id='word_1_50' title='bbox 468 422 496 448; x_wconf 80' lang='grc' dir='ltr'>δὲ</span> <span class='ocrx_word' id='word_1_51' title='bbox 511 422 578 458; x_wconf 82' lang='grc' dir='ltr'>πρὸς</span> <span class='ocrx_word' id='word_1_52' title='bbox 599 424 655 455; x_wconf 87' lang='grc' dir='ltr'>τοῖς</span> <span class='ocrx_word' id='word_1_53' title='bbox 670 423 758 456; x_wconf 80' lang='grc' dir='ltr'>ἄλλοις</span> <span class='ocrx_word' id='word_1_54' title='bbox 782 424 847 451; x_wconf 89' lang='grc' dir='ltr'>θαυ-</span> 
     </span>
    </p>
   </div>
   <div class='ocr_carea' id='block_1_10' title="bbox 75 465 848 504">
    <p class='ocr_par' dir='ltr' id='par_1_10' title="bbox 75 465 848 504">
     <span class='ocr_line' id='line_1_10' title="bbox 75 465 848 504; baseline 0.006 -13"><span class='ocrx_word' id='word_1_55' title='bbox 75 465 180 500; x_wconf 76' lang='grc' dir='ltr'>μάζεται</span> <span class='ocrx_word' id='word_1_56' title='bbox 193 466 239 492; x_wconf 72' lang='grc' dir='ltr'>καὶ</span> <span class='ocrx_word' id='word_1_57' title='bbox 251 466 298 492; x_wconf 73' lang='grc' dir='ltr'><strong>ἐπὶ</strong></span> <span class='ocrx_word' id='word_1_58' title='bbox 313 466 403 501; x_wconf 80' lang='grc' dir='ltr'>σοφίᾳ,</span> <span class='ocrx_word' id='word_1_59' title='bbox 421 467 467 493; x_wconf 75' lang='grc' dir='ltr'>καὶ</span> <span class='ocrx_word' id='word_1_60' title='bbox 477 467 522 493; x_wconf 77' lang='grc' dir='ltr'><strong>ἐπὶ</strong></span> <span class='ocrx_word' id='word_1_61' title='bbox 534 468 673 503; x_wconf 87' lang='grc' dir='ltr'>δυνάμεσι,</span> <span class='ocrx_word' id='word_1_62' title='bbox 686 469 732 495; x_wconf 73' lang='grc' dir='ltr'><strong>καὶ</strong></span> <span class='ocrx_word' id='word_1_63' title='bbox 747 469 793 496; x_wconf 72' lang='grc' dir='ltr'><strong>ἐπὶ</strong></span> <span class='ocrx_word' id='word_1_64' title='bbox 809 469 848 504; x_wconf 86' lang='grc' dir='ltr'>τῷ</span> 
     </span>
    </p>
   </div>
   <div class='ocr_carea' id='block_1_11' title="bbox 72 510 846 550">
    <p class='ocr_par' dir='ltr' id='par_1_11' title="bbox 72 510 846 550">
     <span class='ocr_line' id='line_1_11' title="bbox 72 510 846 550; baseline 0.004 -13"><span class='ocrx_word' id='word_1_65' title='bbox 72 511 178 546; x_wconf 80' lang='grc' dir='ltr'>ἀρχικῷ.</span> <span class='ocrx_word' id='word_1_66' title='bbox 196 512 308 538; x_wconf 84' lang='grc' dir='ltr'>Ἔπεισε</span> <span class='ocrx_word' id='word_1_67' title='bbox 317 510 371 546; x_wconf 86' lang='grc' dir='ltr'><strong>γὰρ</strong></span> <span class='ocrx_word' id='word_1_68' title='bbox 383 511 439 538; x_wconf 78' lang='grc' dir='ltr'>οὔθ’</span> <span class='ocrx_word' id='word_1_69' title='bbox 454 512 492 543; x_wconf 83' lang='grc' dir='ltr'>ὡς</span> <span class='ocrx_word' id='word_1_70' title='bbox 506 513 634 548; x_wconf 86' lang='grc' dir='ltr'>τύραννος</span> <span class='ocrx_word' id='word_1_71' title='bbox 650 515 846 550; x_wconf 83' lang='grc' dir='ltr'><strong>συναποστῆναι</strong></span> 
     </span>
    </p>
   </div>
   <div class='ocr_carea' id='block_1_12' title="bbox 71 556 845 595">
    <p class='ocr_par' dir='ltr' id='par_1_12' title="bbox 71 556 845 595">
     <span class='ocr_line' id='line_1_12' title="bbox 71 556 845 595; baseline 0.005 -13"><span class='ocrx_word' id='word_1_72' title='bbox 71 556 138 591; x_wconf 71' lang='grc' dir='ltr'>αὐτῷ</span> <span class='ocrx_word' id='word_1_73' title='bbox 152 565 227 587; x_wconf 85' lang='grc' dir='ltr'>τινας</span> <span class='ocrx_word' id='word_1_74' title='bbox 239 556 293 583; x_wconf 83' lang='grc' dir='ltr'><strong>τῶν</strong></span> <span class='ocrx_word' id='word_1_75' title='bbox 311 557 410 592; x_wconf 82' lang='grc' dir='ltr'>νόμων,</span> <span class='ocrx_word' id='word_1_76' title='bbox 426 556 482 584; x_wconf 73' lang='grc' dir='ltr'>οὗθ’</span> <span class='ocrx_word' id='word_1_77' title='bbox 497 558 535 589; x_wconf 87' lang='grc' dir='ltr'>ὡς</span> <span class='ocrx_word' id='word_1_78' title='bbox 549 558 649 594; x_wconf 81' lang='grc' dir='ltr'>λῃστὴς</span> <span class='ocrx_word' id='word_1_79' title='bbox 668 560 728 585; x_wconf 83' lang='grc' dir='ltr'>κατ’</span> <span class='ocrx_word' id='word_1_80' title='bbox 740 559 845 595; x_wconf 87' lang='grc' dir='ltr'>άνθρώ-</span> 
     </span>
    </p>
   </div>
   <div class='ocr_carea' id='block_1_13' title="bbox 71 602 845 639">
    <p class='ocr_par' dir='ltr' id='par_1_13' title="bbox 71 602 845 639">
     <span class='ocr_line' id='line_1_13' title="bbox 71 602 845 639; baseline 0.009 -12"><span class='ocrx_word' id='word_1_81' title='bbox 71 610 122 628; x_wconf 82' lang='grc' dir='ltr'><strong>πων</strong></span> <span class='ocrx_word' id='word_1_82' title='bbox 136 602 252 636; x_wconf 78' lang='grc' dir='ltr'>ἀλείφων</span> <span class='ocrx_word' id='word_1_83' title='bbox 270 603 324 638; x_wconf 82' lang='grc'>(50)</span> <span class='ocrx_word' id='word_1_84' title='bbox 342 603 404 635; x_wconf 88' lang='grc' dir='ltr'>τοὺς</span> <span class='ocrx_word' id='word_1_85' title='bbox 418 603 576 639; x_wconf 73' lang='grc' dir='ltr'><strong>ἑπομένους,</strong></span> <span class='ocrx_word' id='word_1_86' title='bbox 590 605 647 631; x_wconf 74' lang='grc' dir='ltr'>οὗθ’</span> <span class='ocrx_word' id='word_1_87' title='bbox 665 606 703 637; x_wconf 89' lang='grc' dir='ltr'>ὡς</span> <span class='ocrx_word' id='word_1_88' title='bbox 719 606 845 638; x_wconf 86' lang='grc' dir='ltr'>πλούσιος</span> 
     </span>
    </p>
   </div>
   <div class='ocr_carea' id='block_1_14' title="bbox 70 648 846 688">
    <p class='ocr_par' dir='ltr' id='par_1_14' title="bbox 70 648 846 688">
     <span class='ocr_line' id='line_1_14' title="bbox 70 648 846 688; baseline 0.008 -15"><span class='ocrx_word' id='word_1_89' title='bbox 70 648 185 683; x_wconf 82' lang='grc' dir='ltr'><strong>χορηγῶν</strong></span> <span class='ocrx_word' id='word_1_90' title='bbox 202 649 258 679; x_wconf 83' lang='grc' dir='ltr'>τοῖς</span> <span class='ocrx_word' id='word_1_91' title='bbox 272 649 439 684; x_wconf 76' lang='grc' dir='ltr'>προσιοῦσιν,</span> <span class='ocrx_word' id='word_1_92' title='bbox 452 649 508 676; x_wconf 69' lang='grc' dir='ltr'>οὗθ’</span> <span class='ocrx_word' id='word_1_93' title='bbox 524 650 562 682; x_wconf 84' lang='grc' dir='ltr'>ὥς</span> <span class='ocrx_word' id='word_1_94' title='bbox 577 660 618 683; x_wconf 86' lang='grc' dir='ltr'><strong>τις</strong></span> <span class='ocrx_word' id='word_1_95' title='bbox 633 651 687 678; x_wconf 86' lang='grc' dir='ltr'><strong>τῶν</strong></span> <span class='ocrx_word' id='word_1_96' title='bbox 701 653 846 688; x_wconf 82' lang='grc' dir='ltr'>ὁμολογου-</span> 
     </span>
    </p>
   </div>
   <div class='ocr_carea' id='block_1_15' title="bbox 70 694 843 734">
    <p class='ocr_par' dir='ltr' id='par_1_15' title="bbox 70 694 843 734">
     <span class='ocr_line' id='line_1_15' title="bbox 70 694 843 734; baseline 0.009 -15"><span class='ocrx_word' id='word_1_97' title='bbox 70 694 150 728; x_wconf 78' lang='grc' dir='ltr'>μένως</span> <span class='ocrx_word' id='word_1_98' title='bbox 163 694 279 728; x_wconf 72' lang='grc' dir='ltr'>ψεκτῶν·</span> <span class='ocrx_word' id='word_1_99' title='bbox 299 695 354 721; x_wconf 84' lang='grc' dir='ltr'>ἁλλ’</span> <span class='ocrx_word' id='word_1_100' title='bbox 368 695 405 727; x_wconf 84' lang='grc' dir='ltr'>ὡς</span> <span class='ocrx_word' id='word_1_101' title='bbox 417 696 574 729; x_wconf 78' lang='grc' dir='ltr'>διδάσκαλος</span> <span class='ocrx_word' id='word_1_102' title='bbox 584 697 631 724; x_wconf 89' lang='grc' dir='ltr'><strong>τοῦ</strong></span> <span class='ocrx_word' id='word_1_103' title='bbox 644 699 707 734; x_wconf 76' lang='grc' dir='ltr'>περὶ</span> <span class='ocrx_word' id='word_1_104' title='bbox 719 698 765 725; x_wconf 90' lang='grc' dir='ltr'><strong>τοῦ</strong></span> <span class='ocrx_word' id='word_1_105' title='bbox 777 699 843 726; x_wconf 89' lang='grc' dir='ltr'>Θεοῦ</span> 
     </span>
    </p>
   </div>
   <div class='ocr_carea' id='block_1_16' title="bbox 69 739 844 778">
    <p class='ocr_par' dir='ltr' id='par_1_16' title="bbox 69 739 844 778">
     <span class='ocr_line' id='line_1_16' title="bbox 69 739 844 778; baseline 0.009 -14"><span class='ocrx_word' id='word_1_106' title='bbox 69 739 117 765; x_wconf 87' lang='grc' dir='ltr'><strong>τῶν</strong></span> <span class='ocrx_word' id='word_1_107' title='bbox 132 739 197 765; x_wconf 83' lang='grc' dir='ltr'>ὅλων</span> <span class='ocrx_word' id='word_1_108' title='bbox 220 739 308 774; x_wconf 80' lang='grc' dir='ltr'>λόγου,</span> <span class='ocrx_word' id='word_1_109' title='bbox 330 741 438 776; x_wconf 77' lang='grc' dir='ltr'>καὶτῆς</span> <span class='ocrx_word' id='word_1_110' title='bbox 456 742 496 773; x_wconf 83' lang='grc' dir='ltr'><strong>εἰς</strong></span> <span class='ocrx_word' id='word_1_111' title='bbox 514 742 595 769; x_wconf 78' lang='grc' dir='ltr'>αὑτὸν</span> <span class='ocrx_word' id='word_1_112' title='bbox 620 743 776 778; x_wconf 87' lang='grc' dir='ltr'>θρησκείας,</span> <span class='ocrx_word' id='word_1_113' title='bbox 798 745 844 771; x_wconf 78' lang='grc' dir='ltr'>καὶ</span> 
     </span>
    </p>
   </div>
   <div class='ocr_carea' id='block_1_17' title="bbox 69 783 843 824">
    <p class='ocr_par' dir='ltr' id='par_1_17' title="bbox 69 783 843 824">
     <span class='ocr_line' id='line_1_17' title="bbox 69 783 843 824; baseline 0.01 -16"><span class='ocrx_word' id='word_1_114' title='bbox 69 783 161 814; x_wconf 79' lang='grc' dir='ltr'>παντὸς</span> <span class='ocrx_word' id='word_1_115' title='bbox 182 783 279 819; x_wconf 75' lang='grc' dir='ltr'>ἠθικοῦ</span> <span class='ocrx_word' id='word_1_116' title='bbox 296 785 406 820; x_wconf 85' lang='grc' dir='ltr'><strong>τρόπου,</strong></span> <span class='ocrx_word' id='word_1_117' title='bbox 427 786 573 822; x_wconf 79' lang='grc' dir='ltr'>δυναμένου</span> <span class='ocrx_word' id='word_1_118' title='bbox 590 788 727 815; x_wconf 73' lang='grc' dir='ltr'>οἰκειῶσαι</span> <span class='ocrx_word' id='word_1_119' title='bbox 741 789 780 824; x_wconf 87' lang='grc' dir='ltr'>τῷ</span> <span class='ocrx_word' id='word_1_120' title='bbox 797 791 843 817; x_wconf 79' lang='grc' dir='ltr'><strong>ἐπὶ</strong></span> 
     </span>
    </p>
   </div>
   <div class='ocr_carea' id='block_1_18' title="bbox 68 828 844 869">
    <p class='ocr_par' dir='ltr' id='par_1_18' title="bbox 68 828 844 869">
     <span class='ocr_line' id='line_1_18' title="bbox 68 828 844 869; baseline 0.009 -15"><span class='ocrx_word' id='word_1_121' title='bbox 68 829 130 854; x_wconf 75' lang='grc' dir='ltr'>πᾶσι</span> <span class='ocrx_word' id='word_1_122' title='bbox 145 828 203 862; x_wconf 77' lang='grc' dir='ltr'><strong>Θεῷ</strong></span> <span class='ocrx_word' id='word_1_123' title='bbox 215 829 260 856; x_wconf 80' lang='grc' dir='ltr'>τὸν</span> <span class='ocrx_word' id='word_1_124' title='bbox 271 830 331 856; x_wconf 86' lang='grc' dir='ltr'>κατ’</span> <span class='ocrx_word' id='word_1_125' title='bbox 347 831 426 857; x_wconf 79' lang='grc' dir='ltr'>αὐτὸν</span> <span class='ocrx_word' id='word_1_126' title='bbox 440 831 582 866; x_wconf 85' lang='grc' dir='ltr'>βιώσαντα.</span> <span class='ocrx_word' id='word_1_127' title='bbox 601 833 653 860; x_wconf 76' lang='grc' dir='ltr'><strong>Καὶ</strong></span> <span class='ocrx_word' id='word_1_128' title='bbox 666 834 844 869; x_wconf 83' lang='grc' dir='ltr'>Θεμιστοκλεῖ</span> 
     </span>
    </p>
   </div>
   <div class='ocr_carea' id='block_1_19' title="bbox 70 875 842 913">
    <p class='ocr_par' dir='ltr' id='par_1_19' title="bbox 70 875 842 913">
     <span class='ocr_line' id='line_1_19' title="bbox 70 875 842 913; baseline 0.01 -13"><span class='ocrx_word' id='word_1_129' title='bbox 70 875 123 909; x_wconf 82' lang='grc' dir='ltr'>μὲν,</span> <span class='ocrx_word' id='word_1_130' title='bbox 135 875 152 910; x_wconf 76' lang='grc' dir='ltr'><strong>ἡ</strong></span> <span class='ocrx_word' id='word_1_131' title='bbox 168 884 222 902; x_wconf 88' lang='grc' dir='ltr'>τινι</span> <span class='ocrx_word' id='word_1_132' title='bbox 243 876 297 903; x_wconf 89' lang='grc' dir='ltr'><strong>τῶν</strong></span> <span class='ocrx_word' id='word_1_133' title='bbox 317 877 427 910; x_wconf 78' lang='grc' dir='ltr'>ἐνδόξων</span> <span class='ocrx_word' id='word_1_134' title='bbox 441 879 517 905; x_wconf 78' lang='grc' dir='ltr'>οὐδὲν</span> <span class='ocrx_word' id='word_1_135' title='bbox 538 879 632 913; x_wconf 84' lang='grc' dir='ltr'>γέγονε</span> <span class='ocrx_word' id='word_1_136' title='bbox 653 880 683 907; x_wconf 85' lang='grc' dir='ltr'><strong>τὺ</strong></span> <span class='ocrx_word' id='word_1_137' title='bbox 707 881 842 908; x_wconf 77' lang='grc' dir='ltr'>ἐναντιού-</span> 
     </span>
    </p>
   </div>
   <div class='ocr_carea' id='block_1_20' title="bbox 902 287 1690 326">
    <p class='ocr_par' dir='ltr' id='par_1_20' title="bbox 902 287 1690 326">
     <span class='ocr_line' id='line_1_20' title="bbox 902 287 1690 326; baseline 0.005 -11"><span class='ocrx_word' id='word_1_138' title='bbox 902 289 1069 324; x_wconf 81' lang='lat' dir='ltr'><strong>paraverint.</strong></span> <span class='ocrx_word' id='word_1_139' title='bbox 1083 287 1160 315; x_wconf 81' lang='lat' dir='ltr'><strong>Alius</strong></span> <span class='ocrx_word' id='word_1_140' title='bbox 1177 288 1285 322; x_wconf 85' lang='lat' dir='ltr'><strong>quidem</strong></span> <span class='ocrx_word' id='word_1_141' title='bbox 1299 289 1442 323; x_wconf 75' lang='lat' dir='ltr'><strong>sapientia,</strong></span> <span class='ocrx_word' id='word_1_142' title='bbox 1459 290 1529 318; x_wconf 87' lang='lat' dir='ltr'><strong>alius</strong></span> <span class='ocrx_word' id='word_1_143' title='bbox 1542 291 1690 326; x_wconf 87' lang='lat' dir='ltr'><strong>imperato-</strong></span> 
     </span>
    </p>
   </div>
   <div class='ocr_carea' id='block_1_21' title="bbox 903 327 1688 370">
    <p class='ocr_par' dir='ltr' id='par_1_21' title="bbox 903 327 1688 370">
     <span class='ocr_line' id='line_1_21' title="bbox 903 327 1688 370; baseline 0.004 -8"><span class='ocrx_word' id='word_1_144' title='bbox 903 336 951 362; x_wconf 86' lang='lat' dir='ltr'><strong>riis</strong></span> <span class='ocrx_word' id='word_1_145' title='bbox 967 335 1081 367; x_wconf 88' lang='lat' dir='ltr'><strong>artibus,</strong></span> <span class='ocrx_word' id='word_1_146' title='bbox 1099 327 1208 369; x_wconf 85' lang='lat' dir='ltr'><strong>quidam</strong></span> <span class='ocrx_word' id='word_1_147' title='bbox 1226 341 1259 362; x_wconf 83' lang='lat' dir='ltr'><strong>ex</strong></span> <span class='ocrx_word' id='word_1_148' title='bbox 1275 334 1400 363; x_wconf 84' lang='lat' dir='ltr'><strong>barbaris</strong></span> <span class='ocrx_word' id='word_1_149' title='bbox 1420 341 1578 370; x_wconf 93' lang='lat' dir='ltr'><strong>portentosa</strong></span> <span class='ocrx_word' id='word_1_150' title='bbox 1593 337 1688 365; x_wconf 86' lang='lat' dir='ltr'><strong>incan-</strong></span> 
     </span>
    </p>
   </div>
   <div class='ocr_carea' id='block_1_22' title="bbox 904 380 1688 414">
    <p class='ocr_par' dir='ltr' id='par_1_22' title="bbox 904 380 1688 414">
     <span class='ocr_line' id='line_1_22' title="bbox 904 380 1688 414; baseline 0.006 -8"><span class='ocrx_word' id='word_1_151' title='bbox 904 380 1032 407; x_wconf 86' lang='lat' dir='ltr'><strong>tationum</strong></span> <span class='ocrx_word' id='word_1_152' title='bbox 1057 385 1200 414; x_wconf 88' lang='lat' dir='ltr'><strong>potestate,</strong></span> <span class='ocrx_word' id='word_1_153' title='bbox 1227 380 1272 407; x_wconf 90' lang='lat' dir='ltr'><strong>alii</strong></span> <span class='ocrx_word' id='word_1_154' title='bbox 1307 380 1369 409; x_wconf 85' lang='lat' dir='ltr'><strong>aliis</strong></span> <span class='ocrx_word' id='word_1_155' title='bbox 1394 382 1540 410; x_wconf 80' lang='lat' dir='ltr'><strong>virtutibus</strong></span> <span class='ocrx_word' id='word_1_156' title='bbox 1564 383 1688 412; x_wconf 86' lang='lat' dir='ltr'><strong>enituere</strong></span> 
     </span>
    </p>
   </div>
   <div class='ocr_carea' id='block_1_23' title="bbox 900 425 1685 460">
    <p class='ocr_par' dir='ltr' id='par_1_23' title="bbox 900 425 1685 460">
     <span class='ocr_line' id='line_1_23' title="bbox 900 425 1685 460; baseline 0.005 -8"><span class='ocrx_word' id='word_1_157' title='bbox 900 426 1064 460; x_wconf 77' lang='lat' dir='ltr'><strong>fueruntque</strong></span> <span class='ocrx_word' id='word_1_158' title='bbox 1091 425 1276 458; x_wconf 82' lang='lat' dir='ltr'><strong>admirationi,</strong></span> <span class='ocrx_word' id='word_1_159' title='bbox 1290 433 1341 452; x_wconf 89' lang='lat' dir='ltr'><strong>non</strong></span> <span class='ocrx_word' id='word_1_160' title='bbox 1359 426 1451 454; x_wconf 87' lang='lat' dir='ltr'><strong>multis</strong></span> <span class='ocrx_word' id='word_1_161' title='bbox 1469 428 1560 455; x_wconf 84' lang='lat' dir='ltr'><strong>simul.</strong></span> <span class='ocrx_word' id='word_1_162' title='bbox 1578 428 1623 456; x_wconf 85' lang='lat' dir='ltr'><strong>ille</strong></span> <span class='ocrx_word' id='word_1_163' title='bbox 1636 437 1685 456; x_wconf 86' lang='lat' dir='ltr'><strong>au-</strong></span> 
     </span>
    </p>
   </div>
   <div class='ocr_carea' id='block_1_24' title="bbox 901 470 1685 504">
    <p class='ocr_par' dir='ltr' id='par_1_24' title="bbox 901 470 1685 504">
     <span class='ocr_line' id='line_1_24' title="bbox 901 470 1685 504; baseline 0.008 -9"><span class='ocrx_word' id='word_1_164' title='bbox 901 472 964 501; x_wconf 88' lang='lat' dir='ltr'><strong>tem,</strong></span> <span class='ocrx_word' id='word_1_165' title='bbox 989 473 1087 504; x_wconf 64' lang='lat' dir='ltr'><strong>praeter</strong></span> <span class='ocrx_word' id='word_1_166' title='bbox 1112 474 1218 501; x_wconf 67' lang='lat' dir='ltr'><strong>caalera,</strong></span> <span class='ocrx_word' id='word_1_167' title='bbox 1237 473 1264 497; x_wconf 88' lang='lat' dir='ltr'><strong>et</strong></span> <span class='ocrx_word' id='word_1_168' title='bbox 1287 470 1418 504; x_wconf 73' lang='lat' dir='ltr'><strong>sapientia</strong></span> <span class='ocrx_word' id='word_1_169' title='bbox 1441 475 1468 498; x_wconf 91' lang='lat' dir='ltr'><strong>et</strong></span> <span class='ocrx_word' id='word_1_170' title='bbox 1487 472 1685 501; x_wconf 83' lang='lat' dir='ltr'><strong>miraculorum</strong></span> 
     </span>
    </p>
   </div>
   <div class='ocr_carea' id='block_1_25' title="bbox 900 515 1686 550">
    <p class='ocr_par' dir='ltr' id='par_1_25' title="bbox 900 515 1686 550">
     <span class='ocr_line' id='line_1_25' title="bbox 900 515 1686 550; baseline 0.005 -9"><span class='ocrx_word' id='word_1_171' title='bbox 900 518 1031 548; x_wconf 81' lang='lat' dir='ltr'><strong>potestate</strong></span> <span class='ocrx_word' id='word_1_172' title='bbox 1041 519 1070 542; x_wconf 91' lang='lat' dir='ltr'><strong>et</strong></span> <span class='ocrx_word' id='word_1_173' title='bbox 1084 515 1233 550; x_wconf 84' lang='lat' dir='ltr'><strong>imperandi</strong></span> <span class='ocrx_word' id='word_1_174' title='bbox 1247 515 1359 542; x_wconf 88' lang='lat' dir='ltr'><strong>scientia</strong></span> <span class='ocrx_word' id='word_1_175' title='bbox 1377 515 1428 542; x_wconf 75' lang='lat' dir='ltr'><strong>fuit</strong></span> <span class='ocrx_word' id='word_1_176' title='bbox 1440 516 1621 545; x_wconf 85' lang='lat' dir='ltr'><strong>admirabilis.</strong></span> <span class='ocrx_word' id='word_1_177' title='bbox 1633 518 1686 545; x_wconf 91' lang='lat' dir='ltr'><strong>Ne-</strong></span> 
     </span>
    </p>
   </div>
   <div class='ocr_carea' id='block_1_26' title="bbox 900 560 1684 595">
    <p class='ocr_par' dir='ltr' id='par_1_26' title="bbox 900 560 1684 595">
     <span class='ocr_line' id='line_1_26' title="bbox 900 560 1684 595; baseline 0.005 -9"><span class='ocrx_word' id='word_1_178' title='bbox 900 567 951 594; x_wconf 86' lang='lat' dir='ltr'><strong>que</strong></span> <span class='ocrx_word' id='word_1_179' title='bbox 966 560 1047 594; x_wconf 85' lang='lat' dir='ltr'><strong>enim,</strong></span> <span class='ocrx_word' id='word_1_180' title='bbox 1066 565 1094 586; x_wconf 97' lang='lat' dir='ltr'><strong>ut</strong></span> <span class='ocrx_word' id='word_1_181' title='bbox 1111 565 1250 595; x_wconf 82' lang='lat' dir='ltr'><strong>tyrannus,</strong></span> <span class='ocrx_word' id='word_1_182' title='bbox 1262 561 1423 595; x_wconf 81' lang='lat' dir='ltr'><strong>quibusdam</strong></span> <span class='ocrx_word' id='word_1_183' title='bbox 1440 562 1576 595; x_wconf 85' lang='lat' dir='ltr'><strong>persuasit</strong></span> <span class='ocrx_word' id='word_1_184' title='bbox 1591 569 1684 590; x_wconf 91' lang='lat' dir='ltr'><strong>secum</strong></span> 
     </span>
    </p>
   </div>
   <div class='ocr_carea' id='block_1_27' title="bbox 898 604 1686 640">
    <p class='ocr_par' dir='ltr' id='par_1_27' title="bbox 898 604 1686 640">
     <span class='ocr_line' id='line_1_27' title="bbox 898 604 1686 640; baseline 0.004 -9"><span class='ocrx_word' id='word_1_185' title='bbox 898 611 914 631; x_wconf 87' lang='lat' dir='ltr'><strong>a</strong></span> <span class='ocrx_word' id='word_1_186' title='bbox 931 604 1034 640; x_wconf 79' lang='lat' dir='ltr'><strong>legibus</strong></span> <span class='ocrx_word' id='word_1_187' title='bbox 1050 604 1183 638; x_wconf 84' lang='lat' dir='ltr'><strong>deiicere;</strong></span> <span class='ocrx_word' id='word_1_188' title='bbox 1200 611 1250 632; x_wconf 87' lang='lat' dir='ltr'><strong>nec</strong></span> <span class='ocrx_word' id='word_1_189' title='bbox 1266 609 1294 632; x_wconf 90' lang='lat' dir='ltr'><strong>ut</strong></span> <span class='ocrx_word' id='word_1_190' title='bbox 1312 605 1382 632; x_wconf 87' lang='lat' dir='ltr'><strong>latro</strong></span> <span class='ocrx_word' id='word_1_191' title='bbox 1396 605 1441 639; x_wconf 90' lang='lat' dir='ltr'><strong>qui</strong></span> <span class='ocrx_word' id='word_1_192' title='bbox 1453 605 1584 633; x_wconf 84' lang='lat' dir='ltr'><strong>adversus</strong></span> <span class='ocrx_word' id='word_1_193' title='bbox 1599 607 1686 634; x_wconf 89' lang='lat' dir='ltr'><strong>homi-</strong></span> 
     </span>
    </p>
   </div>
   <div class='ocr_carea' id='block_1_28' title="bbox 899 650 1687 686">
    <p class='ocr_par' dir='ltr' id='par_1_28' title="bbox 899 650 1687 686">
     <span class='ocr_line' id='line_1_28' title="bbox 899 650 1687 686; baseline 0.003 -9"><span class='ocrx_word' id='word_1_194' title='bbox 899 658 947 677; x_wconf 86' lang='lat' dir='ltr'><strong>nes</strong></span> <span class='ocrx_word' id='word_1_195' title='bbox 961 657 1024 677; x_wconf 88' lang='lat' dir='ltr'><strong>suos</strong></span> <span class='ocrx_word' id='word_1_196' title='bbox 1041 655 1129 677; x_wconf 86' lang='lat' dir='ltr'><strong>armat</strong></span> <span class='ocrx_word' id='word_1_197' title='bbox 1145 650 1278 683; x_wconf 83' lang='lat' dir='ltr'><strong>asseclas;</strong></span> <span class='ocrx_word' id='word_1_198' title='bbox 1294 658 1343 678; x_wconf 88' lang='lat' dir='ltr'><strong>nec</strong></span> <span class='ocrx_word' id='word_1_199' title='bbox 1365 656 1393 678; x_wconf 92' lang='lat' dir='ltr'><strong>ut</strong></span> <span class='ocrx_word' id='word_1_200' title='bbox 1416 651 1562 685; x_wconf 88' lang='lat' dir='ltr'><strong>opulentus</strong></span> <span class='ocrx_word' id='word_1_201' title='bbox 1573 652 1619 686; x_wconf 86' lang='lat' dir='ltr'><strong>qui</strong></span> <span class='ocrx_word' id='word_1_202' title='bbox 1637 653 1687 680; x_wconf 92' lang='lat' dir='ltr'><strong>ob-</strong></span> 
     </span>
    </p>
   </div>
   <div class='ocr_carea' id='block_1_29' title="bbox 897 695 1686 730">
    <p class='ocr_par' dir='ltr' id='par_1_29' title="bbox 897 695 1686 730">
     <span class='ocr_line' id='line_1_29' title="bbox 897 695 1686 730; baseline 0.003 -8"><span class='ocrx_word' id='word_1_203' title='bbox 897 696 957 723; x_wconf 87' lang='lat' dir='ltr'><strong>vios</strong></span> <span class='ocrx_word' id='word_1_204' title='bbox 971 695 1056 723; x_wconf 80' lang='lat' dir='ltr'><strong>allicit</strong></span> <span class='ocrx_word' id='word_1_205' title='bbox 1081 695 1284 730; x_wconf 81' lang='lat' dir='ltr'><strong>largitionibus;</strong></span> <span class='ocrx_word' id='word_1_206' title='bbox 1308 703 1359 723; x_wconf 89' lang='lat' dir='ltr'><strong>nec</strong></span> <span class='ocrx_word' id='word_1_207' title='bbox 1382 699 1411 722; x_wconf 91' lang='lat' dir='ltr'><strong>ut</strong></span> <span class='ocrx_word' id='word_1_208' title='bbox 1433 696 1568 730; x_wconf 83' lang='lat' dir='ltr'><strong>quispiam</strong></span> <span class='ocrx_word' id='word_1_209' title='bbox 1590 703 1686 724; x_wconf 88' lang='lat' dir='ltr'><strong>eorum</strong></span> 
     </span>
    </p>
   </div>
   <div class='ocr_carea' id='block_1_30' title="bbox 897 740 1685 777">
    <p class='ocr_par' dir='ltr' id='par_1_30' title="bbox 897 740 1685 777">
     <span class='ocr_line' id='line_1_30' title="bbox 897 740 1685 777; baseline 0.003 -10"><span class='ocrx_word' id='word_1_210' title='bbox 897 747 1011 775; x_wconf 81' lang='lat' dir='ltr'><strong>quorum</strong></span> <span class='ocrx_word' id='word_1_211' title='bbox 1038 741 1136 776; x_wconf 80' lang='lat' dir='ltr'><strong>agendi</strong></span> <span class='ocrx_word' id='word_1_212' title='bbox 1164 741 1233 768; x_wconf 84' lang='lat' dir='ltr'><strong>ratio</strong></span> <span class='ocrx_word' id='word_1_213' title='bbox 1253 740 1397 768; x_wconf 81' lang='lat' dir='ltr'><strong>manifeste</strong></span> <span class='ocrx_word' id='word_1_214' title='bbox 1422 746 1463 768; x_wconf 89' lang='lat' dir='ltr'><strong>est</strong></span> <span class='ocrx_word' id='word_1_215' title='bbox 1489 742 1685 777; x_wconf 87' lang='lat' dir='ltr'><strong>vituperanda;</strong></span> 
     </span>
    </p>
   </div>
   <div class='ocr_carea' id='block_1_31' title="bbox 897 786 1684 822">
    <p class='ocr_par' dir='ltr' id='par_1_31' title="bbox 897 786 1684 822">
     <span class='ocr_line' id='line_1_31' title="bbox 897 786 1684 822; baseline 0.001 -8"><span class='ocrx_word' id='word_1_216' title='bbox 897 789 943 815; x_wconf 86' lang='lat' dir='ltr'><strong>sed</strong></span> <span class='ocrx_word' id='word_1_217' title='bbox 963 792 992 814; x_wconf 90' lang='lat' dir='ltr'><strong>ut</strong></span> <span class='ocrx_word' id='word_1_218' title='bbox 1006 787 1135 822; x_wconf 78' lang='lat' dir='ltr'><strong>magister</strong></span> <span class='ocrx_word' id='word_1_219' title='bbox 1148 787 1194 821; x_wconf 88' lang='lat' dir='ltr'><strong>qui</strong></span> <span class='ocrx_word' id='word_1_220' title='bbox 1206 787 1303 814; x_wconf 91' lang='lat' dir='ltr'><strong>summi</strong></span> <span class='ocrx_word' id='word_1_221' title='bbox 1326 787 1372 814; x_wconf 89' lang='lat' dir='ltr'><strong>Dei</strong></span> <span class='ocrx_word' id='word_1_222' title='bbox 1388 786 1552 819; x_wconf 83' lang='lat' dir='ltr'><strong>doctrinam,</strong></span> <span class='ocrx_word' id='word_1_223' title='bbox 1569 788 1684 821; x_wconf 90' lang='lat' dir='ltr'><strong>cultum,</strong></span> 
     </span>
    </p>
   </div>
   <div class='ocr_carea' id='block_1_32' title="bbox 896 832 1685 868">
    <p class='ocr_par' dir='ltr' id='par_1_32' title="bbox 896 832 1685 868">
     <span class='ocr_line' id='line_1_32' title="bbox 896 832 1685 868; baseline 0.001 -8"><span class='ocrx_word' id='word_1_224' title='bbox 896 840 1058 868; x_wconf 87' lang='lat' dir='ltr'><strong>omnemque</strong></span> <span class='ocrx_word' id='word_1_225' title='bbox 1074 841 1177 861; x_wconf 90' lang='lat' dir='ltr'><strong>morum</strong></span> <span class='ocrx_word' id='word_1_226' title='bbox 1193 833 1276 860; x_wconf 82' lang='lat' dir='ltr'><strong>tradit</strong></span> <span class='ocrx_word' id='word_1_227' title='bbox 1291 832 1473 867; x_wconf 88' lang='lat' dir='ltr'><strong>disciplinam,</strong></span> <span class='ocrx_word' id='word_1_228' title='bbox 1486 841 1546 868; x_wconf 67' lang='lat' dir='ltr'><strong>quae</strong></span> <span class='ocrx_word' id='word_1_229' title='bbox 1558 841 1685 866; x_wconf 87' lang='lat' dir='ltr'><strong>supremo</strong></span> 
     </span>
    </p>
   </div>
   <div class='ocr_carea' id='block_1_33' title="bbox 897 878 1686 913">
    <p class='ocr_par' dir='ltr' id='par_1_33' title="bbox 897 878 1686 913">
     <span class='ocr_line' id='line_1_33' title="bbox 897 878 1686 913; baseline 0.003 -9"><span class='ocrx_word' id='word_1_230' title='bbox 897 878 951 905; x_wconf 82' lang='lat' dir='ltr'><strong>Deo</strong></span> <span class='ocrx_word' id='word_1_231' title='bbox 961 878 1106 906; x_wconf 88' lang='lat' dir='ltr'><strong>conciliare</strong></span> <span class='ocrx_word' id='word_1_232' title='bbox 1115 881 1214 913; x_wconf 83' lang='lat' dir='ltr'><strong>potest,</strong></span> <span class='ocrx_word' id='word_1_233' title='bbox 1226 878 1382 913; x_wconf 85' lang='lat' dir='ltr'><strong>quicunque</strong></span> <span class='ocrx_word' id='word_1_234' title='bbox 1395 885 1459 905; x_wconf 87' lang='lat' dir='ltr'><strong>suos</strong></span> <span class='ocrx_word' id='word_1_235' title='bbox 1472 878 1504 905; x_wconf 92' lang='lat' dir='ltr'><strong>ad</strong></span> <span class='ocrx_word' id='word_1_236' title='bbox 1521 886 1580 905; x_wconf 84' lang='lat' dir='ltr'><strong>eam</strong></span> <span class='ocrx_word' id='word_1_237' title='bbox 1594 886 1686 906; x_wconf 82' lang='lat' dir='ltr'><strong>mores</strong></span> 
     </span>
    </p>
   </div>
   <div class='ocr_carea' id='block_1_34' title="bbox 69 919 837 961">
    <p class='ocr_par' dir='ltr' id='par_1_34' title="bbox 69 922 837 961">
     <span class='ocr_line' id='line_1_34' title="bbox 69 922 837 961; baseline 0.009 -14"><span class='ocrx_word' id='word_1_238' title='bbox 69 929 141 955; x_wconf 81' lang='grc' dir='ltr'>μενον</span> <span class='ocrx_word' id='word_1_239' title='bbox 151 923 181 957; x_wconf 83' lang='grc' dir='ltr'><strong>τῇ</strong></span> <span class='ocrx_word' id='word_1_240' title='bbox 195 922 258 958; x_wconf 81' lang='grc' dir='ltr'>δόξῃ</span> <span class='ocrx_word' id='word_1_241' title='bbox 266 923 373 958; x_wconf 77' lang='grc' dir='ltr'>ἰτούτῳ</span> <span class='ocrx_word' id='word_1_242' title='bbox 384 924 411 951; x_wconf 81' lang='grc' dir='ltr'>δὲ</span> <span class='ocrx_word' id='word_1_243' title='bbox 424 925 491 960; x_wconf 73' lang='grc' dir='ltr'>πρὸς</span> <span class='ocrx_word' id='word_1_244' title='bbox 507 926 561 957; x_wconf 89' lang='grc' dir='ltr'>τοῖς</span> <span class='ocrx_word' id='word_1_245' title='bbox 574 926 727 961; x_wconf 79' lang='grc' dir='ltr'><strong>εἰρημένοις</strong></span> <span class='ocrx_word' id='word_1_246' title='bbox 739 927 837 960; x_wconf 72' lang='grc' dir='ltr'>ἱκανῶς</span> 
     </span>
    </p>
   </div>
   <div class='ocr_carea' id='block_1_35' title="bbox 922 919 1684 961">
    <p class='ocr_par' dir='ltr' id='par_1_35' title="bbox 922 922 1684 957">
     <span class='ocr_line' id='line_1_35' title="bbox 922 922 1684 957; baseline 0.004 -9"><span class='ocrx_word' id='word_1_247' title='bbox 922 923 1109 957; x_wconf 49' lang='lat' dir='ltr'><strong>imposuerint.</strong></span> <span class='ocrx_word' id='word_1_248' title='bbox 1128 923 1167 951; x_wconf 90' lang='lat' dir='ltr'><strong>Ac</strong></span> <span class='ocrx_word' id='word_1_249' title='bbox 1182 922 1374 950; x_wconf 88' lang='lat' dir='ltr'><strong>Themistoclis</strong></span> <span class='ocrx_word' id='word_1_250' title='bbox 1400 923 1509 957; x_wconf 87' lang='lat' dir='ltr'><strong>quidem</strong></span> <span class='ocrx_word' id='word_1_251' title='bbox 1536 927 1584 949; x_wconf 86' lang='lat' dir='ltr'><strong>aut</strong></span> <span class='ocrx_word' id='word_1_252' title='bbox 1600 923 1684 951; x_wconf 86' lang='lat' dir='ltr'><strong>ullius</strong></span> 
     </span>
    </p>
   </div>
   <div class='ocr_carea' id='block_1_36' title="bbox 68 966 843 1008">
    <p class='ocr_par' dir='ltr' id='par_1_36' title="bbox 68 966 843 1008">
     <span class='ocr_line' id='line_1_36' title="bbox 68 966 843 1008; baseline 0.01 -16"><span class='ocrx_word' id='word_1_253' title='bbox 68 966 216 1002; x_wconf 75' lang='grc' dir='ltr'>δυναμένοις</span> <span class='ocrx_word' id='word_1_254' title='bbox 233 968 349 1003; x_wconf 79' lang='grc' dir='ltr'>καλύψαι</span> <span class='ocrx_word' id='word_1_255' title='bbox 371 971 399 996; x_wconf 78' lang='grc' dir='ltr'>ὲν</span> <span class='ocrx_word' id='word_1_256' title='bbox 420 971 510 1006; x_wconf 73' lang='grc' dir='ltr'>ἀδοξία</span> <span class='ocrx_word' id='word_1_257' title='bbox 530 971 671 1007; x_wconf 83' lang='grc' dir='ltr'>ἀνθρώπου</span> <span class='ocrx_word' id='word_1_258' title='bbox 692 972 779 1008; x_wconf 72' lang='grc' dir='ltr'>ψυχὴν</span> <span class='ocrx_word' id='word_1_259' title='bbox 796 975 843 1000; x_wconf 82' lang='grc' dir='ltr'>καὶ</span> 
     </span>
    </p>
   </div>
   <div class='ocr_carea' id='block_1_37' title="bbox 67 1013 843 1052">
    <p class='ocr_par' dir='ltr' id='par_1_37' title="bbox 67 1013 843 1052">
     <span class='ocr_line' id='line_1_37' title="bbox 67 1013 843 1052; baseline 0.01 -14"><span class='ocrx_word' id='word_1_260' title='bbox 67 1013 130 1039; x_wconf 81' lang='grc' dir='ltr'>πᾰνυ</span> <span class='ocrx_word' id='word_1_261' title='bbox 138 1013 262 1046; x_wconf 74' lang='grc' dir='ltr'>εὐφυοῦς,</span> <span class='ocrx_word' id='word_1_262' title='bbox 276 1015 322 1041; x_wconf 77' lang='grc' dir='ltr'>καὶ</span> <span class='ocrx_word' id='word_1_263' title='bbox 332 1015 346 1041; x_wconf 98' lang='lat'><strong>6</strong></span> <span class='ocrx_word' id='word_1_264' title='bbox 355 1015 439 1042; x_wconf 88' lang='grc' dir='ltr'>δοκῶν</span> <span class='ocrx_word' id='word_1_265' title='bbox 449 1016 544 1052; x_wconf 80' lang='grc' dir='ltr'>ἄτιμος</span> <span class='ocrx_word' id='word_1_266' title='bbox 559 1015 628 1044; x_wconf 78' lang='grc' dir='ltr'>εἶναι</span> <span class='ocrx_word' id='word_1_267' title='bbox 641 1017 754 1051; x_wconf 81' lang='grc' dir='ltr'>Θάνατος</span> <span class='ocrx_word' id='word_1_268' title='bbox 767 1027 843 1047; x_wconf 85' lang='grc' dir='ltr'>σταυ-</span> 
     </span>
    </p>
   </div>
   <div class='ocr_carea' id='block_1_38' title="bbox 68 1058 842 1101">
    <p class='ocr_par' dir='ltr' id='par_1_38' title="bbox 68 1058 842 1101">
     <span class='ocr_line' id='line_1_38' title="bbox 68 1058 842 1101; baseline 0.012 -17"><span class='ocrx_word' id='word_1_269' title='bbox 68 1058 170 1093; x_wconf 83' lang='grc' dir='ltr'>ρωθέντι</span> <span class='ocrx_word' id='word_1_270' title='bbox 194 1059 285 1091; x_wconf 73' lang='grc' dir='ltr'>ἱκανὸς</span> <span class='ocrx_word' id='word_1_271' title='bbox 301 1058 334 1096; x_wconf 81' lang='grc' dir='ltr'>ἦν</span> <span class='ocrx_word' id='word_1_272' title='bbox 352 1062 398 1088; x_wconf 80' lang='grc' dir='ltr'>καὶ</span> <span class='ocrx_word' id='word_1_273' title='bbox 409 1062 458 1098; x_wconf 89' lang='grc' dir='ltr'>τὴν</span> <span class='ocrx_word' id='word_1_274' title='bbox 472 1062 611 1097; x_wconf 83' lang='grc' dir='ltr'>φθάσασαν</span> <span class='ocrx_word' id='word_1_275' title='bbox 627 1064 715 1097; x_wconf 80' lang='grc' dir='ltr'>δόξαν,</span> <span class='ocrx_word' id='word_1_276' title='bbox 736 1066 782 1092; x_wconf 75' lang='grc' dir='ltr'>καὶ</span> <span class='ocrx_word' id='word_1_277' title='bbox 793 1066 842 1101; x_wconf 82' lang='grc' dir='ltr'>τὴν</span> 
     </span>
    </p>
   </div>
   <div class='ocr_carea' id='block_1_39' title="bbox 67 1105 841 1145">
    <p class='ocr_par' dir='ltr' id='par_1_39' title="bbox 67 1105 841 1145">
     <span class='ocr_line' id='line_1_39' title="bbox 67 1105 841 1145; baseline 0.012 -16"><span class='ocrx_word' id='word_1_278' title='bbox 67 1105 317 1139; x_wconf 78' lang='grc' dir='ltr'>προκαταλαϐοῦσαν</span> <span class='ocrx_word' id='word_1_279' title='bbox 339 1106 507 1141; x_wconf 74' lang='grc' dir='ltr'>ἐξαφανίσαι,</span> <span class='ocrx_word' id='word_1_280' title='bbox 530 1109 576 1135; x_wconf 82' lang='grc' dir='ltr'>καὶ</span> <span class='ocrx_word' id='word_1_281' title='bbox 592 1110 654 1141; x_wconf 80' lang='grc' dir='ltr'>τοὺς</span> <span class='ocrx_word' id='word_1_282' title='bbox 674 1110 721 1145; x_wconf 82' lang='grc' dir='ltr'>(ὡς</span> <span class='ocrx_word' id='word_1_283' title='bbox 742 1111 841 1138; x_wconf 83' lang='grc' dir='ltr'>οἴονται</span> 
     </span>
    </p>
   </div>
   <div class='ocr_carea' id='block_1_40' title="bbox 65 1149 842 1192">
    <p class='ocr_par' dir='ltr' id='par_1_40' title="bbox 65 1149 842 1192">
     <span class='ocr_line' id='line_1_40' title="bbox 65 1149 842 1192; baseline 0.01 -16"><span class='ocrx_word' id='word_1_284' title='bbox 65 1151 87 1175; x_wconf 78' lang='grc' dir='ltr'>οἱ</span> <span class='ocrx_word' id='word_1_285' title='bbox 101 1149 135 1186; x_wconf 81' lang='grc' dir='ltr'>μὴ</span> <span class='ocrx_word' id='word_1_286' title='bbox 149 1151 407 1187; x_wconf 81' lang='grc' dir='ltr'>συγκατατιθέμενοι</span> <span class='ocrx_word' id='word_1_287' title='bbox 421 1154 503 1180; x_wconf 79' lang='grc' dir='ltr'>αὑτοῦ</span> <span class='ocrx_word' id='word_1_288' title='bbox 518 1156 550 1190; x_wconf 84' lang='grc' dir='ltr'>τῇ</span> <span class='ocrx_word' id='word_1_289' title='bbox 562 1155 730 1192; x_wconf 75' lang='grc' dir='ltr'>διδασκαλίᾳ)</span> <span class='ocrx_word' id='word_1_290' title='bbox 745 1157 842 1192; x_wconf 80' lang='grc' dir='ltr'>προεξ-</span> 
     </span>
    </p>
   </div>
   <div class='ocr_carea' id='block_1_41' title="bbox 66 1197 839 1239">
    <p class='ocr_par' dir='ltr' id='par_1_41' title="bbox 66 1197 839 1239">
     <span class='ocr_line' id='line_1_41' title="bbox 66 1197 839 1239; baseline 0.01 -16"><span class='ocrx_word' id='word_1_291' title='bbox 66 1197 247 1233; x_wconf 78' lang='grc' dir='ltr'>απατηθέντας</span> <span class='ocrx_word' id='word_1_292' title='bbox 269 1199 379 1234; x_wconf 84' lang='grc' dir='ltr'>ποιῆσαι</span> <span class='ocrx_word' id='word_1_293' title='bbox 408 1200 459 1235; x_wconf 84' lang='grc' dir='ltr'>τῆς</span> <span class='ocrx_word' id='word_1_294' title='bbox 480 1201 529 1236; x_wconf 82' lang='grc' dir='ltr'>μὲν</span> <span class='ocrx_word' id='word_1_295' title='bbox 550 1202 657 1238; x_wconf 84' lang='grc' dir='ltr'><strong>ἀπάτης</strong></span> <span class='ocrx_word' id='word_1_296' title='bbox 679 1203 839 1239; x_wconf 82' lang='grc' dir='ltr'>ἀποστῆναι,</span> 
     </span>
    </p>
   </div>
   <div class='ocr_carea' id='block_1_42' title="bbox 66 1243 541 1281">
    <p class='ocr_par' dir='ltr' id='par_1_42' title="bbox 66 1243 541 1281">
     <span class='ocr_line' id='line_1_42' title="bbox 66 1243 541 1281; baseline 0.004 -11"><span class='ocrx_word' id='word_1_297' title='bbox 66 1243 230 1279; x_wconf 84' lang='grc' dir='ltr'>καταγνῶναι</span> <span class='ocrx_word' id='word_1_298' title='bbox 240 1244 268 1271; x_wconf 80' lang='grc' dir='ltr'>δὲ</span> <span class='ocrx_word' id='word_1_299' title='bbox 280 1244 326 1271; x_wconf 90' lang='grc' dir='ltr'><strong>τοῦ</strong></span> <span class='ocrx_word' id='word_1_300' title='bbox 341 1245 541 1281; x_wconf 82' lang='grc' dir='ltr'>ἀπατήσαντος.</span> 
     </span>
    </p>
   </div>
   <div class='ocr_carea' id='block_1_43' title="bbox 94 1366 840 1407">
    <p class='ocr_par' dir='ltr' id='par_1_43' title="bbox 94 1366 840 1407">
     <span class='ocr_line' id='line_1_43' title="bbox 94 1366 840 1407; baseline 0.007 -14"><span class='ocrx_word' id='word_1_301' title='bbox 94 1366 162 1402; x_wconf 78' lang='grc' dir='ltr'>Πρὸς</span> <span class='ocrx_word' id='word_1_302' title='bbox 173 1366 277 1399; x_wconf 84' lang='grc' dir='ltr'>τούτοις</span> <span class='ocrx_word' id='word_1_303' title='bbox 285 1368 313 1394; x_wconf 84' lang='grc' dir='ltr'>δὲ</span> <span class='ocrx_word' id='word_1_304' title='bbox 326 1368 463 1404; x_wconf 83' lang='grc' dir='ltr'>θαυμάσαι</span> <span class='ocrx_word' id='word_1_305' title='bbox 474 1369 507 1396; x_wconf 77' lang='grc' dir='ltr'>ἂν</span> <span class='ocrx_word' id='word_1_306' title='bbox 516 1378 568 1403; x_wconf 85' lang='grc' dir='ltr'>τις,</span> <span class='ocrx_word' id='word_1_307' title='bbox 581 1369 662 1397; x_wconf 82' lang='grc' dir='ltr'>πόθεν</span> <span class='ocrx_word' id='word_1_308' title='bbox 674 1370 773 1407; x_wconf 78' lang='grc' dir='ltr'>ἐπῆλθε</span> <span class='ocrx_word' id='word_1_309' title='bbox 784 1373 840 1405; x_wconf 85' lang='grc' dir='ltr'>τοῖς</span> 
     </span>
    </p>
   </div>
   <div class='ocr_carea' id='block_1_44' title="bbox 66 1412 840 1451">
    <p class='ocr_par' dir='ltr' id='par_1_44' title="bbox 66 1412 840 1451">
     <span class='ocr_line' id='line_1_44' title="bbox 66 1412 840 1451; baseline 0.008 -13"><span class='ocrx_word' id='word_1_310' title='bbox 66 1412 190 1447; x_wconf 82' lang='grc' dir='ltr'>μαθηταῖς</span> <span class='ocrx_word' id='word_1_311' title='bbox 205 1413 287 1440; x_wconf 86' lang='grc' dir='ltr'>αὐτοῦ</span> <span class='ocrx_word' id='word_1_312' title='bbox 303 1414 370 1449; x_wconf 83' lang='grc'>(51),</span> <span class='ocrx_word' id='word_1_313' title='bbox 386 1415 423 1447; x_wconf 87' lang='grc' dir='ltr'>ὡς</span> <span class='ocrx_word' id='word_1_314' title='bbox 443 1415 568 1450; x_wconf 83' lang='grc' dir='ltr'>λέγουσιν</span> <span class='ocrx_word' id='word_1_315' title='bbox 589 1417 613 1443; x_wconf 82' lang='grc' dir='ltr'>οἱ</span> <span class='ocrx_word' id='word_1_316' title='bbox 630 1417 840 1451; x_wconf 84' lang='grc' dir='ltr'>κακολογοῦντες</span> 
     </span>
    </p>
   </div>
   <div class='ocr_carea' id='block_1_45' title="bbox 64 1458 839 1496">
    <p class='ocr_par' dir='ltr' id='par_1_45' title="bbox 64 1458 839 1496">
     <span class='ocr_line' id='line_1_45' title="bbox 64 1458 839 1496; baseline 0.008 -12"><span class='ocrx_word' id='word_1_317' title='bbox 64 1458 105 1484; x_wconf 74' lang='grc' dir='ltr'><strong>τὸν</strong></span> <span class='ocrx_word' id='word_1_318' title='bbox 119 1459 229 1494; x_wconf 78' lang='grc' dir='ltr'>Ἰησοῦν,</span> <span class='ocrx_word' id='word_1_319' title='bbox 249 1459 286 1495; x_wconf 81' lang='grc' dir='ltr'>μὴ</span> <span class='ocrx_word' id='word_1_320' title='bbox 298 1460 446 1496; x_wconf 79' lang='grc' dir='ltr'>ἑωρακόσιν</span> <span class='ocrx_word' id='word_1_321' title='bbox 460 1461 541 1488; x_wconf 82' lang='grc' dir='ltr'>αὑτὸν</span> <span class='ocrx_word' id='word_1_322' title='bbox 553 1462 705 1489; x_wconf 85' lang='grc' dir='ltr'>ἀναστάντα</span> <span class='ocrx_word' id='word_1_323' title='bbox 721 1463 774 1489; x_wconf 81' lang='grc' dir='ltr'><strong>ἀπὸ</strong></span> <span class='ocrx_word' id='word_1_324' title='bbox 786 1463 839 1490; x_wconf 86' lang='grc' dir='ltr'><strong>τῶν</strong></span> 
     </span>
    </p>
   </div>
   <div class='ocr_carea' id='block_1_46' title="bbox 64 1506 838 1544">
    <p class='ocr_par' dir='ltr' id='par_1_46' title="bbox 64 1506 838 1544">
     <span class='ocr_line' id='line_1_46' title="bbox 64 1506 838 1544; baseline 0.006 -13"><span class='ocrx_word' id='word_1_325' title='bbox 64 1506 168 1541; x_wconf 84' lang='grc' dir='ltr'>νεκρῶν,</span> <span class='ocrx_word' id='word_1_326' title='bbox 179 1507 246 1543; x_wconf 80' lang='grc' dir='ltr'>μηδὲ</span> <span class='ocrx_word' id='word_1_327' title='bbox 261 1508 407 1535; x_wconf 74' lang='grc' dir='ltr'>πεισθεῖσιν</span> <span class='ocrx_word' id='word_1_328' title='bbox 421 1509 461 1535; x_wconf 77' lang='grc' dir='ltr'>ὅτι</span> <span class='ocrx_word' id='word_1_329' title='bbox 493 1508 626 1544; x_wconf 81' lang='grc' dir='ltr'>θειότερόν</span> <span class='ocrx_word' id='word_1_330' title='bbox 640 1517 666 1535; x_wconf 81' lang='grc' dir='ltr'><strong>τι</strong></span> <span class='ocrx_word' id='word_1_331' title='bbox 678 1507 712 1544; x_wconf 78' lang='grc' dir='ltr'>ἦν</span> <span class='ocrx_word' id='word_1_332' title='bbox 726 1510 838 1542; x_wconf 77' lang='grc' dir='ltr'>ἐκεῖνος,</span> 
     </span>
    </p>
   </div>
   <div class='ocr_carea' id='block_1_47' title="bbox 63 1551 839 1591">
    <p class='ocr_par' dir='ltr' id='par_1_47' title="bbox 63 1551 839 1591">
     <span class='ocr_line' id='line_1_47' title="bbox 63 1551 839 1591; baseline 0.008 -15"><span class='ocrx_word' id='word_1_333' title='bbox 63 1551 124 1586; x_wconf 77' lang='grc' dir='ltr'>πρὸς</span> <span class='ocrx_word' id='word_1_334' title='bbox 141 1552 179 1587; x_wconf 83' lang='grc' dir='ltr'>τῷ</span> <span class='ocrx_word' id='word_1_335' title='bbox 198 1553 235 1588; x_wconf 86' lang='grc' dir='ltr'>μὴ</span> <span class='ocrx_word' id='word_1_336' title='bbox 259 1553 406 1589; x_wconf 77' lang='grc' dir='ltr'>φοϐηθῆναι</span> <span class='ocrx_word' id='word_1_337' title='bbox 422 1554 476 1589; x_wconf 66' lang='lat'><strong>(52)</strong></span> <span class='ocrx_word' id='word_1_338' title='bbox 491 1554 525 1581; x_wconf 83' lang='grc' dir='ltr'><strong>τὰ</strong></span> <span class='ocrx_word' id='word_1_339' title='bbox 544 1555 613 1582; x_wconf 71' lang='grc' dir='ltr'>αὐτὰ</span> <span class='ocrx_word' id='word_1_340' title='bbox 633 1554 671 1590; x_wconf 78' lang='grc' dir='ltr'>τῷ</span> <span class='ocrx_word' id='word_1_341' title='bbox 688 1555 839 1591; x_wconf 83' lang='grc' dir='ltr'>διδασκάλῳ</span> 
     </span>
    </p>
   </div>
   <div class='ocr_carea' id='block_1_48' title="bbox 63 1598 839 1636">
    <p class='ocr_par' dir='ltr' id='par_1_48' title="bbox 63 1598 839 1636">
     <span class='ocr_line' id='line_1_48' title="bbox 63 1598 839 1636; baseline 0.005 -12"><span class='ocrx_word' id='word_1_342' title='bbox 63 1598 160 1630; x_wconf 78' lang='grc' dir='ltr'>παθεῖν,</span> <span class='ocrx_word' id='word_1_343' title='bbox 176 1600 222 1626; x_wconf 75' lang='grc' dir='ltr'><strong>καὶ</strong></span> <span class='ocrx_word' id='word_1_344' title='bbox 244 1600 326 1635; x_wconf 79' lang='grc' dir='ltr'>ὁμόσε</span> <span class='ocrx_word' id='word_1_345' title='bbox 345 1600 467 1636; x_wconf 78' lang='grc' dir='ltr'>χωρῆσαι</span> <span class='ocrx_word' id='word_1_346' title='bbox 490 1600 529 1636; x_wconf 86' lang='grc' dir='ltr'><strong>τῷ</strong></span> <span class='ocrx_word' id='word_1_347' title='bbox 548 1600 673 1636; x_wconf 85' lang='grc' dir='ltr'>κινδύνῳ,</span> <span class='ocrx_word' id='word_1_348' title='bbox 688 1601 737 1628; x_wconf 71' lang='grc' dir='ltr'>καὶ</span> <span class='ocrx_word' id='word_1_349' title='bbox 753 1610 839 1628; x_wconf 86' lang='grc' dir='ltr'>κατα-</span> 
     </span>
    </p>
   </div>
   <div class='ocr_carea' id='block_1_49' title="bbox 62 1643 839 1684">
    <p class='ocr_par' dir='ltr' id='par_1_49' title="bbox 62 1643 839 1684">
     <span class='ocr_line' id='line_1_49' title="bbox 62 1643 839 1684; baseline 0.006 -15"><span class='ocrx_word' id='word_1_350' title='bbox 62 1643 141 1671; x_wconf 82' lang='grc' dir='ltr'>λιπεῖν</span> <span class='ocrx_word' id='word_1_351' title='bbox 156 1645 203 1677; x_wconf 80' lang='grc' dir='ltr'><strong>τὰς</strong></span> <span class='ocrx_word' id='word_1_352' title='bbox 220 1646 354 1681; x_wconf 78' lang='grc' dir='ltr'>πατρίδας</span> <span class='ocrx_word' id='word_1_353' title='bbox 373 1647 442 1682; x_wconf 77' lang='grc' dir='ltr'>ὑπὲρ</span> <span class='ocrx_word' id='word_1_354' title='bbox 457 1646 503 1673; x_wconf 90' lang='grc' dir='ltr'><strong>τοῦ</strong></span> <span class='ocrx_word' id='word_1_355' title='bbox 521 1647 623 1679; x_wconf 81' lang='grc' dir='ltr'>διδάξαι</span> <span class='ocrx_word' id='word_1_356' title='bbox 644 1647 714 1674; x_wconf 83' lang='grc' dir='ltr'>κατὰ</span> <span class='ocrx_word' id='word_1_357' title='bbox 730 1647 760 1674; x_wconf 77' lang='grc' dir='ltr'>τὸ</span> <span class='ocrx_word' id='word_1_358' title='bbox 787 1648 839 1684; x_wconf 88' lang='grc' dir='ltr'><strong>Ἰη-</strong></span> 
     </span>
    </p>
   </div>
   <div class='ocr_carea' id='block_1_50' title="bbox 63 1689 837 1728">
    <p class='ocr_par' dir='ltr' id='par_1_50' title="bbox 63 1689 837 1728">
     <span class='ocr_line' id='line_1_50' title="bbox 63 1689 837 1728; baseline 0.006 -13"><span class='ocrx_word' id='word_1_359' title='bbox 63 1689 105 1715; x_wconf 85' lang='grc' dir='ltr'><strong>σοῦ</strong></span> <span class='ocrx_word' id='word_1_360' title='bbox 121 1690 252 1727; x_wconf 80' lang='grc' dir='ltr'>βούλημα,</span> <span class='ocrx_word' id='word_1_361' title='bbox 266 1692 309 1719; x_wconf 84' lang='grc' dir='ltr'>τὸν</span> <span class='ocrx_word' id='word_1_362' title='bbox 323 1692 507 1728; x_wconf 85' lang='grc' dir='ltr'>παραδοθέντα</span> <span class='ocrx_word' id='word_1_363' title='bbox 520 1692 575 1728; x_wconf 77' lang='grc'>(55)</span> <span class='ocrx_word' id='word_1_364' title='bbox 590 1693 682 1724; x_wconf 80' lang='grc' dir='ltr'>αὐτοῖς</span> <span class='ocrx_word' id='word_1_365' title='bbox 697 1693 742 1719; x_wconf 82' lang='grc' dir='ltr'><strong>ὑπ’</strong></span> <span class='ocrx_word' id='word_1_366' title='bbox 756 1693 837 1720; x_wconf 82' lang='grc' dir='ltr'>αὑτοῦ</span> 
     </span>
    </p>
   </div>
   <div class='ocr_carea' id='block_1_51' title="bbox 61 1734 839 1775">
    <p class='ocr_par' dir='ltr' id='par_1_51' title="bbox 61 1734 839 1775">
     <span class='ocr_line' id='line_1_51' title="bbox 61 1734 839 1775; baseline 0.008 -15"><span class='ocrx_word' id='word_1_367' title='bbox 61 1734 145 1769; x_wconf 81' lang='grc' dir='ltr'>λόγον·</span> <span class='ocrx_word' id='word_1_368' title='bbox 158 1735 237 1772; x_wconf 75' lang='grc' dir='ltr'>οἶμαι</span> <span class='ocrx_word' id='word_1_369' title='bbox 249 1737 314 1773; x_wconf 81' lang='grc' dir='ltr'>γὰρ,</span> <span class='ocrx_word' id='word_1_370' title='bbox 326 1738 366 1765; x_wconf 75' lang='grc' dir='ltr'><strong>ὅτι</strong></span> <span class='ocrx_word' id='word_1_371' title='bbox 381 1739 395 1765; x_wconf 88' lang='lat'><strong>6</strong></span> <span class='ocrx_word' id='word_1_372' title='bbox 409 1738 586 1774; x_wconf 83' lang='grc' dir='ltr'>εὐγνωμόνως</span> <span class='ocrx_word' id='word_1_373' title='bbox 603 1739 735 1771; x_wconf 80' lang='grc' dir='ltr'>ἐξετάζων</span> <span class='ocrx_word' id='word_1_374' title='bbox 750 1739 839 1775; x_wconf 82' lang='grc' dir='ltr'>πράγ-</span> 
     </span>
    </p>
   </div>
   <div class='ocr_carea' id='block_1_52' title="bbox 62 1782 838 1819">
    <p class='ocr_par' dir='ltr' id='par_1_52' title="bbox 62 1782 838 1819">
     <span class='ocr_line' id='line_1_52' title="bbox 62 1782 838 1819; baseline 0.003 -11"><span class='ocrx_word' id='word_1_375' title='bbox 62 1789 128 1816; x_wconf 81' lang='grc' dir='ltr'>ματα</span> <span class='ocrx_word' id='word_1_376' title='bbox 141 1783 189 1809; x_wconf 79' lang='grc' dir='ltr'>οὐκ</span> <span class='ocrx_word' id='word_1_377' title='bbox 203 1782 237 1810; x_wconf 87' lang='grc' dir='ltr'>ἂν</span> <span class='ocrx_word' id='word_1_378' title='bbox 262 1783 335 1818; x_wconf 80' lang='grc' dir='ltr'>λέγοι</span> <span class='ocrx_word' id='word_1_379' title='bbox 354 1783 464 1815; x_wconf 85' lang='grc' dir='ltr'>τούτους</span> <span class='ocrx_word' id='word_1_380' title='bbox 484 1784 597 1815; x_wconf 75' lang='grc' dir='ltr'>ἑαυτοὺς</span> <span class='ocrx_word' id='word_1_381' title='bbox 618 1783 838 1819; x_wconf 81' lang='grc' dir='ltr'>παραδεδωκέναι</span> 
     </span>
    </p>
   </div>
   <div class='ocr_carea' id='block_1_53' title="bbox 62 1828 836 1864">
    <p class='ocr_par' dir='ltr' id='par_1_53' title="bbox 62 1828 836 1864">
     <span class='ocr_line' id='line_1_53' title="bbox 62 1828 836 1864; baseline 0.003 -11"><span class='ocrx_word' id='word_1_382' title='bbox 62 1828 238 1864; x_wconf 81' lang='grc' dir='ltr'>περιστατικῷ</span> <span class='ocrx_word' id='word_1_383' title='bbox 264 1828 322 1864; x_wconf 85' lang='grc' dir='ltr'>βίῳ,</span> <span class='ocrx_word' id='word_1_384' title='bbox 346 1829 438 1856; x_wconf 76' lang='grc' dir='ltr'>ἕνεκεν</span> <span class='ocrx_word' id='word_1_385' title='bbox 460 1829 510 1864; x_wconf 81' lang='grc' dir='ltr'>τῆς</span> <span class='ocrx_word' id='word_1_386' title='bbox 541 1829 628 1864; x_wconf 85' lang='grc' dir='ltr'>Ἰησοῦ</span> <span class='ocrx_word' id='word_1_387' title='bbox 653 1829 836 1861; x_wconf 84' lang='grc' dir='ltr'>διδασκαλίας,</span> 
     </span>
    </p>
   </div>
   <div class='ocr_carea' id='block_1_54' title="bbox 60 1873 836 1910">
    <p class='ocr_par' dir='ltr' id='par_1_54' title="bbox 60 1873 836 1910">
     <span class='ocr_line' id='line_1_54' title="bbox 60 1873 836 1910; baseline 0.004 -12"><span class='ocrx_word' id='word_1_388' title='bbox 60 1873 136 1907; x_wconf 76' lang='grc' dir='ltr'>χωρίς</span> <span class='ocrx_word' id='word_1_389' title='bbox 154 1881 224 1905; x_wconf 84' lang='grc' dir='ltr'>τινος</span> <span class='ocrx_word' id='word_1_390' title='bbox 241 1873 361 1909; x_wconf 84' lang='grc' dir='ltr'>μεγάλης</span> <span class='ocrx_word' id='word_1_391' title='bbox 378 1873 497 1907; x_wconf 76' lang='grc' dir='ltr'>πειθοῦς,</span> <span class='ocrx_word' id='word_1_392' title='bbox 514 1874 547 1910; x_wconf 81' lang='grc' dir='ltr'>ἣν</span> <span class='ocrx_word' id='word_1_393' title='bbox 561 1874 723 1910; x_wconf 75' lang='grc' dir='ltr'>ἐνεποίησεν</span> <span class='ocrx_word' id='word_1_394' title='bbox 735 1875 836 1906; x_wconf 81' lang='grc' dir='ltr'>αὐτοῖς,</span> 
     </span>
    </p>
   </div>
   <div class='ocr_carea' id='block_1_55' title="bbox 59 1917 838 1955">
    <p class='ocr_par' dir='ltr' id='par_1_55' title="bbox 59 1917 838 1955">
     <span class='ocr_line' id='line_1_55' title="bbox 59 1917 838 1955; baseline 0.003 -12"><span class='ocrx_word' id='word_1_395' title='bbox 59 1917 181 1945; x_wconf 84' lang='grc' dir='ltr'>διδάσκων</span> <span class='ocrx_word' id='word_1_396' title='bbox 205 1919 236 1945; x_wconf 80' lang='grc' dir='ltr'>οὑ</span> <span class='ocrx_word' id='word_1_397' title='bbox 261 1917 339 1954; x_wconf 86' lang='grc' dir='ltr'>μόνον</span> <span class='ocrx_word' id='word_1_398' title='bbox 361 1918 509 1945; x_wconf 85' lang='grc' dir='ltr'>διακεῖσθαι</span> <span class='ocrx_word' id='word_1_399' title='bbox 533 1919 603 1946; x_wconf 85' lang='grc' dir='ltr'>κατὰ</span> <span class='ocrx_word' id='word_1_400' title='bbox 628 1919 662 1945; x_wconf 83' lang='grc' dir='ltr'>τὰ</span> <span class='ocrx_word' id='word_1_401' title='bbox 690 1919 838 1955; x_wconf 83' lang='grc' dir='ltr'>μαθήματα</span> 
     </span>
    </p>
   </div>
   <div class='ocr_carea' id='block_1_56' title="bbox 59 1962 837 1996">
    <p class='ocr_par' dir='ltr' id='par_1_56' title="bbox 59 1962 837 1996">
     <span class='ocr_line' id='line_1_56' title="bbox 59 1962 837 1996; baseline 0.001 -7"><span class='ocrx_word' id='word_1_402' title='bbox 59 1963 144 1996; x_wconf 69' lang='grc' dir='ltr'>αὐτοῦ,</span> <span class='ocrx_word' id='word_1_403' title='bbox 161 1962 235 1990; x_wconf 57' lang='grc' dir='ltr'>ἀλλα</span> <span class='ocrx_word' id='word_1_404' title='bbox 250 1964 298 1990; x_wconf 81' lang='grc' dir='ltr'>καὶ</span> <span class='ocrx_word' id='word_1_405' title='bbox 319 1963 414 1995; x_wconf 79' lang='grc' dir='ltr'>ἄλλους</span> <span class='ocrx_word' id='word_1_406' title='bbox 436 1963 599 1991; x_wconf 79' lang='grc' dir='ltr'>διατιθέναι’</span> <span class='ocrx_word' id='word_1_407' title='bbox 624 1964 670 1991; x_wconf 78' lang='grc' dir='ltr'>καὶ</span> <span class='ocrx_word' id='word_1_408' title='bbox 691 1964 837 1991; x_wconf 87' lang='grc' dir='ltr'>διατιθέναι</span> 
     </span>
    </p>
   </div>
   <div class='ocr_carea' id='block_1_57' title="bbox 60 2008 837 2045">
    <p class='ocr_par' dir='ltr' id='par_1_57' title="bbox 60 2008 837 2045">
     <span class='ocr_line' id='line_1_57' title="bbox 60 2008 837 2045; baseline 0 -10"><span class='ocrx_word' id='word_1_409' title='bbox 60 2008 192 2043; x_wconf 75' lang='grc' dir='ltr'>προῦπτου</span> <span class='ocrx_word' id='word_1_410' title='bbox 202 2009 289 2042; x_wconf 74' lang='grc' dir='ltr'>ὗντος,</span> <span class='ocrx_word' id='word_1_411' title='bbox 300 2009 337 2040; x_wconf 83' lang='grc' dir='ltr'>ὡς</span> <span class='ocrx_word' id='word_1_412' title='bbox 350 2009 418 2045; x_wconf 78' lang='grc' dir='ltr'>πρὸς</span> <span class='ocrx_word' id='word_1_413' title='bbox 427 2009 473 2036; x_wconf 82' lang='grc' dir='ltr'><strong>τὸν</strong></span> <span class='ocrx_word' id='word_1_414' title='bbox 483 2009 632 2045; x_wconf 83' lang='grc' dir='ltr'>ἀνθρώπων</span> <span class='ocrx_word' id='word_1_415' title='bbox 643 2010 709 2045; x_wconf 84' lang='grc' dir='ltr'>βίον,</span> <span class='ocrx_word' id='word_1_416' title='bbox 725 2009 837 2045; x_wconf 83' lang='grc' dir='ltr'>ὀλέθρου</span> 
     </span>
    </p>
   </div>
   <div class='ocr_carea' id='block_1_58' title="bbox 58 2051 836 2090">
    <p class='ocr_par' dir='ltr' id='par_1_58' title="bbox 58 2051 836 2090">
     <span class='ocr_line' id='line_1_58' title="bbox 58 2051 836 2090; baseline 0.004 -11"><span class='ocrx_word' id='word_1_417' title='bbox 58 2051 93 2088; x_wconf 82' lang='grc' dir='ltr'>τῷ</span> <span class='ocrx_word' id='word_1_418' title='bbox 102 2053 232 2089; x_wconf 74' lang='grc' dir='ltr'>τολμῶν-τι</span> <span class='ocrx_word' id='word_1_419' title='bbox 247 2054 385 2089; x_wconf 83' lang='grc' dir='ltr'>πανταχοῦ</span> <span class='ocrx_word' id='word_1_420' title='bbox 396 2055 443 2081; x_wconf 79' lang='grc' dir='ltr'>καὶ</span> <span class='ocrx_word' id='word_1_421' title='bbox 455 2055 524 2089; x_wconf 77' lang='grc' dir='ltr'>πρὸς</span> <span class='ocrx_word' id='word_1_422' title='bbox 537 2055 640 2087; x_wconf 80' lang='grc' dir='ltr'>πάντας</span> <span class='ocrx_word' id='word_1_423' title='bbox 654 2057 836 2090; x_wconf 82' lang='grc' dir='ltr'>καινοτομεῖν,</span> 
     </span>
    </p>
   </div>
   <div class='ocr_carea' id='block_1_59' title="bbox 58 2099 837 2136">
    <p class='ocr_par' dir='ltr' id='par_1_59' title="bbox 58 2099 837 2136">
     <span class='ocr_line' id='line_1_59' title="bbox 58 2099 837 2136; baseline 0.003 -12"><span class='ocrx_word' id='word_1_424' title='bbox 58 2099 101 2125; x_wconf 78' lang='grc' dir='ltr'>καὶ</span> <span class='ocrx_word' id='word_1_425' title='bbox 120 2100 220 2134; x_wconf 81' lang='grc' dir='ltr'>μηδένα</span> <span class='ocrx_word' id='word_1_426' title='bbox 242 2100 404 2135; x_wconf 86' lang='grc' dir='ltr'>ἀνθρώπων,</span> <span class='ocrx_word' id='word_1_427' title='bbox 424 2100 575 2135; x_wconf 79' lang='grc' dir='ltr'>ἐμμένοντα</span> <span class='ocrx_word' id='word_1_428' title='bbox 590 2099 645 2135; x_wconf 75' lang='grc'>(54)</span> <span class='ocrx_word' id='word_1_429' title='bbox 664 2101 719 2132; x_wconf 88' lang='grc' dir='ltr'>τοῖς</span> <span class='ocrx_word' id='word_1_430' title='bbox 741 2100 837 2136; x_wconf 88' lang='grc' dir='ltr'>προτέ-</span> 
     </span>
    </p>
   </div>
   <div class='ocr_carea' id='block_1_60' title="bbox 60 2144 836 2182">
    <p class='ocr_par' dir='ltr' id='par_1_60' title="bbox 60 2144 836 2182">
     <span class='ocr_line' id='line_1_60' title="bbox 60 2144 836 2182; baseline 0.001 -11"><span class='ocrx_word' id='word_1_431' title='bbox 60 2154 110 2180; x_wconf 82' lang='grc' dir='ltr'>ροις</span> <span class='ocrx_word' id='word_1_432' title='bbox 124 2146 238 2182; x_wconf 79' lang='grc' dir='ltr'>δόγμασι</span> <span class='ocrx_word' id='word_1_433' title='bbox 263 2147 309 2173; x_wconf 73' lang='grc' dir='ltr'>καὶ</span> <span class='ocrx_word' id='word_1_434' title='bbox 330 2146 411 2179; x_wconf 72' lang='grc' dir='ltr'>ἔθεσι,</span> <span class='ocrx_word' id='word_1_435' title='bbox 435 2146 509 2180; x_wconf 80' lang='grc' dir='ltr'>φίλον</span> <span class='ocrx_word' id='word_1_436' title='bbox 527 2145 616 2180; x_wconf 83' lang='grc' dir='ltr'>ἑαυτῷ</span> <span class='ocrx_word' id='word_1_437' title='bbox 638 2148 739 2181; x_wconf 86' lang='grc' dir='ltr'>τηρεῖν.</span> <span class='ocrx_word' id='word_1_438' title='bbox 764 2144 836 2182; x_wconf 68' lang='grc' dir='ltr'>’Ἆρα</span> 
     </span>
    </p>
   </div>
   <div class='ocr_carea' id='block_1_61' title="bbox 57 2191 835 2228">
    <p class='ocr_par' dir='ltr' id='par_1_61' title="bbox 57 2191 835 2228">
     <span class='ocr_line' id='line_1_61' title="bbox 57 2191 835 2228; baseline 0.001 -11"><span class='ocrx_word' id='word_1_439' title='bbox 57 2192 106 2227; x_wconf 73' lang='grc' dir='ltr'>γὰρ</span> <span class='ocrx_word' id='word_1_440' title='bbox 121 2193 167 2227; x_wconf 83' lang='grc' dir='ltr'><strong>οὐχ</strong></span> <span class='ocrx_word' id='word_1_441' title='bbox 179 2192 276 2228; x_wconf 81' lang='grc' dir='ltr'>ἑώρων</span> <span class='ocrx_word' id='word_1_442' title='bbox 288 2192 313 2218; x_wconf 75' lang='grc' dir='ltr'>οἱ</span> <span class='ocrx_word' id='word_1_443' title='bbox 325 2191 371 2218; x_wconf 89' lang='grc' dir='ltr'><strong>τοῦ</strong></span> <span class='ocrx_word' id='word_1_444' title='bbox 392 2191 478 2227; x_wconf 85' lang='grc' dir='ltr'>Ἰησοῦ</span> <span class='ocrx_word' id='word_1_445' title='bbox 495 2191 625 2226; x_wconf 79' lang='grc' dir='ltr'>μαθηταὶ,</span> <span class='ocrx_word' id='word_1_446' title='bbox 638 2191 790 2226; x_wconf 82' lang='grc' dir='ltr'>τολμῶντες</span> <span class='ocrx_word' id='word_1_447' title='bbox 805 2192 835 2218; x_wconf 82' lang='grc' dir='ltr'>οὐ</span> 
     </span>
    </p>
   </div>
   <div class='ocr_carea' id='block_1_62' title="bbox 895 968 1676 1003">
    <p class='ocr_par' dir='ltr' id='par_1_62' title="bbox 895 968 1676 1003">
     <span class='ocr_line' id='line_1_62' title="bbox 895 968 1676 1003; baseline 0 -7"><span class='ocrx_word' id='word_1_448' title='bbox 895 969 1012 996; x_wconf 85' lang='lat' dir='ltr'><strong>virorum</strong></span> <span class='ocrx_word' id='word_1_449' title='bbox 1028 969 1172 996; x_wconf 88' lang='lat' dir='ltr'><strong>illustrium</strong></span> <span class='ocrx_word' id='word_1_450' title='bbox 1189 969 1256 996; x_wconf 86' lang='lat' dir='ltr'><strong>nihil</strong></span> <span class='ocrx_word' id='word_1_451' title='bbox 1270 974 1330 996; x_wconf 87' lang='lat' dir='ltr'><strong>erat</strong></span> <span class='ocrx_word' id='word_1_452' title='bbox 1343 969 1416 1003; x_wconf 90' lang='lat' dir='ltr'><strong>quod</strong></span> <span class='ocrx_word' id='word_1_453' title='bbox 1437 968 1530 1003; x_wconf 56' lang='lat' dir='ltr'><strong>gloria</strong></span> <span class='ocrx_word' id='word_1_454' title='bbox 1545 969 1676 996; x_wconf 79' lang='lat' dir='ltr'><strong>adversa-</strong></span> 
     </span>
    </p>
   </div>
   <div class='ocr_carea' id='block_1_63' title="bbox 894 1013 1683 1049">
    <p class='ocr_par' dir='ltr' id='par_1_63' title="bbox 894 1013 1683 1049">
     <span class='ocr_line' id='line_1_63' title="bbox 894 1013 1683 1049; baseline 0 -7"><span class='ocrx_word' id='word_1_455' title='bbox 894 1019 977 1042; x_wconf 86' lang='lat' dir='ltr'><strong>retur.</strong></span> <span class='ocrx_word' id='word_1_456' title='bbox 1003 1014 1048 1042; x_wconf 91' lang='lat' dir='ltr'><strong>llle</strong></span> <span class='ocrx_word' id='word_1_457' title='bbox 1072 1019 1162 1042; x_wconf 88' lang='lat' dir='ltr'><strong>autem</strong></span> <span class='ocrx_word' id='word_1_458' title='bbox 1188 1019 1289 1049; x_wconf 64' lang='lat' dir='ltr'><strong>praeter</strong></span> <span class='ocrx_word' id='word_1_459' title='bbox 1302 1013 1358 1048; x_wconf 84' lang='lat' dir='ltr'><strong>jam</strong></span> <span class='ocrx_word' id='word_1_460' title='bbox 1388 1014 1469 1047; x_wconf 89' lang='lat' dir='ltr'><strong>dicta,</strong></span> <span class='ocrx_word' id='word_1_461' title='bbox 1487 1022 1546 1049; x_wconf 64' lang='lat' dir='ltr'><strong>quae</strong></span> <span class='ocrx_word' id='word_1_462' title='bbox 1564 1015 1683 1042; x_wconf 86' lang='lat' dir='ltr'><strong>tenebris</strong></span> 
     </span>
    </p>
   </div>
   <div class='ocr_carea' id='block_1_64' title="bbox 893 1059 1678 1094">
    <p class='ocr_par' dir='ltr' id='par_1_64' title="bbox 893 1059 1678 1094">
     <span class='ocr_line' id='line_1_64' title="bbox 893 1059 1678 1094; baseline -0.001 -7"><span class='ocrx_word' id='word_1_463' title='bbox 893 1059 1008 1088; x_wconf 89' lang='lat' dir='ltr'><strong>obruere</strong></span> <span class='ocrx_word' id='word_1_464' title='bbox 1031 1063 1154 1094; x_wconf 84' lang='lat' dir='ltr'><strong>poterant</strong></span> <span class='ocrx_word' id='word_1_465' title='bbox 1177 1059 1293 1086; x_wconf 90' lang='lat' dir='ltr'><strong>indolem</strong></span> <span class='ocrx_word' id='word_1_466' title='bbox 1321 1059 1470 1093; x_wconf 85' lang='lat' dir='ltr'><strong>quamlibet</strong></span> <span class='ocrx_word' id='word_1_467' title='bbox 1502 1067 1678 1093; x_wconf 70' lang='lat' dir='ltr'><strong>generosam,</strong></span> 
     </span>
    </p>
   </div>
   <div class='ocr_carea' id='block_1_65' title="bbox 894 1106 1679 1140">
    <p class='ocr_par' dir='ltr' id='par_1_65' title="bbox 894 1106 1679 1140">
     <span class='ocr_line' id='line_1_65' title="bbox 894 1106 1679 1140; baseline -0.001 -8"><span class='ocrx_word' id='word_1_468' title='bbox 894 1106 1014 1134; x_wconf 89' lang='lat' dir='ltr'><strong>sublatus</strong></span> <span class='ocrx_word' id='word_1_469' title='bbox 1038 1106 1065 1133; x_wconf 93' lang='lat' dir='ltr'><strong>in</strong></span> <span class='ocrx_word' id='word_1_470' title='bbox 1079 1112 1186 1133; x_wconf 91' lang='lat' dir='ltr'><strong>crucem</strong></span> <span class='ocrx_word' id='word_1_471' title='bbox 1213 1109 1328 1133; x_wconf 88' lang='lat' dir='ltr'><strong>mortem</strong></span> <span class='ocrx_word' id='word_1_472' title='bbox 1353 1111 1448 1140; x_wconf 83' lang='lat' dir='ltr'><strong>passus</strong></span> <span class='ocrx_word' id='word_1_473' title='bbox 1465 1109 1517 1136; x_wconf 83' lang='lat' dir='ltr'><strong>est,</strong></span> <span class='ocrx_word' id='word_1_474' title='bbox 1531 1112 1591 1139; x_wconf 82' lang='lat' dir='ltr'><strong>quae</strong></span> <span class='ocrx_word' id='word_1_475' title='bbox 1620 1106 1679 1132; x_wconf 89' lang='lat' dir='ltr'><strong>visa</strong></span> 
     </span>
    </p>
   </div>
   <div class='ocr_carea' id='block_1_66' title="bbox 893 1149 1679 1186">
    <p class='ocr_par' dir='ltr' id='par_1_66' title="bbox 893 1149 1679 1186">
     <span class='ocr_line' id='line_1_66' title="bbox 893 1149 1679 1186; baseline -0.003 -8"><span class='ocrx_word' id='word_1_476' title='bbox 893 1151 944 1178; x_wconf 77' lang='lat' dir='ltr'><strong>fuit</strong></span> <span class='ocrx_word' id='word_1_477' title='bbox 957 1151 1145 1186; x_wconf 77' lang='lat' dir='ltr'><strong>ignominiosa,</strong></span> <span class='ocrx_word' id='word_1_478' title='bbox 1160 1155 1187 1178; x_wconf 88' lang='lat' dir='ltr'><strong>et</strong></span> <span class='ocrx_word' id='word_1_479' title='bbox 1203 1158 1262 1185; x_wconf 80' lang='lat' dir='ltr'><strong>quae</strong></span> <span class='ocrx_word' id='word_1_480' title='bbox 1278 1155 1337 1177; x_wconf 86' lang='lat' dir='ltr'><strong>erat</strong></span> <span class='ocrx_word' id='word_1_481' title='bbox 1352 1149 1521 1184; x_wconf 76' lang='lat' dir='ltr'><strong>huiusmodi,</strong></span> <span class='ocrx_word' id='word_1_482' title='bbox 1535 1154 1564 1176; x_wconf 85' lang='lat' dir='ltr'><strong>ut</strong></span> <span class='ocrx_word' id='word_1_483' title='bbox 1590 1157 1621 1177; x_wconf 89' lang='lat' dir='ltr'><strong>ea</strong></span> <span class='ocrx_word' id='word_1_484' title='bbox 1638 1151 1679 1177; x_wconf 76' lang='lat' dir='ltr'><strong>vel</strong></span> 
     </span>
    </p>
   </div>
   <div class='ocr_carea' id='block_1_67' title="bbox 889 1193 1678 1230">
    <p class='ocr_par' dir='ltr' id='par_1_67' title="bbox 889 1193 1678 1230">
     <span class='ocr_line' id='line_1_67' title="bbox 889 1193 1678 1230; baseline -0.004 -8"><span class='ocrx_word' id='word_1_485' title='bbox 889 1195 944 1230; x_wconf 87' lang='lat' dir='ltr'><strong>jam</strong></span> <span class='ocrx_word' id='word_1_486' title='bbox 955 1200 1017 1222; x_wconf 87' lang='lat' dir='ltr'><strong>ante</strong></span> <span class='ocrx_word' id='word_1_487' title='bbox 1029 1199 1182 1230; x_wconf 82' lang='lat' dir='ltr'><strong>comparata</strong></span> <span class='ocrx_word' id='word_1_488' title='bbox 1200 1194 1286 1229; x_wconf 76' lang='lat' dir='ltr'><strong>gloria</strong></span> <span class='ocrx_word' id='word_1_489' title='bbox 1300 1193 1453 1224; x_wconf 76' lang='lat' dir='ltr'><strong>obliterari,</strong></span> <span class='ocrx_word' id='word_1_490' title='bbox 1474 1193 1622 1221; x_wconf 89' lang='lat' dir='ltr'><strong>abalienari</strong></span> <span class='ocrx_word' id='word_1_491' title='bbox 1644 1193 1678 1220; x_wconf 91' lang='lat' dir='ltr'><strong>ab</strong></span> 
     </span>
    </p>
   </div>
   <div class='ocr_carea' id='block_1_68' title="bbox 891 1238 1678 1275">
    <p class='ocr_par' dir='ltr' id='par_1_68' title="bbox 891 1238 1678 1275">
     <span class='ocr_line' id='line_1_68' title="bbox 891 1238 1678 1275; baseline -0.003 -8"><span class='ocrx_word' id='word_1_492' title='bbox 891 1239 952 1274; x_wconf 86' lang='lat' dir='ltr'><strong>ipso</strong></span> <span class='ocrx_word' id='word_1_493' title='bbox 965 1241 1129 1275; x_wconf 87' lang='lat' dir='ltr'><strong>quicunque,</strong></span> <span class='ocrx_word' id='word_1_494' title='bbox 1152 1244 1180 1267; x_wconf 93' lang='lat' dir='ltr'><strong>ut</strong></span> <span class='ocrx_word' id='word_1_495' title='bbox 1202 1243 1297 1275; x_wconf 85' lang='lat' dir='ltr'><strong>putant</strong></span> <span class='ocrx_word' id='word_1_496' title='bbox 1312 1239 1358 1274; x_wconf 89' lang='lat' dir='ltr'><strong>qui</strong></span> <span class='ocrx_word' id='word_1_497' title='bbox 1373 1238 1431 1272; x_wconf 84' lang='lat' dir='ltr'><strong>ejus</strong></span> <span class='ocrx_word' id='word_1_498' title='bbox 1447 1238 1596 1266; x_wconf 86' lang='lat' dir='ltr'><strong>doctrinam</strong></span> <span class='ocrx_word' id='word_1_499' title='bbox 1623 1246 1678 1266; x_wconf 84' lang='lat' dir='ltr'><strong>non</strong></span> 
     </span>
    </p>
   </div>
   <div class='ocr_carea' id='block_1_69' title="bbox 891 1284 1678 1320">
    <p class='ocr_par' dir='ltr' id='par_1_69' title="bbox 891 1284 1678 1320">
     <span class='ocr_line' id='line_1_69' title="bbox 891 1284 1678 1320; baseline -0.003 -8"><span class='ocrx_word' id='word_1_500' title='bbox 891 1291 1064 1320; x_wconf 88' lang='lat' dir='ltr'><strong>receperunt,</strong></span> <span class='ocrx_word' id='word_1_501' title='bbox 1080 1286 1184 1320; x_wconf 87' lang='lat' dir='ltr'><strong>decepti</strong></span> <span class='ocrx_word' id='word_1_502' title='bbox 1201 1285 1320 1318; x_wconf 79' lang='lat' dir='ltr'><strong>fuerant,</strong></span> <span class='ocrx_word' id='word_1_503' title='bbox 1337 1289 1363 1312; x_wconf 89' lang='lat' dir='ltr'><strong>et</strong></span> <span class='ocrx_word' id='word_1_504' title='bbox 1378 1284 1411 1312; x_wconf 86' lang='lat' dir='ltr'><strong>ad</strong></span> <span class='ocrx_word' id='word_1_505' title='bbox 1424 1285 1607 1311; x_wconf 83' lang='lat' dir='ltr'><strong>damnandum</strong></span> <span class='ocrx_word' id='word_1_506' title='bbox 1626 1285 1678 1311; x_wconf 88' lang='lat' dir='ltr'><strong>im—</strong></span> 
     </span>
    </p>
   </div>
   <div class='ocr_carea' id='block_1_70' title="bbox 891 1332 1326 1368">
    <p class='ocr_par' dir='ltr' id='par_1_70' title="bbox 891 1332 1326 1368">
     <span class='ocr_line' id='line_1_70' title="bbox 891 1332 1326 1368; baseline 0 -10"><span class='ocrx_word' id='word_1_507' title='bbox 891 1337 1027 1368; x_wconf 86' lang='lat' dir='ltr'><strong>postorem</strong></span> <span class='ocrx_word' id='word_1_508' title='bbox 1042 1333 1153 1360; x_wconf 88' lang='lat' dir='ltr'><strong>excitari</strong></span> <span class='ocrx_word' id='word_1_509' title='bbox 1167 1332 1326 1367; x_wconf 86' lang='lat' dir='ltr'><strong>potuissent.</strong></span> 
     </span>
    </p>
   </div>
   <div class='ocr_carea' id='block_1_71' title="bbox 926 1376 1676 1412">
    <p class='ocr_par' dir='ltr' id='par_1_71' title="bbox 926 1376 1676 1412">
     <span class='ocr_line' id='line_1_71' title="bbox 926 1376 1676 1412; baseline -0.003 -7"><span class='ocrx_word' id='word_1_510' title='bbox 926 1379 971 1405; x_wconf 79' lang='lat'><strong>51.</strong></span> <span class='ocrx_word' id='word_1_511' title='bbox 987 1378 1081 1405; x_wconf 86' lang='lat' dir='ltr'><strong>Mirum</strong></span> <span class='ocrx_word' id='word_1_512' title='bbox 1098 1378 1180 1405; x_wconf 88' lang='lat' dir='ltr'><strong>etiam</strong></span> <span class='ocrx_word' id='word_1_513' title='bbox 1196 1382 1237 1406; x_wconf 84' lang='lat' dir='ltr'><strong>est</strong></span> <span class='ocrx_word' id='word_1_514' title='bbox 1256 1377 1327 1404; x_wconf 91' lang='lat' dir='ltr'><strong>unde</strong></span> <span class='ocrx_word' id='word_1_515' title='bbox 1337 1377 1486 1412; x_wconf 86' lang='lat' dir='ltr'><strong>discipulis,</strong></span> <span class='ocrx_word' id='word_1_516' title='bbox 1503 1376 1559 1411; x_wconf 87' lang='lat' dir='ltr'><strong>qui,</strong></span> <span class='ocrx_word' id='word_1_517' title='bbox 1578 1380 1606 1404; x_wconf 92' lang='lat' dir='ltr'><strong>ut</strong></span> <span class='ocrx_word' id='word_1_518' title='bbox 1628 1377 1676 1404; x_wconf 90' lang='lat' dir='ltr'><strong>ob-</strong></span> 
     </span>
    </p>
   </div>
   <div class='ocr_carea' id='block_1_72' title="bbox 891 1423 1677 1456">
    <p class='ocr_par' dir='ltr' id='par_1_72' title="bbox 891 1423 1677 1456">
     <span class='ocr_line' id='line_1_72' title="bbox 891 1423 1677 1456; baseline -0.001 -5"><span class='ocrx_word' id='word_1_519' title='bbox 891 1427 1052 1451; x_wconf 78' lang='lat' dir='ltr'><strong>trectatores</strong></span> <span class='ocrx_word' id='word_1_520' title='bbox 1074 1423 1137 1451; x_wconf 87' lang='lat' dir='ltr'><strong>Jesu</strong></span> <span class='ocrx_word' id='word_1_521' title='bbox 1158 1423 1261 1456; x_wconf 85' lang='lat' dir='ltr'><strong>dicunt.</strong></span> <span class='ocrx_word' id='word_1_522' title='bbox 1279 1429 1328 1450; x_wconf 92' lang='lat' dir='ltr'><strong>nec</strong></span> <span class='ocrx_word' id='word_1_523' title='bbox 1348 1430 1408 1450; x_wconf 90' lang='lat' dir='ltr'><strong>eum</strong></span> <span class='ocrx_word' id='word_1_524' title='bbox 1425 1430 1439 1450; x_wconf 87' lang='lat' dir='ltr'><strong>a</strong></span> <span class='ocrx_word' id='word_1_525' title='bbox 1457 1423 1572 1450; x_wconf 90' lang='lat' dir='ltr'><strong>mortuis</strong></span> <span class='ocrx_word' id='word_1_526' title='bbox 1591 1423 1677 1450; x_wconf 80' lang='lat' dir='ltr'><strong>susci-</strong></span> 
     </span>
    </p>
   </div>
   <div class='ocr_carea' id='block_1_73' title="bbox 891 1468 1677 1503">
    <p class='ocr_par' dir='ltr' id='par_1_73' title="bbox 891 1468 1677 1503">
     <span class='ocr_line' id='line_1_73' title="bbox 891 1468 1677 1503; baseline -0.004 -6"><span class='ocrx_word' id='word_1_527' title='bbox 891 1473 976 1497; x_wconf 87' lang='lat' dir='ltr'><strong>tatum</strong></span> <span class='ocrx_word' id='word_1_528' title='bbox 990 1469 1134 1502; x_wconf 86' lang='lat' dir='ltr'><strong>vidissent,</strong></span> <span class='ocrx_word' id='word_1_529' title='bbox 1153 1476 1202 1497; x_wconf 90' lang='lat' dir='ltr'><strong>nec</strong></span> <span class='ocrx_word' id='word_1_530' title='bbox 1220 1476 1282 1496; x_wconf 89' lang='lat' dir='ltr'><strong>eum</strong></span> <span class='ocrx_word' id='word_1_531' title='bbox 1308 1468 1430 1496; x_wconf 84' lang='lat' dir='ltr'><strong>divinum</strong></span> <span class='ocrx_word' id='word_1_532' title='bbox 1452 1468 1590 1503; x_wconf 88' lang='lat' dir='ltr'><strong>quidpiam</strong></span> <span class='ocrx_word' id='word_1_533' title='bbox 1615 1475 1677 1495; x_wconf 88' lang='lat' dir='ltr'><strong>esse</strong></span> 
     </span>
    </p>
   </div>
   <div class='ocr_carea' id='block_1_74' title="bbox 890 1513 1677 1548">
    <p class='ocr_par' dir='ltr' id='par_1_74' title="bbox 890 1513 1677 1548">
     <span class='ocr_line' id='line_1_74' title="bbox 890 1513 1677 1548; baseline 0 -7"><span class='ocrx_word' id='word_1_534' title='bbox 890 1521 1050 1548; x_wconf 86' lang='lat' dir='ltr'><strong>persuasum</strong></span> <span class='ocrx_word' id='word_1_535' title='bbox 1086 1514 1258 1546; x_wconf 86' lang='lat' dir='ltr'><strong>habuissent,</strong></span> <span class='ocrx_word' id='word_1_536' title='bbox 1287 1514 1313 1540; x_wconf 91' lang='lat' dir='ltr'><strong>in</strong></span> <span class='ocrx_word' id='word_1_537' title='bbox 1333 1517 1451 1541; x_wconf 88' lang='lat' dir='ltr'><strong>mentem</strong></span> <span class='ocrx_word' id='word_1_538' title='bbox 1477 1513 1594 1540; x_wconf 86' lang='lat' dir='ltr'><strong>venisset</strong></span> <span class='ocrx_word' id='word_1_539' title='bbox 1622 1520 1677 1541; x_wconf 88' lang='lat' dir='ltr'><strong>non</strong></span> 
     </span>
    </p>
   </div>
   <div class='ocr_carea' id='block_1_75' title="bbox 891 1559 1676 1595">
    <p class='ocr_par' dir='ltr' id='par_1_75' title="bbox 891 1559 1676 1595">
     <span class='ocr_line' id='line_1_75' title="bbox 891 1559 1676 1595; baseline -0.001 -9"><span class='ocrx_word' id='word_1_540' title='bbox 891 1559 1067 1587; x_wconf 82' lang='lat' dir='ltr'><strong>reformidare</strong></span> <span class='ocrx_word' id='word_1_541' title='bbox 1082 1567 1142 1593; x_wconf 69' lang='lat' dir='ltr'><strong>qua:</strong></span> <span class='ocrx_word' id='word_1_542' title='bbox 1156 1559 1285 1595; x_wconf 82' lang='lat' dir='ltr'><strong>magister</strong></span> <span class='ocrx_word' id='word_1_543' title='bbox 1299 1566 1395 1594; x_wconf 82' lang='lat' dir='ltr'><strong>passus</strong></span> <span class='ocrx_word' id='word_1_544' title='bbox 1424 1559 1523 1592; x_wconf 76' lang='lat' dir='ltr'><strong>fuerat,</strong></span> <span class='ocrx_word' id='word_1_545' title='bbox 1541 1559 1676 1593; x_wconf 89' lang='lat' dir='ltr'><strong>intrepide</strong></span> 
     </span>
    </p>
   </div>
   <div class='ocr_carea' id='block_1_76' title="bbox 891 1604 1677 1639">
    <p class='ocr_par' dir='ltr' id='par_1_76' title="bbox 891 1604 1677 1639">
     <span class='ocr_line' id='line_1_76' title="bbox 891 1604 1677 1639; baseline 0 -8"><span class='ocrx_word' id='word_1_546' title='bbox 891 1611 920 1632; x_wconf 87' lang='lat' dir='ltr'><strong>se</strong></span> <span class='ocrx_word' id='word_1_547' title='bbox 934 1604 1061 1639; x_wconf 89' lang='lat' dir='ltr'><strong>periculis</strong></span> <span class='ocrx_word' id='word_1_548' title='bbox 1072 1604 1254 1637; x_wconf 87' lang='lat' dir='ltr'><strong>committere,</strong></span> <span class='ocrx_word' id='word_1_549' title='bbox 1275 1604 1446 1639; x_wconf 88' lang='lat' dir='ltr'><strong>patriamque</strong></span> <span class='ocrx_word' id='word_1_550' title='bbox 1465 1604 1630 1638; x_wconf 86' lang='lat' dir='ltr'><strong>relinquere,</strong></span> <span class='ocrx_word' id='word_1_551' title='bbox 1647 1609 1677 1631; x_wconf 90' lang='lat' dir='ltr'><strong>ut</strong></span> 
     </span>
    </p>
   </div>
   <div class='ocr_carea' id='block_1_77' title="bbox 891 1649 1675 1684">
    <p class='ocr_par' dir='ltr' id='par_1_77' title="bbox 891 1649 1675 1684">
     <span class='ocr_line' id='line_1_77' title="bbox 891 1649 1675 1684; baseline 0 -8"><span class='ocrx_word' id='word_1_552' title='bbox 891 1657 924 1677; x_wconf 82' lang='lat' dir='ltr'><strong>ex</strong></span> <span class='ocrx_word' id='word_1_553' title='bbox 937 1649 1075 1677; x_wconf 86' lang='lat' dir='ltr'><strong>voluntate</strong></span> <span class='ocrx_word' id='word_1_554' title='bbox 1085 1649 1148 1677; x_wconf 81' lang='lat' dir='ltr'><strong>Jesu</strong></span> <span class='ocrx_word' id='word_1_555' title='bbox 1172 1649 1323 1677; x_wconf 86' lang='lat' dir='ltr'><strong>doctrinam</strong></span> <span class='ocrx_word' id='word_1_556' title='bbox 1351 1649 1403 1677; x_wconf 88' lang='lat' dir='ltr'><strong>sibi</strong></span> <span class='ocrx_word' id='word_1_557' title='bbox 1423 1649 1457 1676; x_wconf 88' lang='lat' dir='ltr'><strong>ab</strong></span> <span class='ocrx_word' id='word_1_558' title='bbox 1474 1650 1533 1684; x_wconf 90' lang='lat' dir='ltr'><strong>ipso</strong></span> <span class='ocrx_word' id='word_1_559' title='bbox 1547 1650 1675 1676; x_wconf 89' lang='lat' dir='ltr'><strong>traditam</strong></span> 
     </span>
    </p>
   </div>
   <div class='ocr_carea' id='block_1_78' title="bbox 890 1693 1677 1728">
    <p class='ocr_par' dir='ltr' id='par_1_78' title="bbox 890 1693 1677 1728">
     <span class='ocr_line' id='line_1_78' title="bbox 890 1693 1677 1728; baseline -0.001 -7"><span class='ocrx_word' id='word_1_560' title='bbox 890 1694 1028 1721; x_wconf 88' lang='lat' dir='ltr'><strong>docerent.</strong></span> <span class='ocrx_word' id='word_1_561' title='bbox 1053 1694 1120 1721; x_wconf 87' lang='lat' dir='ltr'><strong>Nam</strong></span> <span class='ocrx_word' id='word_1_562' title='bbox 1142 1694 1264 1722; x_wconf 89' lang='lat' dir='ltr'><strong>arbitror</strong></span> <span class='ocrx_word' id='word_1_563' title='bbox 1288 1694 1424 1721; x_wconf 86' lang='lat' dir='ltr'><strong>neminem</strong></span> <span class='ocrx_word' id='word_1_564' title='bbox 1441 1694 1499 1722; x_wconf 84' lang='lat' dir='ltr'><strong>fore</strong></span> <span class='ocrx_word' id='word_1_565' title='bbox 1518 1694 1574 1728; x_wconf 86' lang='lat' dir='ltr'><strong>qui,</strong></span> <span class='ocrx_word' id='word_1_566' title='bbox 1594 1693 1677 1721; x_wconf 89' lang='lat' dir='ltr'><strong>rebus</strong></span> 
     </span>
    </p>
   </div>
   <div class='ocr_carea' id='block_1_79' title="bbox 891 1739 1675 1774">
    <p class='ocr_par' dir='ltr' id='par_1_79' title="bbox 891 1739 1675 1774">
     <span class='ocr_line' id='line_1_79' title="bbox 891 1739 1675 1774; baseline 0 -8"><span class='ocrx_word' id='word_1_567' title='bbox 891 1739 1035 1774; x_wconf 79' lang='lat' dir='ltr'><strong>diligenter</strong></span> <span class='ocrx_word' id='word_1_568' title='bbox 1052 1740 1204 1774; x_wconf 84' lang='lat' dir='ltr'><strong>perpensis,</strong></span> <span class='ocrx_word' id='word_1_569' title='bbox 1218 1740 1289 1767; x_wconf 81' lang='lat' dir='ltr'><strong>dicat</strong></span> <span class='ocrx_word' id='word_1_570' title='bbox 1306 1739 1366 1767; x_wconf 90' lang='lat' dir='ltr'><strong>illos</strong></span> <span class='ocrx_word' id='word_1_571' title='bbox 1380 1740 1575 1767; x_wconf 75' lang='lat' dir='ltr'><strong>tumultuosam</strong></span> <span class='ocrx_word' id='word_1_572' title='bbox 1589 1740 1675 1767; x_wconf 90' lang='lat' dir='ltr'><strong>vitam</strong></span> 
     </span>
    </p>
   </div>
   <div class='ocr_carea' id='block_1_80' title="bbox 889 1784 1675 1820">
    <p class='ocr_par' dir='ltr' id='par_1_80' title="bbox 889 1784 1675 1820">
     <span class='ocr_line' id='line_1_80' title="bbox 889 1784 1675 1820; baseline -0.001 -9"><span class='ocrx_word' id='word_1_573' title='bbox 889 1784 972 1820; x_wconf 62' lang='lat'><strong>349</strong></span> <span class='ocrx_word' id='word_1_574' title='bbox 985 1789 1096 1820; x_wconf 90' lang='lat' dir='ltr'><strong>propter</strong></span> <span class='ocrx_word' id='word_1_575' title='bbox 1114 1784 1177 1812; x_wconf 85' lang='lat' dir='ltr'><strong>Jesu</strong></span> <span class='ocrx_word' id='word_1_576' title='bbox 1189 1785 1342 1812; x_wconf 89' lang='lat' dir='ltr'><strong>doctrinam</strong></span> <span class='ocrx_word' id='word_1_577' title='bbox 1355 1785 1491 1812; x_wconf 87' lang='lat' dir='ltr'><strong>electuros</strong></span> <span class='ocrx_word' id='word_1_578' title='bbox 1507 1784 1602 1817; x_wconf 82' lang='lat' dir='ltr'><strong>fuisse,</strong></span> <span class='ocrx_word' id='word_1_579' title='bbox 1621 1784 1675 1812; x_wconf 88' lang='lat' dir='ltr'><strong>nisi</strong></span> 
     </span>
    </p>
   </div>
   <div class='ocr_carea' id='block_1_81' title="bbox 890 1828 1673 1863">
    <p class='ocr_par' dir='ltr' id='par_1_81' title="bbox 890 1828 1673 1863">
     <span class='ocr_line' id='line_1_81' title="bbox 890 1828 1673 1863; baseline -0.001 -6"><span class='ocrx_word' id='word_1_580' title='bbox 890 1837 937 1857; x_wconf 88' lang='lat' dir='ltr'><strong>eos</strong></span> <span class='ocrx_word' id='word_1_581' title='bbox 953 1830 1126 1856; x_wconf 84' lang='lat' dir='ltr'><strong>vehementer</strong></span> <span class='ocrx_word' id='word_1_582' title='bbox 1157 1829 1338 1863; x_wconf 82' lang='lat' dir='ltr'><strong>persuasisset</strong></span> <span class='ocrx_word' id='word_1_583' title='bbox 1361 1833 1388 1856; x_wconf 90' lang='lat' dir='ltr'><strong>et</strong></span> <span class='ocrx_word' id='word_1_584' title='bbox 1409 1836 1442 1856; x_wconf 82' lang='lat' dir='ltr'><strong>ex</strong></span> <span class='ocrx_word' id='word_1_585' title='bbox 1457 1828 1513 1856; x_wconf 91' lang='lat' dir='ltr'><strong>suis</strong></span> <span class='ocrx_word' id='word_1_586' title='bbox 1527 1830 1673 1863; x_wconf 72' lang='lat' dir='ltr'><strong>praeceptis</strong></span> 
     </span>
    </p>
   </div>
   <div class='ocr_carea' id='block_1_82' title="bbox 890 1864 1675 1908">
    <p class='ocr_par' dir='ltr' id='par_1_82' title="bbox 890 1864 1675 1908">
     <span class='ocr_line' id='line_1_82' title="bbox 890 1864 1675 1908; baseline -0.001 -7"><span class='ocrx_word' id='word_1_587' title='bbox 890 1875 983 1902; x_wconf 84' lang='lat' dir='ltr'><strong>vivere</strong></span> <span class='ocrx_word' id='word_1_588' title='bbox 998 1879 1025 1901; x_wconf 86' lang='lat' dir='ltr'><strong>et</strong></span> <span class='ocrx_word' id='word_1_589' title='bbox 1043 1864 1111 1901; x_wconf 53' lang='lat' dir='ltr'><strong>alio‘s</strong></span> <span class='ocrx_word' id='word_1_590' title='bbox 1135 1875 1167 1901; x_wconf 88' lang='lat' dir='ltr'><strong>ad</strong></span> <span class='ocrx_word' id='word_1_591' title='bbox 1184 1881 1214 1901; x_wconf 87' lang='lat' dir='ltr'><strong>ea</strong></span> <span class='ocrx_word' id='word_1_592' title='bbox 1231 1874 1395 1908; x_wconf 85' lang='lat' dir='ltr'><strong>capessenda</strong></span> <span class='ocrx_word' id='word_1_593' title='bbox 1414 1873 1550 1900; x_wconf 87' lang='lat' dir='ltr'><strong>adducere</strong></span> <span class='ocrx_word' id='word_1_594' title='bbox 1574 1882 1581 1899; x_wconf 87' lang='lat'><strong>:</strong></span> <span class='ocrx_word' id='word_1_595' title='bbox 1605 1881 1675 1907; x_wconf 68' lang='lat' dir='ltr'><strong>prae-</strong></span> 
     </span>
    </p>
   </div>
   <div class='ocr_carea' id='block_1_83' title="bbox 890 1918 1672 1953">
    <p class='ocr_par' dir='ltr' id='par_1_83' title="bbox 890 1918 1672 1953">
     <span class='ocr_line' id='line_1_83' title="bbox 890 1918 1672 1953; baseline -0.004 -6"><span class='ocrx_word' id='word_1_596' title='bbox 890 1920 984 1947; x_wconf 86' lang='lat' dir='ltr'><strong>sertim</strong></span> <span class='ocrx_word' id='word_1_597' title='bbox 998 1927 1070 1952; x_wconf 90' lang='lat' dir='ltr'><strong>cum,</strong></span> <span class='ocrx_word' id='word_1_598' title='bbox 1088 1925 1116 1946; x_wconf 87' lang='lat' dir='ltr'><strong>ut</strong></span> <span class='ocrx_word' id='word_1_599' title='bbox 1127 1924 1190 1947; x_wconf 85' lang='lat' dir='ltr'><strong>sunt</strong></span> <span class='ocrx_word' id='word_1_600' title='bbox 1204 1920 1329 1946; x_wconf 71' lang='lat' dir='ltr'><strong>humanm</strong></span> <span class='ocrx_word' id='word_1_601' title='bbox 1341 1926 1397 1951; x_wconf 91' lang='lat' dir='ltr'><strong>res,</strong></span> <span class='ocrx_word' id='word_1_602' title='bbox 1414 1919 1441 1946; x_wconf 91' lang='lat' dir='ltr'><strong>in</strong></span> <span class='ocrx_word' id='word_1_603' title='bbox 1458 1925 1579 1953; x_wconf 83' lang='lat' dir='ltr'><strong>praesens</strong></span> <span class='ocrx_word' id='word_1_604' title='bbox 1595 1918 1672 1946; x_wconf 88' lang='lat' dir='ltr'><strong>exitii</strong></span> 
     </span>
    </p>
   </div>
   <div class='ocr_carea' id='block_1_84' title="bbox 890 1963 1673 2000">
    <p class='ocr_par' dir='ltr' id='par_1_84' title="bbox 890 1963 1673 2000">
     <span class='ocr_line' id='line_1_84' title="bbox 890 1963 1673 2000; baseline -0.004 -7"><span class='ocrx_word' id='word_1_605' title='bbox 890 1965 1040 2000; x_wconf 86' lang='lat' dir='ltr'><strong>periculum</strong></span> <span class='ocrx_word' id='word_1_606' title='bbox 1057 1972 1086 1992; x_wconf 90' lang='lat' dir='ltr'><strong>se</strong></span> <span class='ocrx_word' id='word_1_607' title='bbox 1098 1965 1236 1999; x_wconf 85' lang='lat' dir='ltr'><strong>conjiciat,</strong></span> <span class='ocrx_word' id='word_1_608' title='bbox 1250 1965 1372 2000; x_wconf 88' lang='lat' dir='ltr'><strong>quisquis</strong></span> <span class='ocrx_word' id='word_1_609' title='bbox 1390 1971 1459 1992; x_wconf 88' lang='lat' dir='ltr'><strong>nova</strong></span> <span class='ocrx_word' id='word_1_610' title='bbox 1472 1963 1624 1997; x_wconf 88' lang='lat' dir='ltr'><strong>ubicunque</strong></span> <span class='ocrx_word' id='word_1_611' title='bbox 1644 1968 1673 1990; x_wconf 84' lang='lat' dir='ltr'><strong>et</strong></span> 
     </span>
    </p>
   </div>
   <div class='ocr_carea' id='block_1_85' title="bbox 890 2008 1670 2044">
    <p class='ocr_par' dir='ltr' id='par_1_85' title="bbox 890 2008 1670 2044">
     <span class='ocr_line' id='line_1_85' title="bbox 890 2008 1670 2044; baseline -0.004 -7"><span class='ocrx_word' id='word_1_612' title='bbox 890 2009 1016 2037; x_wconf 88' lang='lat' dir='ltr'><strong>omnibus</strong></span> <span class='ocrx_word' id='word_1_613' title='bbox 1029 2010 1180 2044; x_wconf 65' lang='lat' dir='ltr'><strong>praedicare</strong></span> <span class='ocrx_word' id='word_1_614' title='bbox 1194 2011 1283 2042; x_wconf 87' lang='lat' dir='ltr'><strong>audet,</strong></span> <span class='ocrx_word' id='word_1_615' title='bbox 1293 2009 1467 2043; x_wconf 78' lang='lat' dir='ltr'><strong>infensosque</strong></span> <span class='ocrx_word' id='word_1_616' title='bbox 1486 2008 1537 2035; x_wconf 88' lang='lat' dir='ltr'><strong>sibi</strong></span> <span class='ocrx_word' id='word_1_617' title='bbox 1547 2008 1670 2040; x_wconf 82' lang='lat' dir='ltr'><strong>reddere,</strong></span> 
     </span>
    </p>
   </div>
   <div class='ocr_carea' id='block_1_86' title="bbox 889 2053 1671 2090">
    <p class='ocr_par' dir='ltr' id='par_1_86' title="bbox 889 2053 1671 2090">
     <span class='ocr_line' id='line_1_86' title="bbox 889 2053 1671 2090; baseline -0.003 -8"><span class='ocrx_word' id='word_1_618' title='bbox 889 2055 1043 2090; x_wconf 86' lang='lat' dir='ltr'><strong>quicunque</strong></span> <span class='ocrx_word' id='word_1_619' title='bbox 1056 2059 1120 2082; x_wconf 88' lang='lat' dir='ltr'><strong>sunt</strong></span> <span class='ocrx_word' id='word_1_620' title='bbox 1131 2055 1227 2090; x_wconf 90' lang='lat' dir='ltr'><strong>priscis</strong></span> <span class='ocrx_word' id='word_1_621' title='bbox 1241 2055 1373 2090; x_wconf 84' lang='lat' dir='ltr'><strong>dogmatis</strong></span> <span class='ocrx_word' id='word_1_622' title='bbox 1392 2059 1417 2081; x_wconf 89' lang='lat' dir='ltr'><strong>et</strong></span> <span class='ocrx_word' id='word_1_623' title='bbox 1429 2053 1671 2081; x_wconf 87' lang='lat' dir='ltr'><strong>consuetudinibus</strong></span> 
     </span>
    </p>
   </div>
   <div class='ocr_carea' id='block_1_87' title="bbox 888 2099 1669 2135">
    <p class='ocr_par' dir='ltr' id='par_1_87' title="bbox 888 2099 1669 2135">
     <span class='ocr_line' id='line_1_87' title="bbox 888 2099 1669 2135; baseline -0.004 -7"><span class='ocrx_word' id='word_1_624' title='bbox 888 2101 1002 2128; x_wconf 86' lang='lat' dir='ltr'><strong>addicti.</strong></span> <span class='ocrx_word' id='word_1_625' title='bbox 1023 2101 1121 2128; x_wconf 83' lang='lat' dir='ltr'><strong>Annon</strong></span> <span class='ocrx_word' id='word_1_626' title='bbox 1136 2101 1162 2128; x_wconf 96' lang='lat' dir='ltr'><strong>id</strong></span> <span class='ocrx_word' id='word_1_627' title='bbox 1178 2101 1293 2135; x_wconf 90' lang='lat' dir='ltr'><strong>periculi</strong></span> <span class='ocrx_word' id='word_1_628' title='bbox 1310 2100 1438 2128; x_wconf 88' lang='lat' dir='ltr'><strong>viderunt</strong></span> <span class='ocrx_word' id='word_1_629' title='bbox 1456 2099 1521 2127; x_wconf 85' lang='lat' dir='ltr'><strong>Jesu</strong></span> <span class='ocrx_word' id='word_1_630' title='bbox 1542 2099 1669 2134; x_wconf 87' lang='lat' dir='ltr'><strong>apostoli,</strong></span> 
     </span>
    </p>
   </div>
   <div class='ocr_carea' id='block_1_88' title="bbox 888 2145 1671 2180">
    <p class='ocr_par' dir='ltr' id='par_1_88' title="bbox 888 2145 1671 2180">
     <span class='ocr_line' id='line_1_88' title="bbox 888 2145 1671 2180; baseline -0.003 -6"><span class='ocrx_word' id='word_1_631' title='bbox 888 2153 948 2174; x_wconf 91' lang='lat' dir='ltr'><strong>cum</strong></span> <span class='ocrx_word' id='word_1_632' title='bbox 974 2147 1033 2174; x_wconf 90' lang='lat' dir='ltr'><strong>ausi</strong></span> <span class='ocrx_word' id='word_1_633' title='bbox 1049 2152 1114 2174; x_wconf 87' lang='lat' dir='ltr'><strong>sunt</strong></span> <span class='ocrx_word' id='word_1_634' title='bbox 1141 2154 1195 2174; x_wconf 92' lang='lat' dir='ltr'><strong>non</strong></span> <span class='ocrx_word' id='word_1_635' title='bbox 1221 2147 1309 2175; x_wconf 90' lang='lat' dir='ltr'><strong>solum</strong></span> <span class='ocrx_word' id='word_1_636' title='bbox 1324 2145 1423 2174; x_wconf 67' lang='lat' dir='ltr'><strong>Judaeis</strong></span> <span class='ocrx_word' id='word_1_637' title='bbox 1449 2153 1482 2173; x_wconf 73' lang='lat' dir='ltr'><strong>ex</strong></span> <span class='ocrx_word' id='word_1_638' title='bbox 1504 2145 1671 2180; x_wconf 83' lang='lat' dir='ltr'><strong>propheticis</strong></span> 
     </span>
    </p>
   </div>
   <div class='ocr_carea' id='block_1_89' title="bbox 887 2190 1671 2227">
    <p class='ocr_par' dir='ltr' id='par_1_89' title="bbox 887 2190 1671 2227">
     <span class='ocr_line' id='line_1_89' title="bbox 887 2190 1671 2227; baseline -0.003 -8"><span class='ocrx_word' id='word_1_639' title='bbox 887 2192 1057 2220; x_wconf 88' lang='lat' dir='ltr'><strong>sermonibus</strong></span> <span class='ocrx_word' id='word_1_640' title='bbox 1082 2194 1209 2227; x_wconf 86' lang='lat' dir='ltr'><strong>probare,</strong></span> <span class='ocrx_word' id='word_1_641' title='bbox 1238 2199 1299 2219; x_wconf 92' lang='lat' dir='ltr'><strong>eum</strong></span> <span class='ocrx_word' id='word_1_642' title='bbox 1328 2199 1398 2224; x_wconf 84' lang='lat' dir='ltr'><strong>esse,</strong></span> <span class='ocrx_word' id='word_1_643' title='bbox 1431 2197 1510 2225; x_wconf 90' lang='lat' dir='ltr'><strong>quem</strong></span> <span class='ocrx_word' id='word_1_644' title='bbox 1533 2190 1671 2225; x_wconf 80' lang='lat' dir='ltr'><strong>prophetae</strong></span> 
     </span>
    </p>
   </div>
   <div class='ocr_carea' id='block_1_90' title="bbox 59 2236 837 2274">
    <p class='ocr_par' dir='ltr' id='par_1_90' title="bbox 59 2236 836 2273">
     <span class='ocr_line' id='line_1_90' title="bbox 59 2236 836 2273; baseline 0 -10"><span class='ocrx_word' id='word_1_645' title='bbox 59 2238 131 2271; x_wconf 81' lang='grc' dir='ltr'>μόνον</span> <span class='ocrx_word' id='word_1_646' title='bbox 149 2239 286 2269; x_wconf 82' lang='grc' dir='ltr'>Ἰουδαίοις</span> <span class='ocrx_word' id='word_1_647' title='bbox 299 2239 330 2264; x_wconf 83' lang='grc' dir='ltr'>ὲκ</span> <span class='ocrx_word' id='word_1_648' title='bbox 344 2237 396 2264; x_wconf 88' lang='grc' dir='ltr'><strong>τῶν</strong></span> <span class='ocrx_word' id='word_1_649' title='bbox 411 2236 587 2273; x_wconf 76' lang='grc' dir='ltr'>προφητικῶν</span> <span class='ocrx_word' id='word_1_650' title='bbox 605 2237 690 2271; x_wconf 86' lang='grc' dir='ltr'>λόγων</span> <span class='ocrx_word' id='word_1_651' title='bbox 706 2238 836 2272; x_wconf 87' lang='grc' dir='ltr'>παριστά-</span> 
     </span>
    </p>
   </div>
   <div class='ocr_carea' id='block_1_91' title="bbox 922 2236 1669 2274">
    <p class='ocr_par' dir='ltr' id='par_1_91' title="bbox 922 2238 1669 2274">
     <span class='ocr_line' id='line_1_91' title="bbox 922 2238 1669 2274; baseline -0.003 -8"><span class='ocrx_word' id='word_1_652' title='bbox 922 2239 1090 2272; x_wconf 67' lang='grc' dir='ltr'>αιᾱὶκοηιιι;</span> <span class='ocrx_word' id='word_1_653' title='bbox 1108 2239 1155 2266; x_wconf 88' lang='lat' dir='ltr'><strong>sed</strong></span> <span class='ocrx_word' id='word_1_654' title='bbox 1172 2240 1254 2266; x_wconf 84' lang='lat' dir='ltr'><strong>etiam</strong></span> <span class='ocrx_word' id='word_1_655' title='bbox 1269 2239 1382 2273; x_wconf 85' lang='lat' dir='ltr'><strong>reliquis</strong></span> <span class='ocrx_word' id='word_1_656' title='bbox 1397 2238 1520 2274; x_wconf 80' lang='lat' dir='ltr'><strong>gentibus</strong></span> <span class='ocrx_word' id='word_1_657' title='bbox 1534 2244 1607 2270; x_wconf 90' lang='lat' dir='ltr'><strong>eum,</strong></span> <span class='ocrx_word' id='word_1_658' title='bbox 1623 2238 1669 2272; x_wconf 89' lang='lat' dir='ltr'><strong>qui</strong></span> 
     </span>
    </p>
   </div>
   <div class='ocr_carea' id='block_1_92' title="bbox 57 2280 837 2318">
    <p class='ocr_par' dir='ltr' id='par_1_92' title="bbox 57 2280 837 2318">
     <span class='ocr_line' id='line_1_92' title="bbox 57 2280 837 2318; baseline -0.001 -9"><span class='ocrx_word' id='word_1_659' title='bbox 57 2291 117 2316; x_wconf 84' lang='grc' dir='ltr'>νειν,</span> <span class='ocrx_word' id='word_1_660' title='bbox 139 2284 178 2310; x_wconf 84' lang='grc' dir='ltr'>ὃτι</span> <span class='ocrx_word' id='word_1_661' title='bbox 199 2280 277 2315; x_wconf 71' lang='grc' dir='ltr'>οὗτος</span> <span class='ocrx_word' id='word_1_662' title='bbox 295 2283 337 2318; x_wconf 70' lang='grc' dir='ltr'>εἴη</span> <span class='ocrx_word' id='word_1_663' title='bbox 360 2283 374 2308; x_wconf 91' lang='lat'><strong>6</strong></span> <span class='ocrx_word' id='word_1_664' title='bbox 397 2282 603 2318; x_wconf 79' lang='grc' dir='ltr'>προφητευθεὶς,</span> <span class='ocrx_word' id='word_1_665' title='bbox 626 2282 694 2308; x_wconf 81' lang='grc' dir='ltr'>ἀλλὰ</span> <span class='ocrx_word' id='word_1_666' title='bbox 715 2282 761 2309; x_wconf 78' lang='grc' dir='ltr'>καὶ</span> <span class='ocrx_word' id='word_1_667' title='bbox 781 2283 837 2314; x_wconf 79' lang='grc' dir='ltr'>τοῖς</span> 
     </span>
    </p>
   </div>
   <div class='ocr_carea' id='block_1_93' title="bbox 57 2327 836 2363">
    <p class='ocr_par' dir='ltr' id='par_1_93' title="bbox 57 2327 836 2363">
     <span class='ocr_line' id='line_1_93' title="bbox 57 2327 836 2363; baseline 0 -9"><span class='ocrx_word' id='word_1_668' title='bbox 57 2328 150 2361; x_wconf 76' lang='grc' dir='ltr'>λοιποῖς</span> <span class='ocrx_word' id='word_1_669' title='bbox 169 2329 284 2362; x_wconf 74' lang='grc' dir='ltr'>ἔθνεσιν,</span> <span class='ocrx_word' id='word_1_670' title='bbox 302 2328 342 2355; x_wconf 78' lang='grc' dir='ltr'>ὅτι</span> <span class='ocrx_word' id='word_1_671' title='bbox 363 2329 376 2355; x_wconf 89' lang='lat'><strong>6</strong></span> <span class='ocrx_word' id='word_1_672' title='bbox 397 2328 460 2363; x_wconf 82' lang='grc' dir='ltr'>χθὲς</span> <span class='ocrx_word' id='word_1_673' title='bbox 481 2328 528 2354; x_wconf 79' lang='grc' dir='ltr'><strong>καὶ</strong></span> <span class='ocrx_word' id='word_1_674' title='bbox 552 2327 646 2363; x_wconf 84' lang='grc' dir='ltr'>πρώην</span> <span class='ocrx_word' id='word_1_675' title='bbox 671 2327 836 2363; x_wconf 75' lang='grc' dir='ltr'>σταυρωθεὶς</span> 
     </span>
    </p>
   </div>
   <div class='ocr_carea' id='block_1_94' title="bbox 58 2371 836 2408">
    <p class='ocr_par' dir='ltr' id='par_1_94' title="bbox 58 2371 836 2408">
     <span class='ocr_line' id='line_1_94' title="bbox 58 2371 836 2408; baseline 0 -9"><span class='ocrx_word' id='word_1_676' title='bbox 58 2374 121 2400; x_wconf 79' lang='grc' dir='ltr'>ἑκὼν</span> <span class='ocrx_word' id='word_1_677' title='bbox 140 2374 234 2401; x_wconf 79' lang='grc' dir='ltr'>τοῦτον</span> <span class='ocrx_word' id='word_1_678' title='bbox 255 2374 299 2400; x_wconf 79' lang='grc' dir='ltr'>τὸν</span> <span class='ocrx_word' id='word_1_679' title='bbox 320 2373 435 2400; x_wconf 84' lang='grc' dir='ltr'>θάνατον</span> <span class='ocrx_word' id='word_1_680' title='bbox 454 2373 524 2408; x_wconf 81' lang='grc' dir='ltr'>ὑπὲρ</span> <span class='ocrx_word' id='word_1_681' title='bbox 546 2371 593 2399; x_wconf 76' lang='grc' dir='ltr'><strong>τοῦ</strong></span> <span class='ocrx_word' id='word_1_682' title='bbox 609 2372 662 2399; x_wconf 82' lang='grc' dir='ltr'><strong>τῶν</strong></span> <span class='ocrx_word' id='word_1_683' title='bbox 684 2373 836 2408; x_wconf 84' lang='grc' dir='ltr'>ἀνθρώπων</span> 
     </span>
    </p>
   </div>
   <div class='ocr_carea' id='block_1_95' title="bbox 58 2418 835 2454">
    <p class='ocr_par' dir='ltr' id='par_1_95' title="bbox 58 2418 835 2454">
     <span class='ocr_line' id='line_1_95' title="bbox 58 2418 835 2454; baseline -0.003 -8"><span class='ocrx_word' id='word_1_684' title='bbox 58 2419 144 2452; x_wconf 83' lang='grc' dir='ltr'>γένους</span> <span class='ocrx_word' id='word_1_685' title='bbox 163 2419 317 2452; x_wconf 79' lang='grc' dir='ltr'>ἀνεδέξατο,</span> <span class='ocrx_word' id='word_1_686' title='bbox 339 2418 468 2452; x_wconf 84' lang='grc' dir='ltr'>ἀνάλογον</span> <span class='ocrx_word' id='word_1_687' title='bbox 490 2419 544 2449; x_wconf 90' lang='grc' dir='ltr'>τοῖς</span> <span class='ocrx_word' id='word_1_688' title='bbox 563 2418 743 2446; x_wconf 82' lang='grc' dir='ltr'>ἀποθανοῦσιν</span> <span class='ocrx_word' id='word_1_689' title='bbox 766 2419 835 2454; x_wconf 85' lang='grc' dir='ltr'>ὑπὲρ</span> 
     </span>
    </p>
   </div>
   <div class='ocr_carea' id='block_1_96' title="bbox 57 2464 836 2501">
    <p class='ocr_par' dir='ltr' id='par_1_96' title="bbox 57 2464 836 2501">
     <span class='ocr_line' id='line_1_96' title="bbox 57 2464 836 2501; baseline 0 -10"><span class='ocrx_word' id='word_1_690' title='bbox 57 2467 184 2501; x_wconf 76' lang='grc' dir='ltr'>πατρίδων</span> <span class='ocrx_word' id='word_1_691' title='bbox 198 2466 246 2493; x_wconf 77' lang='grc' dir='ltr'><strong>ἐπὶ</strong></span> <span class='ocrx_word' id='word_1_692' title='bbox 264 2465 302 2500; x_wconf 85' lang='grc' dir='ltr'>τῷ</span> <span class='ocrx_word' id='word_1_693' title='bbox 319 2464 413 2492; x_wconf 86' lang='grc' dir='ltr'>σϐέσαι</span> <span class='ocrx_word' id='word_1_694' title='bbox 431 2465 541 2500; x_wconf 78' lang='grc' dir='ltr'>λοιμικὰ</span> <span class='ocrx_word' id='word_1_695' title='bbox 557 2466 730 2500; x_wconf 85' lang='grc' dir='ltr'>κρατήσαντα</span> <span class='ocrx_word' id='word_1_696' title='bbox 752 2473 836 2491; x_wconf 90' lang='grc' dir='ltr'>κατα-</span> 
     </span>
    </p>
   </div>
   <div class='ocr_carea' id='block_1_97' title="bbox 57 2556 834 2626">
    <p class='ocr_par' dir='ltr' id='par_1_97' title="bbox 57 2556 834 2626">
     <span class='ocr_line' id='line_1_97' title="bbox 57 2556 834 2626; baseline -0.003 -33"><span class='ocrx_word' id='word_1_697' title='bbox 57 2600 70 2626; x_wconf 70' lang='lat' dir='ltr'><strong>d</strong></span> <span class='ocrx_word' id='word_1_698' title='bbox 87 2566 139 2602; x_wconf 79' lang='lat'><strong>(50)</strong></span> <span class='ocrx_word' id='word_1_699' title='bbox 173 2567 323 2601; x_wconf 74' lang='grc' dir='ltr'><strong>Ἆλείφων.</strong></span> <span class='ocrx_word' id='word_1_700' title='bbox 361 2556 492 2598; x_wconf 79' lang='grc' dir='ltr'>Ὀπλίζων</span> <span class='ocrx_word' id='word_1_701' title='bbox 513 2565 642 2593; x_wconf 78' lang='lat' dir='ltr'><strong>Gelenius</strong></span> <span class='ocrx_word' id='word_1_702' title='bbox 669 2564 766 2598; x_wconf 78' lang='lat' dir='ltr'><strong>legisse</strong></span> <span class='ocrx_word' id='word_1_703' title='bbox 794 2565 834 2591; x_wconf 79' lang='lat' dir='ltr'><strong>vi-</strong></span> 
     </span>
     <span class='ocr_line' id='line_1_98' title="bbox 73 2607 136 2626; baseline 0 0"><span class='ocrx_word' id='word_1_704' title='bbox 73 2607 136 2626; x_wconf 89' lang='lat' dir='ltr'><strong>etur.</strong></span> 
     </span>
    </p>
   </div>
   <div class='ocr_carea' id='block_1_98' title="bbox 73 2607 834 2670">
    <p class='ocr_par' dir='ltr' id='par_1_98' title="bbox 73 2607 834 2670">
     <span class='ocr_line' id='line_1_99' title="bbox 73 2607 834 2670; baseline 0 -8"><span class='ocrx_word' id='word_1_705' title='bbox 152 2636 263 2664; x_wconf 80' lang='grc' dir='ltr'>Αὺτοῦ.</span> <span class='ocrx_word' id='word_1_706' title='bbox 280 2637 358 2664; x_wconf 84' lang='lat' dir='ltr'><strong>Dccst</strong></span> <span class='ocrx_word' id='word_1_707' title='bbox 376 2636 402 2663; x_wconf 90' lang='lat' dir='ltr'><strong>in</strong></span> <span class='ocrx_word' id='word_1_708' title='bbox 422 2635 500 2662; x_wconf 87' lang='lat' dir='ltr'><strong>libris</strong></span> <span class='ocrx_word' id='word_1_709' title='bbox 518 2639 596 2670; x_wconf 73' lang='lat' dir='ltr'><strong>antea</strong></span> <span class='ocrx_word' id='word_1_710' title='bbox 611 2634 765 2670; x_wconf 50' lang='lat' dir='ltr'><strong>editisLsed</strong></span> <span class='ocrx_word' id='word_1_711' title='bbox 790 2642 834 2662; x_wconf 92' lang='lat' dir='ltr'><strong>re-</strong></span> 
     </span>
    </p>
   </div>
   <div class='ocr_carea' id='block_1_99' title="bbox 55 2669 833 2702">
    <p class='ocr_par' dir='ltr' id='par_1_99' title="bbox 55 2669 833 2702">
     <span class='ocr_line' id='line_1_100' title="bbox 55 2669 833 2702; baseline 0.003 -7"><span class='ocrx_word' id='word_1_712' title='bbox 55 2672 152 2702; x_wconf 67' lang='lat' dir='ltr'><strong>peritur</strong></span> <span class='ocrx_word' id='word_1_713' title='bbox 179 2672 205 2698; x_wconf 93' lang='lat' dir='ltr'><strong>in</strong></span> <span class='ocrx_word' id='word_1_714' title='bbox 224 2672 305 2698; x_wconf 89' lang='lat' dir='ltr'><strong>codd.</strong></span> <span class='ocrx_word' id='word_1_715' title='bbox 333 2670 491 2702; x_wconf 79' lang='lat' dir='ltr'><strong>Basileensi,</strong></span> <span class='ocrx_word' id='word_1_716' title='bbox 517 2669 631 2699; x_wconf 84' lang='lat' dir='ltr'><strong>Joliano,</strong></span> <span class='ocrx_word' id='word_1_717' title='bbox 655 2673 682 2696; x_wconf 89' lang='lat' dir='ltr'><strong>et</strong></span> <span class='ocrx_word' id='word_1_718' title='bbox 702 2669 833 2697; x_wconf 86' lang='lat' dir='ltr'><strong>Vaticano</strong></span> 
     </span>
    </p>
   </div>
   <div class='ocr_carea' id='block_1_100' title="bbox 57 2703 834 2740">
    <p class='ocr_par' dir='ltr' id='par_1_100' title="bbox 57 2703 834 2740">
     <span class='ocr_line' id='line_1_101' title="bbox 57 2703 834 2740; baseline -0.003 -8"><span class='ocrx_word' id='word_1_719' title='bbox 57 2705 144 2740; x_wconf 78' lang='lat' dir='ltr'><strong>primo.</strong></span> <span class='ocrx_word' id='word_1_720' title='bbox 162 2705 249 2740; x_wconf 81' lang='lat' dir='ltr'><strong>Paulo</strong></span> <span class='ocrx_word' id='word_1_721' title='bbox 266 2711 326 2740; x_wconf 86' lang='lat' dir='ltr'><strong>posl</strong></span> <span class='ocrx_word' id='word_1_722' title='bbox 344 2705 429 2733; x_wconf 88' lang='lat' dir='ltr'><strong>codex</strong></span> <span class='ocrx_word' id='word_1_723' title='bbox 448 2703 610 2740; x_wconf 82' lang='lat' dir='ltr'><strong>Basileeusis</strong></span> <span class='ocrx_word' id='word_1_724' title='bbox 624 2711 675 2740; x_wconf 68' lang='lat' dir='ltr'><strong>non</strong></span> <span class='ocrx_word' id='word_1_725' title='bbox 698 2704 777 2740; x_wconf 78' lang='lat' dir='ltr'><strong>male,</strong></span> <span class='ocrx_word' id='word_1_726' title='bbox 793 2704 834 2740; x_wconf 46' lang='lat' dir='ltr'><strong>ait</strong></span> 
     </span>
    </p>
   </div>
   <div class='ocr_carea' id='block_1_101' title="bbox 56 2737 834 2776">
    <p class='ocr_par' dir='ltr' id='par_1_101' title="bbox 56 2737 834 2776">
     <span class='ocr_line' id='line_1_102' title="bbox 56 2737 834 2776; baseline 0.001 -12"><span class='ocrx_word' id='word_1_727' title='bbox 56 2737 184 2776; x_wconf 73' lang='grc' dir='ltr'>θειότερον</span> <span class='ocrx_word' id='word_1_728' title='bbox 197 2739 232 2775; x_wconf 79' lang='grc' dir='ltr'>ἦν</span> <span class='ocrx_word' id='word_1_729' title='bbox 249 2737 346 2772; x_wconf 77' lang='grc' dir='ltr'>ἐκεῖνο,</span> <span class='ocrx_word' id='word_1_730' title='bbox 372 2740 499 2776; x_wconf 83' lang='lat' dir='ltr'><strong>nimirum</strong></span> <span class='ocrx_word' id='word_1_731' title='bbox 510 2738 712 2776; x_wconf 14' lang='lat' dir='ltr'><strong>itohdtvaerﬁvat</strong></span> <span class='ocrx_word' id='word_1_732' title='bbox 724 2738 758 2776; x_wconf 66' lang='grc' dir='ltr'><strong>έκ</strong></span> <span class='ocrx_word' id='word_1_733' title='bbox 782 2739 834 2776; x_wconf 67' lang='grc' dir='ltr'><strong>τῶν</strong></span> 
     </span>
    </p>
   </div>
   <div class='ocr_carea' id='block_1_102' title="bbox 55 2771 833 2814">
    <p class='ocr_par' dir='ltr' id='par_1_102' title="bbox 55 2771 833 2814">
     <span class='ocr_line' id='line_1_103' title="bbox 55 2771 833 2814; baseline 0 -14"><span class='ocrx_word' id='word_1_734' title='bbox 55 2771 161 2814; x_wconf 65' lang='grc' dir='ltr'>νεκρῶν.</span> <span class='ocrx_word' id='word_1_735' title='bbox 175 2771 285 2810; x_wconf 78' lang='lat' dir='ltr'><strong>Réliqui</strong></span> <span class='ocrx_word' id='word_1_736' title='bbox 301 2783 366 2803; x_wconf 90' lang='lat' dir='ltr'><strong>mss.</strong></span> <span class='ocrx_word' id='word_1_737' title='bbox 379 2783 440 2802; x_wconf 86' lang='lat' dir='ltr'><strong>cum</strong></span> <span class='ocrx_word' id='word_1_738' title='bbox 452 2775 540 2807; x_wconf 86' lang='lat' dir='ltr'><strong>editis,</strong></span> <span class='ocrx_word' id='word_1_739' title='bbox 555 2774 594 2800; x_wconf 79' lang='grc' dir='ltr'>ὅτι</span> <span class='ocrx_word' id='word_1_740' title='bbox 612 2771 745 2808; x_wconf 81' lang='grc' dir='ltr'>θειότερόν</span> <span class='ocrx_word' id='word_1_741' title='bbox 759 2781 785 2799; x_wconf 85' lang='grc' dir='ltr'><strong>τι</strong></span> <span class='ocrx_word' id='word_1_742' title='bbox 800 2771 833 2809; x_wconf 82' lang='grc' dir='ltr'>ἦν</span> 
     </span>
    </p>
   </div>
   <div class='ocr_carea' id='block_1_103' title="bbox 56 2811 832 2880">
    <p class='ocr_par' dir='ltr' id='par_1_103' title="bbox 56 2811 832 2880">
     <span class='ocr_line' id='line_1_104' title="bbox 56 2811 832 2880; baseline -0.001 -9"><span class='ocrx_word' id='word_1_743' title='bbox 56 2811 235 2880; x_wconf 46' lang='grc' dir='ltr'><strong>ῗιῐέἕῖᾖρὸς</strong></span> <span class='ocrx_word' id='word_1_744' title='bbox 256 2845 294 2880; x_wconf 75' lang='grc' dir='ltr'>τῷ</span> <span class='ocrx_word' id='word_1_745' title='bbox 315 2845 358 2880; x_wconf 79' lang='grc' dir='ltr'>μὴ</span> <span class='ocrx_word' id='word_1_746' title='bbox 382 2844 556 2880; x_wconf 66' lang='grc' dir='ltr'>φοϐηθῆναι,</span> <span class='ocrx_word' id='word_1_747' title='bbox 575 2843 613 2869; x_wconf 90' lang='lat' dir='ltr'><strong>Ita</strong></span> <span class='ocrx_word' id='word_1_748' title='bbox 630 2844 730 2880; x_wconf 79' lang='lat' dir='ltr'><strong>optime</strong></span> <span class='ocrx_word' id='word_1_749' title='bbox 754 2843 832 2880; x_wconf 76' lang='lat' dir='ltr'><strong>codd.</strong></span> 
     </span>
    </p>
   </div>
   <div class='ocr_carea' id='block_1_104' title="bbox 56 2878 832 2915">
    <p class='ocr_par' dir='ltr' id='par_1_104' title="bbox 56 2878 832 2915">
     <span class='ocr_line' id='line_1_105' title="bbox 56 2878 832 2915; baseline 0.001 -12"><span class='ocrx_word' id='word_1_750' title='bbox 56 2878 211 2908; x_wconf 73' lang='lat' dir='ltr'><strong>Basilecnsis</strong></span> <span class='ocrx_word' id='word_1_751' title='bbox 226 2885 254 2908; x_wconf 89' lang='lat' dir='ltr'><strong>ct</strong></span> <span class='ocrx_word' id='word_1_752' title='bbox 270 2878 402 2907; x_wconf 70' lang='lat' dir='ltr'><strong>hiiarius.</strong></span> <span class='ocrx_word' id='word_1_753' title='bbox 425 2879 532 2915; x_wconf 78' lang='lat' dir='ltr'><strong>Reliqui</strong></span> <span class='ocrx_word' id='word_1_754' title='bbox 551 2883 652 2912; x_wconf 86' lang='lat' dir='ltr'><strong>autem,</strong></span> <span class='ocrx_word' id='word_1_755' title='bbox 668 2878 735 2913; x_wconf 65' lang='grc' dir='ltr'>πρὸς</span> <span class='ocrx_word' id='word_1_756' title='bbox 749 2878 778 2904; x_wconf 79' lang='grc' dir='ltr'>τὸ</span> <span class='ocrx_word' id='word_1_757' title='bbox 796 2878 832 2914; x_wconf 84' lang='grc' dir='ltr'>μὴ</span> 
     </span>
    </p>
   </div>
   <div class='ocr_carea' id='block_1_105' title="bbox 889 2283 1668 2316">
    <p class='ocr_par' dir='ltr' id='par_1_105' title="bbox 889 2283 1668 2316">
     <span class='ocr_line' id='line_1_106' title="bbox 889 2283 1668 2316; baseline -0.001 -6"><span class='ocrx_word' id='word_1_758' title='bbox 889 2284 949 2311; x_wconf 79' lang='lat' dir='ltr'><strong>lteri</strong></span> <span class='ocrx_word' id='word_1_759' title='bbox 976 2289 1002 2311; x_wconf 89' lang='lat' dir='ltr'><strong>et</strong></span> <span class='ocrx_word' id='word_1_760' title='bbox 1023 2285 1122 2312; x_wconf 91' lang='lat' dir='ltr'><strong>nudius</strong></span> <span class='ocrx_word' id='word_1_761' title='bbox 1145 2285 1241 2312; x_wconf 77' lang='lat' dir='ltr'><strong>tertius</strong></span> <span class='ocrx_word' id='word_1_762' title='bbox 1255 2285 1332 2311; x_wconf 91' lang='lat' dir='ltr'><strong>cruci</strong></span> <span class='ocrx_word' id='word_1_763' title='bbox 1349 2283 1444 2312; x_wconf 82' lang='lat' dir='ltr'><strong>allixus</strong></span> <span class='ocrx_word' id='word_1_764' title='bbox 1460 2283 1569 2316; x_wconf 80' lang='lat' dir='ltr'><strong>fuerat,</strong></span> <span class='ocrx_word' id='word_1_765' title='bbox 1597 2283 1668 2310; x_wconf 84' lang='lat' dir='ltr'><strong>hanc</strong></span> 
     </span>
    </p>
   </div>
   <div class='ocr_carea' id='block_1_106' title="bbox 888 2328 1669 2365">
    <p class='ocr_par' dir='ltr' id='par_1_106' title="bbox 888 2328 1669 2365">
     <span class='ocr_line' id='line_1_107' title="bbox 888 2328 1669 2365; baseline -0.003 -9"><span class='ocrx_word' id='word_1_766' title='bbox 888 2330 958 2357; x_wconf 89' lang='lat' dir='ltr'><strong>ultro</strong></span> <span class='ocrx_word' id='word_1_767' title='bbox 978 2334 1093 2357; x_wconf 83' lang='lat' dir='ltr'><strong>mortem</strong></span> <span class='ocrx_word' id='word_1_768' title='bbox 1108 2338 1157 2364; x_wconf 88' lang='lat' dir='ltr'><strong>pro</strong></span> <span class='ocrx_word' id='word_1_769' title='bbox 1172 2330 1291 2357; x_wconf 84' lang='lat' dir='ltr'><strong>humano</strong></span> <span class='ocrx_word' id='word_1_770' title='bbox 1305 2337 1405 2365; x_wconf 79' lang='lat' dir='ltr'><strong>genere</strong></span> <span class='ocrx_word' id='word_1_771' title='bbox 1415 2329 1551 2361; x_wconf 85' lang='lat' dir='ltr'><strong>subiisse;</strong></span> <span class='ocrx_word' id='word_1_772' title='bbox 1565 2328 1604 2356; x_wconf 91' lang='lat' dir='ltr'><strong>eis</strong></span> <span class='ocrx_word' id='word_1_773' title='bbox 1617 2328 1669 2355; x_wconf 86' lang='lat' dir='ltr'><strong>hac</strong></span> 
     </span>
    </p>
   </div>
   <div class='ocr_carea' id='block_1_107' title="bbox 888 2373 1666 2409">
    <p class='ocr_par' dir='ltr' id='par_1_107' title="bbox 888 2373 1666 2409">
     <span class='ocr_line' id='line_1_108' title="bbox 888 2373 1666 2409; baseline 0 -10"><span class='ocrx_word' id='word_1_774' title='bbox 888 2373 914 2400; x_wconf 90' lang='lat' dir='ltr'><strong>in</strong></span> <span class='ocrx_word' id='word_1_775' title='bbox 931 2380 960 2399; x_wconf 88' lang='lat' dir='ltr'><strong>rc</strong></span> <span class='ocrx_word' id='word_1_776' title='bbox 977 2374 1104 2406; x_wconf 88' lang='lat' dir='ltr'><strong>similem,</strong></span> <span class='ocrx_word' id='word_1_777' title='bbox 1117 2374 1163 2408; x_wconf 90' lang='lat' dir='ltr'><strong>qui</strong></span> <span class='ocrx_word' id='word_1_778' title='bbox 1180 2380 1295 2402; x_wconf 81' lang='lat' dir='ltr'><strong>mortem</strong></span> <span class='ocrx_word' id='word_1_779' title='bbox 1312 2374 1494 2409; x_wconf 88' lang='lat' dir='ltr'><strong>oppetierant,</strong></span> <span class='ocrx_word' id='word_1_780' title='bbox 1510 2373 1666 2408; x_wconf 89' lang='lat' dir='ltr'><strong>utpatriam</strong></span> 
     </span>
    </p>
   </div>
   <div class='ocr_carea' id='block_1_108' title="bbox 886 2419 1667 2454">
    <p class='ocr_par' dir='ltr' id='par_1_108' title="bbox 886 2419 1667 2454">
     <span class='ocr_line' id='line_1_109' title="bbox 886 2419 1667 2454; baseline -0.001 -10"><span class='ocrx_word' id='word_1_781' title='bbox 886 2425 961 2445; x_wconf 86' lang='lat' dir='ltr'><strong>suam</strong></span> <span class='ocrx_word' id='word_1_782' title='bbox 974 2426 988 2445; x_wconf 88' lang='lat' dir='ltr'><strong>a</strong></span> <span class='ocrx_word' id='word_1_783' title='bbox 1007 2424 1151 2454; x_wconf 73' lang='lat' dir='ltr'><strong>grassante</strong></span> <span class='ocrx_word' id='word_1_784' title='bbox 1173 2420 1347 2454; x_wconf 84' lang='lat' dir='ltr'><strong>pestilentia,</strong></span> <span class='ocrx_word' id='word_1_785' title='bbox 1372 2424 1419 2446; x_wconf 89' lang='lat' dir='ltr'><strong>aut</strong></span> <span class='ocrx_word' id='word_1_786' title='bbox 1436 2419 1594 2451; x_wconf 88' lang='lat' dir='ltr'><strong>sterilitate,</strong></span> <span class='ocrx_word' id='word_1_787' title='bbox 1619 2421 1667 2444; x_wconf 86' lang='lat' dir='ltr'><strong>aut</strong></span> 
     </span>
    </p>
   </div>
   <div class='ocr_carea' id='block_1_109' title="bbox 887 2462 1667 2497">
    <p class='ocr_par' dir='ltr' id='par_1_109' title="bbox 887 2462 1667 2497">
     <span class='ocr_line' id='line_1_110' title="bbox 887 2462 1667 2497; baseline -0.001 -8"><span class='ocrx_word' id='word_1_788' title='bbox 887 2462 1093 2497; x_wconf 87' lang='lat' dir='ltr'><strong>tempestatibus</strong></span> <span class='ocrx_word' id='word_1_789' title='bbox 1107 2463 1277 2491; x_wconf 88' lang='lat' dir='ltr'><strong>liberarent?</strong></span> <span class='ocrx_word' id='word_1_790' title='bbox 1303 2464 1342 2490; x_wconf 88' lang='lat' dir='ltr'><strong>Ita</strong></span> <span class='ocrx_word' id='word_1_791' title='bbox 1356 2463 1428 2492; x_wconf 87' lang='lat' dir='ltr'><strong>enim</strong></span> <span class='ocrx_word' id='word_1_792' title='bbox 1444 2466 1541 2490; x_wconf 88' lang='lat' dir='ltr'><strong>natura</strong></span> <span class='ocrx_word' id='word_1_793' title='bbox 1555 2469 1667 2496; x_wconf 88' lang='lat' dir='ltr'><strong>compa-</strong></span> 
     </span>
    </p>
   </div>
   <div class='ocr_carea' id='block_1_110' title="bbox 885 2565 1042 2600">
    <p class='ocr_par' dir='ltr' id='par_1_110' title="bbox 885 2565 1042 2600">
     <span class='ocr_line' id='line_1_111' title="bbox 885 2565 1042 2600; baseline -0.006 -8"><span class='ocrx_word' id='word_1_794' title='bbox 885 2565 1042 2600; x_wconf 84' lang='grc' dir='ltr'>φοϐηθῆναι.</span> 
     </span>
    </p>
   </div>
   <div class='ocr_carea' id='block_1_111' title="bbox 920 2574 1668 2637">
    <p class='ocr_par' dir='ltr' id='par_1_111' title="bbox 920 2574 1668 2637">
     <span class='ocr_line' id='line_1_112' title="bbox 920 2574 1668 2637; baseline -0.005 -9"><span class='ocrx_word' id='word_1_795' title='bbox 920 2574 1068 2636; x_wconf 37' lang='grc' dir='ltr'>ἴῶηἶιῗίίι).</span> <span class='ocrx_word' id='word_1_796' title='bbox 1090 2600 1165 2632; x_wconf 89' lang='lat' dir='ltr'><strong>editi,</strong></span> <span class='ocrx_word' id='word_1_797' title='bbox 1178 2599 1224 2626; x_wconf 79' lang='grc' dir='ltr'>καὶ</span> <span class='ocrx_word' id='word_1_798' title='bbox 1235 2598 1280 2637; x_wconf 58' lang='grc' dir='ltr'>τὴν</span> <span class='ocrx_word' id='word_1_799' title='bbox 1296 2598 1492 2637; x_wconf 66' lang='grc' dir='ltr'>παραδοθέντα,</span> <span class='ocrx_word' id='word_1_800' title='bbox 1507 2598 1554 2625; x_wconf 83' lang='lat' dir='ltr'><strong>sed</strong></span> <span class='ocrx_word' id='word_1_801' title='bbox 1567 2598 1592 2624; x_wconf 92' lang='lat' dir='ltr'><strong>in</strong></span> <span class='ocrx_word' id='word_1_802' title='bbox 1605 2605 1668 2637; x_wconf 72' lang='lat' dir='ltr'><strong>om-</strong></span> 
     </span>
    </p>
   </div>
   <div class='ocr_carea' id='block_1_112' title="bbox 884 2632 1667 2669">
    <p class='ocr_par' dir='ltr' id='par_1_112' title="bbox 884 2632 1667 2669">
     <span class='ocr_line' id='line_1_113' title="bbox 884 2632 1667 2669; baseline -0.004 -7"><span class='ocrx_word' id='word_1_803' title='bbox 884 2632 1044 2663; x_wconf 51' lang='lat' dir='ltr'><strong>nibus&#39;mss.</strong></span> <span class='ocrx_word' id='word_1_804' title='bbox 1062 2639 1242 2669; x_wconf 63' lang='lat' dir='ltr'><strong>praeterquam</strong></span> <span class='ocrx_word' id='word_1_805' title='bbox 1260 2635 1287 2661; x_wconf 90' lang='lat' dir='ltr'><strong>in</strong></span> <span class='ocrx_word' id='word_1_806' title='bbox 1301 2632 1458 2668; x_wconf 74' lang='lat' dir='ltr'><strong>An&#39;glicanis</strong></span> <span class='ocrx_word' id='word_1_807' title='bbox 1475 2634 1551 2660; x_wconf 87' lang='lat' dir='ltr'><strong>deest</strong></span> <span class='ocrx_word' id='word_1_808' title='bbox 1565 2632 1622 2664; x_wconf 84' lang='grc' dir='ltr'>καί,</span> <span class='ocrx_word' id='word_1_809' title='bbox 1639 2637 1667 2659; x_wconf 90' lang='lat' dir='ltr'><strong>et</strong></span> 
     </span>
    </p>
   </div>
   <div class='ocr_carea' id='block_1_113' title="bbox 885 2670 1091 2704">
    <p class='ocr_par' dir='ltr' id='par_1_113' title="bbox 885 2670 1091 2704">
     <span class='ocr_line' id='line_1_114' title="bbox 885 2670 1091 2704; baseline -0.01 -6"><span class='ocrx_word' id='word_1_810' title='bbox 885 2675 957 2697; x_wconf 86' lang='lat' dir='ltr'><strong>recte</strong></span> <span class='ocrx_word' id='word_1_811' title='bbox 972 2670 1091 2704; x_wconf 88' lang='lat' dir='ltr'><strong>quidem.</strong></span> 
     </span>
    </p>
   </div>
   <div class='ocr_carea' id='block_1_114' title="bbox 920 2701 1664 2739">
    <p class='ocr_par' dir='ltr' id='par_1_114' title="bbox 920 2701 1664 2739">
     <span class='ocr_line' id='line_1_115' title="bbox 920 2701 1664 2739; baseline -0.007 -8"><span class='ocrx_word' id='word_1_812' title='bbox 920 2701 1157 2739; x_wconf 56' lang='lat' dir='ltr'><strong>(54)&#39;Hmschelius</strong></span> <span class='ocrx_word' id='word_1_813' title='bbox 1173 2703 1199 2730; x_wconf 95' lang='lat' dir='ltr'><strong>in</strong></span> <span class='ocrx_word' id='word_1_814' title='bbox 1215 2707 1288 2739; x_wconf 78' lang='lat' dir='ltr'><strong>textu</strong></span> <span class='ocrx_word' id='word_1_815' title='bbox 1302 2701 1467 2739; x_wconf 77' lang='grc' dir='ltr'>ἐμϐαίνοντα</span> <span class='ocrx_word' id='word_1_816' title='bbox 1478 2720 1485 2732; x_wconf 89' lang='grc'><strong>,</strong></span> <span class='ocrx_word' id='word_1_817' title='bbox 1499 2705 1526 2728; x_wconf 88' lang='lat' dir='ltr'><strong>et</strong></span> <span class='ocrx_word' id='word_1_818' title='bbox 1542 2701 1574 2727; x_wconf 88' lang='lat' dir='ltr'><strong>ad</strong></span> <span class='ocrx_word' id='word_1_819' title='bbox 1591 2709 1664 2727; x_wconf 82' lang='lat' dir='ltr'><strong>mar-</strong></span> 
     </span>
    </p>
   </div>
   <div class='ocr_carea' id='block_1_115' title="bbox 885 2737 1664 2774">
    <p class='ocr_par' dir='ltr' id='par_1_115' title="bbox 885 2737 1664 2774">
     <span class='ocr_line' id='line_1_116' title="bbox 885 2737 1664 2774; baseline -0.005 -8"><span class='ocrx_word' id='word_1_820' title='bbox 885 2737 973 2774; x_wconf 80' lang='lat' dir='ltr'><strong>ginem</strong></span> <span class='ocrx_word' id='word_1_821' title='bbox 985 2739 1146 2774; x_wconf 77' lang='grc' dir='ltr'>ἐμμένοντα.</span> <span class='ocrx_word' id='word_1_822' title='bbox 1161 2738 1342 2774; x_wconf 78' lang='lat' dir='ltr'><strong>Posteriorem</strong></span> <span class='ocrx_word' id='word_1_823' title='bbox 1357 2737 1664 2774; x_wconf 75' lang='lat' dir='ltr'><strong>lectionem_scqttlttittrr</strong></span> 
     </span>
    </p>
   </div>
   <div class='ocr_carea' id='block_1_116' title="bbox 885 2770 1663 2808">
    <p class='ocr_par' dir='ltr' id='par_1_116' title="bbox 885 2770 1663 2808">
     <span class='ocr_line' id='line_1_117' title="bbox 885 2770 1663 2808; baseline -0.006 -7"><span class='ocrx_word' id='word_1_824' title='bbox 885 2770 945 2801; x_wconf 69' lang='lat' dir='ltr'><strong>cum</strong></span> <span class='ocrx_word' id='word_1_825' title='bbox 962 2770 1097 2808; x_wconf 78' lang='lat' dir='ltr'><strong>Spcucero</strong></span> <span class='ocrx_word' id='word_1_826' title='bbox 1113 2780 1209 2800; x_wconf 90' lang='lat' dir='ltr'><strong>omnes</strong></span> <span class='ocrx_word' id='word_1_827' title='bbox 1225 2779 1290 2808; x_wconf 82' lang='lat' dir='ltr'><strong>mss.</strong></span> <span class='ocrx_word' id='word_1_828' title='bbox 1316 2773 1338 2799; x_wconf 90' lang='lat' dir='ltr'><strong>si</strong></span> <span class='ocrx_word' id='word_1_829' title='bbox 1362 2770 1663 2808; x_wconf 27' lang='lat' dir='ltr'><strong>cxcipiaslvatieanum</strong></span> 
     </span>
    </p>
   </div>
   <div class='ocr_carea' id='block_1_117' title="bbox 885 2804 1662 2842">
    <p class='ocr_par' dir='ltr' id='par_1_117' title="bbox 885 2804 1662 2842">
     <span class='ocr_line' id='line_1_118' title="bbox 885 2804 1662 2842; baseline -0.008 -6"><span class='ocrx_word' id='word_1_830' title='bbox 885 2804 1033 2841; x_wconf 78' lang='lat' dir='ltr'><strong>recentem,</strong></span> <span class='ocrx_word' id='word_1_831' title='bbox 1048 2813 1074 2835; x_wconf 92' lang='lat' dir='ltr'><strong>et</strong></span> <span class='ocrx_word' id='word_1_832' title='bbox 1086 2808 1220 2835; x_wconf 68' lang='lat' dir='ltr'><strong>lulianum</strong></span> <span class='ocrx_word' id='word_1_833' title='bbox 1232 2807 1277 2842; x_wconf 89' lang='lat' dir='ltr'><strong>qui</strong></span> <span class='ocrx_word' id='word_1_834' title='bbox 1295 2808 1375 2834; x_wconf 83' lang='lat' dir='ltr'><strong>etiam</strong></span> <span class='ocrx_word' id='word_1_835' title='bbox 1392 2804 1473 2842; x_wconf 79' lang='lat' dir='ltr'><strong>supra</strong></span> <span class='ocrx_word' id='word_1_836' title='bbox 1487 2804 1662 2841; x_wconf 80' lang='grc' dir='ltr'>ὲμϐαίνοντα,</span> 
     </span>
    </p>
   </div>
   <div class='ocr_carea' id='block_1_118' title="bbox 884 2843 1328 2878">
    <p class='ocr_par' dir='ltr' id='par_1_118' title="bbox 884 2843 1328 2878">
     <span class='ocr_line' id='line_1_119' title="bbox 884 2843 1328 2878; baseline -0.005 -8"><span class='ocrx_word' id='word_1_837' title='bbox 884 2843 1030 2878; x_wconf 84' lang='lat' dir='ltr'><strong>ascriptum</strong></span> <span class='ocrx_word' id='word_1_838' title='bbox 1052 2845 1149 2877; x_wconf 81' lang='lat' dir='ltr'><strong>habet,</strong></span> <span class='ocrx_word' id='word_1_839' title='bbox 1165 2843 1328 2878; x_wconf 76' lang='grc' dir='ltr'>ἐμμένοντα.</span> 
     </span>
    </p>
   </div>
  </div>
