1843 3076
102 167 154 195 721

708 166 850 195 CONTRA
865 165 1003 194 CELSUM
1021 165 1084 194 LIB.
1104 166 1126 193 Ι.

1669 167 1722 194 ΊΞΞ

99 226 186 262 αὐτὴν
200 227 326 259 τέκτονος
343 228 500 263 ἐλεγχθεῖσα
513 228 559 255 ἐπὶ
573 228 690 264 μοιχείᾳ,
705 229 751 255 καὶ
762 228 826 255 τίκτε

991 233 1028 261 _ue
1042 234 1058 254 ο
1070 225 1170 257 milite.
1196 226 1239 254 cui
1254 226 1390 255 Panthera
1406 233 1505 253 nomen
1532 229 1608 258 erat,
1623 225 1718 261 depre-

99 272 156 300 ἀπό
168 281 240 304 τινος
255 273 419 308 στρατιώτου
435 274 562 309 Πανθήρα
575 274 703 309 τοῦνομα·
717 275 763 301 καὶ
778 274 886 309 ἴδωμεν,

98 318 125 344 εἰ
147 318 183 353 μὴ
204 318 313 353 τυφλῶς
334 319 358 345 οἱ
377 319 608 355 μυθοποιῆσαντες
629 320 677 356 τὴν
695 321 816 356 μοιχείαν
837 321 887 355 τῆς

101 362 240 397 παρθένου
260 362 306 389 καὶ
328 363 375 390 τοῦ
400 364 529 399 Πανθήρα
548 364 613 399 (59),
638 365 685 391 καὶ
706 365 751 391 τὸν
773 365 886 391 τέκτονα

98 406 271 441 ἐξωσὰμενον
283 407 378 442 αὐτὴν,
392 407 477 434 ταῦτα
486 409 576 434 πάντα
591 408 746 436 ἀνέπλασαν
761 409 807 436 ἐπὶ
820 409 886 436 καθ-

97 451 204 484 αιρέσει
226 451 276 486 τῆς
290 451 442 487 παραδόξου
455 452 509 479 ἀπὸ
521 453 599 486 ἁγίου
615 453 773 489 Πνεύματος
788 454 884 490 συλλή-

96 497 172 531 ψεως
181 505 188 512 ·
209 495 335 524 ἐδύναντο
350 497 404 533 γὰρ
419 498 505 529 ἄλλως
517 498 710 535 ψευδοποιῆσαι
724 500 767 527 διὰ
780 501 810 527 τὸ
825 501 884 535 σφό-

95 541 149 576 δρα
166 542 315 577 παράδοξον
329 543 378 578 τὴν
395 543 523 579 ἱστορίαν,
541 545 587 571 καὶ
607 545 644 580 μὴ
666 545 786 581 ὡσπερεὶ
801 547 882 573 ἀκου-

96 587 165 618 σίως
177 588 406 622 συγκαταθὲσθαι,
419 590 461 616 ὃτι
474 590 523 617 οὐκ
535 591 588 617 ἀπὸ
600 591 720 626 συνήθων
730 591 883 627 ἀνθρώποις

94 631 194 666 γάμων
204 633 218 658 ὀ
239 632 342 668 Ἰησοῦς
353 634 494 669 ἐγεννήθη.
510 635 565 661 Καὶ
577 635 721 661 ἀκόλουθόν
732 643 763 669 γε
774 634 807 670 ἦν
821 637 882 667 τοὺς

96 677 136 712 μὴ
146 678 400 714 συγκαταθεμένους
410 680 442 714 τῇ
452 679 594 714 παραδόξω
599 680 706 714 γενήσει
714 679 767 715 (60)
778 680 822 706 τοῦ
836 681 882 714 Ἰη-

95 723 156 753 σοῦ,
169 723 269 750 πλάσαι
283 733 308 750 τι
318 724 425 758 ψεῦδος.
436 725 472 750 Τὸ
483 725 511 751 δὲ
523 724 559 760 μὴ
569 725 687 756 πιθανῶς
696 726 794 757 αὐτοὺς
803 725 881 752 τοῦτο

92 767 219 802 ποιῆσαι,
241 768 307 795 ἀλλὰ
325 769 393 804 μετὰ
412 769 458 795 τοῦ
478 771 605 805 τηρῆσαι,
629 771 669 796 ὃτι
693 771 742 796 οὐκ
760 771 812 797 ἀπὸ
833 770 880 797 τοῦ

96 809 199 846 Ἰωσὴφ
216 812 349 847 παρθένος
367 813 494 839 συνέλαϐε
511 814 557 840 τὸν
578 814 690 849 Ἰησοῦν,
703 816 758 846 τοῖς
773 815 879 842 ἀκούειν

91 856 142 882 καὶ
161 855 283 890 ἐλέγχειν
303 857 500 893 ἀναπλάσματα
531 855 686 891 δυναμένοις
712 860 824 895 ἐναργὲς
845 858 878 895 ἦν

939 273 1023 300 hensa
1038 275 1123 304 esset,
1136 271 1277 306 expulsam
1295 272 1378 299 fuisse
1390 280 1397 305 ;
1411 276 1438 299 et
1451 271 1592 299 videamus
1611 279 1657 304 an,
1673 273 1718 306 qui

938 322 966 344 et
977 317 1124 344 admissum
1137 324 1151 343 a
1171 317 1274 352 virgine
1285 325 1345 344 cum
1359 316 1496 344 Panthera
1511 315 1675 344 adulterium
1692 322 1720 344 et

937 370 952 389 a
973 361 1051 390 fabro
1064 362 1251 397 expulsionem
1278 362 1426 395 ﬁnxerunt,
1450 362 1514 394 hasf
1531 361 1639 389 fabulas
1663 369 1716 389 non

937 414 1010 434 caeco
1021 406 1116 434 animo
1130 407 1278 434 commenti
1293 406 1359 438 sint,
1379 410 1410 433 ut
1429 406 1565 433 insolitum
1583 414 1598 434 e
1614 405 1716 440 Spiritu

936 457 1029 480 sancto
1049 457 1209 486 conceptum
1223 459 1238 478 e
1253 451 1343 479 medio
1363 451 1498 478 tollerent.
1511 451 1577 479 Nam
1596 452 1633 479 ita
1647 459 1716 487 prae-

935 504 976 526 ter
989 498 1217 526 consuetudinem
1236 502 1278 525 est
1293 499 1351 524 haec
1367 497 1499 530 historia,
1518 502 1548 524 ut
1564 498 1617 525 alio
1636 498 1716 525 modo

934 550 993 570 eam
1010 542 1134 573 refellere
1148 542 1315 577 potuissent,
1334 547 1385 568 nec
1401 541 1473 568 velut
1491 542 1571 569 inviti
1587 542 1714 571 assentiri

932 588 1024 616 Jesum
1038 596 1090 616 non
1108 596 1168 616 esse
1183 588 1292 624 vulgari
1315 595 1391 615 more
1416 592 1510 614 natum
1526 595 1561 615 ex
1579 588 1712 623 coniugio.

933 634 1004 662 Sane
1019 639 1229 662 consentaneum
1242 639 1312 667 erat,
1327 634 1372 669 qui
1391 633 1500 661 insolito
1511 632 1576 661 Iesu
1595 634 1664 660 ortui
1681 633 1714 660 ii-

932 679 992 706 dem
1012 680 1186 714 abrogarent,
1203 679 1236 707 ab
1252 679 1291 706 eis
1316 678 1489 706 mendacium
1511 679 1640 713 conﬁngi.
1660 677 1713 705 Sed

932 724 1054 751 invenire
1078 723 1249 751 mendacium
1266 723 1339 750 nullo
1357 723 1436 751 modo
1451 723 1607 756 verisimile,
1623 728 1714 758 etquo

932 767 1050 795 admisso
1063 767 1239 795 nihilominus
1251 775 1345 795 verum
1359 771 1400 794 est
1413 765 1505 795 Jesum
1516 774 1531 793 a
1544 767 1649 801 virgine
1661 774 1712 794 non

931 813 1014 841 fuisse
1033 820 1048 840 e
1062 812 1179 848 Josepho
1193 816 1365 847 conceptum,
1383 812 1456 840 fraus
1473 816 1534 840 erat
1549 812 1583 838 iis
1598 812 1645 845 qui
1661 811 1711 845 tig-

930 862 1021 885 menta
1036 858 1131 885 audire
1146 862 1173 884 et
1187 864 1336 892 coarguere
1348 861 1458 890 norunt,
1472 857 1629 891 conspicua.
1645 856 1710 882 Nam

90 901 201 936 ψεῦδος.
218 900 293 936 Ἀρα
307 901 360 938 γὰρ
376 902 494 937 εὔλογον,
509 904 553 930 τὸν
564 904 682 931 τοσαῦτα
699 905 768 941 ὑπὲρ
780 905 817 932 τοΞ

983 903 1065 929 modo
1080 902 1220 936 probabile
1243 908 1303 935 est,
1316 910 1376 930 eum
1392 903 1439 937 qui
1467 907 1541 929 tanta
1561 902 1710 935 susceperit

89 954 157 976 νους
171 945 226 972 τῶν
251 946 401 982 ἀνθρώπων
421 947 604 983 τολμήσαντα,
631 949 682 981 ἵνα,
705 949 736 975 τὸ
755 950 816 976 ὅσον
835 951 878 976 ἐπ’

88 991 177 1026 αὐτῷ,
192 992 291 1024 πάντες
309 993 437 1028 Ἕλληνες
459 995 505 1020 καὶ
529 994 671 1030 βάρϐαροι,
692 995 783 1031 κρίσιν
805 996 878 1023 θείαν

88 1038 337 1073 προσδοκήσαντες,
355 1039 493 1066 ἀποστῶσι
510 1040 558 1075 μὲν
571 1041 620 1075 τῆς
630 1041 739 1073 κακίας,
753 1042 840 1068 πάντα
851 1042 878 1069 δὲ

87 1083 248 1118 πράττωσιν
264 1084 434 1119 ἀρεσκόντως
446 1084 485 1117 τῷ
498 1085 552 1111 τῶν
565 1086 632 1112 ὅλων
646 1087 813 1123 δημιουργῷ,
827 1096 879 1114 πα-

87 1128 202 1163 ράδοξον
227 1129 276 1164 μὲν
301 1129 337 1165 μὴ
354 1131 499 1165 ἐσχηκέναι
521 1131 627 1165 γένεσιν
647 1131 712 1167 (61),
733 1133 827 1159 πασῶν
849 1133 876 1159 δὲ

85 1173 225 1207 γενέσεων
242 1175 476 1210 παρανομωτάτην
489 1176 535 1202 καὶ
544 1177 700 1211 αὶσχίστην;
719 1176 789 1211 Ἐρῶ
799 1177 826 1203 δὲ
839 1178 876 1210 ὡς

85 1217 160 1252 πρὸς
173 1217 316 1254 Ἕλληνας,
331 1219 377 1245 καὶ
393 1219 509 1254 μάλιστα
520 1220 632 1253 Κέλσον,
649 1221 702 1247 εἴτε
717 1222 874 1257 φρονοῦντα,

83 1263 144 1293 εἴτε
163 1263 210 1299 μὴ,
233 1264 303 1300 πλὴν
320 1265 536 1300 παρατιθέμενον
554 1266 588 1292 τὰ
602 1266 756 1298 Πλάτωνος·
777 1266 850 1302 7Aput
861 1269 876 1294 ό

84 1307 279 1342 καταπέμπων
295 1309 382 1344 ψυχὰς
402 1311 440 1341 εις
453 1310 602 1345 ἀνθρώπων
614 1310 737 1346 σώματα,
754 1312 799 1338 τὸν
812 1321 872 1339 τοσ-

83 1351 159 1377 αῦτα
179 1352 357 1388 τολμήσοντα,
382 1354 429 1380 καὶ
442 1354 584 1386 τοσούτους
594 1354 741 1386 διδάξοντα,
759 1356 806 1382 καὶ
821 1356 874 1382 ἀπὸ

81 1397 136 1432 τῆς
147 1396 253 1431 χύσεως
267 1398 317 1432 τῆς
330 1398 401 1425 κατὰ
417 1400 466 1434 τὴν
477 1400 576 1426 κακίαν
593 1401 795 1436 μεταστήσοντα
807 1401 872 1428 πολ-

80 1441 150 1472 λοὺς
163 1441 326 1477 ἀνθρώπων,
343 1444 390 1470 ἐπὶ
401 1444 449 1479 τὴν
467 1444 560 1471 πασῶν
573 1445 751 1480 αἰσχροτέραν
768 1446 873 1480 γένεσιν

78 1485 162 1518 ὤθει,
182 1487 248 1522 μηδὲ
262 1488 305 1514 διὰ
319 1488 415 1524 γάμων
432 1489 551 1525 γνησίων
570 1490 650 1516 αὺτὸν
665 1491 819 1524 εἰσαγαγὼν
833 1492 873 1523 εις

78 1532 130 1559 τὸν
150 1531 205 1559 τῶν
226 1533 376 1568 ἀνθρώπων
400 1535 473 1569 βίον;
500 1535 516 1570 ἦ
536 1535 727 1571 εὐλογώτερον,
754 1537 872 1572 ἑκάστην

76 1576 173 1612 ψυχὴν
185 1578 256 1604 κατά
266 1587 341 1610 τινας
357 1579 526 1615 ἀπορρήτους
540 1580 634 1614 λόγους
647 1580 735 1615 (λέγω
745 1581 772 1607 δὲ
785 1581 869 1608 ταῦτα

76 1622 131 1649 νῦν
155 1622 227 1649 κατὰ
245 1623 406 1660 Πυθαγόραν
418 1625 490 1660 (62),
515 1626 562 1652 καὶ
578 1625 707 1653 Πλάτωνα
725 1626 780 1662 (6'5)
792 1646 799 1659 ,
823 1627 870 1655 καὶ

75 1710 241 1748 plurimos?
265 1711 297 1738 6°
314 1711 455 1748 Quomodo
479 1711 542 1740 Jesu
560 1712 692 1740 Nazareni
711 1714 867 1748 populares,

76 1746 128 1780 qni
147 1746 271 1772 omnium
291 1747 393 1780 optime
414 1747 471 1780 ejus
485 1752 613 1780 parentes
637 1746 807 1780 noscebant,
824 1746 867 1776 fai-

75 1780 164 1818 hrum
180 1780 252 1808 hunc
266 1779 377 1818 Iosephi
394 1779 463 1808 fabri
477 1787 505 1808 et
521 1782 616 1818 Mariae
627 1783 710 1809 lilium
727 1779 865 1818 dixerunt,

76 1813 244 1850 fratresque
258 1816 317 1850 ejus
331 1813 365 1843 ac
383 1823 496 1843 sorores
515 1817 585 1850 apud
609 1825 638 1844 se
659 1824 770 1843 manere
791 1813 866 1845 asse;

74 1854 200 1876 ruerunt
218 1849 296 1877 Joan.
313 1858 338 1877 vr
352 1870 360 1882 ,
376 1850 411 1877 42
423 1871 430 1883 ,
451 1856 479 1878 et
494 1859 513 1883 ι,
529 1849 580 1878 αἰῧῖ
597 1852 627 1878 7³
649 1851 789 1884 Quomodo
808 1853 867 1884 {duo

73 1884 148 1910 caeci
177 1884 377 1919 iniEvangelio
404 1886 556 1918 memorati,
579 1885 733 1913 Chananasa
756 1887 864 1919 mulier,

75 1918 493 1954 populus,Hierosolymitanus,
511 1920 650 1947 hominem
674 1928 706 1948 ex
732 1918 866 1948 adulterio

72 1953 310 1989 naturn,Davidis
326 1953 472 1981 tiliuntalla
486 1962 553 1982 voce
566 1955 790 1989 appellurunt?8°
800 1956 866 1989 Quis

73 1987 131 2023 sibi
150 1988 503 2023 persuadeatevangelistas
515 1995 541 2016 et
557 1987 704 2023 apostolos,
723 1990 748 2016 in
764 1998 792 2016 re
810 1987 867 2016 ina-

73 2021 185 2048 nil‘esta
201 2027 228 2049 et
246 2023 352 2056 publice
367 2021 441 2056 nota,
455 2031 535 2051 ausos
551 2021 612 2051 esse
630 2025 865 2057 impudentissime

73 2057 206 2093 mentiri,
216 2064 248 2084 ac
259 2058 412 2093 viventibus
422 2059 569 2085 etiamnum
581 2059 732 2093 pervulgati
743 2059 865 2086 criminis

73 2091 204 2127 testibus
220 2092 369 2126 virgineum
384 2092 446 2120 .lesu
472 2091 605 2120 Nazareni
625 2091 784 2127 conceptum
800 2101 864 2127 pro—

71 2127 147 2159 prite
171 2125 251 2154 fama:
266 2125 411 2161 dispendio
428 2128 615 2159 comminisci,
639 2133 666 2155 ct
686 2125 718 2154 ad
738 2125 863 2155 Davi'dem

69 2161 182 2197 spuria:
195 2161 297 2189 sobolis
314 2169 398 2196 genus
417 2162 540 2197 referre?
552 2162 580 2189 9"
595 2163 670 2189 Adeo
685 2170 737 2190 non
754 2163 864 2197 spurius

70 2195 194 2223 habitus
209 2202 250 2223 est
264 2195 448 2230 suo’tempore
463 2196 543 2224 Jesus
563 2197 716 2224 Nazarenus
728 2218 735 2230 ,
754 2195 815 2223 eum
832 2202 861 2224 ut

69 2234 176 2266 contra
189 2230 297 2266 virgine
308 2237 467 2266 prognatum
479 2236 544 2258 tetas
559 2239 606 2258 sua
618 2232 774 2259 crediderit.
794 2231 861 2258 llinc

71 2265 176 2301 Sitne"
186 2265 291 2300 Magus,
306 2265 368 2292 Jesu
382 2267 492 2297 simius,
506 2267 604 2300 quippe
616 2267 661 2301 qui
674 2266 752 2293 Jesns
767 2267 860 2293 haberi

71 2299 180 2332 voluit,
202 2299 310 2327 ut’eum
329 2301 355 2327 itt
372 2302 498 2328 omnibus
511 2299 644 2333 relerrct',
664 2302 697 2327 de
712 2301 816 2335 virgine
832 2309 861 2329 se

68 2339 174 2370 natum
192 2336 366 2368 praedicabat.
386 2336 455 2363 Vide
473 2335 622 2362 Clementis
648 2336 860 2370 Recoguiliones,

68 2369 121 2395 lib.
140 2376 174 2401 tl,
192 2377 252 2403 cap.
273 2369 288 2395 7
303 2374 330 2396 et
347 2370 392 2398 M.
408 2371 539 2397 Eamdetn
555 2370 589 2397 ob
607 2369 725 2397 causam
740 2371 860 2397 Minerva

70 2404 188 2438 virgine
205 2408 296 2430 natuui
311 2412 340 2430 se
358 2405 539 2432 Domitianum
557 2407 725 2437 asscruisse,
750 2405 861 2438 conjicil

70 2437 206 2474 llnetins.
237 2440 328 2473 Atque
358 2439 427 2467 hanc
447 2440 532 2465 fuisse
558 2441 742 2474 pervulgatam
762 2437 861 2474 ubique

69 2474 147 2509 apud
161 2473 433 2509 Judteosropinionern
443 2475 538 2509 probat
550 2473 662 2502 historia
673 2482 753 2508 qualn
765 2482 796 2501 ex
811 2473 862 2502 trra-

67 2508 182 2543 drtione
195 2508 280 2535 veteri
290 2509 323 2534 ad
336 2515 383 2535 sua
393 2514 565 2543 propagat-am
579 2514 698 2543 tempora
711 2514 860 2536 memorant

65 2541 210 2575 Origenes
228 2547 307 2569 tract.
323 2543 358 2570 26
370 2541 398 2571 in
412 2541 506 2570 Matth.
524 2549 550 2570 et
569 2541 682 2571 Basilius
697 2543 736 2570 De
744 2543 860 2571 humana

65 2576 179 2603 Cltrirti
208 2579 393 2612 generatione,
411 2579 515 2606 scilicet
542 2579 702 2606 Zachariam
732 2586 746 2604 a
763 2578 861 2606 Judteis

65 2613 200 2640 occisum
219 2613 290 2646 quod
318 2614 517 2641 intercessisset
535 2622 567 2640 ne
586 2623 599 2640 a
623 2614 714 2648 templi
737 2613 797 2640 loco
814 2614 859 2647 qui

66 2647 139 2674 satis
156 2648 270 2681 patebat
284 2648 435 2682 virginibus
449 2648 533 2675 Maria
550 2649 612 2677 Jesu
639 2647 726 2676 mater
750 2655 860 2675 arcere-

66 2686 127 2718 tur.
146 2682 219 2718 Qute
229 2682 341 2716 quidem
359 2683 481 2715 historia,
497 2689 566 2711 utet
587 2684 631 2711 illa
657 2691 739 2718 quatit
761 2682 859 2710 Suidas

66 2716 94 2742 in
121 2717 257 2751 Ἰησοῦς,
272 2718 418 2753 evetustis,
435 2723 460 2745 ut
477 2719 534 2753 ipse
552 2719 600 2750 ait,
616 2716 768 2746 Jutlieorum
785 2725 860 2745 corn--

66 2753 220 2789 nientariis
240 2752 323 2789 rci'ert
337 2753 396 2788 (etsi
415 2752 545 2787 pramare
562 2760 687 2781 neutram
710 2753 800 2789 velim)
814 2760 860 2779 ea-

66 2792 151 2813 tenus
165 2787 265 2814 saltem
282 2787 354 2814 valet
370 2793 399 2815 ut
419 2789 545 2815 ostendat
562 2789 675 2815 Mariam
699 2788 750 2815 etsi
776 2787 858 2821 puer-

64 2827 186 2858 perant,
199 2829 254 2849 non
269 2823 358 2849 minus
382 2823 514 2858 virginem
544 2824 638 2858 primis
663 2824 781 2851 habitam
801 2831 860 2851 esse

64 2857 254 2892 temporibus.

931 955 978 983 pro
996 948 1114 975 humano
1128 956 1237 982 genere,
1251 949 1410 982 dederitque
1425 953 1557 983 quantum
1570 948 1596 975 in
1609 954 1639 975 se
1652 952 1711 974 erat

934 1000 1057 1027 operam,
1073 999 1102 1020 ut
1120 1000 1214 1020 omnes
1236 992 1321 1021 Graeci
1337 993 1439 1027 pariter
1453 997 1481 1021 et
1502 993 1611 1020 barbari
1638 997 1710 1020 metu

925 1037 1023 1071 judicii
1037 1038 1121 1066 divini
1137 1039 1301 1066 absisterent
1315 1046 1330 1065 a
1343 1040 1425 1071 vitiis,
1442 1043 1470 1066 et
1484 1038 1511 1065 in
1525 1038 1651 1066 omnibus
1668 1045 1710 1065 re-

929 1090 987 1109 rum
1000 1083 1120 1110 omnium
1137 1083 1272 1110 conditori
1288 1083 1393 1118 placere
1412 1083 1571 1116 studerent,
1584 1090 1638 1110 non
1658 1083 1709 1110 mi-

928 1128 1041 1154 randam
1056 1127 1182 1155 habuisse
1198 1127 1381 1159 nativitatem,
1397 1127 1445 1154 sed
1459 1127 1580 1154 omnium
1599 1127 1710 1161 nequis-

929 1173 1024 1200 simam
1051 1181 1084 1200 ac
1108 1173 1308 1208 turpissimam?
1331 1173 1476 1208 Interrogo
1500 1173 1613 1200 Graecos
1627 1178 1655 1200 et
1681 1173 1708 1199 in

927 1218 1022 1253 primis
1036 1218 1156 1251 Celsum,
1181 1219 1227 1253 qui
1255 1223 1301 1245 aut
1330 1226 1391 1245 cum
1410 1218 1524 1246 Platone
1540 1218 1634 1250 sentit,
1661 1223 1709 1244 aut

926 1263 1022 1291 saltem
1039 1264 1177 1290 Platonica
1198 1264 1308 1291 adducit
1325 1273 1331 1290 :
1346 1264 1396 1298 Qui
1429 1265 1535 1291 animas
1565 1263 1706 1290 hominum

927 1309 1047 1336 immittit
1076 1310 1103 1336 in
1130 1316 1257 1343 corpora,
1285 1310 1308 1336 is
1326 1310 1482 1344 turpissimo
1508 1310 1630 1337 omnium
1645 1311 1705 1335 ortu

926 1360 959 1380 ac
988 1361 1022 1381 ne
1046 1361 1096 1388 per
1123 1354 1259 1389 legitimas
1283 1354 1391 1389 quidem
1421 1355 1530 1390 nuptias
1561 1354 1588 1381 in
1620 1354 1704 1381 vitam

924 1399 1062 1427 hominum
1076 1399 1344 1435 induxeriteum,qui
1364 1405 1439 1428 tanta
1457 1407 1647 1435 aggressurus,
1665 1404 1706 1427 tot

924 1444 1091 1476 eruditurus,
1107 1448 1161 1471 tam
1177 1444 1276 1472 multos
1293 1445 1416 1473 homines
1432 1453 1447 1472 a
1465 1445 1595 1472 vitiorum
1614 1443 1706 1479 prolu-

924 1489 966 1516 vie
982 1494 1156 1517 revocaturus
1169 1490 1246 1517 erat?
1264 1492 1361 1517 Annon
1381 1490 1465 1517 multo
1485 1490 1563 1525 351
1583 1490 1706 1524 probabi-

923 1533 1034 1562 lius’est
1050 1534 1168 1561 animam
1183 1535 1297 1563 occultis
1313 1535 1475 1570 quibusdant
1488 1535 1638 1562 rationibus
1652 1535 1704 1570 (lo-

922 1586 991 1614 quor
1011 1587 1082 1607 nunc
1096 1579 1171 1613 juxta
1192 1579 1383 1615 Pythagoram,
1401 1580 1552 1614 Platonem,
1569 1581 1704 1615 Empedo-

920 1625 1000 1659 clem,
1010 1632 1078 1660 quos
1087 1632 1157 1660 saepe
1168 1626 1269 1654 Celsus
1277 1627 1435 1662 nominavit)
1461 1627 1595 1654 addictam
1605 1634 1704 1662 corpo-

958 1714 1013 1750 (59)
1032 1714 1087 1742 Kal
1098 1714 1151 1741 τοῦ
1163 1715 1312 1750 Πανθήρα.
1330 1715 1393 1742 Haec
1406 1715 1486 1742 etiam
1502 1714 1588 1742 deleta
1601 1719 1665 1742 sunt
1677 1716 1703 1743 in

919 1750 1005 1777 veteri
1025 1750 1155 1777 Vaticano
1167 1769 1175 1781 ,
1199 1754 1226 1776 et
1246 1752 1343 1777 desunt
1359 1750 1386 1776 in
1402 1750 1505 1776 recenti
1519 1769 1526 1781 ,
1550 1757 1655 1777 necnon
1671 1750 1697 1777 in

920 1784 1069 1819 Anglicano
1086 1785 1190 1819 primo;
1210 1785 1264 1810 imo
1278 1784 1311 1811 ad
1329 1784 1480 1818 marginem
1495 1784 1637 1819 Anglicani
1652 1791 1699 1812 se-

919 1819 998 1845 cundi
1015 1824 1043 1845 et
1060 1818 1131 1844 tertii
1147 1818 1269 1851 apposita
1284 1823 1346 1844 nota
1361 1823 1452 1845 monet
1465 1824 1525 1844 esse
1541 1818 1665 1845 delenda.

953 1852 1009 1888 (60)
1023 1852 1099 1888 Libb.
1114 1852 1231 1888 editi_ad
1249 1854 1411 1886 marginem,
1423 1853 1566 1888 γεννήσει.

953 1886 1010 1921 (61)
1024 1886 1160 1913 Γένεσιν.
1183 1886 1221 1913 ita
1250 1892 1324 1914 recte
1347 1891 1401 1914 tres
1416 1887 1571 1920 Anglicani,
1586 1886 1700 1921 Regius,

916 1920 1080 1949 BaSileettsis
1100 1927 1128 1947 et
1150 1921 1282 1948 Julianus.
1299 1920 1351 1947 Alii
1374 1928 1434 1947 cum
1448 1921 1543 1953 editis,
1559 1920 1700 1955 γέννησιν.

917 1956 1000 1983 Paulo
1026 1960 1087 1990 post
1106 1955 1207 1990 Regius
1224 1960 1251 1982 et
1274 1955 1452 1988 Basileensis,
1472 1956 1486 1981 ὁ
1512 1956 1702 1990 καταπέμπων

917 1991 1014 2026 ψυχάς.
1034 1991 1085 2017 Alii
1099 1998 1159 2016 Clllll
1175 1990 1298 2030 editisté
1313 1989 1500 2029 καταπέμπων
1513 1989 1613 2051 bulam

952 2025 1006 2051 (62)
1027 2025 1212 2051 Πυθαγόραν.
1245 2025 1312 2051 Vide
1339 2025 1528 2051 adnotattones
1554 2032 1569 2051 a

952 2025 1212 2086 (62)2{1v0a~rdpar.
1245 2025 1312 2052 Vide
1339 2025 1528 2052 adnotatioues
1554 2025 1588 2051 ad
1613 2025 1661 2053 lib.
1685 2033 1702 2053 v

954 2068 988 2086 Ill.
1046 2079 1053 2086 .

915 2067 988 2086 num.
1009 2061 1053 2087 2|.

951 2094 1008 2129 (65)
1028 2094 1202 2121 Πλάτωνα.”
1222 2092 1317 2129 VPlato,
1336 2093 1405 2129 libro
1426 2093 1464 2120 De
1488 2093 1576 2129 animo
1596 2095 1700 2128 mundi,

915 2135 977 2164 pag.
990 2130 1041 2156 104
1054 2138 1060 2156 :
1079 2129 1206 2162 Λέγοιντο
1219 2128 1240 2154 δ’
1249 2128 1404 2162 ἀναγκαίως
1414 2129 1460 2164 καὶ
1474 2128 1700 2164 τιμωρίαιξέναι,

915 2136 977 2164 pag.
990 2136 1041 2156 tua
1054 2138 1060 2156 :
1079 2136 1206 2162 Λεγοιντο
1219 2136 1240 2154 ον
1249 2136 1404 2162 αναγκαιως
1414 2136 1460 2154 και
1474 2136 1604 2188 τιμωὲιαι
1616 2136 1700 2162 cavat,

913 2163 951 2195 ὡς
974 2163 1187 2199 μετενδυομὲναν
1210 2163 1260 2199 τᾶν
1283 2164 1381 2199 ψυχᾱν,
1405 2162 1466 2199 τῷν
1480 2163 1531 2199 μὲν
1562 2163 1640 2199 ειλῶν
1660 2165 1701 2196 εἰς

915 2197 1045 2232 γυναικέα
1069 2197 1186 2229 σκᾶνεα,
1214 2198 1272 2224 ποθ’
1299 2197 1376 2232 ὕϐριν
1400 2197 1574 2232 ἑκδιδόμενα,
1597 2198 1650 2224 τῶν
1673 2199 1701 2225 δὲ

938 2234 1073 2268 ιαιφόνων,
1084 2234 1112 2263 ἐς
1125 2232 1225 2268 θηρίων
1237 2231 1359 2267 σώματα,
1374 2232 1435 2268 ποτ).
1451 2232 1579 2268 κόλασινῄ
1595 2232 1701 2267 λάγνων

928 2269 940 2294 ὲ
953 2267 987 2300 ἐς
998 2268 1068 2294 συῶν
1083 2268 1100 2302 ἢ
1117 2267 1229 2302 κάπρων
1243 2268 1365 2302 μορφάς·
1382 2267 1490 2301 κούφων
1502 2267 1530 2293 δὲ
1539 2267 1586 2293 καὶ
1600 2268 1702 2302 μετεώ-

913 2276 940 2294 οε
953 2276 981 2300 ες
998 2276 1068 2294 συων
1083 2276 1100 2302 η
1117 2276 1365 2328 καπρωέαξιορφας·
1382 2276 1490 2301 κουφων
1502 2276 1530 2293 οε
1539 2276 1586 2293 και
1600 2277 1698 2302 μετεω-

913 2312 967 2339 ρων
975 2304 1010 2339 λὲς
1028 2301 1212 2339 πτηνῶν-ἀερο
1230 2338 1233 2339 ν
1252 2310 1319 2337 ρων·
1337 2301 1429 2339 ἀργῶν
1441 2302 1532 2339 δὲκαὶἶ
1540 2303 1698 2339 ἀπράκτων,

913 2336 1025 2373 ἀμαθῶν
1047 2336 1080 2364 τε
1106 2337 1153 2363 καὶ
1174 2336 1311 2373 ἀνοήτων,
1340 2336 1368 2368 ἐς
1396 2338 1447 2364 τᾶν.
1474 2336 1591 2373 ἐνύδρων
1616 2337 1698 2364 ἰδέαν.

916 2382 925 2399 t
939 2373 994 2399 llac
1014 2372 1094 2406 igitur
1109 2373 1142 2398 de
1156 2379 1237 2398 causa
1252 2372 1303 2398 hoc
1318 2373 1495 2402 concedatur,
1511 2372 1584 2404 quod
1605 2379 1700 2399 neces-

913 2407 985 2434 sario
1000 2405 1251 2434 commemorentur
1277 2406 1419 2440 peregrina
1442 2405 1593 2440 supplicia,
1619 2408 1698 2440 quasi

913 2443 1010 2468 anima:
1026 2441 1204 2475 commigrent
1217 2441 1288 2467 ultro
1298 2441 1422 2474 citroque
1433 2441 1460 2475 in
1474 2440 1548 2466 varia
1563 2447 1677 2475 corpora
1690 2450 1697 2474 ;

913 2476 1071 2510 ignavorum
1089 2474 1196 2508 quidem
1207 2495 1214 2507 ,
1228 2475 1254 2501 in
1269 2482 1383 2510 corpora
1397 2474 1540 2510 muliebria
1551 2493 1558 2505 ,
1575 2477 1698 2509 corpori-

912 2508 962 2537 b‘us
980 2510 1087 2537 tributis
1108 2510 1141 2536 ad
1157 2509 1357 2545 ignominiam;
1377 2508 1598 2545 homicidarum,
1613 2508 1639 2545 in
1659 2510 1699 2537 fe-

913 2553 1003 2572 rarum
1020 2551 1134 2578 corpora
1150 2541 1184 2571 ad
1197 2551 1304 2578 poenam
1321 2549 1349 2570 et
1367 2543 1527 2577 supplicium
1541 2550 1554 2578 ;A
1572 2541 1698 2572 libidino-

912 2587 1021 2612 sorum,
1047 2576 1077 2606 in
1101 2587 1179 2605 suum
1195 2576 1237 2605 vel
1258 2586 1384 2613 aprorum
1400 2576 1523 2613 fortnas;
1548 2576 1649 2613 levium
1671 2584 1698 2606 et

912 2611 1117 2641 temerariorum
1152 2611 1308 2644 hominum,
1343 2613 1368 2639 in
1404 2612 1509 2647 species
1550 2611 1696 2639 volantium

912 2650 1090 2677 animantium
1103 2656 1163 2682 quae
1177 2650 1203 2674 in
1232 2655 1294 2674 aere
1315 2648 1402 2674 solent
1428 2648 1546 2678 versari;
1574 2648 1696 2682 segnium

912 2685 1044 2718 denique,
1060 2683 1228 2715 otiosorum,
1244 2683 1430 2718 imperitorum
1441 2703 1448 2714 ,
1465 2683 1624 2710 stolidorum
1636 2703 1643 2714 ,
1660 2683 1695 2718 Vin

911 2717 1070 2753 aquatilium
1098 2718 1247 2753 speciem.)
1272 2717 1304 2743 Et
1328 2717 1361 2753 in
1381 2717 1530 2753 Phazgone,
1556 2724 1616 2753 pag.
1637 2717 1694 2744 70:

911 2749 1028 2785 Παλαιὸς
1047 2753 1096 2788 μὲν
1112 2749 1157 2779 οὖν
1174 2752 1287 2788 ὲστίγτις
1303 2752 1318 2777 ὁ
1334 2751 1411 2788 λογος
1432 2749 1508 2784 οὗτος
1519 2772 1525 2784 ,
1543 2752 1573 2781 οὗ
1592 2753 1689 2788 μεμνή-

913 2789 998 2824 μεθα,
1017 2786 1053 2820 ὥς
1070 2789 1137 2814 εἰσιν
1154 2787 1258 2824 ἐνθένδε
1274 2786 1438 2824 ἀφικόμεναι
1454 2788 1527 2820 ἐκεῖ,
1550 2786 1597 2816 καῖ
1616 2786 1696 2814 πάλὶν

911 2821 942 2857 γε
965 2823 1043 2859 δεῦρο
1067 2823 1257 2859 ἀφικνοῦνται,
1286 2821 1332 2848 καὶ
1354 2821 1492 2859 γίγνονται
1520 2824 1552 2851 ὲκ
1574 2823 1627 2850 τῶν
1653 2832 1697 2850 τε-

912 2857 1044 2892 Θνεώτών,
1068 2857 1121 2886 etc.
1145 2867 1154 2885 ι
1177 2858 1314 2893 Antiquus
1331 2857 1441 2892 quidem
1461 2862 1503 2886 est
1525 2860 1569 2886 hic
1593 2866 1694 2892 sertae,
