1843 3076
93 166 144 193 725

697 163 836 191 CONTRA
852 163 989 192 CELSUM
1006 164 1070 192 LlB.
1089 165 1110 192 l.

1659 164 1709 191 7:!6

87 222 118 249 δὲ
147 221 322 257 σωφροσύνης
351 220 397 247 καὶ
424 220 593 255 δικαιοσύνης
622 221 669 247 καὶ
694 221 747 247 τῶν
777 221 874 247 λοιπῶν

962 222 1040 254 ntize,
1073 221 1186 256 iustitia:
1215 226 1426 256 ceterarumque
1449 221 1578 248 virtutum
1604 221 1708 249 doctor.

88 267 205 303 ἀρετῶν.

131 312 211 343 Ἀλλ’,
232 312 270 344 ὼς
286 311 331 338 καὶ
355 311 493 346 προφῆται
512 312 650 346 προεῖπον,
673 311 726 337 ἀπὸ
742 310 875 346 παρθένου

87 358 149 385 κατ’
163 357 327 391 ἐπαγγελίαν
340 356 452 391 σημείου
469 356 606 390 γεννώσης
621 356 665 383 τὸν
677 356 819 391 ἐπώνυμον
828 355 875 382 τοῦ

87 404 252 440 πράγματος
261 422 269 435 ,
282 402 435 437 δηλοῦντος,
449 402 489 428 ὅτι
503 402 549 428 ἐπὶ
559 403 592 437 τῇ
606 402 711 436 γενέσει
721 401 803 429 αὑτοῦ
819 402 876 436 μετ’

85 448 239 485 ἀνθρώπων
257 447 332 473 ἔσται
352 447 427 478 Θεός.
454 447 510 473 Καὶ
526 447 623 473 οἰκεῖόν
639 456 670 481 γε
690 447 814 482 φαίνεταί
832 455 876 482 μοι

87 494 157 528 πρὸς
165 492 213 528 τὴν
224 491 272 518 τοῦ
287 492 412 519 Ἰουδαίου
423 493 642 528 προσωποποιίαν
651 492 819 527 παραθέσθαι
828 493 877 527 τὴν

86 539 136 564 τοῦ
157 538 269 564 Ἡσαΐου
286 537 469 573 προφητείαν,
490 538 619 571 λέγουσαν
635 538 667 563 ἐκ
684 537 818 572 παρθένου
835 546 878 564 τε-

86 583 236 619 χθήσεσθαι
251 583 296 610 τὸν
319 583 494 618 Ἐμμανουήλ
505 590 511 596 ·
529 583 561 618 ἣν
575 583 624 609 οὐκ
638 582 753 615 ἐξέθετο,
769 582 824 608 εἴτε
840 583 877 618 μὴ

87 628 271 663 ἐπιστάμενος
282 647 288 660 ,
302 629 316 654 ὁ
327 628 404 654 πάντ’
415 627 647 662 ἐπαγγελλόμενος
656 627 752 653 εἰδέναι
763 627 875 660 Κέλσος,

87 674 139 700 εἴτ’
155 673 289 706 ἀναγνοὺς
307 672 367 707 μὲν,
380 672 449 698 ἑκὼν
459 673 486 698 δὲ
500 673 654 707 σιωπήσας,
672 673 715 699 ἴνα
735 673 771 708 μὴ
787 673 877 708 δοκοίη

87 718 305 750 κατασκευάζειν
328 717 401 744 ἄκων
417 717 461 744 τὸν
476 717 553 752 λόγον
575 718 778 752 ἐναντιούμενον
794 718 876 744 αὑτοῦ

86 765 122 799 τῇ
135 763 302 800 προαιρέσει.
314 763 389 798 Ἔχει
404 763 426 789 δ’
437 762 522 794 οὕτως
536 765 552 798 ἡ
563 763 634 796 λέξις
644 772 650 778 -
675 772 683 788 ι
702 764 757 789 Καὶ
776 763 876 799 προσέ-

87 809 151 835 θετο
166 809 268 844 Κύριος
288 807 401 843 λαλῆσαι
415 807 453 843 τῷ
480 808 562 843 ’Λχὰξ
584 808 670 842 λέγων
683 818 689 823 ·
704 809 817 844 Αἴτησαι
834 817 877 834 σε-

87 853 165 888 αυτῷ
193 854 305 888 σημεῖον
320 853 396 886 παρὰ
414 853 516 887 Κυρίου
534 852 600 879 Θεοῦ
619 862 665 878 σου
683 854 722 884 είς
739 852 819 887 βάθος
831 873 838 884 ,
859 853 874 887 ἢ

85 898 130 930 εἰς
145 897 221 932 ὕψος.
241 898 297 924 Καὶ
319 895 395 924 εἶπεν
418 897 516 931 Ἀχάςθ
534 898 569 924 Οὐ
586 897 623 933 μὴ
639 898 753 932 αἰτήσω,
769 897 830 924 οὐδ’
846 898 875 924 οὺ

88 943 129 978 μὴ
145 943 269 978 πειράσω
285 941 330 968 τὸν
346 942 458 977 Κύριον.
479 943 534 968 Καὶ
549 941 624 968 εἶπεν
635 941 690 976 (71)
701 950 707 956 ·
731 941 876 968 Ἀκούσατε

87 988 121 1023 δὴ
148 985 222 1018 οἶκος
250 985 347 1013 Δαυῖδ·
379 986 418 1022 μὴ
435 986 531 1021 μικρὸν
553 986 617 1021 ὑμῖν
633 987 726 1020 ἀγῶνα
749 987 877 1021 παρέχειν

86 1031 260 1068 ἀνθρώποις,
282 1031 329 1058 καὶ
356 1031 414 1062 πῶς
434 1031 528 1066 Κυρίῳ
543 1031 674 1065 παρέχετε
689 1032 781 1065 ἀγῶνα
795 1040 801 1063 ;
829 1032 878 1058 Διὰ

85 1076 168 1104 τοῦτο
190 1076 270 1103 δώσει
296 1076 397 1111 Κύριος
422 1076 502 1107 αὐτὸς
533 1076 597 1110 ὑμῖν
622 1077 749 1111 σημεῖον·
779 1076 876 1111 Ἰδοὺὴ

87 1121 228 1157 Παρθένος
242 1122 270 1148 ὲν
290 1121 388 1155 γαστρὶ
404 1121 534 1156 λήψεται,
553 1121 600 1147 καὶ
620 1121 723 1154 τέξεται
743 1121 810 1153 υῑδν,
829 1121 876 1147 καὶ

89 1167 218 1198 καλέσεις
235 1167 264 1194 τὸ
279 1168 363 1202 ὄνομα
385 1166 465 1193 αὐτοῦ
497 1166 668 1202 Ἐμμανουὴλ
680 1187 688 1200 ,
709 1167 775 1202 ὅπερ
794 1168 878 1202 ἑρμη-

86 1213 196 1239 νεύεται
213 1213 284 1240 Μεθ’
301 1211 386 1246 ἡμῶν
401 1213 417 1238 ό
428 1212 509 1244 Θεός.
531 1220 540 1238 ι
560 1213 619 1239 Ὅτι
631 1212 659 1238 δὲ
681 1212 842 1248 κακουργῶν
863 1214 877 1239 ὁ

86 1257 194 1289 Κέλσος
203 1257 253 1284 οὐκ
262 1256 368 1289 ἐξέθετο
378 1256 427 1292 τὴν
440 1257 617 1292 προφητείαν,
631 1257 708 1292 δῆλόν
721 1266 764 1292 μοι
774 1258 877 1291 γίνεται

86 1304 122 1329 ὲκ
147 1302 208 1333 τοῦ,
223 1302 412 1337 παραθέμενον
439 1303 519 1329 αὑτὸν
545 1302 628 1329 πολλὰ
653 1302 706 1328 ἀπὸ
732 1303 778 1329 τοῦ
807 1303 876 1330 κατὰ

85 1345 230 1373 Ματθαὼν
242 1346 418 1380 Εὑαγγελίου,
428 1346 521 1382 ὥσπερ
533 1347 578 1373 τὸν
590 1347 765 1374 ἀνατείλαντα
776 1348 877 1383 ἀστέρα

86 1391 136 1418 ἐπὶ
152 1393 185 1426 τῇ
199 1392 305 1427 γενέσει
318 1392 366 1418 τοῦ
387 1392 473 1428 Ἰησοῦ
486 1391 541 1427 (72)
551 1411 559 1424 ,
576 1393 622 1419 καὶ
638 1393 704 1419 ἄλλα
719 1393 774 1420 τῶν
790 1402 877 1429 παρα-

85 1436 188 1468 δόξων,
207 1436 274 1472 μηδὲ
286 1436 333 1472 τὴν
348 1436 433 1472 ἀρχὴν
447 1437 539 1463 τούτου
557 1438 795 1472 ὲμνημονευκέναι.
816 1438 877 1465 Ἐὰν

85 1482 118 1508 δὲ
140 1481 266 1513 Ἰουδαῖος
289 1482 479 1517 εὑρεσιλογῶν,
495 1483 534 1515 τὺ,
555 1492 564 1508 ‹
585 1482 650 1510 Ἰδοὺ
675 1484 690 1518 ἡ
709 1484 849 1520 παρθένος,
865 1494 874 1510 ι

965 312 1010 339 54.
1033 312 1144 343 Verum,
1163 315 1194 338 ut
1209 311 1290 338 etiam
1304 310 1444 344 prophetae
1461 310 1662 344 praedixerunt,
1676 316 1709 336 ex

928 359 1034 392 virgine
1061 358 1124 392 (hoc
1140 357 1211 385 enim
1235 357 1398 391 promissum
1424 356 1530 391 signum
1547 355 1607 390 fuit)
1635 356 1708 382 nasci

929 404 1022 431 debuit
1042 403 1064 430 is
1075 423 1082 436 ,
1099 403 1177 438 cujus
1191 410 1289 430 nomen
1301 409 1362 428 eum
1375 402 1455 429 rebus
1467 402 1549 434 gestis
1564 405 1709 428 consenta-

929 457 1009 476 neum
1031 449 1098 480 luit.
1123 453 1150 475 et
1175 455 1207 475 ex
1227 447 1301 481 cujus
1323 452 1385 474 ortu
1401 447 1537 481 cognitum
1561 452 1602 473 est
1625 446 1708 474 Deum

929 495 988 521 fore
1003 502 1065 522 cum
1081 494 1246 521 hominibus.
1264 493 1302 519 Ac
1314 491 1399 519 Judaei
1413 498 1597 526 prosopoptea:
1609 499 1708 526 oppor-

929 547 994 567 tune
1009 539 1178 574 objeeturutn
1195 546 1238 566 me
1253 538 1373 565 arbitror
1388 537 1464 564 lsaia:
1478 536 1645 567 vaticinium,
1656 543 1710 570 quo

928 585 1137 620 praenuntiatum
1155 589 1197 611 est
1218 582 1377 610 Emmanuel
1403 589 1436 609 ex
1462 581 1565 614 virgine
1592 581 1729 608 nascitu-'

929 638 998 657 runt.
1018 629 1084 656 Illud
1101 637 1154 656 non
1170 628 1264 655 retulit
1277 627 1382 659 Celsus,
1398 627 1454 654 sive
1469 625 1711 658 ncscierit,quamv

928 675 969 701 vis
983 675 1071 701 omnia
1087 681 1116 701 se
1127 674 1198 703 scire
1217 673 1370 708 proﬁtetur,
1385 672 1442 699 sive
1461 672 1550 699 sciens
1564 670 1711 704 volensque

928 719 1140 748 dissimulaverit
1153 739 1161 751 ,
1176 724 1206 745 ut
1221 727 1256 746 ne
1271 718 1435 746 sententiam
1450 724 1499 750 suo
1515 716 1652 751 proposito
1663 716 1711 742 ad-

927 772 1033 792 versam
1058 764 1162 791 invilus
1178 769 1301 792 astruere
1318 763 1466 790 videretur.
1486 761 1531 789 Sic
1548 765 1637 788 autem
1661 761 1711 787 ha-

926 811 974 838 bet
995 819 1002 836 :
1026 810 1082 836 ιΕι
1097 809 1198 844 adjecit
1220 810 1346 836 Dominus
1362 808 1435 842 loqui
1450 808 1484 834 ad
1509 807 1628 834 Acltaz‘:
1648 805 1712 832 Pete

929 856 976 882 tibi
1005 855 1113 890 signum
1141 863 1155 881 ιι
1185 854 1300 882 Domino
1326 853 1381 880 Deo
1408 857 1453 879 tuo
1481 852 1508 878 in
1536 850 1709 885 profundum,

928 901 985 928 sive
1008 901 1035 927 in
1052 901 1201 928 excelsum.
1222 900 1256 927 Et
1275 899 1342 926 dixit
1369 898 1460 925 Acbaz
1483 906 1489 924 :
1506 895 1563 924 Non
1579 901 1667 931 petam
1684 901 1711 923 et

928 954 981 973 non
1001 945 1112 973 teutabo
1126 945 1278 972 Dominum.
1299 944 1330 971 Et
1348 943 1437 970 dixit:
1452 942 1548 969 Audite
1565 948 1643 976 ergo,
1659 942 1709 968 do-

928 999 987 1020 mus
999 992 1082 1019 David
1098 1001 1104 1018 :
1120 991 1239 1025 nunquid
1258 997 1350 1024 parum
1365 989 1440 1017 vobis
1452 993 1494 1016 est
1510 987 1638 1016 molestos
1649 995 1710 1015 esse

927 1036 1093 1069 hominibus,
1109 1035 1172 1070 quia
1188 1035 1293 1062 molesti
1307 1033 1374 1061 estis
1391 1039 1417 1061 et
1433 1034 1488 1061 Deo
1504 1033 1580 1060 meo?
1598 1032 1710 1065 Propter

928 1084 980 1111 hoc
997 1084 1071 1110 dabit
1085 1082 1216 1109 Dominus
1232 1081 1288 1114 ipse
1304 1079 1379 1106 vobis
1401 1079 1517 1114 signum.
1552 1078 1621 1105 Ecce
1636 1077 1710 1112 virgo

928 1129 1074 1163 concipiet,
1087 1132 1114 1155 et
1130 1127 1216 1161 pariet
1229 1126 1321 1156 ﬁlium,
1337 1129 1363 1151 et
1378 1124 1519 1151 vocabitur
1535 1129 1633 1150 nomen
1653 1121 1710 1155 ejus

928 1172 1095 1204 Emmanuel,
1108 1172 1178 1206 quod
1187 1170 1395 1204 interpretatur:
1411 1167 1552 1194 Nobiscum
1567 1167 1635 1194 Deus
1643 1166 1678 1192 θ’.
1690 1175 1699 1192 ι

928 1219 983 1246 Hoc
1006 1222 1096 1245 autem
1113 1215 1271 1244 vaticinium
1291 1222 1305 1241 a
1327 1212 1405 1241 Celso
1421 1212 1504 1241 fuisse
1527 1212 1597 1239 malo
1617 1211 1710 1239 animo

927 1263 1139 1300 praetermissum
1161 1262 1223 1288 hinc
1245 1260 1311 1287 mihi
1335 1259 1507 1294 perspicuum
1531 1261 1590 1289 est,
1615 1257 1708 1292 quod,

928 1310 1050 1344 quamvis
1071 1307 1154 1335 multa
1169 1314 1201 1333 ex
1216 1304 1333 1335 Mattltaci
1361 1303 1506 1339 Evangelio
1517 1323 1523 1335 ,
1539 1307 1569 1329 ut
1585 1307 1710 1330 exortam

928 1356 954 1382 in
972 1355 1034 1382 Jesu
1051 1354 1194 1381 nativitate
1215 1352 1320 1379 stellam
1337 1351 1444 1385 aliaque
1462 1350 1590 1377 miracula
1607 1357 1710 1376 metuo-

928 1400 1044 1432 raverit,
1062 1399 1094 1427 de
1118 1398 1162 1426 illo
1181 1405 1214 1425 ne
1232 1396 1461 1431 verbumquident
1477 1395 1571 1423 faciat.
1593 1395 1670 1428 Quod
1685 1395 1709 1422 si

927 1446 1034 1474 Iudaeus
1056 1444 1089 1472 de
1112 1451 1179 1471 voce
1196 1443 1277 1469 rixari
1303 1441 1375 1468 vo’let
1399 1440 1561 1475 negabitque
1577 1439 1709 1474 scriptum

927 1499 986 1520 esse
1011 1500 1016 1518 :
1054 1499 1063 1516 ι
1086 1490 1154 1516 Ecce
1171 1489 1244 1522 virgo
1270 1496 1277 1514 :
1306 1496 1315 1511 ι
1334 1485 1404 1514 sed:
1425 1495 1433 1512 ι
1456 1485 1525 1512 Ecce
1553 1484 1710 1512 adolescen-

87 1526 128 1561 μὴ
141 1525 296 1561 γεγράφθαι
311 1526 386 1562 λέγῃ,
400 1527 618 1567 ἁλλ’ὰντάὐτοῠ,
633 1538 641 1553 ι
654 1529 719 1555 Ἰδοὺ
730 1531 745 1564 ή
756 1531 874 1561 νεᾶνις-ι

958 1537 998 1568 la;
1018 1545 1028 1561 ι
1047 1535 1165 1562 dicemus
1192 1540 1283 1561 vocem
1308 1532 1412 1562 Aalma,
1443 1538 1523 1564 qualn
1540 1530 1709 1564 septuaginta

85 1571 215 1606 φήσομεν
231 1571 298 1606 πρὸς
316 1572 406 1603 αὐτὸν,
423 1573 463 1598 ὅτι
483 1573 500 1607 ἡ
521 1573 568 1608 μὲν
583 1573 655 1606 λέξις
671 1574 686 1608 ἡ
707 1574 824 1609 Ἀίιλμὰ,
842 1575 875 1609 ἣν

84 1617 112 1643 οι
132 1617 183 1652 μὲν
197 1617 394 1653 Ἐϐδομήκοντα
409 1617 583 1653 μετειλήφασι
591 1619 656 1655 πρὸς
663 1619 710 1654 τὴν
718 1620 874 1653 παρθένον,

84 1663 165 1691 ἄλλοι
188 1663 216 1689 δὲ
231 1664 270 1694 είς
286 1664 334 1698 τὴν
350 1663 463 1696 νεᾶν-ιν,
486 1666 588 1696 κεῖται,
609 1664 646 1696 ὥς
659 1673 723 1698 φασι
737 1665 790 1700 (73)
802 1685 808 1697 ,
830 1667 876 1692 καὶ

84 1709 118 1734 ὲν
135 1707 175 1742 τῷ
191 1708 390 1742 Δευτερονομίῳ
406 1708 451 1734 ἐπὶ
467 1708 628 1742 παρθένου,
657 1709 743 1740 οὕτως
759 1709 872 1744 ἔχουσα·

87 1762 97 1778 ι
118 1751 186 1778 Ἐὰν
197 1752 225 1778 δὲ
234 1752 345 1787 γένηται
357 1754 421 1784 παῖς
437 1753 569 1788 παρθένος
586 1754 810 1789 μεμνηστευμένη
831 1755 876 1780 άν-

83 1798 148 1833 δρὶ,
173 1798 221 1824 καὶ
242 1797 328 1833 εὑρὼν
341 1798 424 1833 αὐτὴν
446 1798 586 1833 ἄνθρωπος
605 1800 634 1825 ὲν
658 1799 732 1825 πόλει
757 1800 874 1835 κοιμηθῇ

85 1843 151 1879 μετ’
187 1844 288 1878 αὐτῆς,
320 1845 367 1870 καὶ
405 1843 513 1876 ὲξάξετε
550 1844 720 1880 ἀμφοτέρους
750 1845 795 1871 ἐπὶ
826 1845 875 1880 τὴν

82 1888 179 1924 πύλην
209 1889 260 1923 τῆς
287 1889 389 1920 πόλεως
411 1889 516 1921 αὐτῶν,
547 1890 593 1916 καὶ
624 1889 874 1925 λιθοϐοληθήσονται

82 1935 174 1967 λίθοις
183 1935 230 1961 καὶ
244 1935 438 1962 ἀποθανοῦνται
451 1943 457 1950 ·
473 1935 521 1970 τὴν
535 1936 633 1968 νεᾶνιν,
650 1936 695 1962 ἐπὶ
708 1935 797 1970 λόγου,
821 1937 875 1964 διό-

120 2021 146 2038 ⁶⁹
160 2021 216 2049 lsa.
228 2029 277 2054 vu,
292 2021 326 2048 ιθ
337 2028 414 2056 seqq.
450 2021 472 2038 ’°
485 2022 560 2049 Deut.
575 2029 639 2051 xxtt,
655 2022 701 2053 25,
715 2021 760 2049 24.

121 2103 182 2138 (Ἠ)
200 2102 254 2129 Καὶ
267 2100 361 2129 εἶπεν.
385 2102 446 2130 Hzec
465 2104 563 2130 desunt
577 2103 603 2130 in
618 2103 722 2131 duobus
735 2105 874 2133 codicibus

81 2137 247 2174 Yaticanis.
265 2138 369 2174 duobus
383 2138 541 2174 Anglicanis
557 2143 584 2174 et
600 2138 714 2166 Joliauo.
732 2140 832 2174 Regius
848 2145 875 2167 et

80 2171 255 2200 Basileensis
271 2171 450 2209 habetttgtat
468 2172 542 2209 εἶπεν
561 2173 692 2209 ξΠσαῒας,
711 2171 786 2200 infra
807 2183 875 2209 qua-

82 2212 150 2234 tuor
173 2213 255 2238 mss.,
288 2206 334 2232 καὶ
354 2207 477 2239 καλέσεις

79 2241 180 2274 νουήλ.
202 2241 269 2272 Alii,
287 2241 333 2267 καὶ
349 2241 505 2274 καλέσουσι,
523 2246 576 2268 etc.

122 2275 184 2310 (72)
202 2275 290 2311 Codex
309 2275 488 2309 anileeusis,
504 2276 552 2302 τοῦ
569 2276 681 2311 Κυρίου.
711 2277 796 2304 Paulo
813 2282 875 2311 post

79 2311 154 2338 libb.
174 2310 291 2345 editiad
306 2311 454 2344 marginem
467 2331 473 2342 ,
496 2312 591 2337 τούτου
610 2312 872 2345 μεμνημονευκέναι.

78 2345 159 2373 Infra
179 2344 258 2381 codd.
276 2343 378 2381 Regius
395 2350 421 2371 et
440 2343 617 2381 Basileensis,
687 2343 735 2380 μὲν
757 2346 874 2381 ἑνϐδομήη

79 2356 159 2373 ΙΙΙΙΙἸΙ
179 2356 258 2370 CUUU-
277 2356 376 2374 ιικκιιιδ
395 2356 421 2371 υι
440 2356 617 2375 υἱΙδΙΙΕθΙΙδΙδι
643 2356 667 2370 υι
687 2356 735 2380 μεν
757 2356 840 2381 ευοομ
861 2361 874 2366 ⁵-⁸

79 2387 170 2419 κρντα
187 2377 233 2404 δύο
247 2379 423 2419 μετειληφ-ασι
441 2381 509 2414 πρὸς
523 2379 571 2419 τὴν
590 2379 732 2419 παρθένον,
753 2380 826 2419 ἄλλοι
842 2356 875 2407 ἓὲ

77 2415 125 2446 εἰς
144 2413 194 2448 τὴν
211 2413 314 2448 νεᾶνιν.
348 2413 528 2448 Hieronymus
551 2413 582 2440 'in
615 2413 685 2441 hunc
712 2415 873 2442 versiculum

78 2448 165 2476 Isaize
183 2455 238 2480 vlt,
259 2447 309 2480 Η,
324 2448 362 2474 ait
378 2458 383 2475 :
402 2457 411 2474 ι
425 2447 457 2474 Ιιι
469 2449 594 2482 praesenti
609 2449 666 2474 loco
680 2455 731 2475 non
746 2450 875 2476 scribitur

78 2482 201 2510 Bel/mla
213 2502 220 2513 .
247 2483 293 2508 sed
319 2482 396 2508 Alma
406 2502 413 2513 ,
435 2483 505 2516 quod
520 2487 617 2516 przeter
632 2482 703 2509 LXX
717 2483 761 2517 qui
777 2491 874 2517 posue-

79 2522 149 2544 runt
167 2516 332 2577 ήΡπαρθένος
344 2537 351 2548 ,
375 2524 468 2544 omnes
483 2517 705 2543 adolescentulam
726 2516 873 2545 transtule-

79 2557 161 2577 runt.
204 2559 269 2577 orro
285 2552 361 2577 Alma
379 2552 447 2577 apud
460 2559 508 2577 nos
523 2552 635 2577 verbum
653 2552 807 2577 ambiguum
820 2557 872 2577 est.

78 2557 161 2579 runt.
181 2552 269 2578 Porro
285 2552 361 2578 Alma
379 2552 447 2585 apud
460 2559 508 2578 nos
523 2552 635 2578 verbum
653 2552 807 2586 ambiguum
820 2557 872 2579 est.

78 2586 196 2613 Dicitur
210 2586 329 2620 enimet
344 2586 537 2612 adolescentulo
559 2592 586 2613 et
598 2586 760 2618 abscondita,
778 2587 804 2613 id
821 2593 873 2620 εει,

74 2621 256 2657 ἀπόκρυφος.
281 2619 309 2657 In
319 2620 416 2648 Genesi
434 2621 558 2657 legimus,
572 2621 616 2657 ubi
636 2620 758 2648 Rebecca
774 2619 875 2657 dicitur

77 2655 185 2682 Aalnia
196 2675 202 2686 ,
220 2655 347 2688 Aquilam
366 2662 418 2682 non
434 2655 668 2687 adolescentulam,
685 2663 735 2682 nec
747 2655 873 2688 puellam,

75 2691 130 2718 sed
154 2690 356 2721 absconditam,
385 2690 590 2717 transtulisse.»
622 2690 654 2716 Et
686 2690 766 2724 paulo
787 2697 873 2724 post:

79 2734 91 2750 ε
103 2725 178 2758 Ergo
194 2724 290 2751 Aalma
306 2731 358 2751 tton
377 2725 463 2751 solum
475 2724 573 2758 puclla,
590 2725 633 2751 vel
651 2725 734 2759 virgo,
750 2728 798 2751 sed
812 2732 874 2751 eum

73 2758 210 2786 ἐπιτάσει
236 2759 309 2793 virgo
325 2760 482 2785 abscondita
511 2759 611 2786 dicitur
632 2764 659 2787 et
680 2758 789 2791 secreta,
812 2766 873 2793 qua?

75 2801 226 2828 nunquam
247 2794 367 2820 virorum
389 2794 506 2828 patuerit
522 2794 694 2828 aspectibus,
713 2795 759 2821 sed
775 2801 870 2827 magna

99 2833 232 2856 arentum
250 2828 390 2862 diligentia
407 2828 540 2856 custodita
562 2829 608 2855 sit.
641 2828 743 2863 Lingua
767 2835 875 2863 quoque

103 2864 198 2897 unica,
208 2870 269 2900 qua:
278 2863 312 2890 de
325 2863 499 2892 Ilebrmorum
511 2863 629 2891 fontibus
640 2862 750 2891 manare
762 2862 872 2896 dicitur,

506 2207 642 2249 malivouat
665 2208 746 2234 αὑτοῦ
768 2207 873 2244 Ἐμμα-
890 2221 914 2249 D

928 1583 1089 1616 lnterpretes
1116 1587 1162 1614 per
1182 1579 1324 1613 virginem,
1347 1577 1391 1604 alii
1414 1583 1462 1611 per
1487 1575 1710 1603 adolescentulam

928 1631 1085 1657 verterunt,
1107 1624 1135 1651 in
1160 1622 1386 1655 Deuwrouomio,
1412 1625 1441 1649 ut
1456 1621 1552 1653 aiunt,
1576 1620 1708 1655 reperiri,

928 1677 958 1700 ut
981 1671 1106 1706 virginem
1131 1668 1273 1703 significet.
1306 1667 1352 1695 Sic
1376 1667 1449 1694 enim
1477 1666 1536 1694 ibi:
1557 1665 1609 1693 «Si
1632 1666 1708 1700 puel-

928 1717 981 1744 lam
1009 1715 1139 1750 virginem
1164 1713 1337 1748 desponderit
1357 1713 1407 1744 vir,
1433 1716 1460 1739 et
1484 1711 1621 1738 invenerit.
1648 1718 1708 1738 eam

929 1760 1028 1795 aliquis
1052 1761 1078 1787 in
1102 1759 1213 1787 civitate
1239 1761 1265 1784 et
1287 1757 1463 1784 concubuerit
1489 1764 1549 1783 cum
1576 1764 1618 1789 ea,
1643 1757 1709 1782 edu-

929 1807 997 1834 cetis
1023 1810 1168 1839 utrumque
1197 1804 1230 1831 ad
1261 1806 1369 1837 portam
1403 1801 1521 1830 civitatis
1559 1802 1646 1834 illius,
1681 1806 1709 1829 et

927 1851 1007 1888 353
1030 1851 1163 1886 lapidibus
1185 1851 1333 1877 obruentur
1354 1853 1381 1876 et
1405 1849 1577 1876 necabuntur
1592 1857 1598 1874 :
1615 1847 1707 1875 adole-

928 1897 1062 1929 scentula,
1078 1896 1140 1930 quia
1157 1903 1209 1922 non
1223 1894 1348 1922 clamavit
1367 1902 1430 1922 cum
1445 1899 1519 1922 esset
1533 1895 1559 1921 in
1577 1893 1706 1927 civitate;

927 1943 986 1977 vir,
1012 1942 1075 1978 quia
1100 1941 1251 1970 bumiliavit
1266 1948 1376 1968 uxorem
1400 1940 1514 1976 proximi
1539 1939 1627 1968 sui“.
1649 1948 1658 1965 ι
1675 1939 1708 1966 Et

939 2103 1037 2138 iroprie
1053 2101 1136 2138 virgo
1152 2099 1228 2138 Alma
1243 2098 1402 2138 appellatur.
1413 2107 1422 2123 ι
1455 2096 1610 2138 Queruntur
1630 2095 1706 2138 multi

951 2130 1023 2165 oti-es
1045 2136 1078 2163 de
1104 2130 1156 2162 bac
1182 2130 1485 2168 interpretatione,»ecce
1495 2130 1706 2168 adolescentulo.

929 2164 1028 2204 νεᾶνις.
1045 2170 1095 2204 Qui
1108 2164 1479 2204 prior_Aquilam_,qsimulque
1495 2164 1707 2204 Tlteodolionem

928 2199 1161 2236 ct'intiitaﬁtr,'est
1179 2199 1297 2230 [renitens
1318 2202 1363 2228 lib.
1377 2208 1423 2234 ιιι,
1439 2199 1502 2235 cap.
1514 2199 1565 2236 24,
1582 2199 1626 2226 ubi
1645 2201 1683 2236 ait
1698 2209 1704 2226 :

930 2242 1008 2268 «Non
1037 2235 1099 2266 vera
1124 2242 1165 2265 est
1192 2236 1394 2271 interpretatio,
1419 2243 1475 2271 ecce
1498 2235 1706 2271 adolescentulo,

925 2282 953 2303 ut
969 2274 1134 2302 Thcodotiou
1167 2269 1315 2306 Ephesius,
1342 2275 1368 2296 et
1383 2270 1482 2306 _Aquila
1497 2269 1628 2306 Ponticus
1643 2275 1707 2296 sunt

926 2309 1109 2344 interpretati.
1126 2304 1197 2344 lline
1206 2306 1325 2344 Ebionaci
1337 2313 1369 2332 ex
1380 2304 1588 2344 Joseph_natu_m
1601 2304 1704 2344 aiunt.»

924 2347 964 2372 Au
981 2338 1072 2372 autem
1091 2348 1119 2369 ut
1134 2342 1220 2368 locum
1238 2341 1408 2374 detorqueret
1425 2339 1532 2374 Aquila,
1548 2338 1587 2364 sic
1601 2339 1707 2374 versio-

925 2388 985 2406 nem
998 2386 1074 2405 suaut
1091 2376 1304 2406 concinuaverit,
1323 2372 1428 2400 nescire
1442 2380 1470 2399 se
1484 2373 1585 2400 fatetur
1597 2372 1704 2406 clariss.

925 2405 1149 2441 illontel‘ulconius
1171 2417 1232 2443 pag.
1255 2405 1308 2441 49⁷,
1333 2407 1567 2443 Ριοιιιιιιίιιίιιηιιᾱ
1590 2405 1704 2438 Ιὶεπαρι,

925 2448 1062 2483 Origeuis.
1088 2441 1242 2483 Verisimile
1258 2449 1346 2483 tamen
1361 2443 1386 2470 ei
1402 2441 1585 2483 est_Aquilam'
1601 2448 1627 2483 aq
1638 2448 1704 2483 voce

925 2475 1058 2518 παρυθένος
1073 2480 1196 2518 consulto
1206 2478 1361 2518 declinasse
1373 2477 1434 2510 quia
1451 2475 1500 2501 hac
1514 2475 1631 2518 maxime
1642 2481 1706 2518 pro-

924 2509 1016 2552 phétia
1038 2509 1181 2552 utebantur
1203 2513 1352 2552 Christiani
1371 2509 1420 2552 pro
1448 2517 1494 2536 sua
1513 2509 1613 2552 tuenda
1641 2509 1704 2552 title.

928 2543 1022 2583 illnc,
1044 2550 1148 2584 inquit.
1163 2555 1217 2584 nec
1231 2553 1323 2584 vocem
1334 2543 1511 2584 ‘d‘rit'txptttpoc,
1540 2543 1704 2584 obscoufljto,

925 2577 1006 2621 quam
1016 2577 1091 2612 ἰιιὲὺῖ
1100 2577 1149 2618 pro
1163 2580 1383 2621 Illebraica'Alma
1391 2577 1573 2621 eitprimenda
1583 2577 1704 2621 adbibet,

926 2613 970 2648 bie
983 2613 1116 2654 usurpare
1134 2617 1239 2654 voluit;
1258 2616 1321 2650 quia
1345 2615 1416 2654 forte
1432 2613 1706 2654 ’baeclinterpretatio

926 2648 1058 2690 puellam:
1081 2660 1141 2690 quae
1154 2648 1275 2690 virorum
1296 2649 1415 2690 aspectui
1430 2648 1536 2675 occulta
1558 2652 1704 2679 manserat,

926 2683 1008 2724 atque
1026 2683 1228 2724 ideo-virginem
1247 2683 1447 2724 exprimebat.)-

960 2717 1016 2760 (75)
1041 2724 1094 2755 ”Ως
1105 2717 1194 2760 φίῖρ-ι..
1207 2717 1337 2760 Deceptus
1350 2718 1544 2760 esrtlprigeu'es.
1557 2717 1620 2760 illia
1632 2717 1704 2760 enirn

926 2752 969 2786 est
983 2752 1034 2785 vo:
1055 2752 1124 2791 apud
1147 2754 1241 2791 Isaiam
1258 2753 1348 2791 aluta,
1374 2752 1425 2791 alia
1454 2752 1705 2791 innDeuteronomio

926 2793 1049 2820 Bel/mla.
1072 2786 1147 2818 'llinc
1174 2788 1278 2822 colligit
1303 2786 1459 2813 Bolterellus
1485 2787 1628 2821 Origenem
1654 2786 1706 2813 lle-

927 2828 1019 2855 braico
1042 2826 1197 2853 nescivisse.
1223 2822 1298 2855 Quod
1315 2828 1459 2856 anrvcrutn
1476 2822 1528 2855 sit,
1547 2822 1706 2856 disquiritt;r

928 2862 1151 2899 Origenimtorum
1165 2859 1212 2886 lib.
1228 2865 1263 2890 ιι,
1280 2864 1338 2892 cap.
1353 2855 1382 2890 l,
1396 2863 1423 2882 ιι.
1438 2855 1464 2884 ὅ.
