1843 3076
174 98 228 128 ἠπ

173 161 303 195 deinceps
318 169 325 186 :
345 168 354 184 α
372 159 420 187 Sin
435 163 525 186 autem
542 159 569 186 in
586 166 653 195 agro
676 159 807 194 repererit
822 159 864 187 vir
880 160 964 195 puel-

172 205 307 240 lam,quaa
318 206 479 239 desponsata
489 208 541 237 est,
550 209 577 232 et
589 204 794 239 apprehendens
807 206 961 232 concubue-

174 251 211 278 rit
226 258 286 279 cum
300 257 344 282 ea,
363 250 421 284 ipse
438 250 569 277 morietur
583 249 667 282 solus,
684 249 773 284 puella
789 249 856 276 nihil
871 249 959 284 patie-

174 299 229 327 tur,
247 302 296 322 nec
310 298 352 322 est
370 302 416 321 rea
431 294 526 321 mortis
538 294 570 319 ".
594 303 604 319 ι
752 298 754 300 '

899 97 1067 126 ORIGENIS.
1743 97 1785 126 728

981 173 1002 201 Α
1016 167 1042 186 τι
1063 159 1113 186 οὐκ
1131 151 1243 194 ἐϐόησεν
1260 158 1289 184 ὲν
1303 159 1336 193 τῇ
1352 157 1445 184 πόλει·
1464 156 1512 185 καὶ
1526 156 1571 184 τδν
1583 157 1734 193 ἄνθρωπον,
1750 159 1786 184 ἐπὶ

1015 204 1114 239 λόγου,
1144 204 1211 230 διότι
1238 204 1403 231 ἐταπείνωσε
1426 203 1476 238 τὴν
1492 203 1607 237 γυναῖκα
1628 203 1677 230 τοῦ
1692 203 1787 238 πλησῐον

1013 249 1106 276 αὑτοῦ.
1122 259 1130 274 ι
1147 249 1201 275 Καὶ
1215 248 1277 284 ἑξῆς
1290 257 1296 264 ·
1313 258 1322 274 ‹
1343 248 1406 275 Ἐὰν
1414 249 1475 275 ὂὲὲν
1485 249 1569 283 πεδίῳ
1579 248 1648 284 εὕρῃ
1663 248 1788 284 ἅνθρωπος

1011 293 1062 329 τὴν
1078 295 1160 321 παῖδα
1177 294 1233 330 (74)
1249 294 1297 330 τὴν
1310 293 1561 330 μεμνηστευμένην,
1577 295 1624 320 καὶ
1643 293 1789 328 βιασάμενος

170 340 258 376 αὐτὴν
274 342 288 368 ὁ
300 341 444 377 ἄνθρωπος
458 340 577 376 κοιμηθῇ
606 341 664 376 μετ’
692 341 786 376 αὐτῆς,
804 341 978 368 ἀποκτενεῖτε
994 340 1040 368 τὸν
1057 341 1199 377 ἄνθρωπον
1214 341 1260 369 τὸν
1277 340 1445 377 κοιμώμενον
1465 341 1522 375 μετ’
1543 341 1629 376 αὐτῆς
1647 342 1738 376 μόνον·
1753 342 1790 368 καὶ

171 389 206 423 τῇ
222 388 322 415 νεάνιδι
337 388 368 414 οὐ
385 388 514 423 ποιήσετε
527 388 620 414 οὐδέν’
637 388 687 414 οὐκ
701 389 759 414 ἐστι
776 390 808 424 τῇ
823 388 922 415 νεάνιδι
938 388 1090 424 ἁμάρτημα
1104 388 1229 416 θανάτου.
1251 399 1260 415 ι

208 433 254 462 55.
271 434 306 461 At
325 441 359 462 ne
371 433 513 461 videamur
527 432 689 461 Hebraieam
708 434 836 461 adhibere
857 442 962 468 vocem,

173 485 203 507 ut
218 480 263 512 iis,
276 479 322 515 qui
334 487 368 506 an
388 479 452 506 huic
464 479 664 507 assentiendum
673 481 708 507 sit
717 487 812 512 necne,
828 481 960 515 nesciunt,

174 525 388 560 persuadeamus
413 530 448 551 ex
471 524 579 559 virgine
605 529 708 557 ortum.
733 525 767 552 de
781 525 858 560 cujus
881 533 963 559 gene-

175 571 280 598 ratione
294 569 395 597 dictum
407 574 459 602 est,
475 578 485 595 ‹
504 569 648 597 Nobiscum
666 569 735 597 Deus
750 580 756 596 :
775 580 784 596 ι
795 579 809 597 a
824 571 962 606 prophetis

174 615 262 643 fuisse
277 614 480 649 pronuntiatum
494 622 502 647 ;
522 622 572 649 age
587 623 619 642 ex
646 615 770 650 ipsismet
785 616 875 643 verbis
890 616 962 650 quod

175 660 276 686 dicitur
315 663 480 686 astruamus.
516 658 649 686 Narratur
690 659 821 687 Dominus
861 660 963 687 dixisse

174 704 288 731 Achaz:
307 713 316 730 ι
335 703 400 732 Pete
422 704 471 731 tibi
496 704 602 738 sigmun
631 711 646 731 a
667 704 779 732 Domino
802 705 856 732 Deo
875 709 921 732 tuo
935 706 962 733 in

176 748 340 783 profundum
364 748 422 776 sive
448 748 474 774 in
499 747 646 776 excelsum.
669 757 679 774 ι
699 747 828 783 Sequitur
854 750 961 784 signum

176 792 270 820 datum
282 811 291 826 ,
310 799 412 826 nempe
433 799 441 818 :
459 800 469 818 ι
487 791 559 819 Ecce
573 791 651 826 virgo
673 792 809 827 concipiet
828 797 854 819 et
876 793 964 826 pariet

1052 434 1110 460 ’Ἰνα
1130 434 1158 460 δὲ
1179 434 1216 470 μὴ
1240 433 1363 469 δοκῶμεν
1383 434 1438 461 ἀπὺ
1460 432 1558 466 λέξεως
1580 434 1728 470 Ἐϐραῑκῆς
1745 436 1791 466 soi;

1017 480 1054 517 μὴ
1064 481 1119 517 (75)
1131 480 1367 517 καταλαμϐάνουσι
1379 480 1492 516 πότερον
1508 480 1723 514 συγχαταθετὲον
1734 482 1792 517 αὐτῇ

1015 526 1032 561 ἦ
1052 526 1098 562 μὴ,
1115 526 1207 562 φέρειν
1224 525 1399 562 παραμυθίαν
1413 525 1477 560 περὶ
1492 524 1550 558 τοῦ,
1566 526 1712 561 προφήτην
1730 527 1792 561 εἰρη-

1016 571 1094 598 κέναι
1119 573 1150 598 ὲκ
1174 571 1309 607 παρθένου
1337 571 1515 606 τεχθήσεσθαι
1541 571 1649 603 τοῦτον,
1664 571 1707 606 ἐφ’
1729 569 1792 606 οὔτῇ

1015 615 1119 648 γενέσει
1133 615 1256 642 λέλεκται
1268 615 1308 647 τὸ,
1327 625 1336 641 ι
1355 615 1421 642 Μεθ’
1437 615 1514 651 ἡμῶν
1527 616 1541 641 6
1554 615 1632 647 Θεὸς·
1651 625 1661 641 1
1675 615 1746 651 φέρε,
1758 617 1793 643 ἐπ’

1015 659 1100 695 αὐτῆς
1120 660 1176 696 (76)
1191 661 1241 695 τῆς
1255 660 1353 693 λέξεως
1365 659 1632 695 παραμυθησώμεθα
1652 657 1683 687 τὸ
1694 661 1794 696 λεγόμε-

1015 714 1068 732 νον.
1100 706 1130 732 '0
1164 706 1213 742 μὲν
1239 705 1342 742 Κύριος
1372 706 1577 742 ἀναγέγραπται
1603 706 1742 742 εἰρηκέναι

1021 750 1104 786 ’Λχάζ
1113 760 1118 766 ·
1139 760 1148 776 ‹
1166 751 1280 787 Αἴτησαι
1296 751 1401 786 σεαυτῷ
1416 753 1528 787 σημεῖον
1550 751 1627 787 παρὰ
1645 752 1745 787 Κυρίου
1755 752 1793 778 τοῦ

1016 795 1083 822 Θεοῦ
1097 804 1143 823 σου
1155 796 1194 828 είς
1210 796 1291 831 βάθος
1307 797 1323 831 ἢ
1337 798 1377 828 εις
1391 796 1467 831 ὕψος.
1476 807 1484 822 ι
1495 797 1572 832 Ἑξῆς
1585 797 1615 824 δὲ
1628 797 1660 824 τὸ
1674 797 1793 832 διδόμενον

176 838 274 865 lilium.
293 846 305 864 ι
323 837 431 872 Ecquod
444 841 535 864 autem
550 838 654 872 signum
673 842 715 866 est
733 844 831 871 parere
845 837 961 872 puellam

1036 841 1138 875 ημεῖον,
1154 840 1194 873 τδ,
1211 850 1221 866 ε
1244 841 1308 868 Ἰδοὺ
1321 842 1338 876 ἡ
1356 841 1487 876 παρθένος
1501 843 1530 868 ὲν
1545 841 1648 876 γαστρὶ
1665 841 1735 874 ἕξει,
1756 842 1793 867 καὶ

176 889 232 909 non
248 881 404 916 virginem?
428 881 461 908 Et
480 881 533 908 utri
557 881 663 908 mulieri
678 881 764 915 magis
777 882 903 909 cenvcnit
917 888 964 916 go-

1036 886 1119 918 ἕξεται
1147 886 1213 913 υίόν.
1242 896 1251 912 ι
1276 886 1355 913 Ποῖον
1375 884 1421 913 οὖν
1446 888 1559 922 σημεῖον
1577 887 1610 913 τὸ
1637 886 1743 913 νεάνιδα
1764 887 1792 921 μὴ

176 927 270 954 nuisse
285 926 444 954 Emmanuel
459 931 506 954 aut
517 926 662 954 Nobiscum
677 927 776 959 Deum,
790 927 814 953 ei
824 947 830 959 ,
846 934 906 961 qua:
923 927 964 954 vi-

177 979 238 1000 rum
254 977 364 1006 experta
378 973 458 1000 solito
473 973 635 999 feminarum
649 980 724 1000 more
738 973 895 1007 conceperit
907 981 915 1005 ;
929 981 962 999 an

176 1018 228 1051 illi,
243 1025 301 1053 quae
312 1025 381 1053 pura
396 1022 422 1045 et
435 1018 537 1045 intacta
551 1018 627 1053 virgo
640 1019 786 1053 concepit?
799 1018 877 1046 Certe
893 1019 964 1046 hanc

177 1063 263 1098 magis
276 1065 353 1091 decet
365 1071 495 1098 generare
509 1063 612 1098 prolem
640 1064 674 1091 de
690 1071 742 1098 qua
760 1068 823 1091 nata
841 1065 961 1092 dicatur:

178 1119 191 1136 ς
210 1108 355 1136 Nobiscum
371 1109 452 1136 Deus.
471 1118 480 1134 ι
499 1103 527 1135 Si
544 1109 604 1143 quis
619 1109 761 1136 cavilletur
785 1110 887 1137 dictum
904 1117 964 1137 esse

178 1154 271 1182 Achaz
285 1165 291 1182 ι
305 1164 316 1180 ι
335 1154 399 1182 Pete
424 1155 472 1180 tibi
496 1154 602 1188 signum
628 1162 642 1180 a
666 1153 779 1181 Domino
795 1155 848 1182 Deo
861 1159 907 1182 tuo
926 1165 934 1188 ;
952 1165 962 1182 ι

178 1200 408 1235 interrogabimus
434 1200 494 1235 quis
521 1200 689 1234 tempoi'ibus
715 1201 808 1228 Achaz
840 1202 964 1236 genuerit

177 1245 283 1280 prolem
307 1245 341 1273 de
363 1253 417 1282 qua
442 1250 505 1272 nata
527 1246 628 1272 dictum
649 1247 705 1279 sit,
723 1255 733 1272 ι
762 1247 933 1278 Emmanuel.
952 1257 962 1274 ι

179 1291 252 1326 quod
265 1295 317 1324 est,
336 1299 346 1316 ι
364 1290 511 1319 Nobiscum
529 1291 609 1318 Deus.
629 1301 639 1317 ι
657 1291 734 1324 Quod
750 1291 772 1318 si
785 1292 874 1319 nullus
891 1292 966 1319 inve-

178 1337 282 1369 niatur,
296 1336 468 1364 manifestum
486 1340 528 1364 est
541 1337 567 1363 id
583 1336 655 1371 quod
677 1337 777 1363 dictum
799 1337 850 1364 fuit
862 1337 964 1371 Aehaz,

177 1383 271 1410 domui
285 1382 369 1409 David
383 1382 485 1410 dictum
501 1382 586 1417 fuisse
600 1391 607 1415 ;
622 1382 685 1414 quia
700 1382 850 1416 Scriptura:
863 1386 966 1410 testan-

179 1432 224 1454 tur
241 1427 408 1454 Salvatorem
432 1425 581 1454 secundum
605 1434 715 1453 carnem
734 1433 767 1453 ex
788 1427 897 1454 Davidis
922 1434 966 1454 sc-

1016 931 1148 967 παρθένον
1161 933 1270 964 τεκεῖν;
1285 933 1338 958 Καὶ
1356 932 1409 958 τίνι
1433 932 1532 967 μᾶλλον
1546 930 1664 967 ἁρμόζει
1680 932 1792 967 γεννῆσαι

1021 978 1206 1013 Ἐμμανουήλ,
1222 978 1354 1010 τουτέστι,
1374 978 1440 1004 Μεθ’
1464 978 1542 1013 ήμῶν
1555 979 1569 1005 6
1584 978 1671 1010 Θεὸς·
1688 976 1739 1014 ἄρα
1757 987 1793 1012 γν-

1016 1024 1090 1050 ναικὶ
1116 1024 1357 1059 συνουσιασθείσῃ,
1383 1024 1431 1050 καὶ
1458 1023 1502 1050 διὰ
1524 1024 1630 1056 πάθους
1652 1024 1791 1059 γυναικείου

1016 1064 1195 1105 συλλαϐοὐσῃ,
1212 1069 1228 1104 ἢ
1247 1069 1286 1096 ἔτι
1302 1069 1410 1104 καθαρᾷ
1431 1069 1478 1096 καὶ
1497 1070 1564 1104 ἁγνῇ
1583 1069 1715 1105 παρθένῳ
1729 1069 1790 1104 (ii);

1016 1115 1102 1152 ταύτῃ
1120 1115 1175 1151 γὰρ
1188 1116 1286 1150 πρέπει
1299 1116 1396 1150 γεννᾷν
1418 1115 1551 1151 γέννημα,
1577 1116 1625 1149 ἐφ’
1646 1111 1670 1149 ᾧ
1688 1115 1791 1149 τεχθέν-κ

1015 1160 1121 1194 λέγεται
1133 1160 1173 1192 τὸ,
1188 1159 1256 1186 Μεθ’
1270 1159 1349 1195 ἡμῶν
1362 1161 1376 1186 6
1391 1159 1466 1191 Θεός.
1488 1160 1551 1186 Ἐὰν
1563 1159 1591 1185 δὲ
1609 1160 1659 1186 καὶ
1674 1159 1752 1190 οὕτως
1762 1160 1791 1184 εὖ·

1017 1206 1142 1241 ρεσιλογῇ
1158 1205 1258 1238 λέγων,
1284 1205 1325 1231 ὃτι
1347 1204 1386 1240 τῷ
1416 1203 1498 1239 Ἀχὰζ
1516 1204 1643 1240 εἴρηται,
1671 1213 1680 1230 ι
1695 1204 1790 1239 Αἷτησιι

1017 1250 1140 1283 σεαυτῷ
1151 1252 1262 1286 σημεῖον
1275 1250 1349 1286 παρὰ
1362 1250 1464 1285 Κυρίου
1480 1249 1526 1275 τοῦ
1539 1249 1607 1275 Θεοῦ
1620 1257 1668 1275 σου
1679 1257 1687 1264 ·
1705 1258 1716 1275 ι
1725 1249 1790 1275 ἁπαι-

1015 1299 1143 1333 τήσομεν,
1161 1296 1231 1323 κατὰ
1252 1297 1315 1328 τοὺς
1338 1296 1451 1331 χρόνους
1469 1294 1516 1321 τοῦ
1538 1294 1627 1329 Ἀχάζ
1638 1295 1680 1326 τίς
1698 1295 1789 1328 ἐγέννη-

1017 1351 1063 1369 σεν
1075 1342 1140 1377 (78'),
1154 1342 1196 1376 ἐφ’
1209 1339 1238 1368 οὗ
1249 1343 1282 1377 τῇ
1295 1340 1516 1376 γενέσειλέγεται
1529 1339 1560 1365 τὸ
1573 1349 1582 1365 ι
1600 1338 1788 1375 Ἐμμανουήλ)

1015 1387 1030 1413 ὃ
1045 1388 1113 1419 ἐστι,
1134 1396 1142 1413 ‹
1163 1386 1229 1414 Μεθ’
1246 1387 1324 1422 ἡμῶν
1339 1387 1354 1412 6
1369 1386 1452 1418 856;;
1474 1395 1483 1412 ι
1499 1386 1531 1412 Εἰ
1556 1386 1612 1421 γὰρ
1631 1384 1717 1416 οὐδεὶς
1731 1384 1790 1419 εὗρε·

1015 1432 1137 1468 θήσεται,
1161 1432 1282 1467 δηλονότι
1299 1432 1329 1458 τὸ
1353 1432 1392 1468 τῷ
1413 1432 1495 1467 Ἀχὰς
1521 1431 1670 1467 εἰρημένον
1686 1429 1722 1464 τῷ
1739 1429 1790 1462 οῐκῳ

179 1475 253 1500 mine
268 1479 359 1501 natum
369 1481 430 1501 esse
440 1472 473 1499 “.
487 1473 600 1507 Signum
615 1477 706 1499 autent
721 1473 822 1500 dicitur
838 1482 848 1498 ‹
866 1473 892 1500 iu
905 1481 967 1507 pro-

1036 1477 1124 1513 ἵρηται
1145 1477 1236 1509 Δαυὶδ,
1254 1477 1298 1504 διὰ
1319 1478 1349 1504 τὸ
1375 1479 1407 1504 ἐκ
1433 1478 1590 1513 σπέρματος
1615 1476 1699 1503 Δαυὶδ
1713 1475 1790 1508 ἀναγε-

180 1519 294 1546 fundum
321 1523 368 1546 aut
392 1519 420 1546 in
444 1518 580 1545 excelsum
606 1528 617 1544 ι
635 1526 695 1546 esse
722 1519 887 1554 petendum,
904 1528 967 1555 pro-

1039 1511 1138 1558 ράιρθαι
1152 1523 1198 1550 τὸν
1208 1523 1322 1558 Σωτῆρα
1334 1523 1475 1557 γεγονέναι
1487 1511 1521 1549 ’τὸ
1532 1522 1605 1549 κατὰ
1618 1521 1716 1557 σάρκα.
1729 1519 1789 1546 Ἀλλὰ

181 1569 276 1599 pterea
293 1565 364 1598 quod
380 1574 390 1590 σ
406 1566 453 1598 qui
469 1564 627 1597 descendit,
641 1564 699 1599 ipse
711 1570 753 1592 est
771 1570 798 1592 et
809 1566 856 1600 qui
871 1573 966 1593 ascen-

181 1610 224 1636 dit
249 1616 330 1644 super
353 1617 447 1637 omnes
475 1610 558 1638 coelos
572 1629 580 1643 ,
602 1614 633 1637 ut
659 1609 784 1644 impleret
801 1611 891 1638 omnia
903 1610 937 1639 ’³.
955 1621 964 1638 ι

181 1656 271 1689 Atque
284 1654 341 1682 haec
365 1655 424 1682 dico
442 1656 517 1690 quasi
534 1663 590 1683 rem
612 1655 716 1683 habens
736 1655 798 1683 cum
812 1656 907 1684 Iudaeo
922 1657 968 1691 qui

181 1701 332 1735 prophetiae
356 1701 478 1735 atljungit
501 1701 591 1729 ﬁdem.
615 1701 692 1729 Dicat
713 1709 780 1728 vero
804 1701 899 1729 Celsus
924 1706 970 1729 aut

183 1746 281 1779 aliquis
304 1746 363 1780 ejus
383 1747 527 1780 sodalium,
543 1755 595 1782 qua
613 1752 704 1775 mente
718 1747 849 1782 propheta
868 1748 900 1775 de
923 1747 967 1774 fu-

184 1792 253 1819 turis
274 1792 332 1819 luec
355 1792 442 1819 aliave
468 1793 494 1820 in
520 1793 668 1828 prophetiis
696 1793 796 1828 scripta
826 1793 969 1827 praedicat,

183 1844 341 1872 praesagane
355 1837 506 1864 futurorum
520 1845 610 1864 annon
622 1837 634 1864 ?
645 1836 712 1865 Nam
726 1838 749 1865 si
763 1839 877 1873 praescia
894 1837 969 1865 futu-

185 1891 290 1915 rorum,
313 1883 435 1910 divinum
455 1882 588 1918 Spiritum
602 1882 739 1910 habebant
750 1884 909 1919 prophetae:
927 1885 969 1911 sin

184 1928 337 1956 futurorum
352 1929 458 1964 ignara,
478 1929 594 1964 explicet
613 1929 750 1963 quodnam
768 1930 867 1957 mentis
885 1937 970 1964 genus

184 1974 294 2007 habeat,
313 1974 358 2007 qui
371 1979 425 2000 tam
438 1974 567 2001 audacter
585 1973 619 2000 de
634 1972 733 2001 futuris
749 1975 829 2002 rebus
844 1983 969 2009 pronun-

184 2018 245 2050 tiat,
259 2022 287 2045 et
303 2018 348 2052 qui
365 2018 517 2053 prophetiis
537 2019 564 2046 in
583 2019 626 2045 sui
642 2018 851 2045 admirationem
864 2017 971 2045 Iudaeos

185 2064 268 2098 rapit.

220 2153 267 2180 56.
290 2152 423 2186 Quoniam
445 2160 511 2181 vero
538 2154 565 2180 in
587 2155 779 2188 prophetarum
805 2153 972 2179 mentionem

187 2197 342 2231 incidimus,
365 2205 417 2224 non
439 2197 539 2225 Judacis
570 2203 694 2230 tantum,
720 2198 765 2232 qui
788 2198 902 2225 credunt
925 2205 973 2224 eos

186 2241 280 2268 divino
296 2241 398 2276 Spiritu
414 2242 519 2269 locutos
533 2241 628 2274 fuisse,
644 2242 719 2269 utilia
734 2241 903 2277 35aeruut
913 2249 973 2275 qua:

187 2287 306 2314 addituri
330 2294 435 2318 sumus,
457 2289 506 2315 sed
528 2288 610 2314 etiam
636 2287 679 2319 iis,
697 2288 743 2322 qui
768 2288 838 2314 inter
861 2279 972 2314 G'rarcos

186 2334 257 2368 atqui
273 2333 385 2361 fuerint.
411 2333 458 2361 llis
483 2341 549 2368 ergo
565 2334 681 2361 dicimus
700 2334 898 2361 admittendum
913 2340 973 2361 esse

187 2380 351 2411 necessario,
365 2380 435 2414 apud
444 2379 551 2406 Iudaeos
568 2381 650 2407 fuisse
663 2381 806 2415 prophetas
819 2389 825 2407 :
837 2380 972 2413 siquidem

188 2425 216 2454 in
232 2426 303 2453 datis
318 2426 370 2453 sibi
393 2426 498 2462 legibus
522 2426 673 2459 contineri,
698 2426 810 2453 credere
833 2425 973 2453 Conditori

187 2472 415 2508 quemadmodum
430 2476 600 2506 acceperant,
617 2479 666 2500 nec
691 2480 705 2499 a
722 2471 779 2507 lege
801 2471 973 2499 occasionem

1018 1569 1065 1594 καὶ
1080 1568 1110 1595 τὸ
1127 1569 1237 1603 σημεῖον
1252 1567 1330 1594 τοῦτο
1349 1578 1357 1594 ι
1369 1569 1408 1600 εἰς
1421 1567 1529 1603 βάθοςῆ
1545 1568 1584 1599 εἰς
1602 1567 1690 1602 ὕψος»
1703 1566 1788 1599 λέγεται

1018 1611 1097 1645 εἶναι,
1111 1614 1172 1640 ἐπεὶ
1187 1622 1196 1638 ι
1207 1614 1221 1640 6
1232 1613 1363 1645 καταϐὰς,
1376 1610 1454 1645 οὗτός
1467 1614 1525 1639 ἐστι
1533 1613 1602 1639 καὶό
1619 1611 1719 1643 ἀναϐὰς
1729 1611 1789 1644 ὑπερ-

1018 1659 1074 1686 άνω
1100 1659 1208 1685 πάντων
1232 1658 1286 1685 τῶν
1299 1658 1431 1694 οὐρανῶν,
1441 1659 1484 1685 ἶνα
1499 1657 1633 1693 πληρώσῃ
1643 1657 1677 1684 τὰ
1687 1656 1769 1683 πάντα.
1780 1664 1786 1679 ι

1019 1704 1110 1731 Ταῦτα
1122 1705 1150 1731 δὲ
1163 1705 1245 1739 λέγω,
1259 1705 1297 1736 ὼς
1312 1705 1380 1740 πρὸς
1394 1704 1440 1731 τὸν
1458 1704 1582 1730 Ἰουδαῖον
1596 1726 1603 1731 «
1616 1700 1788 1737 συγκατατιθέ-

1022 1758 1102 1785 μενον
1118 1751 1151 1785 τῇ
1166 1750 1326 1786 προφητείᾳ.
1340 1749 1451 1784 Λεγὲτω
1461 1749 1490 1776 δὲ
1500 1749 1547 1775 καὶ
1563 1748 1668 1779 Κέλσος
1680 1748 1695 1782 ﬁ
1708 1755 1742 1778 τις
1750 1746 1788 1771 τῶν

1021 1792 1069 1818 σὺν
1095 1792 1179 1827 αὐτῷ,
1199 1792 1267 1827 ποίῳ
1288 1791 1326 1826 νῷ
1350 1792 1365 1818 6
1389 1792 1531 1827 προφήτης
1548 1791 1613 1826 περὶ
1634 1788 1786 1825 μελλόντωνῆ

1019 1837 1105 1864 ταῦτα
1129 1838 1145 1872 ἢ
1168 1837 1249 1873 ἕτερα
1272 1837 1355 1871 λέγει,
1371 1836 1458 1863 ὁπόσα
1481 1836 1687 1871 ἀναγέγραπται
1709 1836 1733 1861 ὲν
1743 1833 1787 1862 ταῖς

1021 1883 1200 1918 προφητείαις
1216 1891 1223 1915 ;
1238 1881 1314 1918 τΛρσι
1336 1881 1390 1917 γὰρ
1405 1881 1603 1917 προγνωστικῷ
1619 1877 1786 1916 ptelewa

1021 1927 1050 1953 οὔ
1065 1935 1072 1960 ;
1089 1928 1114 1953 εἰ
1133 1928 1182 1962 μὲν
1194 1927 1248 1962 γὰρ
1263 1925 1458 1962 προγνωστιχῷ
1476 1926 1639 1961 μελλόντων,
1657 1926 1722 1952 θεῖον
1735 1921 1788 1957 εἶχον

1022 1972 1133 2007 Πνεῦμα
1146 1973 1170 1999 οἱ
1186 1972 1342 2008 προφῆται·
1360 1972 1385 1997 ει
1402 1971 1424 1997 δ’
1439 1971 1469 1997 οὐ
1486 1970 1683 2006 προγνωστικῷ
1700 1968 1786 2004 μελλέτ-

1021 2026 1091 2050 των,
1109 2017 1311 2053 παραστησάτω
1336 2017 1382 2044 τὸν
1397 2015 1458 2042 νοῦν
1476 2015 1523 2042 τοῦ
1539 2015 1739 2050 ἀποτολμῶντος
1754 2011 1787 2038 καὶ

1022 2063 1145 2098 λέγοντος
1169 2063 1233 2098 περὶ
1259 2061 1422 2097 μελλόντων,
1441 2061 1487 2087 καὶ
1508 2060 1714 2096 θαυμαζομένου
1730 2056 1786 2091 περὶ

1023 2109 1080 2140 τοῖς
1103 2108 1241 2139 Ἰουδαίοις
1261 2108 1307 2134 ἐπὶ
1319 2106 1480 2143 προφητείᾳ.

1065 2155 1141 2181 Ἐπεὶ
1154 2154 1182 2180 δὲ
1191 2153 1263 2186 ἅπαξ
1273 2154 1312 2184 είς
1327 2153 1373 2180 τὸν
1389 2153 1452 2187 περὶ
1465 2151 1519 2178 τῶν
1534 2150 1681 2186 προφητῶν
1695 2148 1786 2184 ἦλθομεν

1026 2200 1114 2235 λόγον,
1133 2199 1268 2230 Ἰουδαίοις
1282 2199 1342 2233 μὲν,
1355 2199 1412 2229 τοῖς
1423 2196 1579 2224 πιστεύουσι
1595 2197 1660 2231 θείῳ
1675 2194 1786 2228 Evadunt:

1027 2247 1124 2277 αὐτοὺς
1134 2244 1319 2280 λελαληκέναι,
1332 2244 1362 2270 οὐ
1379 2244 1458 2278 μόνον
1472 2242 1548 2268 ἔσται
1560 2243 1680 2277 χρήσιμα
1689 2240 1719 2266 τὰ
1733 2240 1786 2264 ἑποι-

1027 2291 1197 2326 σθησόμενα,
1215 2289 1282 2316 ἀλλὰ
1298 2289 1345 2316 καὶ
1360 2290 1414 2320 τοῖς
1430 2287 1630 2322 εὐγνωμονῶσι
1643 2287 1670 2313 δὲ
1683 2286 1729 2312 τῶν
1745 2282 1786 2309 Ἐλ-

1028 2337 1114 2372 λήνων
1124 2345 1130 2351 ·
1147 2336 1214 2371 πρὸς
1233 2334 1280 2366 οὓς
1300 2334 1414 2370 ἐροῦμεν
1424 2353 1432 2366 ,
1449 2334 1490 2360 ὅτι
1503 2334 1651 2367 ἀναγκαῖον
1664 2329 1785 2366 παραδέξα-

1028 2383 1101 2414 σθαι,
1116 2383 1157 2408 ὅτι
1174 2381 1220 2408 καὶ
1243 2381 1363 2407 Ἰουδαῖοι
1377 2379 1518 2414 προφήτας
1531 2377 1602 2413 εἶχον
1615 2386 1622 2393 ·
1637 2378 1710 2411 εἴπερ
1725 2373 1784 2409 ἐμελ-

1027 2428 1072 2455 λον
1088 2427 1245 2463 συνέχεσθαι
1264 2428 1293 2453 ὲν
1317 2427 1351 2462 τῇ
1370 2425 1478 2460 δοθείσῃ
1499 2424 1592 2455 αὐτοῖς
1608 2421 1738 2458 νομοθεσίᾳ

1027 2462 1164 2500 πιστεύειν
1184 2472 1223 2508 τῷ
1238 2470 1415 2507 Δημιουργῷ,
1437 2469 1562 2504 καθάπερ
1579 2462 1783 2504 alamannia!

223 2529 244 2544 ⁹¹
261 2527 466 2560 Deut.xxv,26.
505 2528 528 2544 ⁹¹
541 2527 618 2556 Joan.
634 2536 681 2560 vn,
692 2527 737 2556 42.
775 2528 799 2544 ”
816 2528 916 2563 Eplies.
930 2536 968 2562 tv,
986 2528 1030 2556 ιο.

225 2585 281 2621 (74)
297 2585 465 2614 ΗωεοιιεΙίιιε
479 2587 505 2614 in
526 2592 599 2614 textu
621 2587 721 2619 habet,
739 2588 856 2620 γυναῖκα
870 2607 877 2619 ,
895 2595 975 2621 quam

190 2620 333 2648 lectionem
350 2621 502 2655 Speucerus
526 2622 621 2656 rejecit
641 2622 675 2648 ad
688 2623 849 2655 marginem.
863 2620 975 2653 Ibidem,

189 2656 237 2692 aget!
251 2656 415 2691 βιασάμενος
429 2657 513 2692 αὐτὴν
525 2658 540 2683 ὁ
554 2656 697 2692 ἄνθρωπος
708 2656 837 2691 κοιμηθῇ.
855 2656 882 2683 In
895 2657 974 2684 codd.

193 2689 281 2731 Regio
296 2696 329 2731 et_
335 2689 485 2731 :Basileeusi
493 2689 618 2731 λίθος)ξρ
633 2689 786 2731 ἄνθρωπόςτ

227 2725 282 2759 (75)
322 2725 388 2752 Ἀπὸ
421 2726 532 2758 λέξεως
564 2724 721 2760 Ἐϐραϊκῆς
748 2725 810 2758 τοῖς
835 2724 897 2760 μή,
922 2729 976 2751 etc.

191 2758 256 2796 Ppst
274 2758 542 2796 vocetu'ESpa'izﬁg
573 2758 670 2789 Guieto
696 2758 847 2788 desiderari
873 2760 978 2787 videtur

192 2793 239 2828 τῆς
252 2795 425 2829 προφητείας.

1036 2622 1041 2628 .
1065 2585 1122 2632 ςἹθ)
1138 2585 1211 2625 φέρε
1224 2585 1271 2611 ἐπ’
1286 2582 1390 2617 αὐτῆς.
1407 2582 1480 2617 Lego
1498 2587 1559 2608 cum
1574 2579 1723 2609 Boberello.
1734 2582 1781 2612 φιρι

1029 2629 1077 2647 απ·
1091 2629 1187 2655 αυτης.
1602 2650 1607 2653 _
1683 2649 1688 2654 l

1067 2655 1122 2690 (Π)
1144 2654 1181 2682 lia
1199 2654 1278 2690 codd.
1295 2652 1397 2688 Regius
1417 2656 1444 2679 et
1459 2650 1635 2678 Basileeusts.
1652 2649 1734 2679 Alias,
1747 2643 1780 2672 καὶ

1029 2688 1312 2727 ἀγιῇγαὶπερεὲένφ-
1389 2721 1405 2727 -
1441 2722 1457 2727 ..
1513 2720 1520 2727 .
1585 2719 1634 2727 ,_
1694 2718 1698 2725 .

1066 2717 1122 2785 δὴ)
1141 2724 1189 2756 Τίς
1199 2717 1373 2758 ἐγέννὴσε-ν.
1389 2720 1568 2761 Scribendurn
1584 2719 1662 2762 forte,
1677 2718 1712 2748 τίς
1726 2717 1778 2763 Erit“

1083 2768 1109 2785 τι.
1133 2759 1216 2785 Paulo
1239 2764 1299 2785 post
1321 2757 1508 2785 llmscheltus.
1532 2763 1573 2785 τῳ
1593 2754 1682 2785 οικείῳ
1700 2752 1777 2785 sim-1'

1031 2754 1120 2801 νήθη.’
1133 2754 1225 2786 ιιαιῑιο·
1239 2754 1304 2794 pust
1321 2757 1508 2789 llmschelius,
1532 2754 1573 2790 τῷ
1586 2754 1682 2791 ,οἰκείῳ
1700 2754 1747 2786 sim

1030 2793 1122 2820 Δαυιδ.
1137 2793 1213 2822 Male.
