1843 3076
53 101 124 129 729

688 99 828 128 CONTRA
844 98 984 127 CELSUM
1003 99 1067 127 LIB.
1088 99 1109 128 Ι.

1664 97 1716 126 730

58 162 152 197 (ὅσον
171 160 222 187 ἐπὶ
232 161 273 196 τῷ
287 161 372 197 νόμῳ)
389 161 426 197 μὴ
439 161 511 196 ἔχειν
524 160 651 197 ἀφορμὰς
667 161 819 195 ἀποστῆναι
841 161 880 192 εἰς

974 167 1041 187 nere
1062 159 1206 187 debuerint
1230 159 1262 186 ad
1278 158 1418 194 gentilium
1441 158 1552 186 deorum
1568 158 1717 186 multitudi-

59 208 126 240 τὴν
155 206 216 233 τῶν
233 206 317 233 ὲθνῶν
333 207 528 243 πολυθεότητα.
544 207 581 233 Τὸ
603 207 627 233 δ’
641 206 790 240 ἀναγκαῖον
808 205 880 232 οὕτω

63 253 309 288 παραστήσομεν.
328 261 338 278 r
353 252 394 279 Τὰ
418 252 482 287 ἔθνη
495 272 502 284 ,
523 262 532 277 ι
554 252 592 284 ὡς
612 252 765 287 γέγραπται
785 252 831 278 καὶ
851 252 880 278 ὲν

69 297 163 332 αὐτῷ
178 297 219 332 τῷ
237 297 292 324 τῶν
310 297 444 324 Ἰουδαίων
472 298 557 333 νόμῳ,
571 306 580 323 ‹
602 297 736 333 κλῃδόνων
747 297 795 323 καὶ
812 305 880 332 μαν-

64 342 165 369 τειῶν
180 342 358 370 ἀκούσονται·
372 352 382 368 ι
397 343 436 378 τῷ
447 343 476 369 δὲ
487 342 544 378 λαῷ
558 343 656 378 ἐκείνῳ
668 343 789 379 εἴρηται·
811 352 820 368 t
835 343 881 369 Σοὶ

66 385 104 412 δὲ
121 386 178 422 οὐχ
205 386 291 419 οὕτως
310 386 394 414 ἔδωκε
411 387 466 422 (79)
480 386 582 422 Κύριος
604 387 619 413 ό
640 387 707 419 Θεός
724 396 781 413 σου.
800 396 809 413 ›
826 387 882 414 Καὶ

69 433 249 468 ἐπιφέρεται
272 432 360 468 τούτῳ
379 432 427 465 τδ,
454 443 463 459 t
486 433 633 469 Προφήτην
647 433 679 459 ὲκ
693 433 746 460 τῶν
760 432 882 467 ἀδελφῶν

71 484 130 504 σου
147 478 298 514 ἀναστήσει
314 487 355 505 σοι
369 478 472 514 Κύριος
495 479 510 505 ό
528 478 594 510 Θεός
617 486 674 504 σου.
692 488 701 504 ι
717 479 803 514 Εἴπερ
820 475 879 511 οὖν,

71 523 138 550 τῶν
159 523 248 550 ἐθνῶν
269 523 417 560 χρωμένων
441 523 581 559 μαντείαις
597 523 652 550 εἴτε
673 523 717 550 διὰ
736 523 881 559 κλῃδόνων,

70 567 140 594 εἴτε
152 567 190 593 δι’
204 567 318 600 οίωνῶν,
332 568 386 594 εἴτε
400 568 434 595 δι’
446 568 570 603 ὀρνίθων,
580 567 635 594 εἴτε
650 568 684 594 δι’
697 567 883 603 ἐγγαστριμύ-

72 610 159 643 θων,
178 611 235 638 εἴτε
258 612 306 639 καὶ
330 612 375 639 διὰ
399 611 453 639 τῶν
474 612 524 648 τὴν
548 612 660 647 θυτικὴν
679 612 882 647 ἐπαγγελλομέ-

76 666 138 683 νων
155 656 231 693 (80),
249 657 304 683 εἴτε
317 657 363 683 καὶ
377 657 420 683 διὰ
437 657 578 685 Χαλδαίων
594 657 882 691 γενεθλιαλογούντων,

78 702 159 738 ἅπερ
182 702 271 729 πάντα
290 702 428 734 Ἰουδαίοις
440 702 590 738 ἀπείρητο,
616 702 735 729 Ἰουδαῖοι
751 702 883 738 μηδεμίαν

78 745 162 783 εἶχον
176 748 355 784 παραμυθίαν
365 747 492 782 γνώσεως
505 748 559 774 τῶν
573 747 733 783 μελλόντων,
743 748 789 774 ὑπ’
799 749 884 784 αὐτῆς

80 793 120 820 ἃν
144 793 197 828 τῆς
220 792 393 828 ἀνθρωπίνης
417 793 481 828 περὶ
503 793 553 827 τὴν
576 792 676 826 γνῶσιν
699 793 816 828 λιχνείας
829 794 884 821 τῶν

80 838 228 873 ἐσομένων
241 838 380 873 ἀγόμενοι,
395 838 598 873 κατεφρόνησαν
617 838 666 873 μὲν
681 838 714 865 ἂν
728 839 783 865 τῶν
799 839 882 872 ίδίων,
899 831 921 857 Β

83 883 124 914 ὡς
138 883 218 910 οὐδὲν
234 884 348 918 ἐχόντων
363 883 434 910 θεῖον
447 884 475 909 ὲν
491 884 613 915 ἑαυτοῖς·
631 884 678 910 καὶ
694 885 743 911 οὐκ
764 884 797 911 ἂν
815 885 884 920 μετὰ

84 928 194 955 Μωσέα
220 929 363 964 προφήτην
381 929 569 964 προσήκαντο,
590 930 644 956 οὐδ’
658 930 815 965 ἀνέγραψαν
828 930 883 965 (81)

84 974 181 1001 αὐτῶν
203 975 266 1006 τοὺς
285 975 396 1009 λόγους,
415 975 558 1010 αὐτόμολοι
580 975 608 1002 δὲ
624 976 670 1002 ἐπὶ
682 976 716 1002 τά
727 975 781 1003 τῶν
800 975 885 1003 ὲονῶν

87 1021 206 1055 μαντεῖα
226 1021 273 1047 καὶ
296 1022 447 1057 χρηστήρια
470 1021 637 1057 μετέστησαν
649 1041 656 1054 ,
673 1021 690 1057 ἢ
705 1022 885 1058 ἐπεχείρησαν

86 1064 121 1091 ἂν
139 1065 247 1101 ίδρῠσαί
262 1075 287 1093 τι
307 1067 426 1094 τοιοῦτον
440 1067 487 1094 καὶ
503 1068 568 1103 παρ’
584 1068 699 1099 ἑαυτοῖς.
718 1068 793 1094 ’¹Ωστ”
810 1068 885 1094 οὐδὲν

86 1109 190 1140 ἁτοπόν
201 1111 269 1144 ἐστι,
283 1112 330 1138 καὶ
342 1112 405 1148 περὶ
419 1113 473 1139 τῶν
484 1113 618 1148 τυχόντων
634 1113 697 1145 τοὺς
714 1114 778 1149 παρ’
793 1114 886 1145 αὐτοῖς

89 1156 243 1191 προφήτας,
262 1156 302 1188 είς
318 1157 493 1192 παραμυθίαν
511 1158 565 1184 τῶν
588 1158 623 1185 τὰ
637 1158 752 1185 τοιαῦτα
771 1159 885 1186 ποθούν-

86 1209 144 1227 των
170 1202 384 1237 προειρηκέναι·
399 1202 469 1229 ὥστε
486 1204 533 1230 καὶ
551 1204 614 1239 περὶ
629 1205 698 1231 όνων
712 1204 885 1232 ἀπολωλυιῶν

86 1245 275 1281 προφητεύειν
289 1246 333 1273 τὸν
344 1247 480 1283 Σαμουὴλ,
493 1249 614 1283 καὶπερὶ
626 1249 704 1275 νόσου
725 1249 819 1281 παιδὸς
840 1249 886 1285 βα-

89 1292 199 1319 σιλικοῦ
220 1293 266 1320 τὸν
282 1295 311 1320 ὲν
325 1296 358 1330 τῇ
372 1295 452 1331 τρίτῃ
469 1295 523 1322 τῶν
539 1296 686 1323 Βασιλειῶν
709 1297 886 1332 ἀναγεγραμ-

89 1339 186 1374 μένον.
204 1339 267 1372 Πῶς
286 1340 315 1366 δὲ
334 1340 367 1367 ἂν
389 1340 428 1376 τῷ
452 1341 606 1377 βουλομένῳ
624 1342 679 1368 ἀπὸ
702 1341 756 1368 τῶν
766 1341 886 1368 εἰδώλων

91 1383 223 1418 μαντείαν
233 1383 324 1411 λαϐεῖν
339 1385 510 1422 ἐπέπλησσον
521 1388 545 1413 οἱ
558 1387 592 1414 τὰ
600 1387 645 1414 τοῦ
656 1387 738 1423 νόμου
753 1388 886 1415 Ἰουδαίων

91 1428 302 1464 πρεσῦεύοντες,
319 1430 414 1467 ὥσπερ
429 1432 586 1468 εὑρίσκεται
609 1432 701 1464 Ἠλίας
718 1432 757 1468 τῷ
779 1432 887 1468 Ὀχοζίᾳ

91 1475 281 1510 ἐπιπλήσσων,
298 1476 345 1502 καὶ
361 1477 447 1511 λέγων
460 1486 466 1493 ”
484 1488 492 1504 t
510 1479 542 1505 Εί
558 1479 633 1514 παρὰ
645 1479 676 1505 τὸ
692 1477 729 1514 μὴ
743 1476 812 1505 εἶναι
821 1478 886 1506 Θεὸν

90 1522 124 1549 ἑν
152 1520 275 1557 Ἰσραὴλ,
299 1521 378 1556 ὑμεῖς
401 1523 549 1559 πορεύεσθε
567 1524 714 1560 ἐκζητῆσαι
729 1525 783 1562 (82)
797 1527 831 1560 γὲν
851 1527 885 1562 τῇ

92 1569 169 1596 Βάαλ
183 1572 264 1606 μυῖαν
281 1569 340 1597 θεὸν
359 1569 518 1604 Ἀκκαρῶν;
539 1579 549 1595 ι

152 1616 232 1642 Δοκεῖ
268 1625 312 1652 μοι
353 1613 400 1642 οὖν
434 1615 553 1651 μετρίως
584 1616 820 1648 κατεσκευάσθαι,
855 1617 886 1643 οὐ

95 1660 179 1696 μόνον
213 1661 254 1687 ὅτι
289 1660 484 1697 γεννηθήσεται
520 1661 553 1687 ὲκ
586 1661 722 1697 παρθένου
748 1662 763 1688 ό
791 1662 887 1697 Σωτὴρ

94 1705 187 1741 ἡμῶν,
210 1706 268 1733 ἀλλ’
292 1707 334 1734 ὅτι
355 1707 401 1733 καὶ
428 1707 566 1743 προφῆται
589 1705 659 1742 ἦσαν
682 1707 711 1734 ἐν
742 1707 886 1739 Ἰουδαίοις,

95 1751 275 1786 προλέγοντες
304 1753 334 1778 οὺ
362 1753 441 1787 μόνον
473 1752 507 1779 τὰ
534 1752 665 1779 καθολικά
690 1753 754 1788 περὶ
780 1752 888 1788 μελλόν-

94 1805 162 1830 των,
183 1797 220 1829 ὼς
242 1797 278 1824 τὰ
304 1798 368 1834 περὶ
382 1798 512 1834 Χριστοῦ,
536 1798 583 1825 καὶ
605 1798 639 1825 τὰ
656 1798 721 1833 περὶ
744 1798 888 1833 βασιλειῶν

95 1842 253 1877 θωσμικῶν,
281 1843 330 1870 καὶ
356 1844 420 1880 περὶ
445 1843 500 1870 τῶν
533 1843 748 1880 συμϐησομένων
769 1844 807 1879 τῷ
838 1845 889 1871 Ἶσ-

96 1887 181 1925 ραὴλ,
205 1888 252 1914 καὶ
273 1888 337 1924 περὶ
359 1889 414 1916 τῶν
437 1889 619 1916 πιστευόντων
639 1889 694 1924 (85)
718 1889 758 1924 τῷ
781 1889 888 1925 Σωτῆρι

96 1932 199 1964 ἐθνῶν,
215 1933 261 1960 καὶ
281 1934 386 1961 πολλῶν
408 1933 496 1962 ἄλλων
519 1934 573 1961 τῶν
597 1935 661 1970 περὶ
681 1934 763 1961 αὑτοῦ
779 1934 888 1970 λεχθέν-

96 1985 169 2004 των·
193 1977 260 2005 ἀλλὰ
289 1979 337 2006 καὶ
356 1979 391 2006 τὰ
416 1979 477 2006 καθ’
499 1979 563 2011 ἕνα,
592 1979 630 2010 ὡς
655 1978 719 2014 περὶ
741 1978 795 2004 τῶν
821 1978 889 2005 ΰνων

97 2022 152 2053 Κὶς
173 2021 361 2057 ἀπολομένων,
377 2022 437 2055 πῶς
462 2023 669 2058 εὑρεθήσονται,
691 2023 737 2048 καὶ
754 2022 818 2058 περὶ
838 2022 889 2057 τῆς

97 2068 193 2099 νόσου,
215 2066 250 2104 ἦς
264 2068 392 2104 ἐνόσησεν
416 2070 431 2096 ό
452 2068 499 2096 τοῦ
530 2068 662 2103 βασιλέως
690 2067 797 2104 Ἰσραὴλ
821 2067 888 2100 υίὸς,

99 2113 116 2149 ἢ
137 2113 164 2140 εί
182 2122 208 2140 τι
225 2113 288 2140 ἄλλο
308 2114 515 2150 ἀναγέγραπται
533 2113 662 2141 τοιοῦτον.
689 2114 749 2140 Ἔτι
770 2113 798 2140 δὲ
822 2113 890 2150 πρὸς

931 214 992 233 nem
1007 205 1160 234 deiiciendi.
1170 205 1226 232 Hoc
1241 209 1332 232 autem
1348 205 1506 232 necessario
1518 203 1715 232 admittendum

930 260 991 281 esse
1007 251 1104 279 cilicio.
1121 250 1257 286 Scriptum
1275 255 1318 278 est
1333 251 1359 278 in
1369 249 1524 278 Iudaeorum
1534 250 1592 284 lege
1604 258 1611 276 :
1624 259 1633 276 ι
1645 249 1718 277 Gen-

931 304 971 326 tes
985 298 1164 326 divinatiOnes
1179 301 1207 324 et
1229 296 1359 324 vaticinia
1381 297 1510 329 audient;
1528 305 1537 322 ι
1565 295 1603 323 illi
1625 299 1716 322 autem

931 345 1029 381 populo
1043 344 1165 372 dicitur:
1187 352 1196 369 ‹
1216 343 1276 370 Tibi
1295 347 1386 370 autem
1403 349 1456 369 non
1476 342 1516 369 sic
1532 341 1606 369 dedit
1620 339 1716 367 Domi-

932 397 983 417 nus
996 390 1067 417 Deus
1081 392 1155 416 tuus.
1173 397 1182 414 ι
1196 387 1229 414 Et
1244 395 1305 414 mox
1319 396 1326 413 :
1344 395 1353 412 ι
1366 385 1528 420 Prophelam
1541 393 1572 413 ex
1588 385 1718 412 fratribus

933 437 987 464 luis
1011 435 1155 463 suscitabit
1181 433 1229 462 tibi
1255 432 1387 461 Dominus
1405 433 1475 460 Deus
1489 437 1550 460 tuus
1569 432 1602 459 ⁸⁵.
1622 441 1631 458 ι
1650 431 1717 459 Cum

934 482 1015 517 igitur
1030 481 1183 508 futurorum
1196 478 1379 514 cognitionem
1390 481 1484 512 gentes
1497 482 1649 511 quaererent
1659 477 1718 504 sive

932 534 965 554 ex
978 526 1107 558 oraculis,
1123 525 1180 552 sive
1198 533 1231 552 ex
1243 524 1375 559 auguriis,
1393 524 1449 550 sive
1461 530 1495 550 ex
1509 522 1648 557 auspiciis,
1660 522 1720 550 sive

933 580 967 600 ex
981 571 1173 606 ventriloquis,
1188 571 1245 597 sive
1263 577 1295 598 cx
1313 569 1496 604 aruspicibus,
1513 569 1571 596 sive
1585 575 1619 595 ex
1638 568 1719 596 Chal-

933 618 999 645 daeis
1012 616 1202 653 genethliacis,
1226 622 1286 650 qua:
1311 615 1402 641 omnia
1425 612 1525 645 Judmis
1537 613 1721 647 erantprohi-

933 664 1008 695 bita;
1025 663 1064 694 hi,
1081 662 1103 689 si
1128 661 1230 688 nullutn
1252 659 1362 687 aliunde
1376 658 1534 686 habuissent
1554 664 1597 684 res
1614 656 1720 684 futuras

934 708 1114 744 cognoscendi
1130 707 1213 739 viam,
1229 705 1271 733 vel
1287 706 1345 733 solo
1364 703 1520 732 hominibus
1543 703 1626 730 insito
1641 703 1722 736 hujus

934 754 1036 782 notitia:
1050 753 1156 788 pruritu
1173 751 1294 784 adducti,
1312 758 1362 778 sua
1376 750 1544 785 sprevissent
1559 749 1636 783 quasi
1652 748 1721 775 nihil

935 799 989 827 illis
1006 799 1126 826 divinum
1143 798 1257 830 inesset,
1274 804 1328 825 non
1352 796 1434 823 alium
1452 800 1513 830 post
1525 794 1643 830 illoysent
1659 800 1723 828 pro-

934 846 1044 881 phetam
1067 844 1243 878 recepissent,
1267 850 1362 869 eorum
1388 848 1528 869 sermones
1551 840 1651 866 litteris
1667 847 1722 866 non

935 889 1132 921 mandassent,
1157 887 1367 922 transfugissent
1392 886 1426 912 ad
1449 883 1557 911 oracula
1574 882 1720 910 divinatio-

935 942 1037 970 nesque
1057 934 1190 968 gentium,
1215 938 1262 959 aut
1283 931 1373 958 simile
1392 930 1531 965 quidpiam
1552 929 1621 962 apud
1634 935 1663 954 se
1678 928 1722 953 in-

935 980 1048 1007 stituere
1067 978 1158 1006 conati
1184 977 1310 1004 fuissent.
1337 975 1432 1010 Itaque
1450 975 1515 1002 nihil
1537 975 1635 1001 mirum
1650 973 1721 1007 apud

936 1024 1045 1052 illorum
1068 1024 1215 1058 prophetas
1239 1022 1322 1050 etiam
1344 1022 1378 1049 de
1396 1021 1551 1054 vulgaribus
1567 1020 1650 1047 rebus
1661 1025 1722 1046 esse

935 1070 1076 1103 vaticinia,
1100 1070 1134 1097 ad
1159 1076 1254 1096 eorum
1278 1068 1398 1096 solamen
1415 1067 1461 1101 qui
1477 1066 1608 1101 ejusmodi
1627 1073 1721 1092 rerum

936 1115 1070 1144 desiderio
1089 1119 1257 1142 tenerentur.
1281 1113 1444 1148 llujnsmodi
1463 1112 1588 1139 vaticinia
1614 1112 1722 1138 filerunt

937 1161 1073 1189 Samuelis
1096 1161 1129 1188 de
1152 1160 1237 1187 asinis
1261 1159 1375 1194 perditis
1387 1158 1426 1191 ’⁵,
1449 1163 1476 1184 ct
1492 1157 1612 1184 Abimdc
1628 1156 1722 1182 morbo

937 1208 983 1234 ﬁlii
1012 1207 1094 1241 regis,
1122 1206 1200 1241 cujus
1221 1205 1345 1232 meminit
1367 1204 1436 1231 liber
1452 1204 1547 1231 tertius
1573 1202 1675 1236 Regum
1686 1202 1720 1228 ”.

935 1252 1062 1286 Alioquin
1073 1251 1207 1286 quomodo
1221 1249 1369 1285 potuissent
1385 1249 1452 1284 legis
1477 1248 1596 1275 Judaicre
1620 1254 1722 1281 praeco-

937 1304 986 1324 nes
1000 1297 1140 1330 increpare
1156 1303 1217 1323 eum
1233 1295 1279 1331 qui
1295 1295 1430 1322 idolorum
1451 1293 1561 1320 oracula
1577 1291 1722 1319 consulere

939 1343 1079 1377 voluisset,
1093 1342 1321 1378 quemadmodum
1330 1341 1404 1368 Elias
1418 1340 1460 1367 his
1474 1339 1562 1366 verbis
1575 1337 1722 1365 choziam
1736 1333 1741 1337 “

937 1390 1091 1425 increpasse
1105 1389 1262 1416 invenitur:
1282 1397 1291 1413 ‹
1311 1387 1351 1413 An
1368 1391 1510 1420 propterea
1529 1384 1600 1420 quod
1618 1390 1671 1410 non
1686 1382 1722 1409 sit

938 1436 1009 1463 Deus
1031 1435 1058 1462 in
1082 1433 1176 1467 lsrael,
1193 1441 1240 1460 vos
1256 1432 1301 1459 itis
1316 1432 1342 1459 in
1359 1430 1424 1457 Baal
1446 1429 1583 1464 inquirere
1597 1434 1719 1455 muscam

900 1493 922 1521 ε
939 1482 1022 1510 Deum
1038 1481 1160 1509 Accarou
1174 1479 1219 1507 ’7?
1237 1488 1247 1505 ι

973 1601 1018 1629 37.
1037 1600 1085 1628 liis
1107 1599 1233 1628 omnibus
1251 1598 1316 1626 mihi
1334 1598 1402 1625 satis
1416 1597 1561 1632 probatum
1578 1596 1684 1623 videtur
1696 1599 1724 1623 et
1762 1609 1764 1611 ν

938 1647 1107 1675 Salvatorem
1127 1649 1250 1672 nostrum
1274 1651 1308 1671 ex
1324 1643 1427 1678 virgine
1453 1642 1526 1670 nasci
1547 1642 1723 1673 debuisse,et

938 1692 1007 1728 apud
1022 1692 1131 1720 Iudaeos
1146 1691 1233 1718 fuisse
1251 1689 1408 1725 prophetas,
1422 1689 1469 1724 qui
1483 1688 1517 1715 de
1528 1687 1608 1716 rebus
1621 1687 1722 1714 futuris

938 1739 1119 1777 praedicerent
1141 1746 1195 1765 non
1219 1745 1252 1765 ea
1275 1741 1379 1764 tantum
1402 1743 1462 1770 quin
1483 1741 1578 1762 omnes
1601 1733 1723 1762 homines

938 1792 1015 1819 aeque
1037 1783 1217 1818 spectabant,
1245 1788 1274 1809 ut
1288 1789 1348 1816 quae
1372 1781 1406 1808 de
1423 1781 1543 1812 Christo,
1563 1780 1594 1807 de
1608 1778 1724 1806 terrenis

940 1831 1051 1866 regnis,
1073 1831 1105 1857 de
1126 1830 1160 1857 iis
1181 1836 1242 1864 qua:
1267 1828 1358 1855 lsraeli
1395 1827 1546 1854 adventura
1569 1830 1668 1857 erant,
1689 1826 1724 1852 de

939 1878 1065 1913 gentibus
1096 1884 1156 1911 quae
1194 1874 1329 1902 Salvatori
1360 1874 1504 1901 crediturae
1530 1868 1623 1905 erant,
1649 1871 1723 1899 aliis-

939 1931 992 1958 que
1011 1923 1044 1950 ad
1060 1922 1199 1950 Christum
1216 1919 1416 1956 pertinentibus
1438 1919 1511 1946 dicta
1532 1922 1613 1950 sunt;
1629 1924 1721 1945 verum

939 1969 1019 1996 etiam
1032 1975 1092 2003 qua:
1110 1966 1277 2002 singulorqu
1295 1966 1366 1992 scire
1389 1964 1531 1997 intererat,
1556 1968 1585 1990 ut
1598 1971 1651 1997 quo
1666 1963 1725 1990 loco

939 2014 1049 2048 perditae
1071 2013 1117 2041 (iis
1141 2012 1224 2039 asina:
1257 2010 1525 2045 im'eniripoterant
1544 2009 1628 2044 ;quis
1653 2007 1725 2035 futu-

940 2067 987 2087 rus
1008 2063 1068 2086 erat
1090 2057 1188 2090 morbi,
1212 2064 1265 2091 quo
1287 2056 1437 2091 mgrotabat
1453 2055 1526 2082 ﬁlius
1542 2054 1613 2089 regis
1628 2052 1723 2086 Israel,

940 2104 1048 2138 exitus;
1062 2108 1109 2131 aut
1124 2103 1146 2130 si
1161 2103 1225 2138 quid
1241 2102 1314 2129 aliud
1329 2101 1449 2136 ejusdem
1467 2101 1574 2135 generis
1599 2100 1626 2127 in
1638 2098 1725 2126 sacris

101 2144 232 2194 ’Ἓλληνας
265 2144 374 2186 λεκτέον
400 2144 582 2190 ἀπειθοῦντας
613 2160 648 2194 τῇ
683 2159 716 2185 ἐκ
751 2144 883 2193 παρθένου

974 2151 1038 2178 teris
1062 2153 1182 2178 notatur.
1207 2149 1236 2176 id
1260 2149 1342 2176 etiam
1371 2147 1513 2174 dicendum
1534 2146 1656 2178 Graecis,
1678 2144 1724 2180 qui

100 2204 204 2238 γενέσει
218 2204 266 2231 τοῦ
283 2203 432 2239 Ἰησοῦ,ὃτι
447 2205 461 2230 ὁ
474 2203 646 2239 Δημιουργὸς
662 2204 691 2229 ὲν
706 2205 739 2239 τῇ
754 2203 810 2230 τῶν
824 2212 884 2230 ποι-

100 2250 180 2278 κίλων
192 2250 268 2283 ζώων
283 2251 390 2285 γενέσει
406 2251 505 2283 ἔδειξεν
515 2270 522 2283 ,
539 2252 580 2277 δτι
595 2249 629 2286 ἦν
642 2250 716 2285 αὐτῷ
732 2250 886 2286 βουληθέντι

99 2296 209 2323 δυνατὸν
222 2297 334 2332 ποιῆσαι
350 2297 418 2332 ὅπερ
434 2297 477 2330 ἐφ’
491 2296 551 2328 ὲνδς
566 2295 636 2328 ζώου
647 2315 654 2328 ,
672 2296 720 2322 καὶ
733 2296 776 2322 ἐπ’
787 2296 885 2328 ἄλλων,

99 2343 148 2370 καὶ
162 2343 203 2368 ἐπ’
218 2342 307 2369 αὐτῶν
327 2342 382 2369 τῶν
402 2342 563 2377 ἀνθρώπων.
585 2342 751 2378 Εὑρίσκεται
770 2341 799 2368 δέ
825 2350 887 2368 τινα

99 2388 154 2416 τῶν
167 2387 243 2420 ζώων
254 2388 348 2424 θήλεα,
359 2388 396 2423 μὴ
411 2387 506 2424 έχοντα
521 2387 635 2423 ἄρρενος
647 2387 800 2423 κοινωνίαν,
813 2387 851 2418 ὡς
862 2386 887 2413 οἱ

99 2434 164 2470 περὶ
178 2433 254 2466 ζώων
266 2433 473 2470 ἀναγράψαντες
487 2433 597 2467 λέγουσι
616 2433 680 2468 περὶ
703 2432 797 2467 γυπῶν
814 2431 868 2467 (84)
877 2440 885 2447 ·

940 2196 1021 2232 355
1043 2195 1255 2224 noluntcredere
1276 2194 1368 2221 Jesum
1388 2202 1449 2222 esse
1459 2197 1550 2220 natum
1560 2199 1592 2220 ex
1603 2190 1724 2226 Virgine,

938 2243 1113 2270 Conditorem
1142 2242 1169 2269 in
1193 2240 1333 2268 variorum
1368 2239 1525 2267 animalium
1551 2238 1726 2273 generatione

939 2289 1097 2317 declarasse
1126 2287 1201 2315 hanc
1227 2286 1278 2314 sibi
1312 2286 1396 2313 fuisse
1423 2288 1600 2320 potestatem,
1630 2287 1678 2315 ut,
1701 2281 1725 2309 si

939 2337 1077 2369 libuisset,
1093 2334 1166 2369 quod
1186 2340 1251 2368 erga
1267 2340 1350 2359 unum
1358 2332 1433 2363 fecit,
1448 2332 1474 2358 id
1490 2332 1516 2358 in
1531 2334 1628 2357 caetera
1643 2333 1726 2362 atque

940 2382 1023 2410 etiam
1040 2388 1103 2415 erga
1118 2378 1255 2408 hominem
1290 2378 1400 2405 faceret.
1413 2377 1449 2403 At
1479 2376 1550 2403 inter
1575 2374 1725 2401 animantes

941 2427 1067 2463 quaedam
1089 2425 1196 2453 femime
1219 2427 1294 2457 sunt,
1309 2430 1379 2458 quae,
1393 2420 1498 2448 tametsi
1513 2427 1575 2447 cum
1598 2417 1724 2446 masculis

139 2511 161 2527 "
175 2510 254 2539 Deut.
266 2518 348 2545 xvtu,
361 2510 407 2544 H,
419 2510 465 2538 15.
502 2510 527 2527 ³⁵
545 2509 635 2546 lReg.
653 2518 692 2543 ιι,
708 2510 753 2537 20.
791 2511 814 2527 “
829 2509 863 2537 lli
876 2509 943 2544 Reg.
955 2514 1011 2540 xiv,
1027 2506 1070 2533 l2.
1107 2504 1130 2521 °"
1145 2503 1179 2532 iV
1196 2503 1264 2537 Reg.
1281 2510 1302 2534 ι,
1316 2501 1342 2529 5.

101 2588 198 2651 ἐ
234 2587 426 2622 Ιίωεοιιειὶυε,
454 2588 563 2623 εἴρηται
593 2587 641 2615 sed
672 2594 767 2615 omnes
799 2594 884 2620 mss..

154 2631 192 2650 κε.

138 2658 189 2693 (80)
223 2657 522 2693 Ἐπαγτελλομένωνχ
549 2658 597 2693 Sic
619 2661 692 2693 recte
715 2656 808 2693 code;
832 2656 881 2693 Ba;

101 2690 222 2722 liléen'sis
254 2700 283 2728 et
301 2690 360 2722 tres
383 2690 535 2728 Anglicani.
556 2692 651 2728 Alias,
668 2690 886 2728 »ἀπαγγελλομέ-

101 2736 164 2760 νων,
177 2728 258 2755 male.
273 2727 358 2762 Paulo
377 2725 439 2762 post
459 2728 526 2754 libb.
543 2728 606 2754 editi
631 2726 741 2758 habent,
763 2725 885 2762 Ίουδαίοι

102 2763 128 2790 εί
142 2762 274 2798 μηδεμίαν
289 2759 384 2798 εἶχονγξ
397 2763 445 2798 sed
462 2770 524 2789 cum
542 2761 674 2798 redundet
688 2761 728 2792 εί,
743 2768 793 2789 nec
806 2760 841 2789 sil
857 2760 885 2788 in

104 2796 194 2826 codice
205 2796 324 2831 Joliano,
341 2797 408 2825 illud
422 2804 438 2825 e
452 2801 527 2825 textu
540 2796 731 2831 expuuximus.

974 2583 1031 2620 (8i)
1046 2583 1131 2620 Libb.‘
1141 2583 1205 2620 editi
1219 2602 1226 2613 .
1250 2582 1283 2609 ἂν
1296 2580 1429 2616 ἔγραψαν,
1444 2578 1490 2606 scd
1506 2581 1637 2612 prmstare
1650 2577 1722 2605 vide-

940 2617 1258 2664 ‘“'L;!2Lc".°..‘§‘i"7f°“l“z

987 2654 1031 2688 82)
1046 2654 1130 2684 Alias,
1145 2654 1318 2688 ἐπιζητῆσαι.

987 2655 1031 2688 82)
1046 2655 1130 2684 Alias,
1145 2655 1318 2687 ἐπιζητῆσαι.

975 2655 1030 2725 (83)
1047 2687 1265 2715 Πιστευόντων.
1289 2685 1466 2713 Scribeudum
1484 2684 1590 2710 videtur
1612 2689 1723 2710 πιστευ-

941 2724 1262 2798 σόῖἕῖἶᾟωεειιοιίμειοι
1272 2754 1465 2798 Spencerus‘in
1480 2757 1552 2798 textu
1567 2751 1720 2798 χυπῶν.¹ρ‹1

939 2787 1090 2828 marginem
1108 2799 1173 2820 vero
1191 2787 1400 2824 halient'yuruig.
1425 2789 1554 2816 Ambros.
1571 2787 1619 2816 lib.
1637 2795 1650 2813 ν
1667 2787 1722 2815 [lu
