1843 3076
143 83 190 111 751

865 88 1024 118 ORIGENIS

1715 87 1768 114 752

140 149 195 170 non
221 142 379 179 jungantur,
407 145 449 172 sui
480 149 570 174 tamen
591 147 699 182 generis
723 149 925 177 successionem

996 150 1024 176 αὶ
1039 149 1115 176 τοῦτο
1130 149 1158 175 τὸ
1173 149 1240 181 ζῶον
1255 148 1339 184 χωρὶς
1354 148 1452 184 μίξεως
1469 147 1548 179 σώζει
1569 147 1621 182 τὴν
1640 146 1768 181 ὄιαῶχὴν

141 193 259 222 servant,
272 190 342 217 sicut
355 191 474 225 produnt
489 192 523 219 de
543 193 696 222 vulturibus
722 195 738 222 ii
757 196 803 230 qui
820 196 852 223 de
867 197 925 224 ani-

139 232 256 260 malibus
265 233 406 268 scripsere.
418 234 486 267 Quid
499 236 582 271 igitur
593 237 751 266 incredibile
762 244 815 272 est.
830 248 844 267 a
857 241 923 274 Deo,

141 277 186 310 qui
217 277 335 304 divinum
365 280 510 313 quemdam
530 282 688 317 magistrum
714 285 746 312 ad
774 285 924 313 humanum

139 329 223 356 genus
235 323 343 350 mittere
358 324 476 359 volebat,
494 327 632 360 provisum
644 328 740 364 fuisse,
760 334 786 357 Jt
802 332 924 359 nascitu-

138 373 185 393 rus
209 366 336 395 Christus
360 368 413 395 alia
440 370 548 399 ratione
578 372 605 399 in
634 372 721 401 lucem
745 375 876 409 prodiret,
893 384 925 404 ac

138 411 229 438 caeteri
245 411 369 440 homines
380 413 424 447 qui
451 421 484 441 ex
510 414 562 443 viri
583 424 643 444 cum
673 417 772 445 femina
788 421 924 448 consortio

138 458 308 485 nascuntur?
331 458 400 491 Quid
419 461 491 494 quod
505 465 531 488 et
555 461 605 495 ipsi
635 463 721 491 Grzeci
738 464 857 492 fatentur
871 473 923 493 non

137 508 231 530 omnes
242 503 365 532 homines
380 511 526 541 prognatOS
545 514 605 535 esse
618 515 652 535 ex
676 516 752 537 mare
770 514 797 537 et
809 510 922 538 femina.

138 549 167 577 Si
187 551 259 578 enim
292 551 379 579 factus
408 557 449 580 est
474 555 600 587 mundus,
624 555 696 589 quod
720 556 812 584 multis
841 558 923 585 etiam

137 595 293 624 Grmcorum
310 597 408 631 placet,
425 605 536 626 necesse
558 604 598 628 est
613 601 715 634 primos
730 601 853 630 homines
868 611 922 630 non

137 641 224 668 fuisse
237 642 288 669 hoc
307 643 386 671 modo
411 649 498 677 natos,
514 645 559 672 sed
584 646 674 680 potius
702 654 736 674 ex
759 651 839 679 terra,
863 655 923 683 qua;

138 688 274 715 rationem
294 689 430 717 seminqu
443 690 612 719 continebat.
629 691 705 725 Quod
728 694 836 727 quidem
856 694 922 720 mihi

138 733 219 769 longe
242 735 331 763 minus
347 736 486 770 probabile
500 737 617 771 videtur,
633 746 714 773 quam
731 738 823 766 Jestnn
847 740 920 767 nasci

137 779 251 814 perinde
262 788 293 808 ac
300 787 413 809 caeteros
425 782 560 816 homines,
569 783 678 811 dimidia
690 784 786 811 saltem
794 793 826 811 ex
836 790 920 819 parte.

138 822 192 851 Sed
218 825 346 858 quoniam
371 834 430 853 cum
457 826 560 854 Graecis
587 828 709 862 agimus,
732 836 785 856 non
805 830 922 857 alienum

137 868 219 896 fuerit
234 870 313 897 etiam
327 869 429 898 Graecis
443 871 565 898 historiis
577 872 625 904 uti,
639 877 668 899 ut
683 880 717 900 ne
731 873 780 900 soli
797 881 852 901 rem
868 879 922 902 tam

137 914 275 942 insolitam
287 915 392 942 referre
406 915 557 943 videamur.
571 915 628 944 Non
641 917 799 944 dubitarunt
812 918 922 953 quidam

137 959 270 991 scribere,
299 967 360 987 cum
383 967 436 987 non
469 965 576 988 veteres
591 965 618 988 et
643 962 776 995 heroieas,
807 963 855 990 sed
880 971 923 990 res

138 1004 284 1032 novissime
303 1010 392 1039 gestas
417 1010 572 1037 narrarent,
603 1005 742 1034 Platonem
759 1015 791 1034 ex
807 1008 922 1042 Amphi-

137 1052 228 1078 ctione
253 1057 312 1078 esse
327 1055 432 1084 natum,
447 1051 622 1086 Aristonique
645 1052 817 1080 interdictum
839 1052 923 1080 fuisse

138 1103 173 1122 ne
199 1097 233 1123 ad
259 1096 332 1123 illam
357 1096 510 1128 accederet,
538 1097 624 1124 donec
641 1096 724 1124 filium
745 1104 779 1124 ex
800 1097 924 1132 Apolline

138 1145 299 1174 conceptum
308 1142 468 1176 peperisset.
481 1140 580 1167 Verum
590 1141 647 1169 haec
662 1149 742 1169 mera.-
751 1146 816 1168 sunt
827 1141 924 1169 fabulae

138 1185 190 1213 hoc
202 1187 319 1214 consilio
335 1188 505 1222 excogitatae,
519 1192 547 1215 ut
561 1195 642 1222 quem
658 1187 795 1214 hominem
815 1188 923 1222 sapien-

139 1231 175 1258 tia
191 1235 218 1258 et
233 1232 334 1259 virtute
348 1233 454 1260 caeteris
467 1232 632 1261 antecellere
644 1232 846 1265 existimabant,
861 1234 883 1260 is
907 1240 922 1259 ιι

138 1279 375 1312 przeslantioribus
399 1279 634 1315 divinioribusque
665 1279 808 1315 principiis
843 1287 921 1306 suum

138 1332 238 1358 corpus
253 1324 368 1351 traxisse
393 1329 550 1359 putaretur:
577 1326 652 1360 quasi
681 1325 706 1351 id
733 1325 842 1352 deceret
864 1331 920 1357 eos,

138 1369 184 1404 qui
202 1369 316 1404 majores
333 1374 406 1402 sunt,
421 1378 500 1404 quam
516 1370 640 1397 homines
654 1377 715 1397 esse
733 1369 830 1397 solent.
847 1369 923 1402 Quod

139 1419 232 1442 autem
243 1415 338 1443 Celsus
356 1414 477 1443 Judzeum
495 1416 607 1448 inducit,
620 1415 665 1450 qui
683 1423 743 1442 cum
759 1415 822 1442 Jesu
837 1415 922 1443 collo-

976 195 1030 221 τῶν
1047 194 1142 229 γενῶν.
1163 195 1195 221 Τί
1217 192 1263 221 οὖν
1286 194 1463 230 παράδοξον,,
1475 194 1499 220 εἰ
1516 191 1660 228 βουληθεὶς
1672 193 1686 218 ὁ
1699 192 1769 224 Θεὸς

977 239 1046 268 θεῖόν
1061 248 1121 266 τινα
1143 239 1298 266 διδάσκαλον
1319 239 1425 274 πέμψαι
1438 238 1478 273 τῷ
1496 238 1571 272 γένει
1587 237 1644 263 τῶν
1659 236 1769 272 ἀνθρώ-

975 293 1044 317 πων,
1071 285 1221 319 πεποίηκεν
1246 285 1308 311 ἀντὶ
1331 282 1517 319 σπερματικοῦ
1544 283 1636 317 λόγου,
1662 282 1711 308 τοῦ
1738 284 1771 309 ἐκ

977 329 1076 365 μίξεως
1092 329 1145 356 τῶν
1160 330 1280 365 ὰρῤένων
1289 331 1349 360 ταῖς
1356 328 1486 363 γυναιξὶν,
1495 328 1567 363 ἄλλῳ
1580 328 1675 364 τρόπῳ
1689 327 1772 361 γενέ-

976 375 1037 402 σθαι
1055 375 1101 401 τὸν
1116 374 1196 409 λόγον
1216 374 1263 401 τοῦ
1278 374 1494 409 τεχθησομένου;
1510 373 1567 400 Καὶ
1589 373 1650 399 κατ’
1667 373 1772 404 αὐτοὺς

974 419 1003 446 δὲ
1013 421 1075 451 τοὺς
1088 420 1230 454 Ἕλληνας,
1247 420 1276 446 οὐ
1289 420 1389 450 πάντες
1406 419 1543 455 ἄνθρωποι
1560 418 1589 451 ἐξ
1607 417 1705 453 ἀνδρὸς
1723 418 1772 444 καὶ

975 465 1102 500 γυναικὸς
1112 465 1244 500 ἐγένοντο.
1261 465 1292 492 Εἰ
1303 465 1356 500 γὰρ
1368 465 1479 500 γενητός
1490 466 1562 491 ἐστιν
1570 465 1584 491 ὁ
1599 464 1715 498 κόσμος,
1733 464 1772 495 ὡς

974 511 1022 538 καὶ
1034 511 1142 542 πολλοῖς
1176 510 1308 546 Ἑλλήνων
1318 511 1425 546 ἤρεσεν,
1442 510 1546 545 ἀνάγκη
1562 510 1626 541 τοὺς
1639 509 1772 544 πρώτους

976 557 1012 592 μὴ
1030 557 1062 583 ἐκ
1080 557 1222 588 συνουσίας
1237 557 1387 591 γεγονέναι,
1414 556 1470 582 ἀλλ’
1487 556 1541 582 ἀπὸ
1556 556 1618 591 γῆς,
1636 564 1770 590 σπερμα-

973 601 1057 628 τικῶν
1069 602 1156 635 λόγων
1166 602 1319 628 συστάντων
1334 602 1362 627 ἐν
1377 603 1409 637 τῇ
1422 603 1467 636 γῇ.
1483 602 1570 636 Ὅπερ
1582 600 1660 636 οἶμαι
1677 609 1771 635 παρα-

973 646 1111 682 δοξότερον
1126 645 1194 673 εἶναι
1201 647 1247 673 τοῦ
1257 646 1286 679 ἐξ
1295 638 1409 682 ἡμίσους
1417 647 1518 681 ὁμοίως
1528 648 1584 678 τοῖς
1596 646 1700 677 λοιποῖς
1711 645 1769 680 (85)

974 691 1128 726 ἀνθρώποις
1150 692 1275 726 γενέσθαι
1302 692 1346 719 τὸν
1374 691 1486 727 Ἰησοῦν.
1516 691 1599 718 Οὐδὲν
1618 691 1640 717 δ’
1664 691 1768 718 ἄτοπον

974 737 1041 772 πρὸς
1059 737 1189 772 ’Έλληνας
1207 737 1254 764 καὶ
1267 737 1433 771 Ἑλληνικαῖς
1453 737 1582 772 ἱστορίαις
1596 735 1768 772 χρήσασθαι,

973 782 1016 808 ἵνα
1041 782 1077 817 μὴ
1098 781 1219 816 δοκῶμεν
1239 782 1313 816 μόνοι
1334 783 1368 816 τῇ
1384 781 1528 818 παραδόξῳ
1548 782 1654 816 ἱστορίᾳ
1677 780 1769 815 ταύτῃ

973 827 1133 863 κεχρῆσθαι.
1151 827 1243 859 Ἔδοξε
1261 828 1314 862 γάρ
1332 836 1402 853 τισιν
1418 827 1448 853 σὺ
1463 827 1526 862 περὶ
1546 826 1668 861 ἀρχαίων
1683 826 1769 852 τινῶν

975 873 1098 908 ἱστοριῶν
1112 873 1158 899 καὶ
1169 872 1306 907 ἡρωϊκῶν,
1323 871 1391 898 ἀλλὰ
1406 872 1453 898 καὶ
1469 871 1531 906 περί
1548 880 1628 897 τινων
1644 870 1711 906 χθὲς
1719 871 1769 897 καὶ

974 917 1070 953 πρώην
1084 916 1247 952 γενομένων,
1264 916 1418 952 ἀναγράψαι
1441 915 1479 947 ὼς
1500 915 1621 946 δυνατὸν,
1647 915 1692 940 ὅτι
1719 915 1767 940 καὶ

973 963 1085 989 Πλάτων
1107 962 1161 988 ἀπὸ
1186 962 1234 997 τῆς
1265 961 1453 997 Ἀρφικτιόνης
1478 960 1533 995 (86)
1552 960 1658 993 γέγονε,
1678 959 1768 985 κωλυ-

973 1007 1063 1039 θέντος
1078 1007 1124 1034 τοῦ
1137 1008 1296 1043 Ἀρίστωνος
1309 1008 1376 1042 αὐτῇ
1389 1005 1531 1037 συνελθεῖν,
1545 1005 1597 1037 ἕως
1611 1005 1767 1041 ἀποκυήσει

972 1052 1018 1079 τὸν
1031 1053 1060 1086 ἐξ
1074 1052 1239 1083 Ἀπόλλωνος
1256 1052 1404 1087 σπαρέντα.
1426 1051 1504 1077 Ἀλλὰ
1518 1050 1604 1077 ταῦτα
1627 1050 1677 1086 μὲν
1699 1050 1766 1084 ἁλη-

973 1098 1027 1130 θῶς
1041 1098 1129 1133 μῦθοι,
1145 1098 1305 1133 κινήσαντες
1322 1097 1377 1132 (87)
1393 1098 1432 1128 εἰς
1445 1097 1475 1123 τὸ
1490 1096 1643 1123 ἀναπλάσαι
1659 1095 1765 1122 τοιοῦτό

973 1152 998 1169 τι
1018 1144 1082 1179 περὶ
1102 1143 1208 1178 ἀνδρὸς,
1232 1143 1262 1169 ὃν
1289 1141 1410 1178 ἐνόμιζον
1439 1142 1548 1177 μείζονα
1575 1141 1630 1167 τῶν
1657 1140 1764 1167 πολλῶν

974 1187 1068 1222 ἔχοντα
1086 1187 1181 1221 σοφίαν
1198 1188 1245 1214 καὶ
1259 1186 1383 1222 δύναμιν,
1398 1187 1445 1213 καὶ
1461 1186 1515 1212 ἀπὸ
1531 1186 1696 1221 κρειττόνων
1715 1186 1763 1212 καὶ

974 1233 1117 1268 θειοτέρων
1132 1233 1295 1268 σπερμάτων
1311 1233 1359 1267 τὴν
1375 1232 1462 1267 ἀρχὴν
1475 1232 1524 1267 τῆς
1542 1232 1701 1264 συστάσεως
1715 1231 1762 1258 τοῦ

975 1275 1100 1315 σῶματος
1113 1279 1260 1314 εἰληφέναι,
1276 1279 1313 1310 ὠς
1323 1278 1395 1304 τοῦίν
1407 1278 1525 1314 ἁρμόζον
1538 1280 1593 1308 τοῖς
1611 1279 1733 1313 μείζοσιν
1746 1278 1761 1312 ἦ

975 1325 1046 1352 κατὰ
1057 1325 1208 1359 ἇνθρωποψ
1220 1325 1280 1351 ἐπεὶ
1294 1324 1322 1350 δὲ
1337 1325 1381 1351 τὸν
1402 1324 1524 1350 Ἰουδαῖον
1537 1324 1551 1350 ὁ
1564 1324 1669 1354 Κέλσος
1686 1323 1761 1358 εἰσή-

973 1378 1042 1404 γαγε
1055 1370 1246 1405 διαλεγόμενον
1260 1369 1298 1404 τῷ
1318 1368 1414 1403 Ἰησοῦ,
1423 1370 1470 1395 καὶ
1484 1369 1647 1404 διασύροντα
1656 1369 1705 1404 τὴν
1715 1369 1761 1402 (ὡς

973 1415 1078 1451 οἴεται),
1090 1415 1269 1450 προσποίησιν
1282 1414 1330 1449 τῆς
1345 1414 1376 1440 ὲκ
1399 1413 1535 1449 Παρθένου
1559 1414 1695 1448 γενέσεως
1714 1414 1761 1440 αὺ-

140 1468 224 1495 quens
242 1462 331 1488 lictam
346 1461 415 1495 ejus,
435 1465 462 1488 ut
478 1464 567 1496 putat,
583 1469 617 1488 ex
633 1461 737 1496 virgine
753 1461 921 1488 nativitatem

996 1459 1031 1491 r3,
1048 1459 1163 1495 φέροντα
1177 1460 1239 1491 τοὺς
1261 1459 1430 1494 Ἑλληνικοὺς
1450 1458 1551 1493 μύθους
1573 1459 1639 1493 περὶ
1655 1458 1761 1492 Δανάης

141 1506 271 1533 conviciis
295 1506 406 1534 incessit
430 1512 545 1540 eamque
569 1506 628 1533 loco
652 1506 733 1533 habet
757 1505 923 1540 fabularum,

144 1610 314 1637 maem..cap.
323 1604 372 1631 20:
381 1612 392 1630 ‹
407 1605 529 1633 Diximus
541 1606 573 1633 de
584 1606 715 1634 viduitate
726 1607 827 1640 avium,
842 1614 917 1634 eam-

141 1648 195 1674 que
210 1640 243 1666 ab
267 1640 321 1667 i.lis
341 1641 457 1674 primum
475 1645 597 1668 exortam
614 1648 675 1668 esse
688 1641 827 1668 virtutem.
842 1642 917 1669 Nunc

141 1675 175 1702 de
190 1675 344 1709 integritate
358 1675 490 1706 dicamus,
505 1683 564 1709 qua:
577 1677 603 1703 in
620 1675 745 1710 plurimis
759 1676 866 1710 quidem
880 1677 918 1704 ita

141 1716 202 1737 esse
218 1714 398 1741 asseveratur,
418 1714 447 1736 ut
458 1710 544 1744 possit
558 1711 641 1738 etiam
655 1711 683 1737 in
701 1711 854 1738 vulturibus
868 1711 917 1738 de—

139 1744 281 1778 prehendi.
298 1744 436 1779 Negantur
459 1744 530 1771 enim
551 1745 673 1772 vultures
693 1745 834 1779 indulgere
853 1753 918 1772 cou-

141 1779 256 1819 cubitui,
272 1783 309 1819 et
319 1778 452 1819 conjugali
469 1780 585 1819 quodam
599 1787 648 1819 usu
671 1778 853 1819 nuptialisque
872 1787 919 1807 co-

141 1813 211 1848 pulo:
221 1818 294 1841 sorte
307 1813 425 1845 misceri,
441 1819 521 1848 atque
537 1815 572 1841 ita
586 1815 646 1842 sine
661 1813 715 1842 ullo
737 1813 917 1843 masculorum

141 1848 286 1882 concipere
302 1849 417 1884 semine.
431 1853 457 1876 et
478 1850 537 1884 sine
552 1849 744 1882 conjunctione
770 1856 914 1884 generare,

140 1881 273 1917 natosque
287 1890 320 1910 ex
331 1881 373 1910 his
384 1883 410 1910 in
429 1883 541 1910 multam
557 1881 663 1911 aetatem
679 1881 841 1918 longaa'vitze
857 1891 918 1918 pro-

141 1918 248 1950 cedere,
265 1923 295 1945 ιιι
309 1926 393 1953 usque
411 1918 445 1945 ad
458 1924 567 1946 centum
586 1926 671 1946 annos
686 1919 748 1946 vitae.
762 1926 857 1946 eorum
876 1925 919 1945 se-

141 1953 196 1980 ries
217 1953 400 1987 producatur;
417 1960 466 1980 nec
489 1953 568 1980 facile
592 1960 638 1980 eos
662 1954 768 1988 angusti
789 1953 839 1981 invi
857 1953 918 1980 linis

140 1988 269 2022 excipiat.
283 1988 352 2021 Quid
372 1988 458 2020 aiunt,
476 1990 521 2022 qui
542 1988 628 2015 solent
643 1987 734 2015 nostra
753 1987 841 2015 ridere
861 1995 919 2022 my-

141 2023 238 2053 steria,
249 2029 310 2049 cum
327 2023 439 2050 audiunt
454 2024 525 2055 quod
542 2023 617 2056 virgo
640 2023 780 2055 generavit
791 2041 798 2053 .
825 2027 853 2049 et
869 2022 921 2048 im-

139 2057 296 2091 possibilcm
313 2058 442 2092 innuptae,
453 2058 529 2092 cujus
550 2057 680 2091 pudorem
696 2057 766 2084 nulla
782 2057 832 2092 viri
857 2064 921 2092 con-

140 2093 255 2118 suetudo
278 2091 449 2124 temerasset,
471 2092 631 2119 existimant
650 2092 777 2126 partum?
793 2091 921 2126 lmpossi-

140 2125 195 2152 bile
210 2130 318 2160 putatur
331 2127 357 2153 in
371 2127 419 2153 Dei
437 2131 534 2157 matre,
549 2125 619 2159 quod
637 2125 664 2153 in
691 2125 845 2153 vulturibus
859 2133 921 2160 pos-

141 2160 219 2186 sibile
233 2168 284 2186 non
301 2161 432 2194 negatur?
447 2162 511 2187 Avis
523 2162 582 2188 sine
597 2160 716 2187 masculo
726 2161 806 2194 parit,
824 2165 851 2187 et
862 2161 920 2186 iml-

140 2193 184 2221 lus
202 2194 315 2228 refellit;
331 2193 358 2222 et
372 2196 434 2229 quia
452 2197 613 2229 desponsata
629 2195 688 2222 viro
706 2193 789 2221 Maria
802 2194 916 2228 peperit,

140 2229 253 2263 pudoris
269 2229 327 2262 ejus
351 2229 453 2256 faciunt
478 2229 668 2264 qumstionem.
693 2229 788 2256 Nonne
802 2230 920 2255 adverti—

141 2271 214 2295 mus,
228 2264 298 2297 quod
322 2264 452 2291 Dominus
464 2272 496 2291 ex
513 2265 569 2298 ipsa
592 2268 686 2290 natura
703 2264 815 2298 plurima
831 2271 922 2290 exeni-

141 2297 185 2331 pla
206 2303 268 2325 ante
289 2299 430 2333 praemisit,
454 2299 552 2333 quibus
574 2297 922 2333 susceptaiincarnationis

141 2332 268 2360 decorem
284 2332 422 2366 probaret,
438 2341 465 2360 et
484 2337 619 2359 astrueret
635 2332 920 2360 veritatemh'l‘ertull.

142 2366 191 2395 lib.
202 2369 326 2394 adversus
343 2367 544 2400 Valent.;llasil.
556 2367 763 2395 llexaemJiom.
776 2367 809 2399 8;
823 2366 922 2393 Elian;

141 2401 191 2431 lib.
210 2410 240 2435 Il,
255 2410 315 2436 cap.
337 2403 382 2435 46,
398 2403 436 2429 De
451 2403 618 2429 animalibus.
633 2402 700 2429 Vide
720 2401 857 2434 llorapoll.
876 2401 922 2428 lib.

142 2443 162 2470 I,
178 2445 240 2471 cap.
258 2438 302 2469 11,
321 2438 364 2469 l2;
379 2437 554 2464 Plutarchum
569 2437 594 2463 in
613 2436 759 2469 Qua’stion.
776 2436 921 2471 (laritanis;

126 2470 280 2500 -auct6rem
305 2473 425 2507 epistola:
452 2473 485 2498 ad
501 2471 610 2498 Ilieron.
632 2471 671 2498 De
685 2479 757 2507 cerea
774 2470 922 2507 Part/tali,-

143 2507 228 2535 Gesn.
250 2507 298 2534 lib.
313 2504 373 2540 vl”,
392 2507 428 2534 De
447 2507 516 2534 (tl‘lb.
531 2507 709 2538 Aldrovantl.,
724 2506 771 2532 lib.
796 2513 826 2532 ιιι
843 2504 925 2531 0mi-

143 2542 253 2577 tltolog.,
266 2549 325 2577 cap.
345 2544 368 2574 ι,
384 2543 420 2569 De
431 2542 583 2569 vulturibus
599 2550 604 2567 :
624 2550 633 2566 ι
658 2542 693 2568 Ut
705 2548 768 2567 vero
784 2541 847 2574 quid
864 2548 926 2566 seu-

143 2576 277 2605 tiam'hac
288 2576 314 2604 in
326 2585 355 2604 re
364 2578 466 2609 dicam,
480 2577 623 2610 plerosque
638 2576 715 2603 coire
733 2580 825 2602 certus
847 2581 924 2606 sum;

144 2616 171 2638 et
187 2612 308 2639 fabulosa
334 2617 439 2645 reputo,
465 2619 524 2646 qua:
539 2611 571 2638 de
585 2616 717 2645 conceptu
734 2617 768 2637 ex
785 2613 864 2637 vento
887 2610 926 2635 fe-

144 2652 250 2673 runtur.
271 2655 280 2671 ι
298 2646 426 2674 Srsucen.

181 2680 237 2714 (85)
259 2680 426 2708 Hmschelius
439 2689 487 2715 pro
500 2681 603 2713 λοιποῖς
619 2681 645 2708 in
659 2683 733 2706 textu
753 2680 846 2715 habet,
866 2678 927 2704 πολ-

145 2714 212 2784 Eg.
227 2715 298 2742 Idem
318 2715 388 2742 infra
403 2714 447 2743 ad,
459 2717 622 2750 marginem,
638 2715 685 2741 καὶ
704 2714 799 2749 πρώην
819 2722 929 2748 γεγενη-

182 2757 245 2776 νων.

182 2757 245 2776 νων.

183 2784 238 2821 (86)
263 2785 475 2822 Ἀμφικτιόνης.
489 2785 535 2814 Sic
556 2792 649 2814 omnes
672 2792 735 2812 mss.
749 2784 842 2820 sicque
858 2784 928 2811 infra

1721 1503 1763 1529 λε-

978 1507 1024 1533 καὶ
1036 1505 1218 1541 Μελανίππης
1229 1505 1285 1541 (88)
1299 1505 1345 1531 καὶ
1362 1504 1453 1540 Αΰγης
1468 1504 1513 1530 καὶ
1532 1503 1687 1538 Ἀντιόπης·

971 1608 1104 1642 Origencs
1122 1607 1191 1634 libro
1206 1611 1292 1638 sexto,
1312 1613 1425 1634 numero
1438 1611 1545 1633 octavo.
1564 1605 1759 1642 Verumtamen

972 1641 1094 1676 profanis
1109 1642 1268 1669 auctoribus
1284 1641 1404 1668 Platonis
1426 1645 1514 1676 mater
1529 1641 1760 1676 vocaturillaptx-

971 1675 1055 1712 τιόνη.
1069 1676 1184 1712 (Elian,
1198 1676 1245 1703 lib.
1257 1684 1284 1712 ιι,
1298 1683 1358 1712 cap.
1374 1675 1523 1712 ﬁndi/orig:
1536 1675 1620 1712 Ilist.,-
1635 1675 1758 1712 llieipn.,

972 1711 1019 1738 lib.
1037 1709 1045 1738 ἰ
1060 1711 1126 1737 Adv.
1139 1711 1240 1742 Jovin.;
1255 1709 1394 1743 Apuleius,
1410 1709 1457 1736 lib.
1473 1717 1480 1736 l
1494 1709 1533 1736 De
1552 1710 1672 1742 dogmat.
1692 1709 1756 1736 Pla-

972 1747 1060 1777 tonis;
1090 1746 1186 1780 Sltidas
1213 1745 1238 1771 in
1254 1744 1336 1780 ,Plal.
1350 1752 1359 1770 :
1384 1744 1561 1780 Περικτιᾷνης
1572 1744 1597 1780 -ῆ
1612 1744 1758 1780 γΠοτώνης.

975 1780 1096 1807 Laertius
1113 1780 1139 1806 in
1161 1778 1230 1806 Plat.
1243 1788 1252 1806 :
1269 1778 1442 1810 Σπεύσιππος
1455 1779 1483 1805 δὲ
1498 1778 1589 1814 suo
1610 1778 1760 1814 ὲπιγραᾴο-

1314 1804 1448 1853 δξίξινοῑξ,
1456 1806 1510 1853 χαλ.
1524 1804 1670 1853 Κλέαρχος

971 1841 1131 1881 Πλάτωνος
1144 1841 1286 1883 ἐγκῶμίῷ,
1299 1849 1345 1875 καὶ
1366 1841 1531 1883 Ἀναξιλίδης
1546 1849 1574 1883 ὲν
1586 1841 1752 1883 risu-cepe;

972 1884 1042 1925 ιζερί
1054 1880 1550 1925 φίβόεόξφωιῖ,’φησί’νχξᾼθῄνῂσιν’ἦν
1564 1880 1641 1925 iam
1657 1880 1759 1925 ὡραίαν

970 1916 1117 1959 obstrvit-hy
1126 1916 1302 1959 Περικτιόνην
1315 1916 1455 1959 βιάζεσθαῖ
1464 1918 1514 1959 τὸν
1529 1916 1692 1959 Ἀρίστωνα-ζ
1713 1918 1758 1958 καὶ

973 1953 1009 1988 μὴ
1031 1952 1180 1988 τυγχάνειν,
1201 1952 1351 1987 παυόμενόν
1365 1961 1395 1978 τε
1415 1953 1463 1987 τῆς
1489 1952 1549 1986 βίας
1573 1952 1635 1991 ἰδεῖν
1648 1952 1699 1987 τὴν
1714 1953 1758 1979 τοῦ

981 1988 1145 2018 Ἀπόλλωνος
1165 1987 1235 2021 ὄψιν,
1259 1988 1318 2014 ὅθεν
1332 1987 1454 2022 καθαρὰν
1468 1987 1556 2022 γάμου
1572 1986 1689 2022 φυλάξαι
1709 1987 1759 2018 ἕως

974 2023 1023 2058 τῆς
1047 2023 1234 2057 ἀποκυήσεως.
1261 2031 1272 2058 ι
1296 2021 1462 2058 Speusippus
1483 2023 1511 2048 in
1531 2022 1616 2058 Epit/0
1629 2021 1758 2058 Platonis

975 2055 1089 2090 funebri,
1110 2055 1151 2084 et'
1165 2055 1361 2084 Clearchus’in
1381 2055 1502 2083 Platoni:
1530 2055 1707 2089 laudatione,
1732 2060 1758 2083 et

974 2092 1134 2119 Anaxilides
1154 2092 1179 2118 in
1196 2091 1316 2118 secundo
1335 2091 1371 2117 De
1390 2090 1550 2124 philosophis
1568 2090 1656 2122 aiunt,
1674 2091 1757 2118 Athe-

978 2127 1019 2153 nis
1045 2126 1144 2152 lamam
1169 2125 1265 2157 fuisse,
1279 2126 1433 2152 Aristonem
1448 2132 1508 2152 cum
1524 2125 1688 2151 Perictiouze
1704 2126 1755 2152 vim

938 2153 960 2180 Ῑ)
976 2161 1107 2191 afferret.
1122 2160 1222 2186 frustra
1245 2153 1372 2187 conatum
1398 2167 1473 2192 esse;
1498 2166 1617 2192 cumque
1635 2159 1670 2185 ab
1691 2160 1756 2187 infe-

975 2196 1058 2222 renda
1076 2195 1102 2221 vi
1119 2195 1276 2225 destitisset,
1288 2194 1419 2228 Apollinis
1439 2194 1555 2228 speciem
1583 2193 1620 2220 illi
1638 2194 1753 2220 oblatam

972 2236 1031 2257 esse
1048 2238 1055 2256 :
1074 2230 1200 2263 quocirca
1213 2236 1271 2255 eam
1283 2236 1296 2255 a
1313 2229 1456 2262 complexu
1475 2229 1607 2262 integram
1624 2235 1710 2261 usque
1725 2231 1754 2255 ad

973 2262 1262 2298 partunfservavisse.
1284 2273 1294 2289 ι
1314 2263 1452 2297 Apuleius,
1465 2263 1575 2289 llicrou.
1597 2267 1624 2289 et
1642 2262 1752 2298 VSuidas,

973 2299 1039 2326 ibid.
1052 2298 1123 2324 Plut.
1138 2297 1230 2332 Symp.
1245 2298 1291 2325 lib.
1305 2305 1364 2329 vui,
1379 2302 1475 2331 qua'st.
1490 2298 1515 2328 1,
1526 2298 1590 2325 dicit
1601 2297 1753 2324 Aristonem

975 2333 1111 2359 audivisse
1126 2340 1230 2363 vocem,
1245 2340 1303 2366 qua:
1311 2333 1398 2359 eidem
1414 2339 1588 2365 congressum
1600 2339 1649 2365 per
1661 2333 1751 2358 decem

974 2375 1081 2394 menses
1091 2367 1237 2401 prohibuit.
1255 2367 1397 2400 Eumdcm,
1412 2367 1434 2394 si
1448 2372 1535 2399 vacat,
1555 2366 1749 2400 disquireutem

973 2402 1046 2429 vide.
1067 2403 1198 2429 Spsscsn.

1010 2437 1065 2470 (87)
1086 2436 1178 2463 Μῦθοι
1201 2435 1389 2469 κινήσαντες.
1413 2435 1555 2463 Boherello
1579 2435 1750 2463 scribendum

975 2471 1099 2502 videtur,
1125 2471 1202 2505 μῦθοι
1217 2471 1397 2505 κινηῡέντων·
1425 2471 1521 2497 Guieto
1546 2476 1648 2503 autem.
1667 2471 1749 2505 μῦθοι.

983 2506 1160 2540 Ἐκινήοησαν
1173 2506 1227 2541 γὰρ
1241 2505 1403 2541 ὰναῇλάσαι.

1012 2540 1067 2576 (88)
1082 2540 1291 2576 Μελανίππης-τ
1299 2540 1378 2568 Forte
1387 2540 1556 2576 scribendum
1565 2540 1748 2575 Μεναλίππης.

977 2576 1077 2602 lhidcm
1100 2583 1152 2601 non
1169 2576 1215 2601 καὶ
1226 2575 1326 2608 Λὺγῆς,
1341 2576 1388 2602 sed
1406 2575 1452 2601 καὶ
1468 2575 1560 2609 Αὔγης
1577 2576 1657 2602 habet
1671 2578 1750 2603 codex

977 2610 1150 2641 Basilccnsis,
1166 2615 1192 2636 et
1208 2611 1244 2636 ita
1261 2611 1390 2636 scribitur
1403 2611 1473 2644 apud
1495 2610 1689 2644 Apollodorum
1714 2611 1751 2638 Bi-

979 2645 1074 2672 blioth.
1085 2644 1151 2670 libb.
1168 2653 1185 2671 ιι
1199 2650 1225 2671 et
1238 2652 1280 2676 ιιι,
1293 2645 1387 2678 sicque
1402 2645 1510 2671 nomina
1520 2645 1627 2679 propria
1641 2652 1748 2672 accentu

978 2683 1080 2706 mutato
1099 2678 1133 2705 ab
1151 2680 1213 2706 aliis
1237 2679 1391 2706 nominibus
1420 2678 1547 2712 distingui
1575 2681 1685 2707 debent.
1715 2681 1747 2706 Ita

979 2721 1060 2747 supra
1080 2713 1145 2741 libb.
1160 2714 1283 2748 impressi
1301 2718 1373 2740 recte
1384 2715 1506 2740 scribunt
1520 2713 1617 2746 Λύξου,
1631 2722 1692 2741 cum
1707 2716 1748 2740 ad-

978 2748 1105 2782 jectivum
1133 2749 1232 2775 habeat
1256 2747 1349 2780 Λοξός.
1367 2749 1416 2782 νιιιι
1441 2749 1637 2776 celeberrimus
1652 2749 1746 2776 Barncs

984 2782 1062 2811 Iliad.
1074 2783 1111 2811 B'.
1126 2783 1177 2812 592
1188 2783 1336 2810 ;Εὕκτιτον
1344 2781 1425 2816 Mm,
1435 2783 1467 2811 ad
1481 2783 1551 2820 quod
1560 2784 1635 2812 brev.
1649 2784 1743 2812 schola
