1843 3076
92 120 150 148 733

694 122 834 151 CONTRA
852 121 989 149 CELSUM
1006 121 1070 150 LIB.
1089 122 1108 149 l.

1666 121 1699 148 75
1704 121 1717 148 ι

96 185 188 217 κτὲον,
199 185 330 212 ὅτιταῦτα
337 183 482 220 βωμολόχῳ
494 183 595 220 ἔπρεπε
609 183 642 211 τὰ
656 185 777 219 ῥήματα,
793 183 854 211 καὶι

965 191 1001 210 tas
1016 183 1049 211 de
1065 183 1166 216 Danae,
1180 182 1343 217 Melanippe,
1365 182 1440 216 Auge
1454 186 1480 210 et
1501 182 1614 217 Antiope
1629 182 1716 210 Graeci

94 229 274 261 σπουδάζοντι
287 229 316 255 ὲν
328 230 362 264 τῇ
376 229 541 265 ἀπαγγελίᾳ.

134 316 197 342 Ἔτι
214 316 242 342 δὲ
256 315 344 342 λαϐὼν
363 316 417 342 ἀπὸ
430 315 480 351 τῆς
497 315 692 351 γεγραμμένης
712 316 740 342 ὲν
756 315 794 350 τῷ
812 316 882 342 κατὰ

93 361 236 388 Ματθαίον
251 361 407 396 Εὑαγγελίῳ
425 361 545 396 ἱστορίας
559 361 623 397 περὶ
638 360 684 388 τοῦ
698 362 737 392 εις
747 360 882 394 Αἴγυπτον

93 405 330 441 ἀποδεδημηκέναι
342 407 387 433 τὸν
407 406 519 441 Ἰησοῦν,
532 407 589 438 τοῖς
607 407 654 441 μὲν
669 405 828 441 παραδόξοις
843 406 883 437 εἰς

92 451 175 477 τοῦτο
189 452 239 478 οὐκ
259 452 428 484 ἐπίστευσεν,
444 451 500 478 οὔθ’
516 452 557 478 ὄτι
571 452 684 486 ἄγγελος
704 451 782 478 τοῦτο
799 451 882 486 ἔχρη-

94 505 153 529 σεν,
172 496 234 523 οὔτε
249 498 275 524 εἰ
287 506 313 524 τι
327 497 451 533 ᾐνίσσετο
470 498 484 524 ὁ
509 497 666 524 καταλιπὼν
680 497 729 533 τὴν
754 497 881 524 Ἰουδαίαν

99 542 216 577 Ἰησοῦς,
240 543 285 569 καὶ
300 543 328 569 ἐν
344 543 474 578 Αἰγύπτῳ
493 543 633 578 ἐπιδημῶν
643 551 650 558 ⁸
667 542 800 569 ἀνέπλασε
812 542 840 568 δέ
856 550 882 568 τι

91 589 199 626 ἓτερον,
216 588 452 624 συγκαταθέμενος
465 589 513 623 μέν
529 597 586 619 πως
599 589 658 619 ταῖς
668 587 827 622 παραδόξοις
841 587 883 613 δυ-

91 633 220 669 νάμεσιν,
238 633 271 665 ἃς
293 633 396 668 Ἰησοῦς
410 633 547 668 ἐποίησεν,
569 634 598 659 ὲν
620 629 664 664 αἶς
682 633 745 663 τοὺς
769 631 882 663 πολλοὺς

91 679 201 706 ἔπεισεν
221 678 377 706 ἀκολουθεῖν
400 678 473 714 αὺτῷ
488 678 525 710 ὡς
539 677 649 714 Χριστῷ
661 686 667 693 ·
684 677 836 704 διαϐάλλειν
858 677 880 704 δ’

91 724 178 755 αὑτὰς
194 724 352 759 βουλόμενος
367 725 404 755 ὼς
419 724 472 750 ἀπὸ
488 725 610 759 μαγείας,
623 724 670 750 καὶ
685 724 715 750 οὐ
730 724 789 759 θείᾳ
802 723 881 751 δυνά-

92 777 139 804 μει
149 777 249 804 γεγενη
254 769 347 804 μένας·
357 769 423 804 φησι
432 769 485 804 γὰρ
495 779 503 795 ι
515 769 595 796 αὑτὸν
610 769 714 797 σκότιον
729 771 878 806 τραφέντα,

91 814 317 850 μισθαρνήσαντα
340 815 380 846 είς
403 814 550 848 Αἴγυπτον,
573 815 711 851 δυνάμεών
724 823 804 842 τινων
820 824 880 842 πει-

96 860 227 895 ραθέντα,
247 860 350 886 ἐκεῖθεν
371 860 540 892 ἐπανελθεῖν,
556 860 621 887 Θεὸν
644 861 676 887 δι’
700 861 807 892 ὲκείνας
829 860 879 891 τὰς

89 905 221 941 δυνάμεις
240 905 335 932 ἑαυτὸν
356 905 564 941 ὰναγορεύοντα.
588 916 597 932 ι
629 905 700 940 Ἐγὼ
723 906 746 932 δ’
760 906 809 933 οὐκ
831 904 878 932 οἷδ’

87 951 165 982 ὅπως
188 950 221 977 ἂν
243 951 329 986 μάγος
347 951 402 986 (89)
419 952 572 986 ἠγωνίσατο
586 951 689 983 διδάξαι
712 952 800 985 λόγον,
817 952 878 978 πεί-

88 995 172 1023 Θοντα
193 996 280 1023 πάντα
298 996 438 1032 πράττειν,
454 996 491 1028 ὡς
509 996 577 1024 Θεοῦ
594 997 749 1032 κρινοῦντος
764 996 878 1024 ἕκαστον

87 1041 137 1068 ἐπὶ
161 1042 229 1068 πᾶσι
247 1043 304 1073 τοῖς
325 1041 543 1077 πεπραγμένοις·
571 1042 618 1068 καὶ
637 1041 707 1068 οὕτω
726 1042 878 1068 διατιθέντα

84 1087 152 1119 τοὺς
168 1087 265 1114 ἑαυτοῦ
285 1087 418 1123 μαθητὰς,
435 1085 475 1119 οἷς
489 1087 589 1123 ἤμελλε
613 1088 766 1123 χρήσασθαι
786 1088 878 1115 διακό-

85 1141 144 1163 νοις
156 1132 206 1167 τῆς
219 1132 315 1159 ἑαυτοῦ
330 1132 511 1164 διδασκαλίας.
527 1131 600 1169 τΑρα
610 1133 663 1168 γὰρ
679 1134 798 1160 κάκεῖνοι
808 1133 878 1164 οὕτω

83 1177 257 1212 διδαχθέντες
271 1179 357 1204 ποιεῖν
370 1178 506 1213 δυνάμεις,
523 1179 604 1214 ᾕρουν
613 1179 674 1210 τοὺς
687 1179 844 1211 ἀκούοντας,
859 1179 876 1215 ἢ

83 1223 148 1249 οὐδὲ
164 1223 292 1258 δυνάμεις
306 1223 412 1250 ἐποίουν
426 1232 432 1256 ;
450 1223 485 1250 Τὸ
504 1223 551 1259 μὲν
568 1222 614 1250 οὖν
632 1224 731 1258 λέγειν,
744 1225 784 1250 ὃτι
799 1224 877 1250 οὐδα-

86 1269 149 1304 μῶς
173 1269 302 1304 δυνάμεις
324 1269 441 1301 ἐποίουν,
464 1268 532 1295 ἀλλὰ
552 1269 744 1300 πιστεύσαντες
765 1270 877 1305 οὐδεμιᾷ

86 1314 180 1348 λόγων
208 1313 361 1349 ἰκανότητι,
391 1315 588 1350 παραπλησίως
611 1316 643 1350 τῇ
668 1315 696 1341 ὲν
721 1314 875 1351 διαλεκτικῇ

88 1360 227 1396 Ἑλλήνων
249 1360 340 1396 σοφίᾳ,
360 1359 500 1388 ἐπέδωκαν
517 1361 629 1392 ἑαυτοὺς
647 1361 685 1396 τῷ
699 1361 791 1388 καινὸν
805 1361 877 1388 διδά-

87 1415 168 1433 σκειν
182 1406 259 1441 λόγον
276 1404 316 1438 οἷς
335 1406 368 1433 ἂν
379 1406 566 1442 ὲπιδημήσωσι
576 1426 583 1438 ,
599 1407 669 1434 πάνυ
683 1408 756 1435 ἐστὶν
770 1408 874 1442 ἄλογον.

82 1453 147 1479 Τίνι
160 1452 215 1489 γὰρ
227 1452 390 1489 Θαρροῦντες
400 1453 536 1480 ἐδίδασκον
545 1453 590 1480 τὸν
604 1454 692 1488 λόγον,
709 1455 756 1480 καὶ
770 1455 876 1481 ἐκαινο-

933 229 1085 256 finxerunt:
1103 229 1129 255 id
1138 236 1260 255 scurram
1278 229 1392 263 agentis,
1418 236 1471 255 non
1487 228 1558 256 serio
1574 228 1717 255 scribentis

933 276 1049 302 hominis
1063 279 1115 302 est.

967 321 1049 356 356
1060 321 1105 348 58.
1120 321 1253 348 Praeterea
1269 328 1301 347 ex
1320 320 1464 354 Evangelia
1481 319 1628 348 secundum
1645 319 1715 347 Mat-

934 366 1032 393 thzcunt
1043 367 1161 401 decerpit
1171 367 1309 393 historiam
1321 368 1354 393 de
1361 366 1422 394 Jcsu
1434 367 1460 393 in
1470 366 1615 401 Egyptum
1623 368 1720 403 migra-

934 413 1018 439 tione.
1043 411 1094 439 Sed
1113 412 1251 439 miraculis
1278 417 1342 439 tunc
1364 413 1477 447 patratis
1492 418 1517 439 et
1538 411 1715 439 admonitioni

933 458 966 484 ab
973 457 1066 492 angelo
1074 457 1152 484 facta:
1161 457 1295 492 denegans
1304 457 1394 490 fidem,
1403 465 1452 485 nec
1465 457 1629 492 investigans
1647 463 1717 483 nun-

932 503 996 538 quid
1009 502 1130 538 mysterii
1146 503 1240 529 innuat
1253 503 1310 530 haec
1325 501 1422 529 Judtea:
1435 497 1575 531 derelictio
1593 503 1654 530 etin
1666 502 1715 529 ΑΕ-

933 552 1044 584 gyptum
1064 548 1271 583 fuga,quiddam
1284 548 1411 582 confingit
1423 548 1505 581 aliud,
1520 556 1714 583 asscnsumque

932 594 1130 628 quodammodo
1158 594 1260 628 praebet
1276 593 1414 620 miraculis
1431 601 1491 627 qua:
1505 592 1582 620 Jcsus
1599 593 1671 626 fecit,
1687 598 1716 620 et

932 639 1030 673 quibus
1043 638 1140 666 utullus
1160 639 1280 671 adduxit,
1293 644 1323 665 ut
1334 639 1420 673 ipsttm
1437 643 1564 673 tanquam
1578 638 1714 665 Christum

932 688 1122 718 sequerentur.
1138 684 1173 710 At.
1196 684 1325 710 tniracula
1347 684 1390 710 illa
1411 691 1463 710 non
1490 684 1579 711 divina
1604 684 1715 716 virtute,

931 729 978 756 sed
989 729 1103 764 magicis
1113 729 1217 756 artibus
1231 729 1301 756 facta
1313 737 1372 756 esse
1384 729 1571 758 calumniatur.
1582 729 1628 755 Ait
1642 729 1714 755 enim

934 784 943 800 ι
966 775 1041 802 illum
1066 775 1136 802 clam
1164 775 1319 808 educatum,
1351 783 1412 802 cum
1443 775 1469 802 in
1496 774 1615 809 [Egypto
1638 782 1716 801 suam

931 821 1047 848 locasset
1071 828 1181 855 operam
1208 821 1335 855 artesque
1352 820 1483 847 efﬁciendi
1500 821 1628 847 miracula
1646 820 1716 847 didi-

931 867 1023 900 cisset,
1043 867 1105 894 hinc
1120 874 1258 894 reversum
1281 874 1341 893 esse
1357 867 1482 900 denique,
1497 871 1524 894 et
1537 871 1647 901 propter
1670 866 1715 894 illa

931 911 1060 939 miracula
1091 919 1120 939 se
1146 920 1198 946 pro
1222 913 1276 940 Deo
1296 912 1460 940 venditasse.
1476 921 1485 937 ι
1499 912 1554 946 Ego
1578 919 1641 939 vero
1662 919 1714 938 non

929 959 1049 993 intelligo
1083 959 1218 993 quomodo
1248 965 1341 992 magus
1369 959 1506 985 docuisset
1537 958 1660 986 homines
1688 959 1715 985 itt

928 1005 1054 1032 omnibus
1078 1005 1135 1032 suis
1149 1004 1255 1031 actibus
1268 996 1398 1038 cogitare,
1414 1004 1497 1031 Deum
1518 1004 1581 1031 olim
1609 1004 1714 1031 illorum

929 1049 1049 1076 omnium
1071 1049 1190 1084 iudicem
1205 1050 1358 1084 fore,atque
1372 1050 1408 1076 ita
1421 1056 1484 1076 suos
1499 1049 1643 1084 discipulos
1659 1050 1715 1076 ins-

929 1096 1056 1129 tituisset,
1073 1095 1172 1130 quibus
1200 1102 1255 1122 sua:
1272 1095 1401 1122 doctrinae
1425 1095 1591 1122 administris
1618 1103 1715 1122 usurus

932 1146 1002 1168 erat.
1018 1140 1084 1168 Nam
1097 1148 1131 1167 an
1157 1140 1280 1174 discipuli
1301 1141 1340 1167 sic
1355 1139 1471 1166 instituti
1488 1140 1624 1167 miraculis
1641 1141 1714 1174 capis

928 1187 1009 1213 ebant
1024 1186 1172 1218 auditores,
1196 1191 1242 1212 aut
1262 1186 1321 1213 sine
1346 1180 1503 1212 miraculis?
1531 1186 1626 1212 Dicere
1642 1186 1712 1213 nulla

928 1239 974 1259 eos
991 1231 1087 1258 fecisse
1106 1231 1245 1264 miracula,
1277 1232 1324 1258 sed
1360 1231 1509 1259 credidisse
1531 1231 1662 1257 duntaxat
1687 1237 1714 1259 et

929 1276 1002 1303 nulla
1022 1276 1128 1310 adjutos
1158 1276 1336 1310 persuadendi
1359 1276 1472 1310 peritia,
1507 1277 1613 1310 qualem
1643 1276 1713 1310 apud

929 1321 1036 1349 Graecos
1063 1322 1205 1350 dialectica
1222 1321 1311 1354 docet,
1342 1329 1439 1348 novam
1460 1323 1622 1354 doctrinam,
1643 1329 1713 1356 quo-

928 1375 1033 1402 cunque
1057 1368 1120 1394 ituri
1152 1371 1247 1399 erant,
1274 1367 1446 1402 promulgare
1473 1374 1614 1402 aggressos
1634 1375 1712 1400 esse,

928 1414 1124 1448 perabsurdum
1135 1418 1187 1440 est.
1196 1412 1253 1445 Qua
1263 1413 1333 1439 cnitn
1344 1413 1441 1440 fiducia
1454 1413 1523 1439 hanc
1534 1412 1713 1447 praedicarent

928 1459 1090 1492 doctrinam,
1106 1463 1134 1486 et
1155 1462 1287 1485 novarent
1300 1458 1408 1485 omnia?
1435 1457 1463 1484 Si
1478 1464 1566 1485 autem
1583 1458 1713 1486 miracula

81 1499 202 1534 τόμουν;
225 1499 256 1525 Εἰ
275 1498 302 1525 δὲ
323 1499 451 1534 δυνάμεις
465 1499 571 1526 ἐτέλουν
590 1501 721 1532 κάκεῖνοι,
745 1500 805 1528 τίνα
821 1501 854 1536 ἔχη

965 1506 1079 1538 trahant,
1089 1512 1122 1532 an
1134 1504 1223 1532 simile
1231 1504 1286 1531 Veri
1301 1508 1342 1530 est
1357 1511 1451 1538 magos
1460 1511 1489 1531 se
1501 1508 1539 1531 tot
1555 1504 1581 1531 in
1594 1504 1713 1539 pericula

82 1545 255 1580 πιθανότητα
278 1545 308 1571 τὸ
328 1545 430 1580 μάγους
449 1546 585 1578 τοσούτοις
604 1546 736 1578 κινδύνοις
763 1548 874 1578 ἑαυτοὺς

83 1591 326 1626 παραΰεῦληκέναι
342 1592 500 1625 εἰσάγοντας
509 1592 563 1628 (90)
572 1593 743 1620 διδασκαλίαν
759 1593 874 1628 μαγείας

83 1636 313 1671 ἀπαγορεύουσαν
322 1645 329 1670 ;

123 1683 162 1710 Οὐ
186 1684 259 1709 δοκεῖ
283 1692 326 1718 μοι
347 1683 531 1718 ἀγωνίσασθαι
555 1684 623 1719 πρὸς
644 1684 721 1718 λόγον
743 1685 778 1720 μὴ
806 1684 874 1720 μετὰ

84 1728 220 1763 σπουδῆς,
232 1728 298 1755 ἀλλὰ
319 1729 386 1764 μετὰ
397 1728 495 1764 χλεύης
511 1729 663 1765 εἰρημένον·
676 1740 684 1755 ι
698 1730 728 1756 El
739 1728 793 1765 ἆρα
806 1730 875 1766 καλὴ

82 1772 121 1811 ἦν
136 1775 153 1810 ἡ
173 1775 263 1811 μήτηρ
278 1774 323 1801 τοῦ
349 1775 446 1810 Ἰησοῦ,
465 1775 512 1801 καὶ
528 1775 565 1806 ὡς
581 1775 648 1811 καλῇ
665 1775 732 1810 αὐτῇ
748 1775 875 1810 ἐμίγνυτο

83 1821 100 1847 ὁ
119 1820 197 1852 Θεὸς,
216 1821 245 1847 οὐ
260 1820 387 1855 πεφυκὼς
403 1821 467 1856 ὲρᾷν
482 1820 601 1856 φθαρτοῦ
619 1821 759 1856 σώματος;
780 1821 816 1847 Ἦ
834 1821 874 1847 ὅτι

83 1866 142 1892 οὐδ’
151 1866 225 1898 εἰκὸς
234 1864 268 1901 ἦν
280 1866 478 1901 ἐρασθήσεσθαι
488 1866 572 1901 αὐτῆς
586 1867 630 1893 τὸν
640 1866 715 1899 Θεὸν,
724 1865 806 1902 οὔσης
820 1866 875 1893 οὒτ’

82 1911 246 1947 εὐδαίμονος
267 1911 328 1938 οὔτε
343 1912 483 1948 βασιλικῆς
496 1932 504 1944 ,
521 1912 582 1939 ἐπεὶ
599 1912 692 1947 μηδεὶς
704 1912 788 1947 αὐτὴν
807 1912 874 1948 ᾔδει,

86 1958 158 1994 μηδὲ
172 1958 226 1984 τῶν
240 1958 366 1992 γειτόνων
378 1966 384 1990 ;
405 1968 413 1983 ι
424 1957 520 1990 Παίζει
536 1958 564 1984 δὲ
580 1958 677 1991 λέγων,
691 1958 737 1984 καὶ
754 1958 794 1984 ὅτι
808 1967 817 1984 ι
831 1967 878 1993 μι-

83 2004 224 2039 σουμένην
232 2003 315 2039 αὐτὴν
327 2004 379 2030 ὑπὸ
396 2003 443 2030 τοῦ
459 2004 592 2035 τέκτονος,
607 2003 653 2030 καὶ
665 2003 875 2039 ὲκὸαλλομένην,

82 2050 136 2076 οὐκ
153 2048 238 2075 ἔσωσε
251 2048 311 2076 θεία
318 2049 431 2084 δύναμις
440 2049 507 2084 (91),
520 2048 669 2082 οὐδὲλόγος
680 2048 875 2085 πιστικός(9⁴2).

83 2094 171 2121 Οὐδὲν
187 2091 244 2124 οὖν,
253 2094 421 2129 φησὶ,ταῦτα
429 2095 495 2129 πρὸς
505 2094 554 2129 τὴν
560 2094 607 2120 τοῦ
620 2093 688 2120 Θεοῦ
698 2094 844 2129 βασιλειαν.
865 2103 874 2119 ›

82 2140 118 2166 Τί
134 2137 182 2166 οὖν
197 2139 282 2166 ταῦτα
296 2139 418 2174 διαφέροι
431 2139 463 2165 ἂν
475 2139 528 2165 τῶν
543 2140 571 2165 ἐν
590 2140 651 2170 ταῖς
666 2139 781 2175 τριόδοις
794 2139 878 2166 λοιδο-

926 1551 1088 1586 conjecisse,
1104 1555 1133 1578 ut
1157 1550 1310 1578 doctrinam
1327 1550 1496 1584 evulgarent,
1512 1557 1570 1584 qute
1594 1551 1713 1585 magicas

923 1602 995 1625 artes
1015 1598 1109 1624 vetat?

960 1688 1005 1716 59.
1024 1688 1088 1721 Qut):
1103 1688 1175 1715 dicta
1194 1692 1257 1714 sunt
1271 1695 1323 1714 non
1340 1687 1422 1719 serio,
1441 1687 1487 1714 sed
1499 1687 1569 1714 risus
1581 1686 1708 1721 captandi

925 1733 1012 1767 gratia
1042 1736 1165 1763 tantum,
1195 1740 1227 1759 ea
1257 1731 1380 1759 refellere
1407 1739 1461 1758 non
1493 1732 1600 1758 videtur
1621 1738 1713 1766 operm

924 1778 1051 1813 pretium.
1077 1777 1232 1812 llujusmodt
1258 1782 1321 1805 sunt
1352 1778 1425 1804 hmo:
1444 1786 1453 1802 ι
1472 1777 1623 1804 Pulcltrane
1655 1775 1714 1804 erat

925 1823 988 1850 Jesu
1004 1828 1100 1855 mater,
1125 1828 1207 1857 atque
1231 1823 1334 1850 idcirco
1363 1822 1436 1848 illam
1453 1822 1534 1854 Deus,
1558 1829 1637 1855 quem
1663 1828 1713 1848 sua

926 1873 1023 1895 natura
1057 1876 1108 1895 non
1134 1868 1237 1902 patitur
1262 1868 1386 1894 humanm
1407 1867 1501 1894 formze
1527 1874 1619 1894 amore
1640 1867 1713 1901 capi,

926 1913 1068 1947 amplexus
1082 1912 1140 1940 est?
1154 1913 1194 1939 An
1211 1913 1284 1939 illum
1302 1919 1354 1939 non
1375 1912 1489 1939 decebat
1502 1912 1625 1946 deperire
1638 1912 1714 1939 muli-

927 1966 1012 1991 erem,
1035 1966 1094 1993 quae
1118 1966 1168 1985 nec
1193 1958 1290 1992 opibus
1313 1957 1442 1992 pollebat,
1469 1964 1518 1984 nec
1552 1957 1628 1992 regio
1654 1961 1714 1984 erat

928 2011 1036 2039 genere,
1061 2008 1154 2038 utpote
1175 2011 1256 2038 quam
1282 2010 1316 2030 ne
1341 2003 1367 2029 in
1395 2002 1493 2029 vicinia
1517 2003 1624 2037 quidem
1643 2003 1714 2031 ullus

928 2050 1130 2084 cognoscebat?
1145 2059 1154 2075 ι
1174 2049 1264 2084 Pergit
1286 2054 1402 2083 nugator
1430 2048 1491 2076 ille:
1527 2058 1536 2075 ι
1560 2049 1633 2076 lllam
1663 2056 1714 2076 nec

929 2096 1018 2123 divina
1031 2100 1152 2130 potestas
1168 2102 1216 2122 nec
1228 2095 1316 2122 oratio
1328 2093 1361 2120 ad
1378 2092 1528 2120 faciendam
1543 2094 1621 2121 ﬁdem
1635 2101 1715 2128 appo-

929 2142 979 2168 sita
995 2141 1127 2173 servavit,
1146 2140 1290 2175 quominus
1301 2141 1364 2168 odio
1377 2141 1468 2168 habita
1482 2147 1497 2166 a
1509 2139 1585 2166 fabro
1601 2138 1715 2173 expelle-

84 2184 227 2221 ρουμένων
246 2185 311 2217 τισὶ,
327 2185 374 2211 καὶ
388 2184 465 2211 οὐδὲν
480 2184 598 2219 σπουδῆς
616 2184 691 2217 ἄξιον
705 2185 854 2218 λεγόντων;

965 2193 1012 2213 tur.
1041 2185 1114 2213 Nihil
1143 2185 1226 2220 igitur
1253 2185 1352 2213 ltorttm
1378 2186 1520 2218 omnium,
1551 2185 1653 2220 inquit,
1681 2183 1717 2210 ad

84 2239 202 2266 regnum
231 2231 277 2259 Dei
294 2232 422 2267 pertinet.
437 2242 446 2258 ι
475 2232 569 2259 Nonne
587 2233 633 2260 tibi
656 2233 755 2260 videris
780 2234 876 2263 audire
887 2243 947 2268 eos,
962 2235 1008 2269 qui
1022 2234 1128 2269 injuriis
1148 2234 1279 2269 quosdam
1304 2234 1331 2260 in
1357 2234 1444 2261 triviis
1471 2234 1618 2267 lacessunt,
1641 2231 1714 2259 nulla

84 2276 182 2305 habita
195 2276 301 2304 honesti
318 2280 345 2304 et
361 2276 453 2304 decori
470 2277 594 2304 ratione?

127 2321 208 2357 Ἑξῆς
224 2322 252 2348 δὲ
268 2322 373 2353 τούτοις
395 2322 449 2349 ἀπὸ
474 2321 522 2348 τοῦ
541 2322 612 2349 κατὰ
631 2323 781 2356 Ματθαῖον,
805 2324 875 2359 τάχα

83 2367 115 2395 δὲ
130 2366 245 2394 καὶτῶν
259 2367 360 2394 λοιπῶν
376 2367 559 2402 Εὐαγγελίων,
577 2367 666 2395 λαϐὼν
689 2368 722 2395 τὰ
744 2369 807 2404 περὶ
826 2370 877 2404 τῆς

122 2455 146 2471 ’⁸
158 2454 254 2483 Matth.
274 2463 317 2489 ιιι,
341 2456 386 2485 16.

83 2533 176 2572 Aha.
189 2535 348 2572 Βαρυτόνῳς
366 2535 492 2572 λεκτέον·
522 2536 606 2572 δνομα
620 2536 674 2572 γάρ
691 2537 748 2563 ἐστι
761 2537 874 2569 πόλεως.

197 2570 405 2605 ὀξυτονούμενον
421 2570 547 2598 ἐπίθετόν
558 2570 627 2604 ἔστι,
642 2570 689 2598 καὶ
705 2572 832 2608 σημαίνει
846 2572 877 2598 τὸ

84 2605 290 2677 Ῐψῖθῆὦψϐοιιει
303 2640 477 2677 Basileensis,
486 2641 560 2674 ὅπως
575 2641 608 2668 ἂν
619 2641 715 2677 μάγος,
726 2649 777 2669 non
793 2642 875 2669 male.

85 2674 173 2702 Paulo
189 2680 251 2712 post
271 2674 690 2712 Anglicanustertjus,idtg‘GsoG
707 2676 874 2712 κρινοῦντος,

85 2715 172 2737 recte.
189 2710 268 2737 Libb.
285 2711 364 2747 editi,
382 2711 420 2747 ᾡς
444 2710 512 2738 Θεοῦ
529 2711 682 2747 κρίνοντος,
708 2710 791 2747 Paulo
806 2711 875 2738 infra

84 2751 181 2772 omnes
199 2752 278 2778 mss.,
293 2745 348 2780 ἄρα
363 2745 417 2781 γὰρ
435 2745 566 2774 κάκεῖνοι.
579 2746 654 2774 Alias
668 2746 722 2782 ἄρα
734 2746 788 2782 γὰρ
805 2747 875 2772 ὲκεῖ-

85 2786 178 2850 m(-90)
198 2813 395 2849 Εὶσάγοντας.
411 2816 492 2845 Deest
507 2816 576 2852 apud
594 2815 788 2844 llwscltelium.

967 2323 1010 2351 40.
1034 2323 1134 2351 Deinde
1142 2330 1175 2350 ex
1189 2322 1333 2358 Evangelia
1348 2323 1498 2350 secundum
1515 2322 1668 2350 Matthaaum
1679 2322 1713 2354 ⁸⁸,

932 2369 1012 2405 357
1036 2369 1152 2397 fortasse
1167 2373 1195 2397 et.
1209 2377 1243 2397 ex
1266 2369 1328 2396 aliis
1349 2368 1512 2403 Evangeliis,
1528 2368 1625 2403 arripit
1644 2367 1715 2403 quod

967 2536 1022 2571 (9i)
1043 2536 1089 2564 Sic
1105 2543 1198 2563 omnes
1213 2543 1277 2562 mss.
1291 2533 1518 2571 excepto_.lolian_o
1534 2531 1579 2566 qui
1597 2532 1623 2571 in_
1638 2536 1711 2571 textu

932 2566 1024 2603 habet,
1041 2572 1071 2598 οὺ
1086 2571 1155 2606 μετὰ
1171 2571 1301 2607 σπουδῆς,
1310 2566 1364 2607 sed
1381 2568 1581 2607 adma‘lrgingtn,
1595 2566 1631 2607 μὴ
1647 2567 1716 2602 μετὰ

934 2599 1249 2650 ςπουδιςιεηιυιο.
1266 2599 1362 2645 έιιειρα
1375 2599 1715 2650 κιὶῗι.ηῆἱ·..ἓίξξξὲ,¹ξῖὲῖῑξ·

933 2643 1006 2675 dum,
1024 2636 1112 2676 {Etch
1128 2636 1196 2676 καλῇ
1209 2638 1243 2676 ἦν
1254 2659 1261 2672 ,
1289 2636 1383 2673 sicque
1399 2636 1496 2672 legisse
1510 2636 1616 2676 videtur
1629 2637 1715 2676 inter-

933 2670 1158 2712 pres'G'ele'nius.
1180 2670 1365 2701 l'nf'ra'omnés
1388 2670 1453 2700 mss.
1475 2670 1611 2713 παίζεικδὲ
1629 2670 1715 2705 λέγων

933 2712 976 2738 καὶ
988 2711 1038 2738 ὅτι.
1053 2710 1130 2737 Lihh.
1145 2709 1221 2739 editi,
1237 2708 1284 2735 καὶ
1300 2707 1392 2739 παίζει
1413 2707 1441 2733 δὲ
1452 2707 1550 2739 λέγων,
1563 2714 1614 2732 οτι.

1032 2732 1038 2738 .
1053 2718 1130 2737 μιυυ.
1145 2718 1221 2739 eam,
1237 2718 1284 2735 και
1300 2718 1392 2739 παιεει
1413 2718 1441 2733 οε
1454 2718 1550 2740 Λεγων,
1563 2718 1614 2732 un.

930 2718 976 2738 και
988 2720 1038 2738 οτι.
1053 2718 1130 2737 μιυυ.
1145 2718 1221 2739 εαιιι.
1237 2718 1284 2735 και
1300 2718 1392 2739 παιεει
1413 2718 1441 2733 οε
1454 2718 1550 2740 Λεγων,
1563 2718 1614 2732 un.

966 2746 1023 2781 (92)
1042 2745 1138 2778 Λόγος
1151 2743 1444 2781 :zzqetzdg.__lronice_
1461 2741 1559 2781 dicitur
1583 2748 1597 2767 a
1624 2739 1714 2768 Celso.

928 2774 974 2842 Αόιῖ
984 2774 1134 2816 marginem
1154 2779 1255 2806 codicis
1273 2774 1371 2805 Iuliani
1394 2776 1504 2812 legitur,
1526 2774 1604 2811 λόγος
1622 2782 1718 2811 μυστι-

929 2824 945 2841 κ
961 2824 984 2842 ς.

929 2824 984 2847 κος.
