1843 3097
75 119 128 146 7M

675 120 812 150 CONTRA
829 123 966 151 CELSUM
988 123 1052 152 LIB.
1072 124 1092 152 I.

1644 129 1695 157 742

71 178 91 214 ἢ
110 177 291 209 ἀκουσθέντα,
309 177 365 210 καὶ,
381 177 418 209 ὡς
441 177 532 211 ἔδοξας
546 179 732 214 τετηρηκέναι,
751 181 797 206 καὶ
812 180 846 207 ὑπ

943 182 1027 208 txisse
1041 181 1221 213 Ezecltielem,
1238 187 1300 209 cum
1321 182 1360 210 ait
1373 186 1481 217 apertos
1502 182 1585 211 fuisse
1599 185 1696 220 caelos,

71 223 138 254 ἐνὸς
153 222 206 248 τῶν
223 221 416 248 κολασθέντων·
433 222 458 247 τε
480 222 540 256 οὐχὶ
559 221 656 256 μᾶλλον
679 223 725 249 καὶ
749 223 794 250 τὸν
816 224 864 250 Ἰε-

71 267 173 303 ζεκιὴλ
187 267 309 302 φήσομεν
325 266 535 302 τερατευόμενον
552 267 691 302 εἰρηκέναι
704 268 744 300 τὸ,
758 276 767 292 ι
784 267 868 295 Ἦνοί-

72 311 345 348 χθησανοὶοὐρανοὶ,
360 321 369 338 ι
384 313 429 338 καὶ
455 312 489 338 τὰ
515 312 596 347 egi-5;
620 313 688 340 Ἀλλ’
705 314 752 340 ἐὰν
780 315 826 341 καὶ
851 316 865 341 ὁ

77 358 198 390 Ἡσαΐας
220 358 322 394 φάσκῃ,
344 367 353 382 ‹
376 355 452 384 Εἶδον
468 358 513 384 τὸν
528 357 629 393 Κύριον
649 358 762 386 Σαϐαὼθ
781 360 865 396 καθή-

73 411 160 438 μενον
183 404 229 429 ἐπὶ
254 403 347 438 θρόνου
372 401 472 438 ὑψηλοῦ
495 403 542 429 καὶ
564 404 736 439 ἐπηρμένου·
757 405 803 432 καὶ
831 405 865 432 τὰ

74 449 201 484 σεραφὶμ
219 449 391 483 εἱστήκεισαν
408 448 499 484 κύκλῳ
514 448 596 475 αὑτοῦ
607 458 613 464 ·
632 449 661 482 ἓξ
673 450 805 485 πτέρυγες
826 450 865 484 τῷ

72 493 127 524 ἐνὶ,
138 493 185 518 καὶ
197 492 228 524 ἓξ
244 492 377 527 πτέρυγες
390 491 428 527 τῷ
444 492 493 523 ἑνὶ,
510 502 518 517 ι
529 493 575 519 καὶ
588 493 622 520 τὰ
636 493 698 528 ἑξῆς
707 502 714 508 ⁸
732 493 812 520 πόθεν
827 495 863 530 (6)

70 538 115 564 ὅτι
143 538 251 573 ἀληθῶς
267 538 388 572 ὲώρακε;
406 538 593 570 Πεπῑστευκας
613 539 677 574 γὰρ,
699 537 722 565 ὦ
742 541 861 572 Ἰουδαῐε,

70 584 181 615 τούτοις
197 584 235 615 ὡς
254 584 390 618 ἀψευδέα-ι,
408 586 455 611 καὶ
478 584 530 611 ὑπὸ
552 584 687 620 θειοτέρου
706 586 864 620 Πνεύματος

69 629 102 655 οὐ
128 629 211 664 μόνον
233 629 397 664 ἑωραμένοις
423 629 468 664 τῷ,
477 630 614 666 προφήτῃ,
632 630 699 657 ἀλλὰ
715 631 761 657 καὶ
786 632 862 666 εἰρη-

72 674 170 709 μένοις
194 675 241 701 καὶ
258 675 520 711 ἀναγεγραμμένοις.
539 676 596 703 Τίνι
615 677 643 703 δὲ
663 677 710 704 καὶ
727 678 862 704 πιστεύειν

71 721 178 755 μᾶλλον
197 721 281 753 ἄξιον,
299 721 428 755 φάσκοντι
445 721 578 756 ἀνεῷχθαι
598 721 671 756 αὑτῷ
695 724 757 754 τοὺς
781 723 863 758 οὐρα-

69 767 147 797 νοὺς,
161 766 210 792 καὶ
224 766 315 800 φωνῆς
333 765 489 802 ἀκηκοέναι,
508 766 524 801 ῆ
539 766 687 802 ἑωρακέναι
701 767 745 794 τὸν
762 767 862 803 Κύριον

69 811 190 838 Σαϐαὼθ
205 811 356 846 καθήμενον
371 811 416 837 ἐπὶ
424 811 518 846 θρόνου
532 811 634 846 ὑψηλοῦ
650 811 697 838 καὶ
707 811 861 848 ἐπηρμένου

75 860 182 894 Ἡσαΐᾳ
207 859 253 885 καὶ
282 858 454 893 ’ῐεζεκιὴλ,ῆ
478 858 515 893 τῷ
542 858 648 893 Ἰησοῦς
672 858 797 886 Ἐκείνων
813 859 860 894 μὲν

68 904 128 940 γὰρ
143 904 224 940 ἔργον
240 904 315 930 οὐδὲν
331 903 486 939 τηλικοῦτον
505 904 675 939 εὑρίσκεται·
701 904 745 930 τοῦ
763 905 790 931 δὲ
809 906 861 940 ’1η-

70 950 121 976 σοῦ
146 950 177 976 τὸ
194 949 392 985 ἀνδραγάθημα
407 950 437 975 οὐ
464 949 533 976 κατὰ
554 951 617 981 τοὺς
636 950 734 982 αὐτοὺς
750 951 798 986 τῆς
819 952 862 977 ὲν-

69 994 265 1030 σωματὼσεως
279 995 373 1030 μόνους
390 994 483 1028 γέγονε
499 994 620 1029 χρόνους,
639 994 707 1021 ἀλλὰ
717 995 762 1021 καὶ
781 995 860 1031 μέχρι

67 1040 118 1067 τοῦ
133 1040 215 1076 δεῦρο
230 1040 340 1075 ἡἸηο-οῦ
355 1039 467 1074 δύναμίς
483 1040 555 1066 ἐστιν
575 1039 720 1075 ὲνεργοῦσα
737 1040 785 1075 τὴν
800 1041 860 1067 ὲπι-

69 1086 195 1121 στροφὴν
208 1086 255 1112 καὶ
264 1085 311 1120 τὴν
320 1085 458 1120 βελτίωσιν
473 1085 500 1111 ὲν
513 1086 567 1117 τοῖς
575 1085 730 1112 πιστεύουσι
738 1085 770 1111 δι’
780 1085 860 1112 αὐτοῦ

67 1130 109 1165 τῷ
117 1129 190 1164 Θεῷ.
207 1130 334 1164 Ἐναργὲς
348 1130 376 1156 δὲ
387 1129 484 1164 δεῖγμα
498 1129 544 1155 τοῦ
560 1129 762 1164 δυνάμειαύτοῦ
775 1129 862 1157 ταῦτα

67 1176 209 1210 γενέσθαι,
220 1176 260 1208 τὺ,
270 1176 306 1208 ὡς
321 1176 400 1207 αὐτός
417 1185 493 1211 φησι,
503 1176 549 1202 καὶ
564 1175 799 1211 καταλαμϐάνεται
811 1176 860 1211 (7),

68 1222 109 1258 μὴ
121 1222 210 1248 ὄντων
221 1221 343 1256 ἐργατῶν
355 1221 407 1247 τῶν
415 1221 605 1256 ἐργαζομένων
613 1222 658 1247 τὸν
672 1221 800 1256 θερισμὸν
808 1221 861 1247 τῶν

66 1267 180 1303 ψυχῶν,
196 1267 320 1294 τοσοῦτον
337 1265 407 1293 εἶναι
424 1266 552 1302 θερισμὸν
564 1266 803 1302 συγκομιζομένων
814 1267 861 1293 καὶ

70 1313 273 1348 συναγομένων
284 1314 323 1344 εἰς
335 1313 384 1344 τὰς
399 1312 535 1347 πανταχοῦ
551 1313 656 1344 ἅλωνας
674 1311 720 1338 τοῦ
734 1311 800 1338 Θεοῦ
815 1311 861 1338 καὶ

72 1357 259 1392 Ἐκκλησίας.“

103 1403 164 1429 Καὶ
181 1402 267 1429 ταῦτα
287 1401 354 1438 πρὸς
361 1401 406 1428 τὸν
426 1401 550 1428 Ἰουδαῖον
567 1400 647 1434 λέγω,
662 1400 711 1427 οὐκ
727 1400 860 1432 ἀπιστῶν,

65 1450 81 1475 ὁ
99 1448 279 1484 Χριστιανὸς,
300 1448 338 1483 τῷ
370 1447 497 1482 Ἰεζεκιὴλ
521 1447 567 1473 καὶ
590 1447 628 1482 τῷ
656 1447 772 1482 Ἡσαΐᾳ·
796 1447 862 1473 ἀλλὰ

65 1494 205 1522 δυσωπῶν
228 1494 260 1520 ἐκ
284 1493 338 1520 τῶν
363 1494 439 1528 κοινῇ
466 1493 530 1527 ἡμῖν
555 1492 794 1524 πεπιστευμένων,
820 1492 896 1543 ὄτιε

66 1539 164 1574 πολλῷ
192 1535 269 1570 οὗτος
296 1538 406 1564 ἐκείνων
432 1537 506 1568 ἄξιός
531 1538 589 1563 ἐστι
616 1537 663 1562 τοῦ
688 1535 860 1562 πιστεύεσθαι

65 1584 187 1610 τοιαῦτα
208 1583 293 1617 λέγων
311 1583 469 1618 ἑωρακέναι,
487 1582 544 1615 καὶ,
563 1582 600 1613 ὼς
624 1582 706 1614 εἰκὸς,
727 1581 861 1616 παραδοὺς

65 1632 126 1661 τοῖς
144 1629 281 1665 μαθηταῖς
305 1629 338 1664 ἢν
364 1627 433 1655 εἶδεν
453 1627 525 1662 ὄψιν,
542 1627 589 1654 καὶ
611 1627 659 1662 τὴν
673 1626 762 1662 φωνὴν
778 1626 814 1661 (8)
828 1624 862 1661 ἧς

65 1677 199 1711 ἤκουσεν.
224 1674 319 1705 Ἄλλος
333 1674 356 1700 δ’
376 1674 408 1700 ἄν
425 1681 465 1704 τις
481 1672 562 1704 εἴποι,
584 1672 625 1698 ὅτι
648 1672 678 1698 οὐ
700 1672 798 1703 πάντες
814 1670 861 1698 τοῦ

72 1720 169 1756 Ἰησοῦ
185 1720 305 1755 ἥκουσαν
320 1719 404 1746 ταῦτα
418 1717 595 1754 διηγουμένου
612 1717 636 1743 οἱ
656 1717 862 1752 ἀναγράψαντες

65 1767 103 1793 τὰ
120 1766 189 1801 περὶ
205 1764 251 1791 τοῦ
266 1763 351 1795 εἴδους
367 1764 416 1798 τῆς
433 1764 596 1799 περιστερᾶς
616 1763 661 1788 καὶ
676 1763 725 1798 τῆς
738 1762 768 1794 ἐξ
780 1763 862 1798 οὐρα-

65 1811 114 1838 νοῦ
139 1810 245 1845 φωνῆς,
266 1809 333 1836 ἀλλὰ
353 1809 383 1835 τὸ
405 1809 511 1841 διδάξαν
537 1807 655 1835 Μωῦσέα
672 1808 784 1842 Πνεῦμα
813 1808 861 1843 τὴν

66 1855 263 1892 πρεσϐυτέραν
286 1854 366 1881 αὑτοῦ
396 1854 524 1889 ἱστορίαν,
553 1853 711 1889 ἀρξαμένην
737 1853 790 1879 ἀπὸ
813 1853 861 1888 τῆς

64 1901 268 1937 κοσμογενείας
290 1900 369 1936 μέχρι
384 1900 433 1935 τῆς
453 1899 523 1926 κατὰ
535 1899 580 1926 τὸν
609 1899 730 1934 Ἀϐραὰμ
758 1898 796 1934 (9)
813 1898 859 1924 τὸν

65 1947 181 1982 πατέρα
194 1945 287 1977 αὐτοῦ,
307 1945 377 1972 τοῦτ’
394 1945 494 1977 ἐδίδαξε
516 1945 562 1971 καὶ
581 1944 643 1975 τοὺς
654 1944 812 1979 γράψαντας
832 1943 862 1969 τὸ

65 1992 250 2026 Εὑαγγέλιον,
274 1991 303 2017 τὺ
322 1991 462 2025 γενόμενον
483 1990 633 2026 παράδοξον
652 1989 706 2024 (10)
731 1988 800 2015 κατὰ
817 1989 861 2015 τὸν

64 2038 168 2073 χρόνον
184 2035 231 2062 τοῦ
245 2035 430 2070 βαπτίσματος
450 2033 546 2069 Ἰησοῦ.
569 2035 598 2060 Ὀ
613 2033 640 2060 δὲ
654 2033 800 2068 κοσμηθεὶς
813 2042 862 2068 χα-

65 2083 197 2119 ρίσματι,
215 2081 372 2116 καλουμένῳ
388 2089 397 2105 ι
412 2080 485 2115 λόγῳ
501 2079 605 2114 σοφίας,
622 2088 630 2104 ι
650 2078 696 2105 καὶ
710 2078 759 2114 τὴν
772 2079 860 2105 αἰτίαν

64 2129 233 2164 διηγήσεται
247 2127 296 2162 τῆς
311 2125 437 2158 ἀνοίξεως
448 2125 501 2151 τῶν
514 2124 646 2159 οὐρανῶν,
658 2125 704 2151 καὶ
714 2124 759 2150 τοῦ
775 2124 860 2156 εἴδους

916 230 943 253 et
967 231 1064 254 cmlera
1089 234 1149 261 qua:
1172 228 1339 261 sequuntur?
1359 228 1392 254 Et
1412 228 1468 256 haec
1490 228 1566 257 Isaize
1581 238 1589 256 :
1607 238 1616 255 ι
1637 228 1696 257 \‘idi

917 271 1060 299 Dominum
1088 273 1207 300 Sabaoth
1230 273 1366 300 sedentem
1387 281 1467 308 super
1486 275 1581 302 solium
1602 277 1696 303 excel-

915 324 975 344 sum
989 321 1017 343 et
1029 317 1173 350 elcvatum,
1186 323 1213 345 et
1232 318 1368 353 seraphim
1383 320 1491 346 stabant
1513 314 1585 348 circa
1609 321 1694 355 illum,

916 360 969 387 Sex
985 361 1034 388 ala:
1053 361 1109 392 uni.
1128 366 1154 389 ct
1166 370 1213 389 sex
1231 362 1279 388 alae
1294 362 1371 390 alteri
1388 363 1410 395 ³,
1435 373 1445 389 ι
1462 369 1487 390 et
1501 370 1612 398 caetera,
1625 367 1695 394 unde

915 406 998 433 habes
1012 414 1074 434 vere
1089 408 1123 434 ab
1140 406 1186 435 illo
1202 407 1287 435 fuisse
1305 409 1471 443 conspecta?
1485 409 1556 437 Nihil
1575 412 1658 444 enim,
1679 420 1696 440 ο

914 449 1015 485 Iudaee,
1031 453 1112 488 360
1132 453 1157 480 in
1176 453 1209 481 iis
1227 454 1308 481 rebus
1323 454 1462 488 suspicare
1479 456 1621 488 mendacii,
1636 465 1693 485 ore.

915 497 956 524 dis
978 505 1031 524 non
1049 499 1129 525 modo
1144 505 1190 525 eas
1209 506 1223 525 a
1241 498 1342 533 Spiritu
1364 503 1458 526 sancto
1473 504 1595 528 ostensas
1610 503 1694 530 fuisse

915 544 1062 578 prophetae,
1079 544 1125 571 sed
1147 542 1220 571 illum
1238 544 1319 571 etiam
1345 544 1378 572 ab
1393 545 1487 572 eodem
1510 547 1604 580 spiritu
1619 548 1693 574 ama-

915 593 971 615 tum
985 597 1032 616 eas
1047 593 1074 616 et
1093 587 1191 617 dixisse
1207 594 1233 617 ct
1245 589 1341 616 litteris
1357 589 1543 624 consignasse.
1557 591 1615 618 Utri
1630 601 1694 620 vero

914 634 1000 669 magis
1021 632 1189 669 adjungcnda
1205 634 1272 662 ﬁdes
1289 639 1330 661 est
1346 634 1402 661 :illi
1416 635 1460 669 qui
1472 636 1522 662 sibi
1537 636 1603 663 dicit
1618 645 1695 671 aper-

913 681 955 706 tos
967 676 1051 706 fuisse
1062 678 1156 712 caelos,
1172 686 1264 706 vocem
1279 679 1459 713 exaudivisse,
1475 680 1575 708 vidisse
1598 681 1692 709 Domi-

913 732 977 751 num
991 724 1110 751 Sabaoth
1124 725 1261 752 sedentem
1283 731 1365 758 super
1388 725 1484 752 solium
1508 725 1645 753 excelsum
1666 731 1694 754 et

912 768 1062 802 elevatum;
1078 777 1112 796 an
1134 768 1217 797 Jesu?
1242 769 1312 796 Nihil
1326 770 1397 796 enim
1423 770 1545 797 fecerunt
1566 771 1649 798 Isaias
1668 776 1696 798 et

912 814 1047 848 Ezechiel,
1061 815 1131 849 quod
1142 822 1202 842 cum
1214 815 1257 850 iis,
1278 823 1338 850 quae
1352 816 1430 843 Iesus
1446 816 1520 848 fecit,
1541 817 1695 852 comparari

912 865 1011 894 queat;
1037 860 1117 895 hujus
1137 865 1226 888 autem
1245 861 1361 888 virtutes
1383 869 1436 889 non
1461 862 1585 890 enituere
1606 862 1693 890 solum

913 911 1032 942 tempore
1046 907 1101 939 illo,
1118 915 1171 942 quo
1194 914 1292 941 corpus
1318 907 1427 935 indutus
1452 916 1515 935 cum
1536 908 1693 936 hominibus

911 957 1034 980 versatus
1047 957 1102 984 est;
1120 953 1167 979 sed
1184 959 1269 986 usque
1287 952 1375 980 adhuc
1389 953 1446 987 ejus
1458 957 1591 987 potestate
1605 953 1644 986 fit,
1661 958 1692 980 ut

911 998 956 1031 qui
970 997 1024 1024 Deo
1037 997 1169 1032 perillqu
1189 996 1314 1030 credunt,
1329 1005 1344 1024 a
1359 997 1434 1025 vitiis
1450 999 1482 1025 ad
1497 999 1635 1027 meliorem
1651 1000 1692 1027 vi-

913 1047 966 1069 tam
992 1047 1161 1068 revocenlut‘.
1192 1041 1277 1074 Quam
1300 1049 1406 1069 morum
1432 1043 1606 1071 mutationem
1633 1044 1693 1078 ejus

912 1092 1046 1123 potestate
1070 1087 1126 1114 ﬁeri
1144 1087 1254 1122 planum
1277 1091 1303 1114 et
1325 1088 1436 1115 evidens
1459 1089 1522 1115 hinc
1538 1093 1589 1121 est,
1607 1089 1692 1124 quod,

913 1140 984 1164 cum,
1001 1137 1029 1159 ut
1045 1132 1102 1167 ipse
1116 1131 1183 1158 dixit
1200 1137 1226 1158 et
1240 1132 1406 1166 experientia
1420 1133 1621 1166 comprobatur,
1634 1141 1694 1160 om~

913 1177 976 1205 nino
987 1177 1114 1204 deilciant
1128 1177 1173 1211 qui
1195 1176 1276 1204 messi
1297 1177 1448 1204 animarum
1470 1178 1655 1213 dentoperam
1670 1179 1692 1211 ',

915 1226 952 1249 tot
964 1223 1061 1250 anima:
1084 1227 1172 1249 tamen
1188 1222 1214 1249 in
1229 1229 1305 1249 areas
1321 1222 1379 1256 Dei,
1392 1230 1452 1258 qua:
1469 1228 1532 1251 sunt
1553 1224 1691 1257 Ecclesiae,

913 1273 1116 1304 οοιιιροιιειιιιιι*
1129 1273 1155 1296 ΕΙ.
1173 1273 1382 1305 congregemur.

945 1402 990 1429 44.
1010 1402 1098 1436 Atque
1112 1401 1154 1428 his
1172 1401 1293 1429 Judaeum
1306 1407 1400 1435 urgeo,
1418 1408 1470 1428 non
1483 1401 1554 1436 quod
1566 1401 1691 1429 Ezechiel

913 1451 941 1475 et
955 1447 1030 1475 Isaiae
1045 1447 1203 1474 testimonio
1219 1446 1300 1473 ﬁdem
1320 1447 1463 1480 abrogem;
1486 1453 1546 1472 nam
1561 1446 1694 1473 Christia-

913 1501 964 1520 nus
979 1500 1029 1528 ego
1040 1499 1116 1526 sum;
1132 1493 1179 1518 sed
1200 1499 1266 1519 usus
1287 1498 1346 1518 sum
1365 1491 1407 1523 iis.
1430 1498 1488 1525 quae
1513 1499 1564 1518 una
1585 1498 1691 1519 mecum

913 1540 1008 1572 credit,
1027 1543 1055 1566 ut
1080 1538 1269 1573 persuaderem
1292 1536 1384 1565 Jesum
1407 1536 1502 1571 magis,
1526 1543 1606 1570 quam
1628 1543 1692 1573 pro-

912 1584 1010 1619 phetat,
1028 1583 1078 1610 ﬁde
1101 1589 1159 1610 esse
1183 1582 1304 1616 dignum,
1321 1589 1382 1608 cum
1404 1581 1481 1613 dixit,
1495 1585 1522 1607 et
1538 1581 1594 1607 suis
1611 1580 1692 1607 disci-

911 1629 993 1664 pulis,
1008 1632 1037 1655 ut
1052 1627 1181 1655 credibile
1198 1630 1249 1659 est,
1265 1626 1389 1653 narravit
1409 1633 1438 1653 se
1461 1625 1524 1652 talia
1545 1625 1645 1653 vidisse
1664 1630 1693 1652 et

911 1680 1005 1701 vocem
1027 1673 1155 1700 audiisse.
1176 1671 1279 1698 Dixerit
1300 1672 1417 1698 fortasse
1437 1671 1516 1702 alius,
1541 1671 1585 1704 qui
1605 1671 1692 1698 histo-

914 1719 983 1746 riam
1002 1720 1035 1746 de
1047 1720 1137 1754 specie
1156 1719 1289 1747 columbae
1301 1721 1328 1745 et
1340 1719 1373 1745 de
1386 1718 1488 1746 ccelesti
1504 1725 1570 1745 voce
1583 1717 1693 1751 scriptis

913 1766 1087 1799 mandarunt,
1100 1774 1153 1794 non
1169 1773 1216 1793 eos
1236 1774 1332 1794 omnes
1353 1765 1470 1793 adfuisse
1490 1765 1608 1798 quidem.
1629 1771 1692 1791 Cum

912 1812 969 1838 hac
995 1811 1132 1846 discipulis
1152 1817 1292 1839 enarraret
1306 1821 1312 1839 :
1326 1811 1373 1839 sed
1396 1810 1519 1844 spiritum
1544 1809 1628 1841 illum,
1645 1809 1691 1842 qui

912 1856 1031 1891 Ionsem
1053 1856 1162 1884 edocuit
1175 1856 1317 1884 historiam
1332 1856 1410 1890 longe
1433 1855 1492 1889 ipso
1508 1853 1691 1888 antiquiorem

912 1908 1026 1936 quaeque
1052 1908 1067 1928 a
1102 1901 1240 1928 creatione
1270 1900 1362 1927 mundi
1380 1899 1414 1926 ad
1442 1899 1577 1925 Abraham
1605 1905 1691 1932 usque

912 1947 1001 1981 gentis
1031 1945 1151 1974 Judaicte
1181 1951 1319 1973 auctorem
1354 1945 1490 1979 pertinet,
1515 1943 1692 1978 scriptoribus

915 1990 1120 2025 Evangeliorum
1145 1989 1279 2018 revelasse
1295 1988 1458 2024 prodigium,
1474 1988 1544 2023 quod
1571 1992 1692 2021 tempore

913 2035 1038 2070 baptismi
1054 2034 1117 2062 Jesu
1135 2039 1305 2069 apparuerat.
1322 2034 1386 2068 Quae
1397 2038 1484 2060 autem
1500 2040 1581 2060 causa
1596 2031 1690 2062 fuerit.

912 2079 1089 2114 quamobrem
1109 2079 1195 2113 aperti
1214 2078 1312 2106 fuerint
1330 2078 1402 2111 coeli,
1422 2085 1469 2105 cur
1484 2077 1613 2104 columbte
1629 2083 1692 2110 spe-

914 2125 970 2152 cies
985 2124 1044 2152 visa
1060 2123 1151 2156 fuerit,
1170 2132 1219 2151 cur
1235 2124 1377 2156 columbae,
1392 2128 1418 2150 et
1432 2130 1484 2150 non
1503 2122 1614 2149 alterius
1632 2121 1692 2148 ani-

63 2175 117 2209 τῆς
127 2173 306 2207 περιστερᾶς,
323 2172 369 2197 καὶ
380 2171 421 2197 ὅτι
439 2171 488 2197 οὐκ
505 2169 584 2197 ἄλλου
595 2169 665 2201 τινὸς
681 2169 749 2201 ζώου
766 2169 830 2195 εῖδει
843 2171 846 2184 ³

943 2170 1013 2197 antis
1036 2170 1126 2205 specie
1148 2169 1267 2204 Spiritus
1285 2173 1393 2197 sanctus
1414 2167 1477 2196 Jcsu
1501 2166 1690 2202 aspectabilem

64 2219 167 2245 τούτου
186 2217 272 2251 ἐφάνη
285 2216 314 2242 τὸ
329 2217 404 2250 ἆγιον
421 2215 534 2250 Πνεῦμα
545 2215 583 2250 τῷ
605 2214 702 2250 Ἰησοῦ.
721 2214 789 2249 Περὶ
802 2214 859 2240 τού-

63 2272 115 2290 του
137 2263 169 2289 δὲ
188 2262 239 2288 οὐκ
256 2262 364 2288 ἀπαιτεῖ
380 2262 426 2288 νῦν
443 2261 516 2296 ἡμᾶς
533 2260 547 2286 ὁ
563 2260 641 2294 λόγος
661 2259 856 2295 διηγήσασθαι-

63 2310 96 2335 τδ
113 2308 174 2344 γὰρ
200 2307 377 2343 προκείμενόν
399 2308 482 2338 ἐστιν,
504 2305 611 2340 ἐλέγξαι
627 2306 672 2332 τὸν
688 2306 790 2331 Κέλσον
810 2305 858 2340 οὐχ

64 2354 156 2388 ὑγιῶς
177 2352 294 2388 Ἰουδαίῳ
317 2351 460 2387 περιθέντα
487 2351 541 2387 (II)
563 2350 632 2387 μετὰ
651 2351 757 2377 τοιῶνδε
774 2350 858 2385 λόγων

105 2451 114 2466 ⁸
128 2450 194 2477 Isai.
210 2449 288 2482 v1,I.
326 2449 337 2464 ¹
349 2447 443 2476 Matth.
460 2456 497 2480 ix,
512 2449 556 2477 57.
595 2447 624 2474 ³1
638 2448 700 2474 Cor.
718 2455 765 2480 xu,
776 2446 802 2474 8.

102 2539 145 2575 (6)
167 2538 229 2565 P05!
243 2536 576 2575 gréOevglecstuguippiam,
600 2535 641 2575 vel
659 2532 744 2567 οἶδας,
754 2534 796 2562 vel
810 2534 854 2570 δῆ-

61 2570 124 2606 λον,
136 2570 268 2608 quamvis
280 2572 346 2598 nihil
363 2570 450 2608 simile
462 2571 612 2608 reperiatur
625 2570 730 2608 in_mss.

101 2603 228 2645 (7)'Kai_
242 2603 506 2645 xqralotyo’dremi.
541 2605 619 2632 Deest
654 2605 679 2631 in
715 2603 854 2632 codicibus

63 2643 158 2678 Regio
171 2648 198 2670 et
211 2643 371 2670 Basileensi.

115 2673 143 2712 ῖς)
166 2677 212 2704 Sic
236 2684 332 2704 omnes
357 2683 422 2703 mss.
445 2674 612 2702 Ilwschelius
634 2680 698 2701 vero
727 2673 753 2700 in
779 2677 853 2700 textu

61 2712 175 2747 habett
184 2712 233 2747 τῆς
248 2712 349 2747 φωνῆς.

102 2748 143 2783 (9)
155 2741 437 2783 'Dub'itabat'guietus
452 2751 485 2771 an
502 2743 673 2772 scribendum
685 2743 755 2770 foret
769 2741 851 2777 μέχρι

60 2779 120 2810 τῶν
134 2779 210 2809 ’κατὰ
224 2781 269 2807 τὸν
293 2779 425 2814 Ἁϐραάμ.

100 2819 159 2852 (t0)
180 2811 351 2844 Ilwschelius
372 2811 402 2842 et
423 2817 575 2849 Spencerus
589 2813 618 2839 τὸ
637 2813 781 2847 γενόμενον
803 2811 848 2837 και

912 2223 941 2243 se
957 2215 1112 2250 prmbueril,
1130 2215 1152 2242 is
1170 2219 1298 2249 exponet,
1312 2214 1357 2249 qui
1375 2214 1455 2246 dono,
1471 2213 1541 2247 quod
1559 2222 1569 2239 ι
1586 2212 1691 2247 sapien—

917 2260 960 2287 tiae
978 2267 1069 2287 sermo
1082 2260 1092 2274 ³
1111 2268 1120 2285 ι
1139 2264 1260 2291 vocatur,
1276 2263 1389 2285 ornatus
1411 2258 1502 2284 fuerit.
1521 2256 1583 2283 Ilmc
1605 2256 1691 2291 expli-

911 2311 974 2332 care
987 2305 1072 2332 nostri
1090 2311 1142 2331 non
1157 2309 1198 2332 est
1219 2304 1343 2332 instituti.
1369 2302 1397 2330 Id
1413 2303 1484 2330 enim
1501 2302 1579 2329 nobis
1594 2308 1692 2336 propo-

911 2349 993 2376 situm
1011 2353 1064 2380 est,
1076 2348 1218 2376 ostendere
1236 2355 1250 2375 a
1270 2347 1347 2375 Celso
1365 2346 1436 2373 male
1454 2346 1592 2373 inductum
1608 2344 1691 2371 luisse

909 2533 1080 2570 παράδοξον,
1095 2533 1145 2570 5θᾴ
1159 2533 1222 2560 illud
1244 2531 1544 2570 xal_resputtnt_omnes
1569 2535 1646 2570 mss"
1662 2528 1688 2570 si

907 2562 1047 2602 exéeperis
1064 2562 1246 2603 ’Anglicanum
1259 2562 1374 2603 primum
1392 2569 1419 2592 et
1431 2565 1579 2603 1Iol_ianum.
1603 2562 1688 2588 Paulo

907 2607 969 2637 post
977 2599 1030 2637 'pro
1046 2599 1203 2637 καλοῦμένῳ
1219 2599 1290 2637 λόγῳ
1306 2601 1415 2637 σοφίας,-
1427 2599 1687 2637 Guieto_perperam

906 2633 1012 2665 videtur
1025 2633 1197 2665 scribendqu
1214 2633 1371 2670 καλουμένῳ
1386 2634 1464 2669 δώρῳ
1478 2633 1581 2666 σοφίας.

942 2673 998 2707 (Η)
1019 2671 1186 2699 IIreschclius
1208 2675 1235 2698 et
1257 2669 1410 2707 Speucerus
1422 2669 1462 2707 ⁸ιιι
1481 2672 1576 2707 ιοιιιιι,
1592 2673 1688 2707 ηπαρα-

907 2701 996 2738 θέντας
1013 2708 1058 2734 sed
1073 2713 1166 2734 omnes
1181 2713 1244 2732 mss.
1257 2701 1410 2738 περιθέντα.
1422 2703 1506 2730 Paulo
1516 2706 1576 2736 post
1590 2701 1686 2738 Guieto

905 2735 1075 2768 scribendum
1097 2740 1200 2768 videtur
1219 2735 1317 2774 μᾶλλον
1339 2739 1408 2765 κατὰ
1427 2738 1460 2764 τὰ
1483 2735 1687 2771 πεπιστευμένα

904 2776 948 2801 ὑπ’
963 2775 1077 2802 ἐκείνου.
