1843 3097
173 127 228 156 745

906 126 984 157 OBIC
989 128 1066 157 ENIS

1747 123 1795 150 7M

170 184 306 217 Judaeum,
321 185 366 219 qui
388 183 521 217 ejusmodi
538 183 707 218 argumentis
723 183 751 211 in
773 184 884 212 dubium
910 193 955 214 re-

1046 187 1136 212 ιστῑαν
1152 186 1216 220 περὶ
1232 184 1403 219 πράγματος,
1419 183 1490 209 κατά
1503 182 1533 209 τὸ
1547 180 1622 213 είκδς
1635 178 1795 215 γενομένους

171 236 348 260 vocaretrem
361 237 442 265 quam
462 230 600 258 accidisse
613 234 698 258 multo
713 231 800 267 magis
814 232 958 267 probabile

172 278 218 310 sit,
233 285 312 312 quam
327 284 358 304 ea
373 284 434 311 quae
450 277 548 304 credit.

205 322 250 350 45.
278 321 389 349 Memini
419 325 512 349 autem
537 328 581 349 me
609 322 761 357 quondam,
787 329 849 351 cum
873 323 958 351 habe-

171 375 228 395 rem
253 367 416 401 colloquium
441 375 504 395 cum
527 366 628 395 Iudaeis
657 375 691 396 ex
717 375 814 395 eorum
841 376 957 396 numero

169 421 239 449 quos
271 414 408 446 sapientes
433 416 551 446 vocant,
583 413 663 447 idque
684 413 778 441 multis
803 414 957 442 astantibus

169 460 215 494 qui
238 459 342 493 iudices
365 462 468 490 essent,
495 458 538 486 his
559 458 651 486 verbis
673 466 753 486 usum
778 465 838 486 esse
855 469 861 486 :
879 469 889 485 ι
910 459 957 487 Di—

168 505 233 537 cite.
248 505 337 537 sodes,
360 511 421 531 cum
445 504 499 531 duo
523 503 631 537 quidam
649 504 682 530 ad
707 504 847 532 hominum
871 512 957 539 genus

169 550 341 582 advenerim,
371 551 405 577 de
425 550 523 584 quibus
544 550 676 583 stupenda
701 555 729 576 et
754 557 814 584 qua:
830 555 955 577 naturam

170 595 316 622 humanam
344 599 494 629 superant,
520 595 622 622 litteris
647 596 774 622 mandata
800 599 881 629 sunt,
907 603 955 622 ve-

169 644 235 673 ster,
264 640 392 674 inquam,
418 640 556 674 legislator
577 639 682 675 Moyses
713 641 759 675 qui
787 641 821 667 de
841 648 871 668 se
895 641 956 676 ipso

169 686 291 720 scripsit,
304 690 331 713 et
345 686 421 713 Jesus
434 686 563 719 magister
574 690 666 713 noster
689 686 734 720 qui
757 686 858 713 nullum
880 687 913 714 de
926 693 956 714 se

169 732 300 766 scriptum
326 731 447 767 reliquit,
477 731 527 758 sed
554 731 588 759 de
611 739 664 765 quo
695 731 820 767 diseipuli
845 732 903 767 ejus
926 732 954 760 in

169 776 323 812 Evangeliis
352 777 535 804 testimonium
559 777 718 811 perhibent:
746 784 870 812 quaenam
897 779 955 805 hate

169 823 280 859 partitio
289 828 344 855 est,
363 822 448 859 Moysi
464 823 574 857 quidem
597 823 690 851 haberi
708 823 788 851 ﬁdem
804 829 834 851 ut
853 824 954 856 veraci,

1009 231 1109 266 μᾶλλον
1126 230 1202 266 παρά
1216 230 1250 256 τά
1265 228 1466 264 πεπιστευμένα
1479 223 1525 254 ὑπ’
1539 227 1655 254 ἐκείνου.

1042 316 1193 351 Μέμνημαι
1219 315 1247 341 δέ
1273 323 1348 345 ποτε,
1367 313 1396 340 έν
1418 321 1473 340 τινι
1497 312 1566 347 πρὸς
1593 310 1734 338 Ἰουδαίων
1758 309 1797 336 λε-

1007 362 1138 397 γομένους
1181 361 1279 395 σοφοὺς
1320 359 1436 392 διαλέξει
1473 357 1648 393 χρησάμενος
1686 355 1797 390 τοιούτῳ

1007 409 1087 444 λόγῳ,
1115 407 1245 433 πλειόνων
1268 406 1416 440 κρινόντων
1437 403 1467 430 τὸ
1483 403 1645 438 λεγόμενον·
1670 411 1680 427 ι
1695 402 1797 428 Εἶπατέ

1008 462 1069 490 μοι,
1088 450 1111 480 ὧ
1134 450 1222 484 οὗτοι,
1246 451 1292 477 δύο
1318 450 1400 477 τινῶν
1423 449 1652 484 ἐπιδημησάντων
1679 446 1721 482 τῷ
1747 448 1797 473 τῶν

1006 497 1156 534 ἀνθρώπων
1182 497 1264 531 γένει,
1290 495 1355 530 περὶ
1370 492 1407 521 ὧν
1432 492 1640 529 παράδοξαμε)
1659 493 1707 518 καὶ
1730 491 1798 527 ὑπὲρ

1006 544 1055 579 τὴν
1065 542 1236 578 ἀνθρωπίνην
1249 541 1329 575 φύσιν
1338 539 1556 574 ἀναγέγραπται,
1565 536 1708 568 Μωῦσέως
1717 536 1797 570 λέγω,

1006 589 1052 615 τοῦ
1067 589 1144 623 ὑμῶν
1156 586 1312 622 νομοθέτου,
1328 585 1394 620 περὶ
1409 584 1504 611 ἑαυτοῦ
1514 583 1736 618 ἀναγράψαντος,
1754 581 1797 607 καὶ

1012 634 1098 670 Ἰησοῦ
1112 633 1158 660 τοῦ
1173 633 1307 669 ἡμετέρου
1327 630 1497 662 διδασκάλου,
1516 629 1598 665 μηδὲν
1613 628 1680 663 περὶ
1700 626 1797 653 ἑαυτοῦ

1006 679 1176 715 σύγγραμμα
1193 676 1418 707 καταλελοιπότος
1433 676 1505 711 (15),
1523 674 1590 701 ἀλλά
1605 673 1660 700 ὑπὸ
1674 673 1731 699 τῶν
1750 681 1798 707 μα-

1006 726 1095 761 θητῶν
1121 727 1150 751 ὲν
1172 726 1228 756 τοῖς
1247 722 1420 757 Εὐαγγελίοις
1442 719 1705 757 μεμαρτυρημένον·
1725 719 1797 752 τίςή

1006 770 1208 805 ἀποκλήρωσις,
1234 767 1412 795 πιστεύεσθαι
1430 767 1478 802 μὲν
1493 766 1615 793 Μωῦσὲα
1628 766 1668 796 ὡς
1684 764 1797 799 ἀληθεύ-

1006 825 1079 850 οντα,
1090 816 1178 843 καίτοι
1188 824 1221 850 γε
1229 814 1382 849 Αἰγυπτίων
1391 812 1586 840 διαϐαλλόντων
1596 811 1679 838 αὐτὸν
1687 810 1726 841 ὡς
1735 810 1795 844 γόη-

168 856 294 905 quamvis
304 856 421 904 ,Εενωῇ
437 856 614 904 impostorem
631 876 695 896 eum
708 868 792 896 luisse
804 874 832 896 et
844 869 954 904 magicis

1046 863 1106 893 ,καὶ
1117 861 1270 897 μαγγανεία
1282 860 1332 892 τὰς
1348 860 1476 895 δυνάμεις
1493 858 1675 892 πεποιηκέναι
1693 856 1797 883 δοκοῦν-

169 914 275 942 artibus
300 914 423 949 prodigia
448 914 530 941 edere
547 915 635 941 visum
656 922 717 942 esse
736 914 952 948 calumnientur;

168 961 232 988 .Iesu
254 969 318 988 vero
338 968 446 988 omnem
461 961 585 996 abrogari
611 960 705 994 ﬁdem,
728 961 792 995 quia
812 967 861 988 vos
878 960 954 987 illum

168 1007 319 1035 incusatis?
331 1005 397 1033 Nam
415 1006 525 1040 utrique
537 1013 585 1034 sua
603 1013 669 1041 gens
683 1006 888 1040 patrocinatur:
904 1006 954 1033 ,1η⁴

168 1053 218 1079 dmi
233 1052 341 1088 quidem
358 1051 459 1087 Moysi;
474 1052 623 1079 Christiani
639 1058 704 1079 vero
718 1059 779 1086 qua:
795 1052 827 1079 de
846 1050 908 1078 Jesu
921 1051 955 1078 ab

166 1097 226 1132 ejus
252 1097 394 1133 discipulis
409 1097 511 1132 scripta
534 1103 597 1125 sunt
625 1098 766 1132 prodigia,
799 1105 849 1132 pro
883 1097 955 1124 veris

168 1143 285 1176 habent;
309 1151 397 1178 neque
423 1143 527 1171 idcirco
551 1143 652 1179 Moysis
681 1143 851 1178 prophetiam
876 1151 955 1178 repu-

168 1188 263 1221 diant;
287 1189 342 1217 imo
356 1189 420 1217 hinc
444 1190 563 1216 maxime
587 1189 749 1217 conﬁrmant
763 1197 822 1224 qua:
838 1189 872 1216 de
892 1188 954 1216 Jesu

168 1235 293 1262 credunt.
309 1235 384 1268 Quod
400 1234 423 1262 si
452 1239 552 1262 nostra:
578 1235 612 1262 de
634 1234 698 1262 Iesu
723 1234 785 1262 ﬁdei
821 1235 954 1262 rationem

166 1279 294 1315 poscitis.
306 1279 380 1314 prius
390 1286 437 1306 vos
446 1279 528 1306 dicite
535 1286 585 1307 cur
597 1279 680 1314 Moysi
693 1280 812 1306 credatis
822 1280 867 1314 qui
879 1279 953 1306 illum

166 1325 321 1360 pratcessit;
338 1331 389 1352 nos
411 1325 510 1352 deinde
534 1324 656 1351 dicemus
676 1331 725 1351 cur
744 1324 788 1351 isti
800 1325 954 1351 credamus.

167 1370 221 1398 Sed
235 1370 256 1397 si
283 1369 499 1406 tergiversemini
527 1374 554 1396 et
579 1370 710 1396 recusetis
730 1369 848 1404 probare
869 1377 917 1396 cur
929 1369 955 1396 ei

167 1415 299 1448 credatis,
324 1423 375 1443 nos
390 1414 636 1450 impraesentiarum
658 1422 706 1442 vos
733 1414 911 1447 imitabimur,
927 1419 956 1442 et

166 1466 260 1489 nostra
287 1466 448 1496 argumenta
471 1461 632 1488 tacebimus.
656 1460 839 1488 Nihilominus
868 1460 955 1487 fatea-

168 1507 235 1536 mini
268 1508 357 1535 nullas
381 1515 427 1534 vos
440 1507 474 1534 de
491 1507 584 1542 Moyse
608 1507 784 1542 probationes
801 1507 911 1539 habere,
929 1510 956 1534 et

169 1553 263 1580 audite
279 1557 386 1579 nostras
415 1552 450 1579 de
469 1551 532 1579 Jesu
554 1559 587 1579 ex
612 1552 672 1587 lege
694 1557 721 1578 et
750 1551 890 1586 prophetis
909 1552 956 1577 de-

169 1601 304 1632 sumplas.
325 1597 358 1624 Et
373 1598 444 1632 quod
463 1597 587 1625 mirabile
608 1605 721 1632 prorsus
736 1601 789 1628 est,
803 1603 862 1631 qua;
879 1596 955 1624 nobis

169 1644 204 1672 de
221 1643 286 1671 Iesu
316 1643 357 1670 lex
379 1647 406 1669 et
426 1643 564 1677 prophetae
592 1646 751 1676 argumenta
768 1642 954 1676 suppeditant,

168 1689 266 1718 iisdem
282 1689 401 1724 Moysem
427 1692 455 1716 et
479 1688 626 1723 prophetas
651 1688 853 1716 demonstratur
869 1680 955 1715 fuisse

171 1735 217 1763 Dei
234 1736 390 1770 prophetas.

203 1781 260 1816 36
267 1781 312 1808 46.
324 1781 458 1808 therum
467 1779 509 1808 lex
520 1784 547 1808 et
554 1780 691 1816 propheta:
700 1780 793 1808 referti
806 1785 866 1808 sunt
876 1781 956 1810 rebus

169 1827 298 1860 insolitis,
314 1835 375 1862 qua:
388 1831 453 1855 sunt
474 1826 595 1862 ejusdem
616 1827 674 1854 fere
695 1831 798 1854 natura:
829 1835 862 1854 ac
883 1828 955 1861 quod

167 1873 298 1908 scriptum
310 1878 351 1900 est
363 1873 397 1900 de
411 1873 501 1908 specie
514 1872 647 1900 columbae
655 1877 682 1900 et
693 1880 759 1900 voce
767 1881 783 1900 e
792 1872 860 1900 coelo
873 1873 955 1900 missa

167 1924 231 1944 cum
248 1916 326 1945 Iesus
345 1917 541 1952 baptizaretur.
567 1916 698 1951 Spiritum
722 1921 811 1944 autem
831 1922 954 1945 sanctum

167 1963 265 1996 fuisse,
279 1964 325 1998 qui
351 1963 477 1991 tunc-sub
495 1964 585 1999 specie
596 1963 728 1991 columbae
739 1963 813 1991 visus
825 1968 876 1997 est,
892 1971 955 1998 pro-

168 2008 236 2037 bare
248 2015 312 2044 pnto
321 2008 383 2036 Jesu
397 2009 542 2047 miracula,
553 2017 614 2044 quae
624 2014 652 2036 ut
661 2009 954 2041 calumnietur-Celsus,

168 2053 208 2080 ait
230 2061 261 2080 ea
274 2054 356 2081 fuisse
373 2054 408 2080 ab
421 2061 454 2081 eo
476 2054 546 2081 edita
563 2054 669 2082 artibus
697 2061 767 2089 quas
784 2055 855 2090 apud
869 2054 953 2090 Egy-

167 2099 241 2133 ptios
256 2098 400 2126 didicerat.
412 2098 469 2126 Nec
483 2099 516 2126 iis
528 2099 593 2127 solis
618 2105 694 2133 utar;
710 2107 803 2128 verum
815 2101 909 2131 etiam,
927 2103 956 2126 ut

1006 917 1050 934 ’τα-
1075 907 1179 943 ἰησοῦν
1193 907 1221 933 δὲ
1230 905 1413 937 ἀπιστεῖσθαι,
1421 905 1482 931 ἐπεὶ
1490 905 1569 939 ὑμεῖς
1578 902 1664 929 αὑτοῦ
1681 910 1798 936 κατηγο-

1007 953 1093 987 ρεῖτε;
1110 952 1194 988 Ἔθνη
1208 951 1262 987 γὰρ
1277 950 1440 986 ἀμφοτέροις
1451 949 1593 985 μαρτυρεῖ’
1614 947 1738 974 Ἰουδαῖοι
1753 947 1798 982 μὲν

1005 998 1120 1032 Μωῦσῇ,
1133 996 1289 1031 Χριστιανοὶ
1300 995 1339 1028 δὲ,
1357 996 1394 1031 μὴ
1409 994 1570 1030 ἀρνούμενοι
1584 993 1639 1028 (14)
1657 993 1707 1027 τὴν
1719 993 1798 1020 Μωῦ-

1006 1043 1075 1075 σέως
1100 1043 1277 1078 προφητείαν,
1304 1041 1372 1068 ἀλλά
1396 1039 1523 1067 κάκεῖθεν
1539 1038 1753 1069 ἀποδεικνύντες
1767 1037 1798 1064 τὰ

1006 1090 1071 1125 περὶ
1086 1087 1132 1114 τοῦ
1154 1088 1252 1122 Ἰησοῦ,
1270 1086 1469 1123 παραδέχονται
1483 1085 1518 1112 τὰ
1534 1085 1599 1120 περὶ
1615 1084 1699 1110 αὐτοῦ
1713 1083 1798 1118 ἀληθῆ

1005 1133 1075 1161 εἶναι
1086 1133 1223 1169 παράδοξα
1238 1133 1291 1159 ὑπὸ
1304 1133 1358 1158 τῶν
1372 1131 1500 1167 μαθητῶν
1519 1130 1601 1157 αὑτοῦ
1619 1130 1797 1165 ἀναγεγραμ-

1007 1180 1085 1215 μένα.
1101 1180 1135 1205 Εἴ
1147 1188 1177 1205 τε
1193 1179 1246 1214 γὰρ
1263 1178 1341 1212 λόγον
1355 1177 1579 1212 ἀπαιτεῖτε-ἡμᾶς
1596 1176 1662 1211 περὶ
1679 1175 1730 1201 τοῦ
1750 1176 1798 1209 Ἰη-

1007 1225 1065 1258 σοῦ,
1075 1225 1187 1251 ἀπόδοτε
1198 1224 1261 1259 περὶ
1272 1222 1411 1255 Μωῦσέως
1424 1222 1470 1249 τοῦ
1487 1222 1539 1258 πρὸ
1552 1221 1635 1248 αὐτοῦ
1651 1221 1798 1255 γενομένω

1007 1270 1150 1307 πρότερον,
1167 1269 1215 1296 εἷθ’
1234 1269 1297 1305 ἑξῆς
1312 1270 1393 1305 ἡμεῖς
1407 1267 1582 1303 ἀποδώσομεν
1595 1267 1641 1294 τὸν
1659 1268 1728 1302 περὶ
1743 1267 1799 1293 τοὺ-

1005 1325 1063 1343 του.
1087 1316 1179 1351 Ὑμῶν
1194 1315 1216 1342 δ’
1231 1315 1421 1350 ἀναδυομένων
1436 1313 1484 1340 καὶ
1501 1313 1658 1348 φευγόντων
1673 1314 1726 1344 τὰς
1739 1314 1800 1348 περὶ

1006 1362 1111 1389 ἐκείνου
1127 1360 1290 1394 ἀποδείξεις,
1308 1361 1344 1392 ὡς
1360 1360 1409 1395 μὲν
1420 1360 1488 1394 πρὸς
1506 1359 1536 1385 τὸ
1549 1359 1649 1394 παρὸν,
1666 1359 1697 1385 τὸ
1710 1359 1800 1394 ὅμοιον

1006 1410 1069 1445 ὑμῖν
1091 1408 1244 1439 ποιοῦντες,
1267 1407 1316 1433 οὐκ
1339 1405 1568 1441 ἀποδεικνύομεν·
1583 1405 1661 1431 οὐδὲν
1676 1405 1704 1431 δὲ
1723 1403 1800 1440 ἧττον

1005 1454 1190 1491 όμολογήοατε
1209 1453 1263 1488 (15)
1279 1453 1310 1479 τὸ
1331 1454 1368 1488 μὴ
1383 1453 1456 1488 ἔχειν
1470 1451 1551 1484 δεῖξιν
1567 1452 1631 1487 περὶ
1647 1452 1799 1483 Μωῦσέως,

1007 1500 1054 1527 καὶ
1066 1499 1200 1526 ἀκούσατε
1215 1498 1265 1530 τάς
1282 1499 1346 1534 περὶ
1369 1498 1456 1533 Ἰησοῦ
1470 1497 1624 1529 ἀποδείξεις
1634 1497 1691 1523 ἀπὸ
1702 1498 1751 1524 τοῦ
1764 1498 1801 1523 νό-

968 1533 990 1561 c
1010 1555 1060 1582 μου
1082 1546 1129 1572 καὶ
1147 1545 1200 1572 τῶν
1222 1533 1378 1580 προφητῶν.
1397 1544 1462 1577 Καὶ,
1483 1544 1513 1570 τὸ
1530 1544 1684 1580 παράδοξόν
1712 1553 1757 1578 γε,
1772 1544 1801 1569 ὲι

1008 1591 1061 1618 τῶν
1078 1591 1142 1627 περὶ
1165 1591 1254 1626 Ἰησοῦ
1266 1590 1428 1623 ἀποδείξεων
1441 1591 1470 1616 ὲν
1495 1590 1569 1625 νόμῳ
1583 1591 1632 1616 καὶ
1646 1591 1801 1625 προφήταις

1007 1636 1207 1667 ἀποδείκνυται,
1217 1636 1259 1662 ὄτι
1273 1636 1320 1661 καὶ¹
1335 1635 1455 1670 Μωῦσῆς
1472 1635 1519 1662 καὶ
1534 1636 1558 1661 οἱ
1576 1635 1722 1671 προφῆται
1734 1634 1800 1671 ἦσαν

1008 1681 1147 1717 προφῆται
1163 1680 1210 1707 τοῦ
1225 1680 1304 1708 Θεοῦ,
1323 1690 1333 1706 ι

1043 1782 1224 1818 Πεπλήρωται
1237 1782 1265 1809 δὲ
1279 1782 1392 1817 ὁνόμος,
1409 1781 1456 1808 καὶ
1469 1782 1494 1808 οι
1509 1781 1663 1816 προφῆται,
1679 1781 1736 1807 τῶν
1751 1790 1801 1823 πει-

1010 1827 1165 1862 ραπλησίων
1190 1826 1349 1863 παραδόξων
1381 1826 1421 1862 τῷ
1440 1826 1633 1862 ἀναγράψαντι
1658 1827 1717 1862 (16)
1743 1827 1801 1861 περὶ

1007 1873 1054 1900 τοῦ
1074 1873 1160 1909 Ἰησοῦ
1174 1873 1249 1909 παρά
1266 1872 1305 1908 τῷ
1326 1873 1504 1908 βαπτίσματι,
1527 1872 1592 1907 *περὶ
1609 1872 1661 1908 τῆς
1678 1881 1799 1908 περιττε-

1010 1919 1068 1953 ρᾶς,
1085 1918 1132 1944 καὶ
1145 1918 1195 1953 τῆς
1209 1917 1359 1953 ὲξοὺρανοῦ
1373 1917 1473 1952 φωνῆς.
1491 1918 1609 1953 Σημεῖον
1621 1917 1652 1944 δὲ
1665 1916 1745 1953 οἶμαι
1757 1917 1799 1944 τοῦ

1007 1964 1066 1990 τότε
1081 1964 1207 1998 ὀφθέντος
1220 1964 1274 1999 (17)
1291 1963 1368 1998 ἁγίου
1385 1963 1542 1998 Πνεύμσιτος
1554 1965 1582 1990 ὲν
1595 1964 1665 1990 εῖδει
1683 1972 1800 2000 περιστε-

1009 2010 1069 2044 ρᾶς,
1087 2010 1121 2036 τὰ
1137 2009 1190 2035 ὑπὸ
1204 2008 1251 2042 τοῦ
1271 2008 1358 2044 Ἰησοῦ
1376 2008 1514 2045 παράδοξα
1528 2011 1715 2044 γεγενημένα,
1729 2010 1799 2036 ᾶτινα

1007 2055 1158 2083 διαΰάλλων
1171 2055 1284 2087 Κέλσος,
1301 2055 1383 2090 φησιν
1399 2054 1480 2081 αὑτὸν
1495 2054 1559 2090 παρ’
1576 2055 1744 2088 Αἰγυπτίοις
1756 2062 1797 2089 p2-

1009 2100 1150 2136 μαθηκότα
1168 2100 1356 2135 πεποιηκέναι.
1377 2100 1431 2127 Καὶ
1453 2100 1503 2126 οὐκ
1523 2100 1639 2131 ἐκείνοις
1662 2108 1696 2134 γε
1715 2101 1797 2135 μόνοις

169 2151 220 2178 par
241 2148 294 2175 est,
313 2144 349 2171 iis
366 2152 426 2178 quae
443 2149 622 2178 patraverunt
636 2145 700 2173 Jesn
717 2145 843 2180 apostoli.
864 2145 956 2180 Neque

1046 2147 1153 2181 ἡσομαι·
1170 2145 1238 2172 ἀλλά
1257 2144 1322 2180 γὰρ,
1341 2144 1411 2171 κατά
1424 2145 1454 2171 ’τὸ
1472 2145 1555 2176 εἰκὸς,
1576 2145 1623 2171 καὶ
1641 2142 1686 2176 οἷς
1699 2147 1726 2172 οἱ
1742 2145 1798 2172 ἀπό-

171 2188 244 2214 enim
275 2189 335 2215 sine
364 2188 504 2217 miraculis
525 2190 712 2225 prodigiisque
737 2190 890 2225 potuissent
915 2190 956 2217 in-

173 2233 272 2261 ducere
301 2242 358 2267 eos,
393 2235 491 2269 quibus
529 2243 626 2263 novam
657 2237 810 2265 doctrinam
832 2244 956 2272 novaque

171 2278 296 2307 instituta
314 2280 466 2315 tradebant,
478 2284 508 2309 ut
522 2281 624 2310 relictis
646 2282 744 2317 patriis
755 2282 898 2317 institutis,
913 2282 954 2310 vel

207 2379 264 2414 (l2)
291 2380 337 2407 Sic
370 2387 467 2408 omnes
500 2388 590 2413 mss.,
621 2384 735 2414 excepto
771 2380 878 2408 Joliano
912 2381 958 2416 qui

169 2419 316 2483 ugrétque
324 2415 404 2443 habet
417 2416 573 2449 lectionem,
586 2416 753 2450 παραδόξως,
766 2421 793 2443 et
803 2423 897 2450 supra,
905 2424 958 2442 πα-

172 2459 188 2483 ρ
253 2459 280 2476 α.

253 2459 280 2476 οι.

172 2459 383 2520 ραῗῗῖξῗᾟηδὲν
397 2485 463 2520 περὶ
477 2485 584 2521 ἑαυτοῦ
600 2486 776 2521 σύγγραμμα
785 2487 958 2513 καταλελοι-

170 2521 272 2553 πότος.
294 2520 362 2548 Hinc
381 2520 453 2548 forte
474 2520 601 2554 colligere
617 2526 659 2547 est.
676 2529 756 2555 quam
770 2521 833 2548 Jesu
850 2521 954 2548 Christi

171 2556 449 2596 nomine-epistolam
477 2556 511 2582 ad
528 2556 665 2590 Abgarum
684 2555 797 2618 (profert
821 2557 955 2584 Eusebius

171 2589 244 2617 hb.t
264 2590 336 2618 Hm.
358 2591 462 2618 eet-lem.
483 2598 546 2618 can.
562 2591 606 2618 15.
624 2596 670 2617 aut
711 2591 795 2618 riacni
815 2592 954 2618 ignotam.

171 2589 221 2617 lib.
236 2597 244 2617 I
264 2589 336 2626 Hist.
358 2591 462 2624 eodem,
483 2598 546 2625 cap.
562 2589 606 2623 l3,
624 2596 670 2617 aut
684 2589 795 2626 Origeni
815 2592 954 2626 ignotam,

172 2630 219 2660 aut
241 2625 365 2660 abhipso
388 2633 438 2660 pro
463 2626 634 2660 supposititia
661 2631 688 2652 ct
716 2625 807 2660 spuria
829 2625 953 2653 habitam

172 2659 267 2696 fuisse.
280 2659 463 2696 Hieronymus
483 2659 666 2696 adEzechiel.
684 2659 757 2693 λων,
775 2660 810 2688 Ξ9
827 2669 833 2688 :
853 2670 862 2687 ι
877 2660 955 2696 Unde

172 2694 335 2730 ethSaly'ulor
347 2694 459 2722 nullum—
466 2695 591 2723 volumen
606 2696 736 2723 doctrinae
748 2703 803 2723 suae
816 2695 955 2730 proprium

172 2728 295 2762 reliquit,
319 2730 391 2763 quod
410 2730 437 2756 in
456 2730 595 2764 plerisque
610 2728 830 2765 apocryphorum
854 2728 955 2757 delira-

174 2769 263 2801 menta
278 2765 447 2801 conﬁngunt,
466 2765 513 2801 sed
528 2765 616 2801 Patris
629 2764 657 2792 et
674 2764 724 2792 suo
741 2764 847 2801 ᾕρει-ίῳ
862 2764 954 2798 quoti-

174 2797 218 2834 die
238 2797 396 2834 loquiturjn
412 2800 494 2826 corde
518 2799 696 2834 credentium.
716 2808 725 2824 ι
741 2797 808 2826 Vide
821 2800 850 2827 S.
862 2797 954 2834 Augu-

175 2832 241 2858 stin.
255 2831 301 2859 lib.
314 2841 332 2859 υ
355 2831 485 2867 limam,
504 2840 564 2869 eap.
582 2833 625 2869 16,
642 2839 670 2862 et
688 2833 735 2862 lib.
751 2842 759 2862 ι
776 2834 814 2863 De
826 2831 952 2863 consensu

1010 2190 1097 2217 στολοι
1115 2190 1163 2217 τοῦ
1186 2189 1272 2225 Ἰησοῦ
1296 2191 1487 2226 πεποιήκασιν.
1510 2191 1567 2217 Οὐκ
1590 2190 1624 2217 ἂν
1648 2191 1708 2226 γὰρ
1721 2191 1797 2226 χωρὶς

1008 2236 1150 2272 δυνάμεων
1166 2235 1213 2262 καὶ
1227 2235 1386 2270 παραδόξων
1399 2234 1503 2262 ἐκίνουν
1519 2236 1581 2267 τοὺς
1595 2235 1702 2261 καινῶν
1718 2236 1796 2269 λόγων

1008 2283 1054 2309 καὶ
1064 2282 1164 2309 καινῶν
1180 2281 1348 2317 μαθημάτων
1367 2281 1514 2313 ἀκούοντας
1526 2281 1594 2316 πρὸς
1602 2281 1634 2308 τὸ
1640 2282 1797 2308 καταλιπείν

1011 2388 1203 2455 ξξῗνῖἔίιοῖῗιεξι
1220 2380 1666 2455 ἓιηίξηῇοίῖιῑὲίἔέειῗῖ,ῑι,⁵ἒηιῖῗ¹ζ
1675 2382 1794 2452 ἔειέὲῖ

1011 2451 1043 2477 ad
1058 2451 1199 2477 Ceretittnt
1219 2452 1339 2485 episcop.

1046 2484 1102 2520 (14)
1122 2485 1208 2527 Qtidd.
1221 2484 1321 2521 Regius
1350 2489 1378 2512 et
1402 2484 1575 2519 Basilcensis,
1595 2486 1793 2522 Χριστιανοὶᾶ

1010 2528 1235 2556 μαρτυρουμενοι.

1044 2555 1100 2595 (εξ)
1123 2555 1228 2595 l_tgg..et
1245 2555 1651 2595 Βοξίβοεοηεῐειιῖηιολογήοσιτε.⁵
1662 2591 1670 2595 _
1777 2588 1786 2595 .

1059 2590 1100 2625 lti)
1122 2590 1163 2622 Τῷ
1178 2590 1394 2625 ἀναγράψαντι.
1415 2590 1596 2620 Scr'ibemlum
1625 2591 1746 2622 videtur,
1759 2590 1792 2624 τῷ

1008 2625 1203 2660 ἀναγραφέντι,
1226 2632 1255 2651 ut
1271 2630 1344 2652 recte
1356 2632 1467 2653 [tionem
1479 2626 1595 2653 Guietus
1616 2631 1644 2653 et
1665 2625 1788 2660 Boherel-

1009 2658 1170 2696 lt_is.'lbidem
1180 2659 1296 2687 Guietus
1306 2667 1450 2696 perperam
1461 2661 1606 2696 legendum
1618 2658 1788 2695 censetmpé

1008 2694 1039 2721 τὸ
1054 2694 1211 2732 βᾴπτισμαη
1220 2702 1271 2732 non
1287 2702 1350 2722 vero
1361 2695 1435 2732 παρὰ
1448 2694 1682 2732 τῷήβαπτίσματι.

1043 2729 1101 2764 (l7)
1122 2729 1293 2756 stchelius
1314 2735 1341 2756 et
1361 2729 1526 2764 Spencei'us.
1541 2730 1590 2756 τοῦ
1605 2729 1642 2756 τε
1655 2730 1786 2764 ὀφθέντος,

1007 2766 1054 2792 sed
1074 2771 1170 2791 omnes
1185 2765 1266 2791 codd.
1286 2772 1350 2796 ms.,
1371 2765 1419 2791 τοῦ
1438 2766 1499 2792 τότε
1517 2765 1660 2799 ὀφθέντος,
1686 2767 1785 2792 rectius.

1007 2799 1078 2835 lnit‘a
1093 2799 1177 2835 code;
1190 2799 1288 2833 Regius
1300 2804 1327 2827 et
1339 2799 1514 2835 Basileensis,
1533 2800 1616 2835 μέχρι
1632 2800 1746 2828 θανάτου
1759 2806 1786 2824 τι

1006 2833 1108 2860 τούτων
1120 2833 1255 2871 θαύματα.
