1843 3097
69 142 119 168 ’14ῗί

664 141 802 169 CONTRA
821 140 960 168 CELSUM
982 140 1043 167 [ΑΒ.
1068 139 1087 168 Ι.

1637 143 1688 169 ’146

70 202 118 236 μὲν
141 200 175 226 τὰ
191 201 303 236 πάτρια,
318 199 520 236 παραδέξασθαι
533 200 560 227 δὲ
572 201 640 236 μετὰ
658 200 786 228 κινδύνων
799 201 828 226 τι]

916 208 967 228 :um
993 207 1098 227 summo
1117 199 1212 227 mortis
1239 200 1358 234 periculo
1387 201 1506 236 ipsorum
1531 201 1690 229 documenta

70 246 150 282 μέχρι
164 245 278 273 θανάτου
293 245 327 272 τὰ
336 246 438 273 τούτων
450 246 608 282 μαθήματα.
622 247 677 274 Καὶ
686 245 724 273 ἔτι
736 246 794 282 ἴχνη
806 246 852 272 τοῦ

66 292 143 326 ἁγίου
152 292 255 318 ἐκείνου
262 292 331 318 Πνεύ
335 300 428 327 ματος,
436 292 562 326 ὀφθέντος
573 293 601 318 ἐν
609 293 672 319 εῖδει
681 293 852 329 περιστερᾶς,

66 338 141 374 παρὰ
156 339 329 373 Χριστιανοίῖ
341 337 465 370 σώζεται.
486 338 628 372 Ἐξάγουσι
643 337 697 374 (18)
712 338 852 373 δαίμονας,

65 385 113 410 καὶ
126 384 225 415 πολλὰς
241 385 326 416 ἰάσεις
340 385 502 416 ἐπιτελοῦσι,
511 386 557 412 καὶ
564 385 650 421 ὁρῶσί
663 394 722 411 τινα
737 384 807 411 κατὰ
823 385 853 410 τὸ

66 430 188 466 βούλημα
198 430 244 457 τοῦ
256 431 342 465 Λόγου
358 432 421 467 περὶ
439 431 597 467 μελλόντων,
623 432 680 458 Κᾶν
701 432 817 467 χλευάσῃ
825 432 852 457 δὲ

67 476 169 507 Κέλσος
184 476 215 502 τὸ
233 476 442 511 λεχθησόμενον,
463 477 478 512 ἦ
499 477 528 504 ὃν
545 477 692 512 εἰσήγαγεν
712 477 851 508 Ἰουδαῖος,

64 522 140 557 ὅμως
152 523 298 555 λελέξεται,
316 524 355 550 ὃτι
370 523 470 556 πολλοὶ,
488 523 607 559 ὡσπερεὶ
618 524 739 556 ἄκοντες,
755 532 854 559 προσε-

62 568 194 604 ληλύθασι
208 570 424 605 Χριστιανισμῷ,
450 570 605 605 πνεύματός
619 578 691 602 τινος
704 570 852 606 τρέψαντος

61 613 151 639 αὐτῶν
170 614 202 640 τὸ
223 616 384 650 ἡγεμονικὸν
404 615 535 650 αἰφνίδιον
551 613 605 642 ἆπὺ
624 615 670 642 τοῦ
696 617 786 650 μισεῖν
806 616 852 642 τὸν

65 658 146 693 λόγον
166 661 212 687 ἐπὶ
232 661 262 687 τὸ
281 661 501 696 ὺπεραποθανεῖν
519 661 613 693 αὐτοῦ,
631 663 676 688 καὶ
698 663 851 695 φαντασιῶ-

62 712 158 736 σαντος
185 705 284 737 αὐτοὺς
309 705 382 741 ῦπαρ
401 706 418 740 ἢ
447 705 513 741 ὕναρ
535 706 601 741 (19).
626 706 714 733 Πολλὰ
739 706 791 742 γὰρ
807 708 853 734 καὶ

60 749 173 776 τοιαῦτα
191 750 380 786 ίστορήσαμεν·
391 751 468 778 ἅτινα
481 751 528 778 ἐὰν
542 751 700 787 γράφωμεν,
717 751 792 778 αὐτοὶ
806 753 853 778 αὺ-

60 796 116 827 τοῖς
131 796 332 831 παρατυχόντες
345 797 392 823 καὶ
407 797 516 829 ἰδόντες,
531 797 638 830 γέλωτα
654 797 758 824 πλατὺν
771 798 852 833 ὀφλή-

61 849 144 876 σομεν
159 843 214 874 τοῖς
231 842 366 875 ἀπίστοις,
383 843 516 878 οἰομένοις
533 843 604 878 ἡμᾶς
616 844 716 878 ὁμοίως
730 841 771 875 οἷς
784 845 851 870 ὑπο-

905 246 1135 280 amplexarentur.
1153 245 1221 278 Quin
1237 251 1263 272 el
1279 247 1426 273 etiamnum
1441 247 1510 281 apud
1520 246 1691 274 Christianos

905 290 1030 318 nonnulla
1059 295 1204 324 supersum
1229 291 1299 318 illius
1326 292 1445 326 Spiritus
1460 293 1558 326 snneti,
1584 295 1630 328 qui
1645 302 1692 322 co-

904 335 1002 363 lttmba:
1034 335 1122 369 specie
1147 335 1283 369 apparuit,
1312 336 1432 370 vestigia.
1464 335 1530 363 Nam
1558 337 1690 365 tiattuonia

903 381 1024 414 ejiciunt,
1055 381 1163 407 morbos
1177 386 1285 412 curant,
1315 385 1342 407 et
1364 381 1471 408 volente
1486 382 1574 409 Verbo
1601 384 1690 410 futura

903 426 1063 460 prmvident.
1082 422 1195 453 lrridea't
1212 425 1276 453 licet
1295 426 1390 454 Celsus
1416 433 1462 454 aut
1479 427 1586 456 Iudaeus
1608 436 1690 463 quem

905 472 1066 503 introduxit,
1082 472 1152 506 quod
1169 472 1285 503 dicetur,
1312 473 1400 499 dicant
1416 474 1602 510 nihilominus,
1619 476 1688 503 mul-

905 523 946 545 tos
967 518 1000 545 ad
1020 518 1179 552 religionem
1200 517 1382 546 Christianam
1401 522 1547 548 accessisse
1562 522 1689 549 velutin-

905 565 989 591 vitos:
1007 565 1102 599 spiritu
1120 565 1236 599 quodam
1255 570 1364 599 repente
1381 566 1438 592 sive
1448 573 1494 600 per
1511 568 1595 594 visum
1607 568 1688 604 362

904 611 962 637 sive
976 619 1023 644 per
1038 611 1173 637 somnium
1193 610 1220 637 in
1234 610 1339 637 illorum
1356 611 1461 639 animos
1485 619 1581 648 agente
1609 621 1689 649 atque

905 657 940 683 ita
961 656 1020 683 illos
1037 657 1206 689 immntante,
1231 660 1259 683 ut
1275 657 1384 690 quodin
1408 657 1480 685 illam
1507 666 1690 694 conceperant

904 702 995 728 odium
1022 702 1200 736 deponerent,
1225 706 1253 728 et
1276 709 1325 736 pro
1355 703 1399 730 illa
1423 709 1538 732 mortem
1563 712 1689 740 oppetere

904 752 1065 775 statuerent.
1083 747 1167 775 Multa
1191 747 1324 782 ejusmodi
1351 749 1484 782 novimus,
1502 758 1563 785 qute
1580 752 1610 778 si-
1622 753 1690 778 srri-

904 794 1043 827 berenms,
1059 794 1166 821 tametsi
1195 794 1300 821 illorum
1329 795 1428 823 oculati
1447 800 1529 824 testes
1544 797 1687 830 fuerimus,

903 838 1046 873 benignam
1070 839 1140 866 risus
1163 839 1304 866 materiam
1329 840 1512 874 praeberemus
1530 841 1688 874 incredulis,

59 887 230 922 λαμϐάνουσι
245 888 320 914 ταῦτ’
336 889 566 921 ἀναπεπλακέναι,
583 890 630 916 καὶ
648 890 746 920 αὐτοὺς
763 889 828 916 πλάξ

919 884 945 911 ui
956 892 1004 912 nos
1014 891 1046 911 ex
1063 891 1157 912 eorum
1173 885 1288 919 ingeniis
1297 893 1365 920 quos
1376 887 1438 913 talia
1455 886 1567 914 ﬁnxisse
1577 892 1687 919 norunt,

59 941 127 959 σειν.
149 933 230 960 Ἀλλὰ
242 934 297 969 γὰρ
311 934 375 966 Θεὸς
394 935 499 971 μάρτυς
517 935 564 961 τοῦ
585 935 718 971 ἡμετέρου
734 936 850 962 συνειδό-

57 987 121 1011 τος,
148 979 312 1015 βουλομένου
331 981 361 1007 οὺ
380 980 425 1007 διὰ
445 980 549 1015 ψευδῶν
569 982 757 1016 ἀπαγγελιῶν,
783 982 850 1009 ἀλλὰ

56 1025 102 1052 διὰ
117 1034 190 1057 τινος
209 1026 350 1062 ἐναργείας
372 1027 496 1063 ποικίλης
511 1027 677 1054 συνιστάνειν
692 1028 741 1062 τὴν
762 1029 848 1064 Ἰησοῦ

57 1071 133 1098 θείαν
143 1071 325 1098 διδασκαλίαν.
348 1072 423 1098 Ἐπεὶ
437 1073 465 1100 δὲ
480 1073 605 1105 Ἰουδαῖός
619 1074 693 1101 ἐστιν
703 1075 717 1100 ὸ
728 1075 790 1110 περὶ
802 1075 848 1101 τοῦ

56 1117 302 1153 ἀναγεγραμμένου
321 1117 398 1151 ἁγίου
417 1119 576 1154 Πνεύματος
595 1119 803 1155 κατεληλυθέναι
820 1122 848 1147 ἐν

55 1162 122 1188 εῖδει
142 1165 306 1199 περιστερᾶς
329 1165 398 1201 πρὸς
410 1166 455 1192 τὸν
476 1166 579 1201 Ἰησοῦν
596 1165 719 1201 ἀπορῶν,
738 1166 848 1192 λεκτέον

54 1207 87 1233 ἂν
100 1207 144 1242 εἴη
163 1208 219 1243 (‘20)
234 1210 301 1245 πρὸς
320 1211 402 1238 αὐτόν
412 1219 419 1227 ·
433 1209 468 1237 Ὦ
486 1209 574 1243 οὗτος,
594 1211 636 1242 τίς
649 1212 721 1237 ἐστιν
733 1212 747 1238 ὁ
763 1212 792 1238 ὲν
808 1212 847 1246 τῷ

60 1253 164 1289 Ἡσαΐᾳ
179 1254 277 1289 λέγων·
299 1256 354 1282 Καὶ
369 1256 417 1284 νῦν
437 1257 539 1293 Κύριος
560 1257 702 1284 ἀπέστειλέ
724 1265 757 1292 με
779 1258 846 1291 (2i).

53 1299 103 1326 καὶ
123 1299 156 1326 τὸ
179 1300 291 1336 Πνεῦμα
312 1302 405 1330 αὑτοῦ.
428 1303 473 1330 Ἐν
493 1299 515 1337 ᾧ
534 1303 684 1338 ἀμφιϐόλου
703 1303 780 1335 ὄντος
799 1303 846 1330 τοῦ

53 1345 151 1380 ῥητοῦ,
172 1346 284 1382 πότερον
304 1348 319 1373 ὁ
340 1348 433 1385 Πατὴρ
451 1350 497 1375 καὶ
516 1349 546 1375 τὸ
558 1349 634 1383 ἅγιον
649 1348 762 1384 Πνεῦμα
776 1349 845 1376 ἀπέ-

52 1390 164 1418 στειλαν
177 1391 233 1427 (22)
247 1393 293 1419 τὸν
313 1394 427 1430 Ἰησοῦν,
444 1394 459 1429 ἢ
472 1395 486 1421 ὁ
495 1394 589 1430 Πατὴρ
604 1395 743 1422 ἀπέστειλε
757 1395 803 1421 τόν
817 1404 845 1421 τε

52 1437 174 1472 Χριστὸν
188 1439 236 1465 καὶ
247 1439 278 1465 τὸ
290 1440 366 1474 ἅγιον
378 1440 502 1475 Πνεῦμα,
518 1441 548 1466 τὺ
563 1441 689 1476 δεύτερόν
700 1441 774 1467 ἐστιν
789 1441 845 1475 (ἓὸ)

52 1483 165 1519 ἀληθές.
178 1484 232 1510 Καὶ
243 1486 304 1511 ἐπεὶ
319 1486 456 1521 ἀπεστάλη
469 1487 482 1512 6
498 1486 603 1521 Σωτὴρ,
619 1484 677 1512 εἶτα
693 1487 723 1513 τὸ
736 1487 845 1521 Πνεῦμα

50 1529 84 1551 εδ
97 1529 187 1551 ἅγιον.
210 1530 251 1551 tua
266 1530 395 1551 πλῇηι-ιίὶῧί
413 1531 442 1551 ’τὴ
455 1532 598 1551 cirmuéunu
616 1531 668 1551 ιίτνλ
683 1531 729 1551 ινηῦ
740 1532 827 1551 vnn-oi-

55 1529 84 1555 τὸ
97 1529 188 1562 ἅγιον,
210 1530 252 1556 ινα
266 1530 396 1566 πληρωθῇ
413 1531 442 1557 τὺ
454 1532 598 1567 εἰρημένον
616 1531 668 1557 ὑπὸ
683 1531 729 1557 τοῦ
740 1532 828 1566 προφή

55 1584 113 1606 του,
129 1575 215 1606 ἐχρῆν
235 1575 263 1602 δὲ
285 1576 334 1606 τὴν
345 1577 394 1606 τῆς
413 1577 580 1606 προφητείας
595 1577 735 1606 πλήρωσιν
761 1578 828 1606 ὲγνᾶ

916 1529 1076 1557 uptcretur;
1100 1529 1244 1556 oportebat
1273 1529 1362 1550 autem
1390 1529 1419 1551 ut
1451 1529 1608 1552 vaticinium
1631 1529 1683 1553 hoc

917 1568 1000 1594 osteri
1014 1567 1152 1602 impletum
1168 1569 1251 1596 fuisse
1273 1576 1486 1603 cognoscerent:
1501 1571 1602 1599 idcirco
1612 1573 1683 1606 quod

49 1584 113 1608 του,
129 1575 215 1611 ἐχρῆν
235 1575 263 1602 δὲ
285 1576 334 1611 τὴν
345 1577 394 1611 τῆς
413 1577 580 1613 προφητείας
595 1577 735 1613 πλήρωσιν
761 1578 845 1612 ἐγνῶ-

51 1620 118 1648 σθαι
136 1621 194 1656 (24)
211 1621 323 1653 καὶτοῖς
338 1622 411 1657 ἑξῆς
433 1623 478 1650 διὰ
491 1623 569 1650 τοῦτο
583 1624 740 1659 ἀνέγραψαν
753 1625 778 1651 οἱ
795 1625 846 1660 Ἰη-

50 1667 100 1692 σοῦ
118 1667 241 1702 μαοηταὶ
257 1668 287 1694 τὸ
298 1669 491 1703 γεγενημένον.

94 1711 262 1747 Ἐϐουλόμην
282 1713 304 1738 δ’
321 1713 355 1740 ἂν
375 1713 487 1747 Κέλσῳ,
513 1715 786 1750 προσωποποιήσαντι
800 1715 845 1741 τὸν

55 1757 188 1784 Ἰουδαῖον
198 1758 415 1794 παραδεξάμενον
429 1769 487 1791 πως
501 1760 625 1795 Ἰωάννην
634 1760 670 1792 ὼς
680 1761 844 1797 Βαπτιστὴν,

50 1803 222 1837 βαπτίζοντα
241 1804 287 1831 τὸν
305 1805 417 1840 Ἰησοῦν,
437 1806 533 1838 εἰπεῖν,
557 1806 598 1832 ὅτι
617 1805 647 1832 τὸ
663 1807 788 1841 Ἰωάννην
801 1815 847 1840 γε-

47 1849 162 1881 γονέναι
179 1850 344 1886 Βαπτιστὴν,
367 1853 406 1882 είς
419 1851 515 1885 ἄφεσιν
529 1852 734 1887 ἁμαρτημάτων
748 1852 845 1887 βαπτί-

48 1895 147 1927 ζοντα,
166 1896 302 1932 ἀνέγραῴἐ
319 1906 361 1928 τις
381 1897 435 1924 τῶν
453 1898 510 1932 μετ’
525 1898 556 1924 οὐ
570 1898 637 1924 πολὺ
651 1898 697 1924 τοῦ
721 1899 843 1924 Ἰωάννου

47 1943 99 1968 καὶ
112 1941 162 1968 τοῦ
183 1942 270 1977 Ἰησοῦ
284 1945 485 1979 γεγενημένων.
502 1944 544 1970 Ἐν
559 1944 613 1979 γὰρ
629 1944 667 1979 τῷ
680 1944 843 1971 ὀκτωκαιδε-

47 1987 130 2022 κάτῳ
138 1988 189 2022 τῆς
211 1988 360 2024 Ἰουδαϊκῆς
380 1989 569 2024 ἀρχαιολογίας
585 1990 599 2015 ὁ
619 1989 748 2025 Ἰώσηπος
772 1998 843 2025 μαρ-

45 2034 130 2068 τυρεί
146 2033 185 2067 τῷ
203 2033 322 2069 Ἰωάννῃ,
336 2035 374 2066 ὡς
388 2035 525 2070 Βαπτιστῇ
542 2035 726 2070 γεγενημένῳ,
741 2035 788 2061 καὶ
801 2044 846 2062 κα-

45 2079 166 2114 θάρσιον
186 2080 242 2111 τοῖς
264 2079 476 2115 βαπτισαμένοις
503 2080 739 2116 ἐπαγγελλομένῳ.
768 2081 797 2106 '0
822 2081 844 2106 δ’

44 2124 146 2157 αὐτὸς,
164 2125 251 2151 καίτοι
265 2133 296 2159 γε
310 2126 431 2152 ἀπιστῶν
443 2125 482 2161 τῷ
502 2126 587 2161 Ἰησοῦ
596 2126 634 2158 ὡς
648 2126 759 2162 Χριστῷ
775 2126 843 2162 (‘25),

898 929 1063 964 judicantes,
1081 931 1138 957 haec
1154 930 1235 956 etiam
1255 937 1269 956 2
1288 931 1366 958 nobis
1379 931 1494 958 conﬁcta
1519 939 1579 958 esse
1594 932 1687 958 existi-

900 979 1016 1002 marent.
1033 974 1123 1003 Testis
1144 980 1233 1002 tamen
1245 981 1287 1003 est
1305 976 1385 1009 Deus,
1400 977 1442 1003 cui
1466 984 1566 1004 arcana
1581 978 1688 1005 consci-

899 1021 980 1048 entia:
1001 1025 1101 1048 nostra:
1115 1026 1221 1054 patent,
1249 1028 1299 1049 nos
1318 1022 1435 1049 divinam
1450 1022 1514 1050 Iesu
1535 1023 1685 1050 doctrinam

900 1074 953 1093 non
975 1066 1050 1093 falsis
1065 1067 1289 1099 narratiunculis,
1304 1068 1351 1094 sed
1371 1068 1452 1095 variis
1471 1068 1559 1102 iisque
1573 1069 1686 1096 eviden-

901 1111 972 1138 tibus
986 1111 1155 1146 argumentis
1175 1112 1338 1139 coulirmare
1360 1112 1435 1140 Velle.
1465 1112 1598 1145 Quoniam
1619 1118 1686 1140 Vero

898 1156 1007 1184 ludat-us
1026 1161 1076 1188 est.
1091 1157 1135 1191 qui
1158 1158 1265 1184 dubitat
1276 1165 1310 1184 an
1336 1158 1453 1192 Spiritus
1471 1163 1582 1186 sanctus
1595 1160 1685 1193 specie

899 1203 1030 1228 t'uittntbtﬁ
1052 1203 1078 1228 in
1097 1202 1189 1229 .Icsum
1205 1203 1386 1236 descenderit,
1403 1204 1576 1237 quzerendum
1592 1205 1626 1231 ah
1640 1205 1686 1231 illo

899 1253 950 1280 est,
967 1249 1093 1283 quisnam
1115 1249 1159 1275 ille
1173 1249 1209 1276 sit
1231 1250 1276 1284 qui
1297 1251 1368 1284 apud
1385 1250 1483 1278 lsaiam
1512 1251 1547 1278 ita
1562 1259 1591 1278 se
1620 1252 1685 1279 dicit

899 1294 1012 1321 missum
1034 1302 1049 1321 a
1070 1295 1199 1327 Domino,
1227 1301 1257 1322 ut
1283 1296 1438 1331 ambiguum
1465 1297 1500 1324 sit
1523 1296 1640 1324 Paterne
1657 1303 1686 1324 et

899 1339 1017 1372 Spiritus
1031 1344 1142 1366 sanctus
1166 1341 1290 1367 miserint
1317 1340 1419 1374 Jesum,
1435 1350 1469 1369 an
1484 1342 1564 1370 Pater
1582 1343 1686 1371 miserit

899 1383 1037 1411 Christum
1052 1388 1078 1411 et
1092 1383 1222 1419 Spiritum
1232 1390 1366 1413 sanctum.
1382 1386 1437 1414 Hoc
1444 1388 1580 1421 posterius
1590 1396 1684 1416 verum

897 1434 950 1456 est.
977 1429 1011 1456 Et
1026 1430 1089 1464 quia
1117 1430 1215 1458 missus
1242 1436 1284 1459 est
1308 1433 1394 1466 pritno
1417 1432 1554 1467 Salvator,
1587 1434 1686 1462 deinde

898 1475 1016 1510 Spiritus
1034 1481 1152 1507 sanctus,
1169 1480 1198 1503 ιιι
1212 1478 1284 1511 quod
1296 1484 1309 1504 a
1327 1477 1456 1512 propheta
1469 1478 1571 1506 dictum
1595 1479 1684 1507 fuerat
1732 1485 1737 1487 ‘

900 1522 1076 1557 impleretur;
1100 1523 1244 1556 oportebat
1273 1529 1362 1550 autem
1390 1529 1419 1551 ut
1451 1525 1608 1552 vaticinium
1631 1525 1683 1553 hoc

900 1613 998 1640 factum
1017 1614 1114 1646 fuerat,
1129 1614 1226 1642 litteris
1239 1616 1402 1642 mandarunt
1418 1615 1481 1643 Jesu
1495 1616 1610 1652 discipul
1624 1637 1631 1644 .

933 1712 977 1739 Π.
1002 1712 1134 1739 Praeterea
1152 1713 1283 1739 monitum
1319 1713 1459 1740 voluerim'
1476 1715 1593 1749 Celsum,
1613 1719 1684 1752 apud

898 1765 977 1791 quem
1009 1757 1117 1784 Judauus
1156 1759 1354 1791 quodannnudo
1390 1761 1507 1787 admittit
1550 1761 1642 1789 Jesunt
1668 1771 1683 1789 a

900 1802 1002 1829 Joanne
1019 1802 1138 1836 Baptista
1151 1803 1236 1829 fuisse
1251 1803 1427 1837 baptizatum,
1447 1806 1618 1839 scriptorem,
1637 1809 1682 1842 qui

901 1855 994 1875 recens
1006 1849 1039 1875 ab
1048 1853 1126 1875 astate
1141 1847 1253 1875 Joannis
1267 1853 1294 1875 et
1314 1848 1378 1875 Jesu
1402 1849 1460 1881 fuit,
1479 1850 1590 1878 Joannis
1608 1859 1685 1880 men-

900 1894 999 1922 tionem
1013 1893 1110 1921 l‘ecisse
1124 1898 1152 1920 et
1169 1893 1296 1928 baptismi
1313 1895 1348 1921 ab
1358 1895 1451 1922 eodem
1462 1896 1486 1922 in
1497 1897 1682 1926 remissionem

897 1946 1070 1976 peecatorutn
1101 1940 1200 1968 collati.
1226 1940 1293 1968 Nam
1317 1941 1461 1976 Iosephus,
1486 1943 1555 1971 libro
1578 1945 1683 1972 decimo

896 1991 992 2014 octavo
1011 1986 1213 2021 Antiquitatum,
1231 1991 1345 2014 testatur
1354 1987 1484 2015 Joannem
1500 1988 1582 2017 fuisse
1597 1991 1685 2025 bapti-

898 2032 1090 2066 stam,quique
1108 2031 1150 2064 iis,
1162 2032 1207 2066 qui
1220 2032 1383 2066 baptisnnnn
1400 2034 1561 2068 reciperent,
1575 2035 1684 2070 polliee-
1714 2064 1722 2071 1

898 2079 979 2106 batur
1008 2077 1066 2105 [ore
1084 2082 1112 2104 ut
1136 2085 1228 2105 eorum
1257 2083 1368 2112 peccata
1399 2078 1578 2107 diluerentur.
1598 2080 1682 2114 idem,

897 2124 1021 2160 quamvis
1032 2123 1125 2152 Jesum
1149 2130 1197 2158 pro
1220 2123 1331 2151 Christo
1354 2132 1407 2151 non
1424 2131 1594 2159 agnosceret,
1616 2129 1681 2155 dum

85 2193 146 2228 (l8)
173 2193 345 2228 Ἐξάῖ-ουσι.
359 2193 396 2220 Ita
410 2193 489 2220 codd.
508 2193 610 2227 Regius
623 2197 649 2220 et
665 2193 839 2220 Basilcensis.
859 2197 879 2222 Ι)
895 2194 966 2221 idem
976 2191 1194 2226 habetOrigenes
1205 2192 1231 2218 in
1243 2200 1301 2227 cap.
1314 2200 1364 2219 xm
1381 2191 1490 2223 Matth"
1506 2196 1587 2227 atque
1596 2201 1628 2220 ex
1640 2194 1682 2222 his

45 2228 229 2257 Hmscheiius
248 2237 312 2255 vero
327 2234 353 2255 el
370 2228 535 2262 Spencerus,
552 2228 722 2262 ὲξεπᾴδουσι,
744 2229 839 2262 sicque

44 2264 154 2298 reliqui
167 2271 246 2294 mss..
259 2265 338 2290 modo
353 2256 474 2297 excipias
486 2256 605 2290 veterem
619 2256 781 2290 Vaticanum
795 2256 840 2297 qui

44 2299 83 2359 it:i
102 2298 231 2359 xnargige
249 2298 340 2331 habet,
355 2298 543 2333 κατεξάγουσι.
572 2298 638 2326 Vide
660 2305 738 2325 notas
760 2305 840 2332 supra

44 2341 60 2359 a
100 2341 179 2359 num.
216 2351 223 2358 .

42 2334 83 2362 ad
100 2341 179 2359 num.
194 2334 223 2359 2.

84 2368 151 2404 (19)_
169 2367 280 2404 ‘I‘nao
294 2367 313 2401 ἢ
328 2367 421 2404 frag.
447 2367 549 2404 Confer
576 2375 638 2404 quae
666 2369 700 2394 de
723 2367 841 2404 Basilide

42 2401 168 2436 scripsit
183 2401 376 2430 Eusebiuslib.
393 2409 430 2437 vt,
443 2409 502 2437 cap.
521 2402 548 2434 5,
574 2402 675 2430 lliuor.
692 2403 756 2428 eod.
776 2402 841 2429 Vide

41 2440 137 2473 etiam
148 2437 287 2473 Cypriani
310 2436 414 2473 epistol.
424 2436 483 2473 fit);
493 2437 525 2464 ad
547 2438 662 2473 ciet-tun,
679 2442 745 2467 etc.;
759 2439 839 2473 epist.

41 2474 73 2505 8,
85 2472 135 2505 54,
144 2471 190 2505 54,
199 2479 226 2499 et
237 2472 317 2506 epist.
329 2471 414 2506 69,,ud
424 2472 589 2499 Florentium
598 2471 747 2506 Pupianunt
759 2480 766 2504 ς
777 2472 842 2498 ’l‘rr-

44 2509 125 2538 :ull.,
152 2508 189 2533 De
212 2506 381 2538 spectaculis,
402 2514 463 2540 cap.
484 2507 536 2540 26;
562 2507 599 2533 De
622 2506 754 2538 idololat.,
780 2515 840 2540 cap.

42 2543 104 2574 25;
135 2542 171 2568 De
195 2542 339 2577 virginibus
360 2541 494 2573 vetandis,
521 2549 583 2576 cap.
604 2541 657 2574 27;
680 2541 720 2568 De
742 2542 842 2573 artium,

41 2585 110 2605 can.
123 2577 154 2604 9.
762 2604 765 2605 ,

81 2585 296 2648 ῗέόῒιὶεκτέον
316 2611 356 2639 ἂν
377 2612 436 2645 εἴη.
454 2611 482 2638 1η
507 2610 587 2638 codd.
615 2610 683 2645 Reg.
707 2614 734 2638 et
759 2604 843 2637 Basil.

39 2646 128 2674 deest
145 2646 242 2683 ayrsi'q.

84 2683 146 2717 (2i)
166 2680 338 2710 Hmschelius
356 2683 382 2709 in
397 2686 470 2710 textu
484 2680 646 2717 ἀπέσταλκε,
655 2688 700 2715 με.

163 2717 238 2745 Idem
255 2718 423 2758 initiarginhe,
440 2716 612 2758 ἀπέστειλαν,
634 2716 734 2743 Omnes
751 2719 841 2743 tamen

38 2751 137 2780 βοειτί
152 2753 331 2786 manuscripti
347 2751 504 2779 ἀπέστειλε.

80 2787 142 2826 (ἓξ)
164 2788 279 2826 Ὲσζίν.
295 2785 420 2826 Deestjn
434 2787 520 2826 Regio
531 2791 558 2814 et.
573 2785 731 2826 Basileensi.

73 2821 141 2861 (ξιξ)
163 2823 265 2861 βοείας
279 2826 306 2849 et
320 2821 687 2861 ἢνείιοορείεηάνεγνῶσραι.
718 2857 739 2861 __
814 2854 826 2860 ~

79 2856 142 2894 (25)
161 2856 308 2892 Καῖτοιγε
326 2856 462 2884 ἀπιστῶν
479 2856 519 2889 τῷ
546 2856 644 2890 Ἰησοῦ
656 2856 696 2888 ὡς
714 2856 839 2890 Χριστῷ.

210 2908 347 2936 ΡΔτιιοι.
370 2905 428 2935 Gn.
452 2905 505 2935 XI.

896 2228 1072 2255 duobuslocis
1085 2227 1217 2260 colligunt
1227 2228 1349 2254 nonnulli
1361 2227 1448 2254 critici
1460 2228 1594 2254 celebrem
1607 2229 1682 2256 illum

895 2263 1005 2297 Josephi
1039 2263 1072 2289 de
1088 2261 1149 2298 .iestt
1165 2262 1383 2293 Christojlocnm
1409 2263 1453 2288 lib.
1486 2270 1551 2298 xvut
1579 2264 1683 2298 Antiq..

897 2305 956 2330 cap.
972 2300 1000 2330 Δ,
1016 2305 1077 2332 pag.
1092 2297 1157 2327 621,
1172 2304 1204 2322 ea
1221 2302 1300 2323 tetate
1323 2303 1369 2323 aut
1384 2298 1503 2323 nomium
1520 2297 1546 2324 in
1570 2297 1681 2332 Josep'hi

897 2333 972 2359 libris
994 2333 1142 2361 exs'itisse.
1168 2337 1216 2358 aut
1235 2333 1257 2358 si
1279 2333 1425 2362 exstiterit.
1452 2340 1501 2364 pro
1525 2333 1682 2360 adulterino

897 2367 1018 2394 habitum
1047 2367 1146 2397 fuisse;
1173 2374 1260 2400 neque
1286 2367 1370 2395 enim.
1389 2367 1525 2400 inquiunt,
1542 2367 1564 2392 si
1581 2373 1629 2394 aut
1652 2377 1683 2394 ea

894 2407 974 2429 actate
983 2402 1184 2428 exstitissetaat
1195 2404 1242 2434 pro
1251 2401 1373 2435 legitimo
1384 2402 1494 2428 habitus
1506 2401 1685 2428 fuissetiucus

895 2437 922 2463 in
935 2444 990 2471 qum
1002 2436 1080 2471 Iesus
1088 2444 1136 2469 pro
1145 2436 1253 2462 Christo
1265 2437 1432 2470 agnoscitur.
1443 2436 1575 2469 Origenes
1583 2444 1667 2471 negas
1680 2453 1683 2456 ι

894 2470 1032 2498 setJesunt
1042 2478 1055 2497 a
1064 2470 1180 2504 Joseplto
1189 2477 1217 2497 ut
1226 2471 1348 2497 Messiam
1357 2471 1476 2504 agnitum
1486 2470 1685 2498 l'uisse.0bser-

896 2512 960 2533 vant
978 2507 1090 2540 insuper
1106 2506 1246 2532 silentium
1262 2509 1383 2531 veterum
1399 2506 1540 2537 omnium,
1557 2507 1601 2536 qui
1618 2511 1682 2532 ante

897 2539 1049 2568 Eusebium
1065 2541 1156 2566 vixere
1177 2545 1205 2566 et
1227 2548 1259 2566 ex
1283 2540 1405 2573 professo
1421 2540 1551 2566 adversus
1572 2539 1681 2567 Judtcos

897 2577 1076 2609 scripserunt.
1090 2575 1166 2601 Licet
1191 2575 1262 2601 enim
1284 2574 1390 2608 Joscphi
1415 2573 1499 2601 libros
1517 2581 1682 2605 ntetnorent,

898 2612 950 2637 hoc
963 2615 1051 2637 latitet:
1065 2611 1098 2636 de
1109 2609 1172 2636 Jesu
1189 2610 1370 2636 testimonium
1385 2616 1524 2642 nunquam
1539 2615 1682 2643 usurpant,

897 2653 951 2672 non
967 2645 1107 2675 omissuri,
1123 2645 1285 2675 utvidctur,
1311 2644 1333 2670 si
1359 2649 1424 2670 tunc
1454 2643 1583 2678 temporis
1610 2646 1683 2670 inter

896 2680 981 2713 ipsius
994 2687 1074 2714 opera
1091 2678 1251 2705 exstitisset.
1267 2679 1371 2712 Reponi
1386 2683 1472 2712 potest
1485 2679 1513 2705 in
1528 2679 1604 2705 Actis
1616 2686 1682 2705 san-

895 2716 931 2741 cti
955 2713 1049 2741 Donati
1074 2713 1263 2740 Tltntuitarutn
1290 2713 1410 2746 episcopi
1436 2714 1480 2740 die
1498 2721 1553 2741 xm
1581 2713 1642 2740 Maii
1666 2721 1681 2739 a

896 2749 1130 2777 continuatur-ibus
1151 2747 1271 2773 Bollandi
1288 2748 1390 2783 relatis,
1408 2747 1460 2781 legi
1485 2748 1557 2776 hunc
1570 2748 1682 2783 Joseplti

894 2785 994 2811 locmn.
1011 2785 1064 2811 Sed
1077 2791 1128 2810 non
1146 2786 1253 2809 constat
1271 2782 1403 2815 ejusmodi
1424 2784 1554 2810 Actorum
1570 2782 1684 2811 sinceri-

896 2826 966 2846 tas.~
985 2819 1049 2845 Ulut
1069 2823 1120 2850 est,
1145 2817 1262 2844 Joannes
1278 2817 1377 2843 Malala
1394 2817 1419 2843 in
1434 2825 1482 2843 sua
1492 2817 1680 2851 Chrouo/uqin,

897 2862 958 2889 pag.
973 2853 1035 2886 5H),
1054 2853 1167 2888 Joscphi
1190 2852 1373 2880 testimonium
1397 2853 1436 2879 sic
1460 2853 1542 2879 refert
1559 2861 1565 2877 :
1582 2852 1682 2884 Καθὼς

1469 2899 1508 2928 2t
