1843 3097
73 163 127 191 ἨΘ

674 166 812 194 CONTRA
829 166 968 194 CELSUM
987 167 1051 195 ΗΒ.
1067 167 1088 194 1.

1649 173 1699 200 750

73 221 216 256 γεγονέναι
231 222 278 249 ἐπὶ
292 222 346 249 τῶν
364 223 521 259 προφητῶν,
535 224 579 250 ὅτε
590 225 797 260 ἀναγέγραπται

930 224 1009 258 irque
1029 226 1100 252 enim
1126 225 1245 253 arbitror
1261 234 1371 254 necesse
1385 235 1446 255 esse
1470 233 1594 263 apertum
1617 230 1700 258 luerit

74 269 189 303 ρακέναι
206 269 268 295 τινὰ
282 269 381 302 αὐτοὺς
395 270 607 306 παραδοξότερα,
626 271 642 306 ἢ
658 271 804 305 ἀκηκοέναι
820 271 863 297 λό-

72 322 139 347 γους
154 314 271 349 Κυρίου,
288 315 304 350 ἥ
315 315 515 350 τεθεωρηκέναι
525 317 655 352 οὐρανοὺς
665 317 862 352 ἀνοιγομένους,

77 358 150 392 Ἐγὼ
173 359 228 395 γὰρ
248 360 298 395 οὺχ
324 360 508 396 ὑπολαμϐάνω
533 362 580 389 τὸν
602 363 729 398 αἰσθητὸν
752 363 864 398 οὐρανὸν

70 404 219 440 ἀνεῷχθαι,
230 406 315 432 καὶτὸ
327 406 405 442 σῶμα
416 407 498 433 αὐτοῦ
508 408 699 443 ἀνοιγνύμενον
709 403 862 444 διῃρῆσθαι,

71 450 117 477 ἵνα
130 451 279 487 ἀναγράψῃ
295 451 325 477 τὺ
338 452 457 479 τοιοῦτον
479 453 616 489 Ἰεζεκιήλ.
631 454 738 489 Μήποτ*
755 452 801 481 οὖν
818 456 864 482 καὶ

69 496 116 522 ἐπὶ
127 497 176 522 τοῦ
191 497 318 532 Σωτῆρος
329 497 375 524 τὸν
390 498 526 533 φρονίμως
539 498 672 526 ἀκούοντα
682 499 735 526 τῶν
744 500 863 534 Εὐαγγέ-

68 541 134 569 λίων
148 542 181 569 τὸ
194 543 287 577 ὅμοιον
303 544 452 576 ὲκδεκτέον;
468 544 519 571 κᾶν
532 544 690 581 προσκόπτῃ
703 545 733 571 τὸ
744 545 862 572 τοιοῦτον

67 591 125 621 τοῖς
146 590 353 626 ἁπλουστέροις,
372 592 396 617 οἳ
419 591 462 618 διὰ
483 592 582 627 πολλὴν
600 592 738 627 ἁπλότητα
758 593 861 619 κινοῦσι

68 636 115 663 τὸν
129 636 246 672 κόσμον,
263 637 400 671 σχίζοντες
411 638 442 664 τὸ
457 637 613 673 τηλικοῦτον
627 638 705 673 σῶμα
726 639 862 674 ἡνωμένον

67 681 117 708 τοῦ
144 682 247 714 παντὸς
271 683 397 718 οὐρανοῦ.
424 683 452 710 '0
472 684 501 709 δὲ
526 683 672 719 βαθύτερον
691 684 721 710 τὸ
745 685 862 711 τοιοῦτον

67 726 207 759 ἐξετάζων
227 729 301 763 ὲρεί,
327 729 368 755 ὅτι
392 728 494 764 οὔσης,
510 729 548 761 ὡς
567 731 584 765 ἡ
608 729 703 765 Γραφὴ
726 730 860 766 ὠνόμασε,

67 772 145 805 θείας
161 773 235 806 τινὸς
247 774 358 809 γενικῆς
370 775 531 809 αἰσθήσεως,
549 775 581 810 ἣν
599 775 677 810 μόνος
697 777 711 802 ὁ
729 777 862 812 μακάριος

65 819 195 854 εὑρίσκει
211 820 261 855 ἤδη
286 820 351 854 (50),
370 820 440 847 κατὰ
455 820 486 847 τὸ
502 821 644 856 λεγόμενον
665 822 710 848 καὶ
726 822 802 857 παρὰ
823 821 862 857 τῷ

66 864 235 899 Σολομῶντι,
250 865 290 892 ὅτι
305 875 314 891 ι
336 865 465 901 Αἴσθησιν
480 866 554 893 Θείαν
567 867 702 903 εὑρήσεις·
722 877 731 893 ι
747 868 793 895 καὶ
816 868 860 895 ὅν-

64 919 122 936 των
138 910 219 937 εἰδῶν
229 911 331 945 ταύτης
341 911 390 946 τῆς
403 911 564 948 αἰσθήσεως,
577 913 698 948 ὁράσεως
708 914 860 948 πεφυκυίας

66 955 182 990 βλέπειν
195 956 229 983 τὰ
245 958 385 992 κρείττονα
402 958 534 992 σωμάτων
549 958 708 994 πράγματα,
723 961 751 986 ὲν
762 958 802 992 οἷς
816 961 862 997 δη-

65 1001 166 1029 λοῦται
179 1002 213 1028 τὰ
225 1003 357 1038 χερουϐὶμ
369 1004 384 1038 ἧ
400 1004 436 1030 τὰ
450 1006 578 1040 σεραφίμ·
595 1006 641 1032 καὶ
657 1006 740 1041 ἀκοῆς
754 1007 860 1043 ἀντιλη-

64 1048 171 1083 πτικῆς
187 1049 243 1084 (5i)
259 1051 353 1084 φωνῶν
374 1050 434 1085 οὐχὶ
450 1051 479 1076 ὲν
491 1051 551 1086 ἀέρι
563 1051 613 1087 τὴν
624 1052 715 1078 οὐσίαν
730 1053 858 1087 ἐχουσῶν⁸

64 1094 117 1120 καὶ
129 1093 252 1128 γεύσεως
267 1096 412 1130 χρωμένης
425 1096 500 1132 ἄρτῳ
514 1096 605 1130 ζῶντι,
624 1098 670 1124 καὶ
695 1098 725 1130 ἐξ
744 1098 859 1134 οὐρανοῦ

63 1139 269 1175 καταϐεϐηκότι
278 1161 285 1172 ,
301 1142 346 1167 καὶ
360 1141 431 1177 ζωὴν
445 1142 540 1169 διδόντι
557 1143 595 1178 τῷ
607 1144 710 1179 κόσμῳ·
734 1144 819 1177 οὕτως
831 1145 859 1172 δὲ

63 1184 116 1210 καὶ
126 1185 288 1220 ὀσφρήσεως
302 1187 514 1222 ὀσφραινομένης
525 1188 644 1220 τοιῶνδε,
660 1189 727 1215 καθὸ
740 1190 858 1226 Χριστοῦ

62 1231 169 1258 εὐωδία
187 1231 261 1266 λέγει
276 1230 345 1259 εἶναι
355 1232 394 1268 τῷ
410 1233 470 1269 Θεῷ
486 1233 600 1266 Παῦλος·
619 1235 666 1261 καὶ
685 1235 757 1270 ἁφῆς
769 1255 776 1267 ,
797 1236 858 1263 καθ’

62 1276 100 1310 ἢν
123 1276 251 1312 Ἰωάννης
262 1278 327 1313 φησὶ
339 1279 399 1309 ταῖς
414 1278 505 1314 χερσὶν
519 1278 721 1314 ὲψηλαιρηκέναι
737 1279 801 1315 περὶ
811 1280 858 1306 τοῦ

62 1321 156 1356 Λόγου
169 1323 217 1357 τῆς
229 1322 311 1358 ζωῆς·
328 1323 353 1350 οὶ
370 1324 497 1360 μακάριοι
507 1324 653 1360 προφῆται,
667 1325 716 1359 τὴν
732 1324 807 1351 Θείαν
817 1325 859 1351 αι’-

63 1366 165 1401 σθησιν
179 1367 315 1403 εὑρόντες,
333 1369 381 1395 καὶ
397 1368 538 1403 βλέποντες
549 1368 636 1401 θείως,
651 1369 698 1395 καὶ
714 1369 857 1402 ἀκούοντες

61 1413 159 1445 θείως,
175 1413 223 1440 καὶ
237 1413 377 1449 γευόμενοι
394 1414 503 1449 ὁμοίως,
522 1415 568 1441 καὶ
583 1415 790 1451 ὀσφραινόμενοι
813 1416 857 1451 (ἵν’

60 1458 154 1490 οὕτως
170 1458 307 1494 ὀνομάσω)
329 1459 452 1494 αἰσθήσει
466 1460 516 1486 οὐκ
536 1460 661 1495 αἰσθητῇ,
677 1461 724 1487 καὶ
739 1461 857 1496 ἁπτόμε-

61 1513 104 1530 νοι
120 1503 169 1530 τοῦ
184 1505 273 1538 Λόγου
291 1505 360 1540 μετὰ
380 1505 506 1536 πίστεως,
524 1505 587 1532 ὥστ’
611 1506 748 1542 ἀπορροὴν
773 1506 856 1533 αὑτοῦ

60 1551 105 1582 εἰς
125 1549 224 1582 αὐτοὺς
241 1551 318 1586 ἥκειν
337 1551 539 1586 θεραπεύουσαν
557 1551 612 1587 (52)
631 1552 746 1583 αὐτοὺς,
769 1552 855 1584 οὕτως

58 1595 159 1631 ἑώρων
175 1596 403 1632 ἃὰναγράφουσιν
416 1598 577 1631 ἑωρακέναι,
594 1597 640 1623 καὶ
656 1598 753 1633 ἤκουον
780 1598 798 1624 ἃ
811 1598 855 1624 λέ-

58 1650 160 1677 γουσιν
179 1642 336 1678 ἀκηκοέναι,
349 1642 396 1669 καὶ
415 1642 449 1669 τὰ
464 1643 643 1678 παραπλήσια
659 1643 777 1678 ἔπασχον
787 1664 794 1674 ,
818 1644 856 1676 ὡς

58 1687 228 1722 ἀνέγραφον,
246 1687 377 1721 κεφαλίδα
403 1687 537 1719 ἐσθίοντες
551 1687 691 1723 διδομένην
709 1689 799 1720 αὐτοῖς
816 1688 856 1723 βι-

56 1733 149 1760 ϐλίου.
167 1732 246 1759 οὕτω
260 1732 288 1760 δὲ
305 1733 352 1760 καὶ
375 1733 468 1760 Ἰσαὰκ
478 1733 625 1769 ὠσφράνθη
638 1734 686 1769 τῆς
702 1734 791 1768 ὀσμῆς
801 1733 855 1760 τῶν

55 1778 108 1805 τοῦ
120 1778 180 1805 υιοῦ
195 1778 338 1815 θειοτέρων
355 1779 480 1814 ἱματίων,
496 1780 542 1806 καὶ
556 1780 654 1805 ἐπεῖπε
682 1781 853 1816 πνευματικῇ

56 1824 175 1860 εὐλογίᾳ
194 1823 235 1856 τὸ,
259 1834 268 1850 ι
295 1824 360 1851 Ἰδοὺ
383 1825 455 1860 ὀσμὴ
479 1824 526 1851 τοῦ
551 1825 607 1851 υἱοῦ
631 1833 699 1861 μου,
720 1825 757 1857 ὠς
783 1826 853 1862 ὀσμὴ

54 1868 148 1903 ἀγροῦ
165 1869 294 1905 πλήρους,
309 1869 338 1896 ὃν
352 1869 495 1905 εὐλόγησεν
509 1870 523 1896 ὁ
538 1869 648 1905 Κύριος.
672 1879 680 1895 ι
705 1869 854 1905 Παραπλη-

55 1915 126 1947 σίως
147 1915 177 1941 δὲ
196 1915 318 1948 τούτοις,
343 1915 390 1942 καὶ
412 1916 514 1950 νοητῶς
541 1916 641 1951 μᾶλλον
660 1916 675 1951 ἢ
700 1915 851 1951 αἰσθητῶς,

61 1960 172 1997 Ἰησοῦς
190 1961 278 1997 ἥψατο
294 1961 341 1988 τοῦ
357 1962 457 1998 λεπροῦ
468 1982 475 1994 ,
497 1962 529 1988 ἵν’
553 1962 634 1988 αὑτὸν
652 1962 789 2001 καθαρίσῃ
805 1962 853 1996 (ὠς

53 2007 116 2042 ἐγὼ
126 2005 216 2042 οἶμαι)
230 2007 321 2042 διχῶς,
337 2007 515 2035 ἀπαλλάττων
530 2007 611 2034 αὐτὸν
621 2008 652 2034 οὐ
666 2007 755 2042 μόνον,
775 2008 812 2039 ὼς
828 2008 852 2033 οἱ

53 2054 153 2081 πολλοὶ
163 2054 301 2087 ἀκούουσι,
316 2055 420 2091 λέπρας
433 2055 564 2091 αἰσθητῆς
574 2055 607 2082 δι’
621 2056 753 2092 αἰσθητῆς
768 2056 850 2091 ἁφῆς,

52 2100 127 2127 ἀλλὰ
145 2100 194 2127 καὶ⁵
209 2100 259 2135 τῆς
273 2101 355 2136 ἄλλης
369 2101 413 2128 διὰ
425 2102 476 2136 τῆς
494 2101 532 2132 ὡς
551 2100 658 2136 ἀληθῶς
674 2101 750 2133 θείας
768 2101 850 2128 αὐτοῦ

51 2147 142 2181 ἁφῆς.
158 2146 252 2178 Οὕτως
266 2145 312 2173 οὖν
327 2146 517 2183 ἐμαρτύρησεν
535 2147 671 2182 Ἰωάννης,
689 2148 774 2182 λέγων
786 2167 795 2179 ,
810 2148 850 2173 ὅτι

54 2203 64 2219 ι
85 2192 230 2227 Τεθέαμαι
242 2193 272 2219 τὸ
286 2193 398 2228 Πνεῦμα
411 2193 572 2221 καταϐαῖνον
588 2194 626 2225 ὠς
642 2193 806 2229 περιστερὰν
820 2193 850 2226 ἐξ

915 270 1043 298 sensibile
1057 271 1107 297 hoc
1119 270 1217 298 ctelum
1235 276 1282 298 aut
1294 272 1354 307 ejus
1370 281 1467 309 corpus
1484 275 1588 308 ﬁssum,
1602 282 1632 304 ut
1643 278 1700 305 haec

915 315 1037 343 Ezechiel
1054 315 1173 342 scribere
1186 316 1316 350 potuerit.
1334 317 1401 345 Vide
1417 327 1483 354 ergo
1503 328 1536 348 ne
1560 321 1630 349 forte
1648 322 1700 350 hoc

913 361 994 388 etiam
1012 361 1101 393 modo,
1118 361 1187 396 quod
1200 361 1231 388 de
1244 361 1385 390 Salvatore
1400 371 1537 398 narratur,
1551 367 1701 403 intelligere

915 405 1040 438 debeant,
1058 406 1102 440 qui
1118 406 1266 440 prudenter
1280 407 1456 442 Evangelium
1472 411 1563 446 legunt
1579 421 1586 439 :
1604 421 1701 448 quam-

913 451 955 478 vis
972 450 997 478 id
1010 451 1139 478 seandalo
1155 459 1216 479 esse
1232 452 1317 486 possit
1343 453 1563 490 simplicioribus,
1586 459 1631 492 qui
1651 467 1699 494 pro

914 503 944 524 ea
958 503 1009 531 qua
1024 501 1088 525 sunt
1111 497 1284 532 simplicitate
1297 518 1306 531 ,
1330 501 1459 527 mundum
1475 501 1556 529 istum
1578 511 1700 532 commo-

915 548 988 575 vent,
1009 543 1144 578 totiusque
1168 545 1229 571 εωιί
1246 553 1344 581 corpus
1368 552 1536 580 compactum
1559 551 1698 579 scindunt.

915 588 967 616 Sed
980 589 1025 623 qui
1041 589 1123 617 altius
1137 590 1195 617 hair:
1209 591 1290 627 364
1307 591 1459 625 rimabitur,
1476 594 1498 620 is
1514 594 1585 622 dicct
1603 603 1700 630 quern-

914 635 975 661 dam
991 642 1023 662 ex
1039 635 1181 670 Scriptura
1194 637 1349 671 generalem
1365 647 1426 667 esse
1439 647 1549 666 sensum
1564 641 1698 676 divinum,

913 686 993 713 quem
1011 679 1086 706 solus
1098 680 1194 707 beatus
1211 681 1332 709 invenire
1355 684 1451 715 novit,
1474 685 1545 712 sicut
1570 685 1699 714 Salomon

913 724 951 751 ait
966 735 972 753 :
989 734 998 750 σ
1014 724 1128 752 Sensum
1144 726 1264 752 divinum
1278 727 1398 755 invenies
1409 729 1430 762 l’;
1447 739 1457 755 ι
1471 737 1588 764 cumque
1603 738 1699 759 sensus

913 770 994 804 hujus
1008 771 1112 805 species
1125 771 1198 804 sint,
1223 773 1297 800 visus
1315 779 1394 807 aptus
1415 774 1450 800 ad
1476 777 1700 811 contemplandas

913 824 957 844 res
971 817 1131 851 corporibus
1147 819 1360 852 praestantiores,
1381 824 1410 847 ut
1423 820 1564 848 cherubim
1582 826 1608 850 et
1621 830 1699 850 sera-

912 862 998 896 pbim;
1013 863 1121 890 auditus
1133 864 1178 898 qui
1190 871 1270 891 voces
1287 865 1377 900 capiat
1401 865 1468 893 alias
1489 867 1523 894 ab
1538 867 1572 895 iis
1594 875 1655 902 qua:
1670 869 1698 896 in

912 915 975 936 aere
989 908 1150 942 formantur;
1163 914 1266 944 gustus,
1283 911 1324 938 cui
1339 911 1415 946 panis
1434 912 1512 940 vivus
1527 917 1554 940 et
1578 913 1611 941 de
1629 914 1697 942 coelo

912 954 1038 989 delapsus
1053 954 1188 989 vitamque
1204 956 1304 984 mundo
1319 957 1464 985 conferens
1477 959 1565 993 sapiat
1580 959 1697 992 ‘;'olta-

912 1003 982 1029 ctus,
997 999 1042 1034 qui
1064 999 1123 1027 haec
1138 999 1179 1027 vel
1196 999 1241 1027 illa
1263 1000 1392 1028 odoretur
1416 1010 1450 1030 cx
1472 1004 1572 1037 quibus
1593 1005 1697 1034 Christi

911 1043 1011 1071 bonum
1024 1045 1136 1072 odorem
1159 1045 1215 1073 Deo
1231 1045 1329 1074 Paulus
1344 1055 1373 1075 se
1388 1055 1448 1076 esse
1463 1049 1530 1077 dicit
1548 1050 1576 1083 7;
1605 1055 1696 1079 tactus

911 1091 1037 1125 denique,
1054 1091 1159 1125 qualem
1175 1092 1407 1126 habuitJoannes,
1420 1095 1464 1128 qui
1479 1096 1517 1122 ait
1530 1103 1560 1123 se
1573 1097 1696 1126 manibus

911 1135 1025 1162 Verbum
1043 1136 1105 1163 vita:
1117 1141 1302 1165 contrectasse
1316 1138 1337 1171 ⁸;
1356 1138 1449 1166 beatos
1465 1140 1618 1175 prophetas,
1634 1149 1695 1169 cum

910 1181 1029 1208 divinum
1049 1182 1122 1209 illum
1137 1191 1246 1211 semum
1261 1185 1377 1212 assecuti
1394 1191 1504 1219 essent,
1527 1192 1608 1220 atque
1628 1188 1696 1216 adeo

909 1227 1000 1255 divine
1014 1228 1149 1262 viderent,
1164 1230 1254 1258 divine
1269 1231 1390 1258 audirent
1402 1251 1410 1264 ,
1431 1231 1521 1259 divine
1541 1237 1694 1268 gestarent,

908 1278 935 1300 et
949 1274 1096 1302 olfacerem
1114 1283 1205 1309 sensu,
1224 1281 1253 1304 ut
1273 1276 1309 1303 ita
1325 1276 1432 1312 loquar,
1456 1285 1551 1305 sensus
1568 1283 1694 1313 experte,

907 1324 935 1346 et
946 1319 997 1347 ﬁde
1012 1320 1128 1348 Verbum
1145 1322 1180 1348 ita
1196 1326 1348 1356 tangerent,
1363 1327 1391 1349 ut
1407 1323 1465 1357 ejus
1478 1323 1624 1351 deﬂuvium
1637 1332 1695 1352 ma—

909 1370 987 1393 naret
1002 1366 1028 1393 in
1043 1366 1116 1401 ipsos
1129 1367 1273 1395 sanitatem
1289 1368 1444 1402 conferens,
1465 1369 1565 1397 vidisse
1588 1378 1648 1404 qua:
1665 1378 1695 1399 se

907 1410 1008 1438 vidisse
1020 1411 1153 1444 scribunt,
1170 1412 1292 1440 audiisse
1309 1420 1369 1447 quae
1384 1413 1435 1440 sibi
1456 1413 1546 1440 audita
1567 1421 1627 1441 esse
1651 1415 1692 1442 di-

907 1463 984 1490 cunt,
999 1458 1107 1492 aliaque
1121 1464 1247 1494 expertos
1258 1466 1319 1487 esse
1340 1459 1448 1493 similia,
1468 1461 1693 1494 quemadmodum

906 1503 1028 1531 scribunt
1042 1512 1071 1532 se
1082 1504 1144 1532 libri
1160 1505 1211 1532 sibi
1227 1506 1310 1533 oblati
1325 1506 1475 1534 comedisse
1489 1507 1595 1534 initium
1612 1508 1633 1534 9.
1647 1507 1694 1536 Sic

907 1549 982 1576 lsaac
996 1550 1117 1581 odorem.
1132 1551 1176 1586 qui
1191 1559 1206 1579 e
1219 1551 1317 1579 divinis
1334 1552 1380 1579 ﬂlii
1397 1553 1517 1580 vestibus
1537 1553 1691 1588 alllabatur,

907 1595 1017 1628 Olfecit,
1046 1601 1128 1631 atque
1155 1597 1225 1625 hanc
1251 1598 1401 1633 spiritalem
1428 1599 1561 1634 impertiit
1583 1599 1692 1628 ben'edi-

907 1641 1024 1670 ctionem
1047 1651 1054 1670 :
1082 1651 1092 1669 σ
1116 1642 1185 1671 Ecce
1205 1645 1272 1672 odor
1293 1644 1339 1671 tilli
1357 1645 1428 1677 mei,
1452 1646 1522 1672 sicut
1543 1646 1610 1674 odor
1633 1648 1691 1682 agri

906 1686 978 1721 pleni
997 1687 1040 1714 cui
1061 1687 1199 1716 benedixit
1218 1688 1347 1716 Dominus
1374 1689 1405 1716 '°.
1436 1698 1445 1715 ι
1472 1690 1517 1717 Sie
1542 1690 1623 1718 etiam
1646 1689 1692 1719 Je-

905 1739 952 1759 5us
966 1733 1079 1767 spiritali
1096 1735 1180 1769 magis
1193 1742 1274 1769 quam
1295 1742 1426 1769 corporeo
1450 1735 1586 1770 leprosum
1605 1737 1692 1772 tetigit

906 1785 986 1805 sensu
1004 1778 1035 1810 “,
1049 1783 1078 1805 nt
1093 1779 1167 1806 illum
1187 1787 1245 1807 mea
1257 1781 1365 1814 quidem
1388 1781 1524 1807 sententia
1546 1781 1692 1816 dupliciter

905 1828 1044 1858 purgaret,
1062 1831 1077 1851 a
1092 1825 1165 1859 lepra
1187 1826 1295 1861 quidem
1312 1826 1435 1860 corporis
1450 1833 1581 1860 corporeo
1602 1832 1690 1860 tactu,

905 1874 933 1896 ut
948 1870 1027 1897 multi
1041 1870 1206 1905 intelligunt;
1224 1875 1252 1898 et
1266 1871 1300 1898 ab
1316 1871 1368 1899 alia
1382 1872 1455 1907 lepra
1471 1878 1545 1901 tactu
1564 1880 1629 1901 vere
1643 1874 1687 1901 di—

904 1916 977 1943 vino.
996 1915 1041 1943 Sic
1054 1915 1138 1950 igitur
1157 1921 1184 1943 et
1195 1915 1314 1944 Joannes
1328 1921 1441 1947 testatus
1458 1923 1499 1946 est
1511 1939 1518 1951 .
1542 1926 1604 1946 cum
1624 1919 1687 1946 ait:

906 1970 916 1986 ‹
935 1961 995 1989 Vidi
1013 1962 1144 1996 Spiritum
1161 1963 1370 1992 descendentem
1387 1965 1465 1999 quasi
1481 1965 1632 1993 columbam
1655 1966 1690 1994 de

903 2007 982 2041 calo,
991 2012 1020 2035 et
1033 2008 1131 2036 mansit
1140 2016 1222 2044 super
1234 2017 1306 2036 eum.
1325 2009 1358 2037 Et
1372 2017 1422 2045 ego
1435 2011 1591 2039 nesciebam
1604 2018 1666 2039 eum
1678 2018 1687 2039 :

902 2054 948 2081 sed
963 2054 1008 2089 qui
1021 2053 1096 2081 misit
1107 2061 1150 2081 me
1160 2054 1299 2088 baptizare
1311 2057 1337 2082 in
1351 2062 1431 2090 aqua,
1447 2055 1492 2083 ille
1512 2056 1578 2084 mihi
1596 2056 1665 2083 dixit
1679 2065 1686 2084 τ

903 2100 990 2135 Super
1001 2107 1080 2135 quem
1096 2099 1198 2128 videris
1213 2100 1347 2136 Spiritum
1363 2101 1574 2129 descendentem
1585 2106 1612 2130 et
1630 2109 1689 2129 ma-

902 2150 1009 2173 nentem
1023 2153 1107 2179 super
1118 2153 1192 2177 eum,
1217 2145 1262 2172 hic
1278 2150 1321 2173 est
1341 2146 1387 2180 qui
1404 2146 1520 2181 baptizat
1536 2147 1686 2184 in_Spiritu

901 2195 1005 2218 sancto.
1031 2190 1063 2217 Et
1081 2196 1130 2225 ego
1148 2190 1199 2216 vidi
1216 2194 1243 2217 et
1266 2191 1451 2218 testimonium
1473 2191 1599 2225 perliibui
1621 2192 1686 2226 quia

50 2237 186 2274 οὐρανοῦ,
204 2238 370 2274 καὶκέμεινεν
386 2239 428 2265 ἐπ’
442 2239 532 2266 αὐτόν.
550 2239 635 2273 Κάγὼ
647 2239 697 2265 οὐκ
711 2239 784 2274 ᾔδειν
801 2248 814 2265 α

930 2244 945 2263 c
960 2241 1002 2263 est
1019 2236 1102 2263 Filius
1118 2236 1162 2263 Dei
1179 2237 1212 2264 ¹³.
1234 2245 1243 2261 ι
1264 2236 1298 2262 Et
1313 2235 1376 2263 Jesu
1395 2237 1504 2270 quidem
1520 2237 1581 2264 mali
1597 2239 1685 2272 aperti

48 2285 111 2310 τόν·
128 2283 188 2310 ἀλλ’
205 2285 218 2310 ὁ
240 2284 350 2319 πέμψας
367 2293 400 2319 με
424 2284 562 2320 βαπτίζειν
580 2285 634 2320 (55)
657 2285 686 2310 ὲν
702 2284 740 2319 τῷ
761 2284 846 2318 ὕδατι,

49 2329 163 2360 ἐκεῖνός
183 2337 228 2364 μοι
240 2327 326 2356 εἶπεν
349 2330 405 2364 Ἐφ’
420 2330 448 2356 ὂν
463 2329 496 2356 ἂν
514 2329 571 2365 ἴδῃς
585 2330 616 2355 τὸ
636 2329 748 2364 Πνεῦμα
765 2338 848 2356 κατα-

48 2374 160 2405 ϐαῖνον,
175 2374 221 2401 καὶ
235 2374 314 2409 μένον
326 2374 368 2401 ἐπ’
387 2374 478 2406 αὑτὸν,
495 2371 572 2406 οὗτός
588 2376 662 2401 ἐστιν
673 2375 688 2401 ὁ
710 2374 847 2409 βαπτίζων

47 2422 78 2447 ἐν
93 2421 236 2456 Πνεύματι
250 2420 330 2456 ἁγίῳ.
344 2420 429 2455 Κάγὼ
443 2420 563 2456 ἑώρακα,
578 2420 624 2446 καὶ
636 2420 845 2456 μεμαρτύρηκα,

46 2468 90 2494 ὅτι
106 2463 189 2498 οὗτός
205 2467 276 2492 ἐστιν
289 2468 303 2493 ό
321 2466 383 2498 Υἰὺς
398 2466 445 2492 τοῦ
460 2466 536 2493 Θεοῦ.
556 2475 565 2491 ι
580 2466 635 2493 Καὶ
656 2465 694 2500 τῷ
712 2465 797 2500 Ἰησοῦ
815 2474 846 2499 γε

46 2512 220 2547 ἠνοίχθησαν
232 2513 256 2537 οἱ
273 2512 390 2546 οὐρανοί·
405 2512 452 2538 καὶ
468 2511 528 2538 τότε
542 2512 600 2547 μὲν,
621 2511 689 2546 πλὴν
710 2511 844 2543 Ἰωάννου,

44 2559 138 2589 οὐδεὶς
168 2558 376 2594 ἀναγέγραπται
409 2558 560 2594 ἑωρακέναι
586 2557 759 2592 ἀνοιχθέντας
781 2558 845 2588 τοὺς

44 2604 184 2640 οὐρανούς
197 2612 203 2618 ’
218 2603 296 2631 τοῦτο
305 2605 333 2631 δὲ
344 2604 375 2631 τὸ
389 2603 544 2639 ἀνοιχθῆναι
561 2605 622 2635 τοὺς
636 2603 766 2638 οὐρανοὺς
781 2612 843 2638 προ-

81 2689 92 2704 ⁸
105 2688 189 2715 Prov.
221 2696 252 2720 ιι,
266 2688 293 2714 5.
348 2688 358 2702 ⁸
369 2687 448 2714 Joan.
463 2687 553 2717 v1.33.
608 2686 652 2713 "lt
670 2686 732 2713 Cor.
747 2694 791 2713 xv.

46 2723 180 2751 “Matth.
204 2730 265 2755 vlit,
283 2723 310 2750 5.
351 2723 372 2737 ¹¹
386 2722 464 2749 Joan.
483 2731 502 2755 ι,
517 2723 552 2748 52
568 2729 645 2756 seqq.

80 2783 141 2817 (I50)
155 2784 302 2817 Εὐρίσκει
328 2783 394 2818 ἤδη.
412 2783 508 2810 Guiclo
531 2783 703 2811 scribendum
722 2783 838 2814 videtur.

42 2819 187 2853 εὑρίσκειν
208 2817 275 2850 οἶδε,
299 2819 340 2846 vel
355 2819 491 2854 εὑρίσκειν
512 2819 579 2854 ᾔδει,
597 2819 667 2852 quod
688 2818 764 2844 valde
784 2818 840 2852 pla-

43 2859 99 2881 t'cl.
823 2875 828 2880 .

60 2863 99 2881 c1.
823 2875 828 2880 .

80 2890 138 2925 (51)
153 2889 233 2916 Libl).
248 2888 313 2915 editi
329 2890 361 2916 ad
381 2890 539 2924 marginem,
555 2889 831 2924 ἀντιλαμῆανομένης.

852 2687 862 2701 ⁸
879 2684 980 2713 lJoan.
996 2693 1015 2717 ι,
1033 2685 1059 2712 1.

685 2721 706 2737 ’³
723 2721 804 2748 Joan.
823 2729 843 2753 ι,
861 2721 905 2748 5i.

901 2286 975 2313 sunt,
995 2289 1044 2308 nec
1058 2282 1128 2308 ullus
1142 2286 1206 2308 tunc
1222 2288 1320 2316 praner
1332 2282 1465 2309 Joannem
1479 2283 1611 2310 scribitur
1630 2290 1686 2310 etn-

900 2327 940 2355 los
956 2333 1064 2362 apertos
1076 2327 1186 2359 vidisse;
1202 2328 1248 2355 sed
1264 2329 1388 2355 Salvator
1402 2329 1458 2356 suis
1472 2328 1602 2363 apostolis
1613 2336 1685 2364 prat-

901 2373 994 2400 dicens
1007 2372 1074 2406 fore,
1087 2378 1117 2400 ut
1130 2373 1214 2401 caelos
1230 2378 1340 2408 apertos
1353 2379 1380 2401 et
1392 2374 1443 2408 ipsi
1457 2379 1609 2406 cernerent,
1624 2374 1662 2401 ait
1675 2383 1682 2400 :

903 2427 912 2444 ι
929 2419 1025 2450 Amen.
1039 2426 1117 2446 amen
1129 2419 1190 2447 dico
1201 2420 1287 2453 vobis,
1298 2419 1426 2448 videbitis
1439 2419 1536 2447 caelum
1547 2424 1682 2455 apertum,

899 2469 927 2492 et
944 2464 1055 2499 angelos
1077 2466 1123 2492 Dei
1140 2465 1319 2493 ascendentes
1341 2470 1369 2492 et
1384 2465 1578 2493 descendentes
1601 2472 1683 2500 super

898 2506 995 2538 Filium
1023 2512 1141 2539 hominis
1165 2512 1196 2539 ⁸³.
1218 2522 1226 2538 ι
1245 2512 1291 2540 Sic
1311 2517 1338 2540 et
1361 2512 1461 2539 Paulus
1482 2515 1573 2545 raptus
1594 2515 1636 2538 est
1655 2512 1682 2538 in

899 2559 1007 2584 tertium
1024 2559 1122 2585 coelum
1138 2566 1199 2585 cum
1221 2558 1284 2584 illud
1301 2559 1377 2592 prius
1400 2561 1524 2592 apertum
1548 2556 1660 2583 vidisset
1673 2576 1681 2588 ,

897 2607 989 2638 utpote
1003 2603 1066 2631 Jcsu
1081 2603 1241 2638 discipulus.
1257 2603 1397 2638 Explicare
1411 2607 1500 2630 autem
1512 2609 1560 2629 cur
1571 2601 1680 2633 dixerit,

1125 2685 1136 2699 '
1150 2683 1249 2710 Ezech.
1262 2691 1303 2717 ιιι,
1319 2678 1353 2710 2(
1398 2684 1418 2699 ὀ
1435 2683 1505 2712 Gen.
1527 2689 1612 2715 χχιιι,
1633 2681 1680 2709 27.

931 2782 986 2819 ('53)
1003 2782 1212 2819 Codddteguet
1227 2780 1321 2812 Basil.,
1335 2779 1565 2819 θεραπεύο-ουςοινἶ
1627 2814 1643 2819 Η

930 2814 994 2857 (5ᾆὶ
1003 2814 1165 2857 Βαπζίζειτὲ.
1177 2816 1221 2843 Sic
1236 2814 1414 2857 recteomnes
1429 2815 1585 2857 ntssLLillnb.
1601 2814 1681 2857 edit?

895 2849 1042 2887 βαπτίζων.
1068 2852 1148 2878 l’aulo
1168 2855 1228 2886 post
1242 2849 1328 2887 codd.
1346 2849 1414 2884 Reg.
1437 2855 1463 2876 et
1486 2849 1578 2881 Basil.,
1602 2849 1681 2883 καγὼ

887 2885 1006 2923 ἑώρακα.
1023 2887 1101 2914 Libb.
1117 2885 1193 2919 editi,
1207 2886 1253 2912 καὶ
1267 2885 1384 2921 ἑώρακα.
