1843 3097
173 145 224 172 731

903 145 947 173 0R

1029 146 1063 173 .IS
1748 146 1792 173 752

177 213 187 229 ε
207 205 262 231 sive
273 203 299 230 in
313 211 437 238 corpore,
454 203 557 238 nescio;
573 205 631 232 sive
642 210 719 233 extra
732 213 842 240 corpus,
855 207 945 233 nescio

1029 206 1095 239 ἐγων
1117 207 1171 237 τοῖς
1197 206 1330 241 μαθηταῖς
1358 207 1372 233 6
1395 207 1488 242 Σωτὴρ
1511 207 1640 242 ἐσόμενον
1660 206 1794 242 ὀψομένοις

174 250 246 277 Deus
258 250 308 277 scit
320 250 351 282 “,
370 259 379 275 ι
395 257 448 277 non
462 256 503 278 est
513 252 655 286 praesentis
665 252 805 286 temporis.
817 252 956 287 365lloc

175 295 260 327 addo,
281 294 337 321 falli
359 295 477 329 Celsum,
497 304 557 323 cum
583 301 658 331 putat
675 296 767 324 Jesnm
789 298 875 331 ipsum
902 298 958 324 suis

171 339 310 374 discipulis
327 348 457 368 narrasse
467 341 599 369 caelorum
616 342 785 377 apertionem
800 348 827 370 ct
839 343 957 377 Spiritus

171 386 259 413 sancti
275 386 300 412 in
317 393 345 412 se
360 387 451 421 specie
478 387 611 415 columba:
626 388 658 415 ad
674 387 819 415 Jordanem
846 389 958 415 descen-

171 438 242 458 sum.
256 431 335 460 Nullo
353 432 559 468 Scripturarum
578 434 639 461 loco
649 432 730 461 Jesus
744 435 801 461 lure
814 442 842 462 se
856 435 957 462 vidisse

170 482 277 506 narrat.
295 477 352 506 Nec
366 479 434 507 vidit
445 480 544 508 nubilis
561 480 605 507 ille
620 480 662 507 vir
676 480 746 507 male
760 481 907 509 convenire
921 482 957 514 ei,

170 522 217 556 qui
236 523 269 550 de
281 523 386 550 visione
400 531 460 558 qua:
485 525 510 551 in
536 529 630 552 monte
652 525 804 560 cantigerat
819 525 958 558 discipulis

170 568 279 595 dixerat
294 577 300 595 :
316 577 325 594 ι
341 568 448 596 Nemini
465 569 593 597 dixeritis
611 569 754 601 visionem,
771 569 858 597 donec
873 569 957 597 Filius

171 612 290 641 hominis
308 621 323 641 a
338 615 453 642 mortuis
471 619 597 650 resurgat
608 615 640 648 ",
653 625 663 642 ι
685 619 713 642 ut
734 616 873 650 discipulis
885 616 956 651 quod

170 659 258 686 visum
285 667 300 686 a
320 659 424 688 Joanne
444 661 476 688 ad
494 662 638 689 Iordanem
662 665 689 689 et
714 662 837 689 auditum
856 661 955 695 fuerat,

170 710 376 733 commemoret.
394 706 484 740 Atque
505 713 539 733 ex
563 710 618 734 tota
635 707 737 734 Christi
752 707 807 735 vita
824 707 904 735 facile
918 708 956 734 vi-

171 750 235 777 dere
249 755 292 778 est
308 756 436 785 quantum
464 751 498 779 de
516 759 545 780 se
566 751 638 787 loqui
659 752 796 787 ell’ugerit.
822 753 955 786 Quocirca

170 795 278 823 diccbat
292 804 299 823 :
315 806 323 822 ι
338 797 366 824 Si
382 804 431 832 ego
445 798 631 825 testimonium
655 798 786 833 perliibeo
797 798 831 826 de
843 798 955 833 meipso,

171 841 358 869 testimonium
380 850 469 870 meum
496 851 550 870 non
573 849 616 872 est
643 852 736 871 verum
749 844 803 871 ³⁸.»
832 843 887 871 Nec
902 844 955 871 alia

169 893 262 919 causa,
274 887 326 914 nisi
344 888 408 922 quia
425 889 458 916 de
474 896 503 916 se
524 890 598 925 loqui
626 890 758 925 fugiebat,
773 895 800 917 et
816 889 953 917 Christum

169 938 200 958 se
212 939 273 958 esse
293 933 411 961 malebat
427 935 554 969 operibus
569 943 650 971 quam
664 937 744 964 diclis
762 936 953 970 comprobare,

167 977 195 1003 ei
211 976 296 1005 Judaei
318 978 447 1007 dicebant
465 989 471 1007 :
488 990 497 1007 ι
510 981 538 1008 Si
556 985 584 1008 tu
602 989 631 1009 es
645 981 782 1016 Christus,
807 983 852 1009 dic
877 983 954 1009 nobis

169 1021 258 1056 palam
270 1023 301 1050 ".
316 1033 325 1049 ι
347 1024 481 1057 Quoniam
497 1032 562 1052 vero
582 1027 654 1060 apud
669 1025 776 1054 Celsum
793 1025 900 1053 Judzeus
913 1030 955 1053 est

168 1067 216 1100 qui
239 1067 356 1102 loquens
379 1070 412 1097 de
433 1069 537 1104 Spiritu
554 1075 650 1098 sancto
662 1071 689 1098 in
702 1071 835 1099 columbae
851 1071 954 1106 specie,

174 1114 266 1140 Jesum
280 1115 320 1141 sic
334 1114 481 1150 alloquitur
496 1125 502 1143 :
522 1125 531 1142 ι
546 1115 631 1144 Nemo
651 1117 676 1144 id
691 1117 759 1144 vidit
775 1122 872 1152 praeter
886 1121 913 1144 te
928 1122 955 1144 et

171 1166 252 1192 quem
265 1160 292 1186 in
303 1161 487 1188 testimonium
497 1161 614 1189 advocas
623 1163 660 1189 tui
670 1163 795 1198 supplicii
808 1163 928 1195 socium;
944 1173 953 1189 ι

171 1211 284 1231 necesse
304 1210 347 1231 est
369 1206 512 1233 ostendere
530 1215 610 1241 quam
630 1212 657 1234 et.
683 1208 741 1234 haec
758 1207 848 1242 inepte
868 1206 954 1235 Judmi

170 1256 294 1283 persona:
322 1251 455 1278 attributa
490 1252 525 1279 sit
550 1252 651 1279 oratio.
678 1251 735 1279 Nec
764 1253 836 1279 enim
867 1251 953 1280 Judaei

168 1294 299 1322 Joannem
314 1303 375 1323 cum
394 1296 457 1324 Jesu
474 1298 644 1330 consociant,
659 1305 710 1325 nec
721 1297 835 1325 Joannis
851 1298 956 1333 suppli-

168 1341 240 1368 cium
252 1349 313 1369 cum
334 1341 398 1370 Jesu
420 1343 555 1378 supplicio
571 1343 751 1379 coniungunt.
772 1343 849 1377 Quod
871 1350 953 1379 argu-

168 1391 261 1414 mento
279 1393 330 1420 est,
353 1389 397 1422 qui
419 1396 448 1415 se
468 1389 557 1416 omnia
575 1390 646 1416 scire
669 1389 813 1424 gloriatur,
825 1396 886 1416 eum
905 1397 953 1416 ne-

169 1431 283 1459 scivisse
307 1441 367 1467 quae
387 1435 470 1461 verba
489 1433 574 1461 Judmi
599 1433 690 1461 Jesum
711 1435 875 1470 alloqucntis
891 1441 953 1469 per-

165 1483 243 1519 sona:
263 1478 399 1513 assignari
413 1479 572 1514 oportuerit.

1008 251 1084 283 αὐτὸ,
1104 251 1194 286 φησίν·
1216 261 1225 276 ι
1252 251 1347 286 Ἀμὴν,
1361 251 1433 286 ἀμὴν
1447 251 1517 286 λέγω
1530 252 1594 286 ὑμῖν
1607 273 1614 284 ,
1637 251 1735 286 ὄψεσθε
1753 253 1794 279 τον

1008 297 1120 331 οὐρανὸν
1135 297 1285 332 ἀνεῳγότα,
1302 298 1348 324 καὶ
1363 299 1426 329 τοὺς
1437 298 1569 332 ἀγγέλους
1582 298 1630 324 τοῦ
1645 298 1714 325 Θεοῦ
1734 300 1795 325 ἀνα-

1008 342 1149 374 ϐαίνοντας
1163 343 1210 369 καὶ
1225 342 1436 374 καταϐαίνοντας
1449 343 1494 369 ἐπὶ
1504 343 1550 370 τὸν
1560 343 1626 370 Υἱὺν
1638 343 1687 370 τοῦ
1697 344 1796 380 ἀνθρώ-

1008 395 1070 413 που.
1087 397 1096 413 ›
1110 387 1164 413 Καὶ
1175 387 1260 418 οὕτως
1275 387 1380 419 Παῦλος
1393 388 1505 423 ἡρπάγη
1520 390 1559 419 είς
1571 388 1663 423 τρίτον
1677 390 1795 424 οὐρανὸν,

1009 430 1140 465 πρότερον
1153 429 1212 457 ίδὼν
1227 430 1308 458 αὑτὸν
1319 431 1487 465 ἀνοιχθέντα,
1498 433 1559 458 ἐπεὶ
1572 432 1698 468 μαθητὴς
1709 431 1742 469 ἦν
1751 435 1796 460 τοῦ

1014 475 1111 510 Ἰησοῦ.
1124 476 1310 511 Διηγήσασθαι
1324 477 1353 503 δὲ
1369 476 1416 503 νῦν
1430 477 1474 503 διὰ
1483 478 1509 504 τί
1523 479 1537 504 6
1550 478 1657 510 Παῦλος
1673 479 1744 513 λέγει
1756 480 1795 511 τὸ,

1011 530 1020 545 ε
1034 520 1095 546 Εἴτε
1112 521 1141 547 ἐν
1158 521 1274 556 σώματι,
1287 522 1337 549 οὐκ
1359 520 1427 554 οῖδα,
1442 523 1498 549 εἴτε
1512 523 1591 555 ἐκτὸς
1600 523 1648 550 τοῦ
1664 524 1796 559 σώματος,

1007 566 1057 593 οὐκ
1064 564 1132 601 οἶδα,
1144 567 1158 593 6
1174 567 1239 599 Θεὸς
1254 566 1332 600 οἶδεν,
1348 577 1357 594 ι
1368 569 1399 594 οὺ
1411 568 1457 594 τοῦ
1472 570 1604 604 παρόντος
1619 570 1679 596 ἐστὶ
1693 571 1795 606 καιροῦ.

1008 613 1070 639 Ἔτι
1091 613 1120 640 δὲ
1140 614 1287 649 προσθήσω
1301 614 1340 649 τῷ
1368 615 1449 650 λόγῳ,
1467 615 1515 642 καὶ⁵
1537 615 1617 648 αὐτὰ,
1641 616 1661 643 ἃ.
1685 616 1768 643 οἴεται
1783 618 1796 643 ὁ

1007 659 1122 695 Κέλσος.
1140 660 1181 686 ὅτι
1195 660 1275 691 αὐτὸς
1295 660 1399 696 Ἰησοῦς
1421 658 1482 688 εἷπε
1499 660 1534 687 τὰ
1548 662 1613 696 περὶ
1634 661 1684 697 τὴν
1698 662 1795 694 ἄνοιξιν

1006 703 1060 730 τῶν
1076 704 1207 740 οὐρανῶν,
1228 705 1275 732 καὶ
1290 705 1321 731 τὸ
1335 706 1456 733 καταϐὰν
1472 706 1583 742 Πνεῦμα
1597 706 1676 740 ἅγιον
1691 708 1736 733 ἐπ’
1750 709 1796 734 αὐ-

1005 749 1051 776 τὸν
1067 750 1131 776 εῖδει
1147 751 1314 786 περιστερᾶς
1330 751 1405 787 παρὰ
1417 751 1456 786 τῷ
1473 752 1610 789 Ἰορδάνῃ·
1624 753 1674 787 τῆς
1686 753 1793 788 Γραᾳῇ

1005 794 1086 821 τοῦτο
1100 795 1130 821 οὐ
1139 795 1366 831 παραστησάσης,
1382 796 1422 822 ὅτι
1439 797 1521 828 αὐτὸς
1537 795 1599 823 εἷπε
1613 797 1694 824 τοῦτο
1708 799 1794 833 ἑωρα-

1006 841 1094 868 κέναι.
1122 841 1160 867 Οὐ
1183 841 1285 868 συνεῖδε
1306 842 1329 867 δ’
1342 842 1356 868 6
1378 842 1576 875 γενναιότατος,
1594 843 1636 869 ὅτι
1664 843 1716 869 οὐκ
1740 843 1794 869 ἐπι

972 883 992 910 Β
1007 887 1078 914 κατὰ
1094 887 1139 913 τὸν
1155 886 1268 913 εἰπόντα
1290 888 1346 919 τοῖς
1365 886 1498 923 μαθηταῖς
1510 889 1557 914 ἐπὶ
1579 890 1612 924 τῇ
1632 890 1662 916 ὲν
1678 889 1719 924 τῷ
1739 890 1793 924 δρει

1006 933 1136 968 ὀπτασίᾳ,
1155 941 1164 958 ‹
1179 933 1281 968 Μηδενὶ
1296 933 1390 969 εἴπητε
1406 933 1438 960 τὸ
1452 934 1554 969 ὅραμα,
1571 934 1624 966 ἕως
1637 936 1652 961 6
1674 936 1735 967 Υἱὸς
1748 936 1793 962 τοῦ

1006 977 1150 1012 ἀνθρώπου
1168 977 1201 1004 ὲκ
1216 978 1321 1013 νεκρῶν
1344 979 1466 1014 ἀναστῇ’
1478 988 1487 1004 ι
1505 980 1644 1014 εἰρηκέναι
1662 982 1720 1012 tot;
1745 990 1792 1015 μα-

1006 1022 1104 1058 θηταῖς
1119 1023 1150 1050 τὸ
1166 1023 1241 1058 παρὰ
1257 1023 1296 1058 τῷ
1319 1023 1440 1059 Ἰορδάνῃ
1449 1024 1530 1058 ὀφθὲν
1538 1024 1590 1050 ὑπὸ
1604 1024 1652 1050 τοῦ
1674 1025 1795 1051 Ἰωάννου

1007 1068 1053 1095 καί
1075 1068 1215 1095 ἀκουσθέν.
1238 1068 1347 1095 Ἐνιδεῐν
1363 1068 1392 1094 δὲ
1418 1068 1476 1094 ἐστι
1500 1069 1546 1095 καὶ
1573 1068 1613 1104 τῷ
1638 1069 1687 1095 τοῦ
1711 1070 1795 1104 Ἰηπῦ

1005 1114 1220 1151 ἤθει-πανταχοῦ
1249 1115 1462 1151 περιισταμένου
1481 1116 1537 1150 (54)
1550 1116 1600 1150 τὴν
1618 1116 1795 1150 περιαυτολο-

1005 1160 1078 1195 γίαν,
1099 1160 1145 1187 καὶ
1158 1160 1202 1187 διὰ
1219 1160 1297 1186 τοῦτο
1311 1160 1452 1194 λέγοντος’
1474 1169 1483 1186 ι
1496 1161 1554 1187 Κᾶν
1570 1161 1626 1195 ἐγὼ
1645 1162 1719 1188 εἴπω
1735 1164 1796 1197 περὶ

1007 1205 1138 1240 ἐμαυτοῦ,
1165 1207 1181 1241 ὴ
1209 1206 1345 1242 μαρτυρία
1359 1214 1408 1241 μου
1422 1206 1473 1233 οὐκ
1489 1206 1563 1233 ἔστιν
1582 1207 1700 1243 ἀληθής.
1716 1217 1726 1234 ι
1744 1209 1796 1235 Καὶ

1007 1250 1068 1277 ἐπεὶ
1085 1251 1243 1286 περιίστατο
1271 1251 1320 1286 τὴν
1347 1252 1582 1287 περιαυτολογίαν,
1606 1254 1654 1279 καὶ
1677 1254 1736 1285 τοῖς
1753 1256 1795 1289 ἑρ-

1008 1304 1067 1331 γοις
1085 1297 1184 1332 μᾶλλον
1201 1296 1327 1323 ἐϐούλετο
1342 1296 1439 1333 δηλοῦν
1455 1296 1524 1324 εἶναι
1539 1299 1656 1334 Χριστὸς
1673 1299 1748 1334 ἤπερ
1764 1302 1795 1334 τῇ

1006 1341 1091 1375 λέξει,
1121 1341 1164 1368 διὰ
1192 1342 1271 1368 τοῦτό
1302 1351 1383 1376 φασιν
1407 1343 1431 1369 οἱ
1453 1343 1573 1370 Ἰουδαῖοι
1598 1344 1669 1380 πρὸς
1697 1345 1793 1371 αὐτόν·

1010 1396 1020 1412 ι
1031 1387 1064 1414 Εἰ
1078 1386 1109 1413 σὺ
1125 1384 1151 1412 εί
1164 1387 1178 1412 6
1191 1387 1318 1422 Χριστὸς,
1336 1387 1398 1413 είπὲ
1411 1388 1476 1422 ἡμῖν
1493 1387 1644 1423 παρρησίᾳ.
1657 1397 1667 1414 ι
1684 1389 1796 1415 Ἐπεὶδὲ

1012 1433 1141 1464 Ἰουδαῖός
1155 1433 1228 1458 ἐστιν
1254 1433 1269 1459 6
1288 1433 1363 1469 παρὰ
1379 1433 1417 1468 τῷ
1440 1433 1535 1469 Κέλσῳ
1548 1433 1635 1468 λέγων
1648 1434 1689 1470 τῷ
1709 1434 1795 1470 Ἰησοῦ

1006 1479 1071 1515 περὶ
1085 1479 1139 1506 τῶν
1155 1479 1225 1506 κατὰ
1235 1480 1265 1506 τὺ
1282 1480 1394 1515 Πνεῦμα
1409 1480 1440 1507 τὺ
1455 1480 1530 1514 ἅγιον
1543 1482 1572 1507 ὲν
1587 1481 1652 1508 εῐδεί
1665 1490 1794 1517 περιστε-

171 1523 230 1558 ρᾶς,
243 1523 283 1555 τὸ,
304 1523 396 1560 «Πλὴν
406 1524 446 1550 ὅτι
469 1524 500 1550 σὺ
519 1525 582 1560 φῂς,
595 1525 641 1551 καί
657 1534 718 1552 τινα
731 1525 779 1552 ἕνα
797 1525 888 1561 ἐπάγῃ
917 1524 972 1552 τῶν
1002 1525 1070 1560 μετὰ
1093 1524 1140 1552 σοῦ
1165 1525 1387 1560 κεκολασμένων·
1402 1535 1411 1551 ι
1430 1526 1577 1560 ἀναγκαῖον
1604 1526 1680 1562 αὐτῷ
1707 1535 1796 1563 παρα-

168 1568 278 1603 στῆσαι,
295 1569 335 1594 ὅτι
351 1569 490 1596 καὶτοῦτο
502 1570 551 1596 οὐκ
561 1570 668 1602 οἰκείως
678 1570 716 1605 τῷ
738 1570 876 1605 Ἰουδαϊκῷ
895 1571 1033 1606 προσώπῳ
1060 1571 1232 1607 περιέθηκεν.
1266 1571 1333 1597 Οὐδὲ
1359 1570 1413 1606 γὰρ
1448 1571 1613 1598 συνάπτουσι
1635 1571 1683 1598 τον
1703 1573 1796 1600 Ἰωάνα

170 1624 219 1650 νην
235 1616 260 1642 οἱ
279 1616 400 1642 Ἰουδαῖοι
414 1616 453 1651 τῷ
475 1617 572 1652 Ἰησοῦ,
593 1618 639 1644 καὶ
649 1617 698 1653 τὴν
719 1618 842 1645 Ἰωάννου
858 1619 892 1653 τῇ
908 1617 955 1644 τοῦ
977 1617 1062 1653 Ἰησοῦ
1081 1617 1198 1645 κολάσει.
1227 1618 1281 1644 Καὶ
1297 1619 1325 1645 ὲν
1341 1617 1427 1653 τούτῳ
1455 1616 1502 1644 οὖν
1530 1619 1674 1654 ἐλέγχεται
1687 1620 1702 1645 6
1717 1620 1796 1646 πάντ*

164 1662 420 1697 ¹ἁλειςονευσάμενος
435 1662 545 1696 εἰδέναι,
558 1663 595 1698 μὴ
612 1663 740 1697 ἐγνωκὼς
753 1663 815 1690 τίνα
830 1663 959 1699 προσάψῃ
973 1664 1083 1699 ῥήματα
1099 1662 1138 1698 τῷ
1157 1663 1293 1698 Ἰουδαῖκῷ
1305 1663 1373 1699 πρὸς
1387 1664 1432 1690 τὸν
1454 1664 1558 1698 Ἰησοῦν
1573 1662 1725 1700 προσώπῳ.

205 1709 251 1736 69.
269 1709 393 1736 l’ostbmc
418 1710 510 1737 nescio
530 1710 666 1744 quotnodo
687 1710 761 1737 velut
780 1711 844 1737 data
872 1717 951 1744 opera

1039 1709 1117 1736 Μετὰ
1132 1709 1219 1743 ταῦτ’,
1237 1710 1287 1735 οὐκ
1304 1708 1351 1735 οἶδ’
1368 1709 1450 1742 ὅπως,
1468 1709 1498 1736 τὸ
1513 1709 1641 1744 μέγιστον
1658 1710 1717 1745 (55)
1735 1708 1797 1745 περὶ

173 1755 358 1790 praetermittit
373 1760 573 1790 argumentum,
589 1763 644 1790 quo
661 1756 781 1783 maxime
795 1763 826 1783 ea
844 1763 904 1791 quas
920 1755 953 1782 ad

168 1799 261 1827 Jesum
285 1804 429 1834 spectant,
467 1799 680 1834 conﬁrmantur;
711 1807 820 1834 nempe,
837 1799 914 1827 illum
939 1808 953 1826 a

167 1845 323 1873 Judzcorum
332 1845 482 1880 prophetis,
498 1853 512 1872 a
526 1845 627 1881 Moyse,
645 1850 671 1874 et
687 1847 721 1874 ab
734 1846 767 1874 iis
784 1846 831 1880 qui
843 1850 907 1873 ante
927 1850 955 1872 ct

167 1895 230 1927 post
246 1891 366 1926 Moysem
379 1891 519 1924 vixerunt,
541 1892 627 1920 fuisse
639 1892 864 1928 praenuntiatum.
886 1891 954 1926 Opi-

167 1945 229 1970 nor,
261 1945 315 1965 non
335 1938 422 1972 potuit
450 1937 574 1965 refellere
604 1943 793 1972 argumentum
818 1937 881 1964 inde
903 1937 950 1964 du-

167 1989 256 2017 ctum,
270 1985 341 2019 quod
358 1991 446 2019 neque
463 1983 560 2017 Judaei,
577 1991 662 2018 neque
678 1983 732 2010 ulla
745 1991 858 2018 usquam
869 1984 954 2011 haere-

169 2031 207 2058 sis
219 2030 358 2058 Christum
378 2030 538 2064 praedictum
558 2037 620 2057 esse
642 2029 810 2064 negaverint.
825 2029 954 2056 Fortasse

167 2077 249 2103 etiam
263 2076 308 2103 illa
326 2076 359 2103 de
377 2075 440 2102 Jesu
460 2075 588 2104 vaticinia
614 2075 762 2102 nesciebat.
783 2074 911 2109 Alioquin
930 2074 952 2101 si

173 2123 271 2149 scisset
282 2129 343 2156 qua:
359 2121 509 2148 Christiani
526 2121 631 2153 dicunt,
650 2121 748 2147 multos
759 2120 904 2155 prophetas
920 2120 953 2146 de

170 2167 324 2194 Salvatoris
339 2167 455 2193 adventu
469 2166 556 2194 fuisse
570 2165 746 2199 prazlocutos,
768 2172 820 2192 non
838 2165 952 2192 tribuis—

170 2217 212 2239 set
228 2211 320 2239 Judtco
329 2211 492 2244 oralionem,
504 2218 558 2246 qua
573 2211 709 2238 Samarita
726 2215 774 2237 aut
786 2210 953 2238 Sadducazus

170 2266 236 2285 usus
248 2257 344 2284 fuisset
364 2257 450 2283 multo
471 2257 697 2289 convenientius;
723 2263 810 2290 neque
836 2256 952 2283 lictitius

170 2304 215 2332 ille
231 2303 340 2330 Judueus
361 2303 468 2329 locutus
492 2307 565 2330 esset
583 2303 642 2329 sic:
658 2311 667 2327 ι
680 2302 753 2328 Meus
775 2306 865 2329 autem
889 2310 953 2336 pro-

172 2351 253 2384 pheta
276 2348 346 2377 dixit
366 2347 430 2376 olim
445 2348 470 2375 in
485 2347 661 2382 Jerosolymis
677 2353 819 2375 venturum
836 2355 896 2375 esse
910 2347 954 2374 Fi-

1008 1756 1058 1791 τῆς
1074 1756 1229 1787 συστάσεως
1243 1755 1291 1782 τοῦ
1314 1755 1402 1790 Ἰησοῦ
1418 1755 1575 1789 κεφάλαιον,
1593 1755 1631 1788 ὡς
1653 1756 1695 1782 ὅτι
1718 1765 1798 1793 πρεε-

1007 1801 1128 1837 φητεὺθη
1152 1800 1203 1827 ὑπὸ
1218 1800 1272 1826 τῶν
1289 1800 1364 1835 παρὰ
1386 1800 1523 1832 Ἰουδαίοις
1535 1801 1695 1836 προφητῶν,
1714 1802 1798 1828 Meui-

1008 1846 1076 1877 σέως
1091 1846 1138 1872 καὶ
1152 1845 1206 1871 τῶν
1223 1844 1282 1880 μετ’
1299 1844 1389 1876 αὑτὸν,
1410 1844 1426 1879 ἢ
1442 1844 1489 1870 καὶ
1504 1844 1557 1880 πρὸ
1577 1844 1734 1877 Μωῦσέως,
1750 1853 1798 1870 πα-

1008 1891 1149 1927 ραπέμπει
1174 1890 1230 1925 ('56)
1257 1890 1340 1917 ἑκών·
1361 1890 1399 1921 ὡς
1424 1887 1511 1924 οἶμαι,
1531 1889 1571 1925 τῷ
1595 1890 1634 1925 μὴ
1663 1890 1798 1917 δύνασθαι

1007 1936 1129 1972 ἁπαντᾷν
1147 1936 1215 1971 πρὸς
1231 1935 1319 1968 λόγον,
1335 1934 1371 1966 ὡς
1387 1935 1446 1961 οὐδὲ
1468 1934 1589 1960 Ἰουδαῖοι
1609 1934 1667 1960 οὐδ’
1680 1935 1746 1961 ὅσαι
1762 1936 1799 1960 ai-

1008 1982 1096 2018 ρέσεις
1106 1982 1137 2008 οὐ
1154 1981 1292 2016 βούλονται
1309 1979 1528 2016 προφητευθῆναι
1540 1979 1596 2014 (57)
1606 1980 1654 2006 τὸν
1667 1980 1797 2015 Χριστόν.

1006 2027 1083 2062 Τάχα
1098 2027 1127 2053 δὲ
1143 2027 1203 2053 οὐδὲ
1223 2026 1280 2062 ᾔδει
1296 2025 1345 2057 τὰς
1361 2025 1425 2060 περὶ
1440 2024 1487 2051 τοῦ
1505 2024 1593 2059 Ἰησοῦ
1611 2026 1796 2060 προφητείας.

1007 2073 1064 2100 οὐκ
1077 2073 1110 2100 ἂν
1125 2072 1190 2108 γὰρ,
1203 2070 1362 2098 καταὸαλὼν
1380 2071 1435 2106 (58)
1449 2070 1484 2097 τὰ
1500 2071 1552 2096 ὑπὸ
1567 2071 1748 2105 Χριστιανῶν
1763 2071 1800 2096 λε-

1007 2117 1119 2152 γόμενα,
1130 2117 1172 2143 ὃτι
1190 2116 1280 2143 πολλοὶ
1296 2115 1434 2151 προφῆται
1455 2116 1586 2151 προεῖπον
1608 2115 1739 2150 περὶτῆς
1753 2115 1798 2141 cui

1006 2163 1133 2198 Σωτῆρος
1163 2162 1319 2198 ἐπιδημίας,
1348 2160 1495 2196 περιέθηκε
1524 2160 1564 2195 τῷ
1586 2160 1635 2186 τοῦ
1671 2161 1799 2188 Ἰουδαίου

1007 2208 1154 2244 προσώπῳ,
1173 2207 1191 2234 ἃ
1206 2207 1309 2242 ἥρμοζε
1326 2207 1448 2242 Σαμαρεῖ
1466 2206 1565 2241 μᾶλλον
1585 2207 1675 2232 εἰπεῖν
1689 2206 1707 2241 ἦ
1733 2207 1799 2233 Σαδ-

1006 2254 1136 2289 δουκαίῳ·
1153 2254 1199 2280 καὶ
1212 2254 1260 2280 οὐκ
1271 2253 1303 2280 ἂν
1322 2253 1446 2284 Ἰουδαῖος
1460 2254 1474 2279 ὀ
1488 2253 1517 2279 έν
1537 2253 1570 2286 τῇ
1586 2253 1801 2288 προσωποποιία

1007 2300 1133 2335 ἔφασκεν·
1153 2309 1162 2326 ι
1181 2299 1249 2326 Ἀλλ’
1264 2297 1339 2326 εἶπεν
1357 2300 1370 2326 ὁ
1391 2298 1456 2334 ἐμὸς
1472 2299 1618 2334 προφήτης
1633 2299 1663 2324 ὲν
1687 2299 1801 2333 Ἱεροσο-

1006 2346 1101 2381 λύμοις
1116 2345 1192 2376 ποτὲ,
1210 2345 1250 2372 ὅτι
1267 2345 1327 2380 ἥξει
1344 2343 1411 2370 Θεοῦ
1428 2344 1502 2374 Υἱὸς,
1518 2342 1571 2369 τῶν
1586 2342 1672 2369 ὁσίων
1686 2343 1796 2379 κριτὴς,

170 2396 236 2422 lium
256 2394 314 2426 Dei,
327 2395 433 2428 piorum
448 2392 576 2426 judicent,
595 2398 621 2420 et
636 2393 820 2427 improborum
846 2394 951 2428 punito-

1029 2392 1053 2418 πὶ
1068 2391 1123 2418 τῶν
1144 2391 1244 2418 ἀδίκων
1268 2391 1411 2425 κολαστής.
1425 2399 1434 2415 ›
1453 2389 1489 2415 υὺ
1515 2388 1570 2423 γὰρ
1586 2385 1628 2420 εἷς
1654 2390 1801 2424 προφήτης

171 2449 239 2469 rem.
255 2451 264 2467 ι
284 2440 339 2468 Nec
353 2440 426 2467 enim
446 2447 461 2466 e
475 2438 616 2474 prophetis
628 2445 697 2466 unus
711 2438 744 2465 de
761 2438 870 2465 Christo
886 2446 953 2473 pne-

1007 2438 1041 2464 τὰ
1061 2438 1125 2473 περὶ
1140 2436 1257 2472 Χριστοῦ
1274 2437 1470 2471 προεφήτευσε.
1481 2434 1538 2461 Κᾶν
1555 2435 1580 2460 οί
1598 2433 1682 2469 μόνου
1693 2434 1723 2462 δὲ
1737 2434 1800 2461 Μω-

213 2519 236 2537 "
251 2520 273 2547 ll
285 2519 348 2547 Cor.
361 2527 410 2552 xu,
421 2519 450 2546 2.
489 2520 510 2535 ¹⁸
525 2519 620 2546 Matth.
639 2526 705 2551 xvu,
733 2520 758 2545 9.
799 2519 821 2534 ¹⁶
835 2518 914 2546 Joan.
939 2527 951 2544 ν

1067 2520 1088 2535 ¹⁷
1099 2519 1177 2546 Joan.
1199 2527 1226 2551 Χ,
1242 2518 1287 2545 θὶί.

210 2598 268 2633 (54)
283 2597 328 2623 Sic
349 2596 519 2633 llceschelius
538 2596 563 2622 in
580 2600 665 2633 textu,
681 2594 728 2622 sed
749 2595 781 2633 ad
799 2593 951 2633 marginem

171 2629 265 2664 habet,
282 2631 494 2667 περιισταμένῳ,
512 2637 572 2667 qua:
591 2630 671 2667 lectio
691 2629 825 2664 reperitur
844 2629 872 2656 in
891 2636 950 2656 om-

172 2668 253 2694 nibus
268 2664 333 2693 mss.
349 2664 532 2701 praeterquam
551 2665 579 2701 in
589 2664 705 2691 Juliano.

207 2702 264 2737 (55)
283 2701 317 2728 Τὸ
329 2698 610 2738 ιζέγιστωῖε,ειο.ηιιο
625 2705 679 2738 tres
700 2699 780 2738 codd.
799 2698 950 2738 Anglicani,

175 2734 284 2770 Regius,
301 2734 334 2762 et
345 2734 517 2762 Basileensis.
532 2734 615 2770 Alias,
630 2734 661 2770 το
676 2735 803 2770 μέγιστον
816 2734 871 2770 τῶν
887 2734 952 2768 περὶ

172 2768 229 2806 τῆξ
239 2770 393 2801 συστάσεως
409 2769 456 2806 τοῦ
475 2769 561 2804 Ἰησοὺ
578 2768 741 2802 κεφαλαίων,
755 2769 792 2800 ὡς
814 2769 854 2794 ὅτι
871 2777 952 2803 προε-

173 2804 293 2841 φητεῦθη
305 2805 372 2840 προς
387 2804 452 2841 τῶν.

209 2837 265 2876 (56)
280 2837 479 2872 Ιιαραὶτέμπει.
496 2837 534 2866 ita
557 2844 630 2867 recte
649 2839 726 2866 codd.
741 2838 843 2873 Regius
859 2842 885 2865 et
897 2837 954 2865 Ba-

1007 2593 1140 2623 silcensis.
1163 2595 1243 2622 Libb.
1263 2595 1326 2622 editi
1350 2595 1375 2620 in
1394 2598 1470 2620 textu
1493 2593 1594 2619 habent
1609 2592 1796 2627 παραπίπτει.

1006 2631 1093 2662 male;
1114 2630 1146 2656 ad
1167 2630 1316 2663 marginem
1335 2637 1398 2656 vero
1414 2627 1615 2664 παραῤῥίπτει,
1633 2636 1696 2662 qua-
1718 2629 1796 2654 leum

1007 2665 1177 2693 tolerabilior
1190 2669 1260 2692 erat.

1042 2700 1099 2735 (57)
1124 2699 1296 2727 Ηωεειιειὶυε
1315 2704 1342 2726 et
1362 2699 1515 2733 Spencerus
1527 2697 1561 2724 ad
1577 2697 1734 2732 marginem
1752 2697 1797 2722 ba-

1004 2736 1068 2763 bent
1083 2735 1330 2771 πεπροφητεῦσθαι.
1340 2769 1347 2771 <
1384 2769 1399 2771 Η
1456 2767 1463 2771 _
1554 2768 1560 2771 _
1573 2768 1579 2771 _
1754 2765 1762 2771 η

1042 2770 1098 2805 (38)
1115 2767 1306 2798 mmemor.
1332 2767 1511 2797 Scrihcndum
1537 2768 1657 2800 videtur,
1681 2767 1796 2796 καταλα-

1006 2804 1070 2832 ϐῶν.
