1843 3097
46 153 104 180 753

652 151 791 180 CONTRA
805 151 943 180 CELSUM
961 151 1024 179 LIB.
1044 151 1062 178 Ι.

1628 150 1679 183 ⁷54

49 212 123 244 σὲως
133 211 350 247 παραδεχόμενοι
362 210 411 243 τὰς
427 210 534 246 βίϐλους
549 211 685 247 Σαμαρεῖς
703 212 720 247 ἦ
733 212 844 239 Σαδδου-
859 235 863 242 Α

928 212 976 239 xit.
984 211 1019 239 Et
1027 216 1058 238 ut
1074 210 1217 238 Samaritat
1233 215 1260 237 ct
1271 208 1425 242 Saddueaai,
1438 209 1482 244 qui
1498 209 1571 236 solos
1582 208 1682 245 Moysis

49 259 126 284 καῖοι
140 257 282 291 φάσκωσιν
298 257 327 284 ἐν
338 257 451 288 ἐκείνοις
463 257 704 292 πεπροφητεῦσθαι
722 258 768 284 τὸν
778 258 846 293 Χρι-

50 302 134 328 στόν·
156 301 214 328 ἀλλ’
231 301 289 328 οὔτι
313 310 345 336 γε
373 302 401 328 ὲν
423 302 629 338 Ἱεροσολύμοις,
653 304 710 335 τοῖς
733 300 845 339 μηδέπω

49 347 229 382 ὁνομασθείσι
252 347 324 374 κατὰ
341 347 389 374 τὸν
414 348 554 380 Μωῡσέως
576 348 682 384 χρόνον,
705 349 722 384 ὴ
740 357 846 384 προφη-

51 393 114 419 τεία
123 392 245 420 λέλεκτο.
254 393 306 428 Εἴη
316 394 418 426 τοίνυν,
431 394 534 426 πάντας
548 395 612 426 τοὺς
621 394 668 421 τοῦ
685 394 765 428 λόγου
782 402 847 421 κατ-

53 438 173 474 ηγόρους
187 439 216 464 ὲν
227 439 347 475 τοσαύτῃ
363 436 432 466 εἶναι
452 439 547 474 ἀγνοίᾳ
566 439 596 466 οὐ
613 439 692 474 μόνον
704 439 758 466 τῶν
774 448 846 474 πρα-

54 485 179 519 γμάτων,
192 484 260 511 ἀλλὰ
267 485 313 511 καὶ
326 485 411 520 ψιλῶν
419 485 474 512 τῶν
482 485 653 520 γραμμάτων
665 485 714 520 τῆς
725 486 847 521 Γραφῆς,

54 531 102 557 καὶ
117 533 283 568 κατηγορεῖν
299 532 524 568 Χριστιανισμοϋ,
539 532 582 558 ἵνα
597 532 664 567 μηδὲ
683 534 732 568 τὴν
752 532 850 568 τυχοῦ-

56 586 106 604 σαν
121 577 291 612 πιθανότητα
314 577 329 604 ὁ
355 577 433 611 λόγος
449 577 539 604 αὐτῶν
555 577 604 614 ἔχῃ
620 577 771 613 δυναμένην
787 579 849 610 τοὺς

55 623 274 658 ὰνερματίστους
290 624 338 650 καὶ
352 624 420 659 πρὸς
435 623 530 660 καιρὸν
546 623 721 656 πιστεύοντας
733 625 844 659 ἀφιστά-

56 677 114 696 νειν
124 669 156 695 οὐ
166 669 216 704 τῆς
231 669 358 701 πίστεως,
373 669 441 695 ἀλλὰ
456 669 506 704 τῆς
518 669 701 703 ὀλιγοπιστίας
710 672 716 696 l
726 670 850 701 Ἰουδαῖος

56 713 87 740 δὲ
103 713 155 739 οὐκ
168 713 202 740 ἂν
216 713 382 749 ὁμολογήσαι
398 713 438 740 ὅτι
459 714 603 749 προφήτης
621 723 663 746 τις
684 712 760 741 εἶπεν
776 714 850 750 ἥξειν

55 758 126 785 Θεοῦ
139 759 220 785 Υίόν·
235 759 249 785 δ
263 758 317 795 γὰρ
332 759 467 793 λέγουσιν,
482 760 566 792 ἐστὶν,
581 760 621 786 ὅτι
638 760 697 795 ἥξει
707 761 721 787 ὁ
735 761 851 796 Χριστὸς

56 803 106 830 τοῦ
123 803 203 830 Θεοῦ.
226 804 282 831 Καὶ
303 804 431 836 πολλάκις
451 813 483 839 γε
510 805 621 841 ζητοῦσι
638 806 706 841 πρὸς
720 807 793 841 ἡμᾶς
809 807 853 832 εύ-

56 849 130 881 θὲως
160 850 225 886 περὶ
239 850 304 877 Υἱοῦ
328 850 408 883 Θεοῦ,
425 850 462 882 ὡς
484 851 590 883 οὐδενὸς
613 852 689 884 Βντος
717 852 849 885 τοιούτου,

897 257 984 285 libros
1004 257 1149 292 recipiunt,
1168 257 1290 284 dicerent
1317 257 1457 284 Christum
1483 255 1509 283 in
1540 256 1593 284 illis
1621 264 1683 284 esse

897 302 1106 338 prmnuntiatutn
1123 311 1130 335 ;
1149 307 1224 330 certe
1246 311 1299 330 non
1321 303 1423 330 editum
1449 307 1490 330 est
1513 302 1564 330 hoc
1582 303 1683 330 vatici—

897 350 972 377 nium
1005 348 1184 384 Jerosolymis
1210 349 1288 382 cujus
1310 349 1387 376 urbis
1410 355 1506 376 nomen
1523 356 1556 376 ne
1583 348 1684 385 Moysis

898 395 1005 430 quidem
1027 400 1107 422 aetate
1124 395 1217 421 fuerit.
1231 394 1314 430 366
1334 394 1442 422 Utinam
1466 401 1561 422 omnes
1584 398 1683 422 nostra:

899 439 1030 467 doctrinae
1042 439 1254 467 calumniatores
1270 440 1297 466 in
1314 439 1409 466 eadem
1419 447 1472 466 non
1487 440 1568 468 modo
1579 447 1682 473 rerum.

899 486 948 514 sed
966 486 1048 514 etiam
1062 486 1214 515 litterarum
1237 485 1386 520 Scriptura:
1404 486 1557 520 ignorantia
1575 493 1686 514 versen-

901 538 954 565 tur,
972 537 1003 560 ut
1021 533 1128 560 illorum
1144 533 1234 560 oratio
1251 539 1285 559 ne
1307 532 1449 559 minimam
1467 531 1576 566 quidem
1589 531 1688 566 proba-

900 578 1035 605 bilitatem
1058 577 1167 610 habeat,
1186 584 1247 612 quae
1266 580 1423 612 pervertere
1446 576 1532 611 possit
1554 583 1607 603 non
1625 576 1687 603 dico

902 623 996 656 ﬁdem,
1008 624 1055 651 sed
1070 623 1246 657 exiguitatem
1261 622 1324 650 tldei
1338 629 1433 650 eorum
1443 622 1489 656 qui
1500 628 1596 656 parum
1615 621 1687 647 ﬁrmi

902 670 934 697 ad
950 675 1058 704 tempus
1078 669 1212 697 credunt!
1226 668 1320 702 Neque
1342 674 1410 695 vero
1433 666 1542 695 Judaeus
1557 666 1688 693 fatebitur

903 715 1059 750 praedictum
1076 722 1091 741 a
1105 714 1232 749 quopiam
1245 714 1390 748 propheta,
1413 712 1473 741 fore
1487 716 1516 738 ut
1534 711 1622 739 Filius
1640 711 1688 739 Dei

903 760 1005 788 veniat.
1019 760 1098 793 Quod
1117 760 1189 788 enim
1205 760 1310 792 dicunt,
1321 759 1386 787 illud
1403 763 1455 792 est,
1470 761 1611 786 ventorum
1627 764 1689 785 esse

902 805 1044 833 Christum
1057 806 1115 833 Dei.
1131 805 1207 834 Unde
1220 805 1259 838 tit,
1274 810 1305 833 ut
1319 813 1390 840 saepe
1404 812 1455 833 nos
1475 804 1641 838 interrogent
1654 803 1688 830 de

907 851 975 880 Filio
990 851 1050 884 Dei,
1064 852 1140 887 quasi
1159 852 1250 879 nullus
1260 852 1306 883 sit,
1321 856 1368 878 aut
1382 851 1456 878 illius
1474 857 1612 884 nunquam
1626 857 1689 884 pro-

56 895 121 921 οὐδὲ
142 896 388 931 πῳφητευθέντος.
407 897 462 923 Καὶ
487 897 516 923 οὐ
544 897 622 924 τοῦτό
642 906 744 933 φαμεν,
761 898 804 925 ὅτι
822 899 852 925 οὐ

923 898 993 926 hetae
1020 898 1134 926 fecerint
1156 898 1329 926 mentionem.
1356 898 1445 932 Atque
1473 897 1530 924 haec
1551 896 1684 928 dicimus,

57 943 264 978 προφητεύεται
285 943 340 977 (59)
358 943 422 974 Υίὸς
440 942 525 979 Θεοῦ·
551 943 608 970 ἀλλ’
625 944 667 970 ὅτι
692 943 740 978 οὐχ
766 945 852 980 ἁρμο-

57 987 163 1020 ζόντως
181 988 221 1023 τῷ
242 988 379 1024 Ἰουδαῖκῷ
405 988 553 1024 προσώπῳ,
568 989 605 1024 μὴ
632 989 807 1024 ὁμολογοῦντι
823 990 854 1016 τὸ

56 1034 177 1066 τοιοῦτο,
206 1033 352 1069 περιέθηκε
378 1034 419 1060 τό⁸
439 1032 542 1060 «Εἶπεν
567 1034 633 1069 ἐμὸς
661 1035 804 1071 προφήτης
825 1036 853 1061 ἐν

63 1080 264 1116 Ἰεροσολύμοις
279 1080 354 1113 ποτὲ,
371 1080 411 1106 ὅτι
424 1079 482 1116 ἥξει
499 1080 565 1106 Θεοῦ
583 1080 654 1111 Υἱός.
667 1090 676 1106 ι

97 1124 177 1157 Εἶτα,
189 1125 226 1157 ὡς
241 1125 320 1160 μόνου
338 1125 393 1160 (40)
406 1125 640 1161 προφητευθέντος
656 1125 763 1158 τούτου,
773 1125 854 1152 ὁσίων

57 1172 145 1198 αὐτὸν
163 1170 232 1198 εἷναι
255 1171 362 1207 κριτὴν,
384 1172 430 1198 καὶ
447 1171 500 1197 τῶν
516 1171 616 1197 ἀδίκων
634 1171 789 1207 κολαστὴν,
809 1171 854 1198 καὶ

60 1219 134 1253 μήτε
150 1218 234 1245 τόπου
247 1218 379 1252 γενέσεως
404 1218 497 1251 αὐτοῦ,
517 1219 584 1254 μήτε
600 1218 703 1249 πάθους
713 1217 809 1250 αὐτοῦ,
825 1215 855 1244 οὗ

58 1264 117 1289 ὑπὸ
153 1264 288 1291 Ἰουδαίων
311 1264 446 1296 πείσεται,
470 1264 532 1299 μήτ’
559 1264 733 1295 ἀναστάσεως
761 1262 854 1295 αὑτοῦ,

60 1310 134 1344 μήτε
159 1309 309 1345 τεραστίων
338 1306 375 1336 ὦν
395 1310 502 1345 ποιήσει
524 1309 665 1344 δυνάμεων
691 1309 857 1345 προειρημέ-

58 1363 128 1385 νων,
144 1354 226 1390 φησί·
245 1365 253 1379 ι
265 1354 296 1381 Τί
316 1354 415 1390 μᾶλλον
431 1355 474 1387 σὺ,
492 1354 508 1389 ἢ
533 1354 608 1380 ἄλλοι
634 1354 737 1390 μυρίοι,
745 1354 770 1380 οἳ
788 1353 856 1389 μετὰ

58 1401 113 1435 τὴν
143 1400 313 1436 προφητείαν
340 1400 491 1436 γενόμενοι,
520 1401 583 1432 eici,
607 1401 671 1435 περὶ
700 1397 737 1427 ὧν
770 1399 857 1427 ταῦτα

60 1444 269 1480 προεφητεύετο
286 1445 341 1481 (41)
354 1453 360 1478 ;
375 1455 384 1471 ι
402 1446 456 1473 Καὶ
468 1445 518 1472 οὐκ
537 1443 585 1472 οἶδ’
601 1446 675 1478 ὅπως
698 1445 857 1482 βουλόμενος

59 1489 113 1516 καὶ
139 1489 246 1523 ἑτέροις
274 1489 424 1523 περιθεῖναι
453 1489 484 1516 τὸ
510 1489 639 1517 δύνασθαι
671 1491 856 1523 ὑπονοεῖσθαι,

60 1535 106 1561 ὅτι
141 1535 219 1561 αὐτοὶ
254 1532 323 1571 ἦσαν
358 1535 382 1561 οἱ
423 1536 678 1571 προφητευθέντες,
706 1538 788 1572 φησὶν
817 1538 858 1564 ὅτι

63 1591 74 1606 ε
87 1581 113 1606 οι
137 1580 189 1615 μὲν
206 1580 408 1613 ἐνθουσιῶντες,
425 1582 450 1607 οἱ
474 1582 501 1608 δὲ
524 1582 680 1618 ἀγείροντες
694 1583 761 1618 (Ii-2),
777 1584 858 1618 φασιν

59 1627 143 1659 ἥκειν
161 1625 264 1652 ἄνωθεν
277 1626 341 1653 Υἰὸν
357 1626 451 1653 Θεοῦ.»
464 1627 502 1653 Οὺ
511 1627 565 1663 γὰρ
584 1628 765 1663 ἱστορήσαμεν
780 1628 857 1655 ταῦθ’

59 1670 258 1706 ὁμολογεῖσθαι
288 1671 364 1708 παρὰ
393 1673 451 1704 τοῖς
472 1671 609 1703 Ἰουδαίοις
631 1672 781 1706 γεγονέναι.
806 1673 858 1699 Λε-

60 1717 146 1744 κτέον
162 1716 210 1744 οὖν
224 1717 342 1753 πρῶτον,
359 1718 400 1744 ὅτι
417 1717 511 1744 πολλοὶ
530 1717 666 1753 προφῆται
683 1718 859 1749 παντοδαπῶς

61 1764 200 1798 προεῖπον
215 1762 249 1789 τὰ
269 1763 332 1799 περὶ
343 1763 473 1799 Χριστοῦ,
488 1764 513 1789 οἱ
531 1763 581 1798 μὲν
595 1763 628 1790 δι’
645 1764 822 1799 αἰνιγμάτων,
836 1765 860 1790 οἱ

60 1808 92 1834 δὲ
107 1808 142 1834 δι’
159 1808 334 1843 ἀλληγορίας,
347 1809 363 1844 ἢ
379 1809 450 1844 ἄλλῳ
466 1809 569 1845 τρόπῳ,
586 1809 658 1840 τινὲς
670 1809 698 1836 δὲ
714 1810 761 1836 καὶ
779 1811 859 1837 αύτο-

61 1853 151 1886 λεξεί.
164 1854 219 1880 Καὶ
247 1850 348 1881 erret-sv
365 1856 420 1886 τοῖς
436 1854 500 1890 ὲξῆς
519 1863 600 1890 φησιν
618 1856 646 1881 ἐν
669 1857 702 1890 τῇ
725 1855 771 1882 τοῦ
795 1856 860 1882 Ἰου-

61 1900 143 1926 δαίου
163 1900 232 1935 πρὸς
254 1901 318 1932 τοὺς
342 1900 396 1927 άπὸ
419 1901 467 1928 τοῦ
484 1901 549 1927 λαοῦ
565 1900 741 1933 πιστεύοντας
756 1910 861 1938 προσω-

63 1945 195 1980 ποποιίᾳ,
211 1945 260 1977 τὰς
278 1947 319 1977 εὶς
333 1946 368 1973 τὰ
384 1947 447 1982 περὶ
463 1946 557 1974 τούτου
580 1947 785 1983 ἀναφερομένας
800 1956 862 1983 προ-

63 1991 186 2027 φητείας
207 1990 335 2018 δύνασθαι
354 1993 400 2019 καὶ
414 1992 505 2024 ἄλλοις
520 1993 686 2029 ἐφαρμόζειν
705 1993 860 2029 πράγμασι,

62 2036 166 2067 δεινῶς
192 2036 241 2063 καὶ
266 2037 427 2073 κακούργως
455 2037 534 2065 τοῦτο
565 2038 667 2073 λέγων·
690 2038 784 2073 ὀλίγας
808 2039 863 2065 ἀπὸ

63 2082 204 2109 πλειόνων
216 2082 397 2118 ἐκθησόμεθα,
408 2084 473 2119 περὶ
492 2080 530 2111 ὧν
541 2084 555 2110 ὁ
567 2084 727 2120 βουλόμενος
743 2085 863 2119 ἀναγκα-

65 2128 166 2154 στικόν
174 2136 201 2154 τι
210 2128 250 2160 είς
259 2128 414 2164 ἀνατροπὴν
429 2128 520 2155 αὐτῶν
535 2129 647 2162 εἰπάτω,
662 2129 709 2156 καὶ
717 2129 863 2164 δυνάμενον

63 2173 207 2210 ἐπρεχῶς
233 2174 407 2206 πιστεύοντας
419 2174 587 2210 μεταστῆσαι
601 2174 655 2201 ἀπὸ
668 2175 718 2210 τῆς
736 2175 861 2206 πίστεως.

904 952 958 971 ιιοιι
978 951 1032 978 quo
1047 951 1176 979 negemus
1186 944 1285 971 Filium
1299 943 1345 970 Dei
1360 943 1570 978 praenuntiatum
1585 942 1688 974 fuisse;

905 992 950 1019 sed
963 994 992 1018 ut
1008 991 1185 1018 ostendamus
1199 989 1294 1017 Iudaeo
1318 989 1381 1017 huic
1397 989 1435 1016 rei
1459 989 1570 1016 minime
1594 995 1689 1016 assen-

906 1038 983 1065 tienti
997 1036 1069 1064 male
1088 1036 1187 1064 ascribi
1204 1037 1262 1064 haec
1278 1042 1287 1062 :
1304 1045 1313 1060 ι
1328 1035 1402 1063 Meus
1422 1035 1553 1070 propheta
1569 1035 1596 1062 in
1611 1033 1690 1061 Jero-

905 1083 1019 1119 solymis
1033 1082 1098 1110 olim
1115 1082 1192 1114 dixit,
1207 1086 1351 1109 venturum
1367 1089 1427 1109 esse
1442 1081 1488 1108 Dei
1508 1080 1617 1107 Filium.
1631 1089 1640 1106 ι

941 1130 985 1157 50.
1004 1129 1106 1157 Deinde
1119 1127 1196 1163 quasi
1218 1129 1269 1156 hoc
1287 1128 1373 1155 solum
1405 1127 1439 1154 de
1457 1127 1566 1154 Christo
1593 1125 1692 1160 praedi-

907 1179 980 1203 ctum
998 1175 1105 1208 fuisset,
1119 1174 1194 1201 illum
1207 1173 1264 1201 fore
1278 1178 1306 1202 et
1321 1174 1425 1209 piorum
1438 1173 1556 1207 jodicem
1570 1176 1597 1200 et
1610 1171 1692 1206 puni-

910 1227 997 1249 torem
1013 1221 1209 1256 improborum,
1227 1224 1254 1247 et
1268 1220 1407 1254 prophetae
1420 1219 1453 1246 de
1473 1218 1545 1245 illius
1564 1222 1638 1250 ortu,
1654 1217 1688 1245 de

908 1265 1040 1301 Supplicia
1052 1272 1106 1300 quo
1119 1264 1195 1292 illum
1212 1265 1333 1292 necaturi
1349 1269 1429 1291 erant
1441 1263 1538 1296 Judaei,
1552 1263 1585 1290 de
1597 1270 1692 1290 resur-

908 1312 1030 1339 rectione
1054 1311 1251 1345 miraculisque
1277 1309 1311 1337 ab
1339 1309 1385 1336 illo
1416 1309 1556 1344 patrandis
1580 1308 1693 1336 omnino

908 1358 1056 1390 siluissent,
1073 1357 1111 1384 ait
1126 1364 1133 1384 :
1146 1355 1219 1389 «Qui
1241 1355 1326 1389 magis
1350 1355 1376 1382 in
1396 1359 1423 1382 te
1443 1354 1601 1381 vaticinium
1619 1353 1692 1381 istud

909 1403 1044 1436 convenit,
1061 1410 1142 1438 quam
1163 1403 1189 1430 in
1213 1406 1359 1430 sexcentos
1378 1401 1455 1434 alios,
1477 1401 1522 1436 qui
1541 1405 1604 1434 post
1626 1399 1693 1427 illud

910 1451 965 1477 nati
991 1450 1098 1477 sunt?»
1118 1449 1186 1476 Tum
1213 1450 1291 1482 quasi
1321 1447 1485 1481 persuadere
1514 1446 1594 1474 vellet
1624 1445 1693 1473 alios

910 1495 1007 1527 fuisse.
1023 1495 1122 1529 quibus
1137 1495 1190 1521 hoc
1199 1493 1357 1520 vaticinium
1374 1491 1575 1519 accommodari
1589 1490 1696 1525 potui.-

909 1546 961 1574 set,
976 1541 1073 1568 asserit
1085 1540 1178 1567 nescio
1193 1546 1247 1573 quo
1272 1542 1434 1573 argumento
1452 1537 1551 1569 fretus,
1571 1547 1580 1563 ι
1593 1537 1696 1564 fanati-

910 1595 957 1615 cos
974 1592 1003 1614 ct
1026 1587 1189 1622 impostores
1209 1592 1280 1616 esse.
1297 1585 1342 1619 qui
1368 1591 1399 1612 se
1418 1585 1509 1612 dicant
1533 1584 1630 1611 Filium
1647 1583 1693 1611 Dei

909 1638 970 1659 esse
987 1631 1074 1664 illum,
1091 1630 1136 1664 qui
1156 1629 1264 1657 caelitus
1289 1628 1403 1656 venerit.
1418 1637 1427 1654 ι
1447 1628 1540 1662 Neque
1555 1628 1628 1655 enim
1646 1635 1696 1654 au-

910 1676 1027 1702 divimus
1056 1675 1082 1701 in
1107 1674 1233 1701 confesso
1250 1681 1310 1701 esse
1333 1673 1386 1700 tale
1405 1673 1544 1707 quippiam
1562 1673 1633 1707 apud
1651 1671 1699 1700 Ιιιο

910 1721 982 1748 (ιειξοε
997 1720 1141 1748 accidisse.
1167 1719 1288 1747 Primum
1316 1719 1396 1753 igitur
1415 1718 1633 1753 respondendum
1653 1723 1696 1745 est

911 1765 1006 1792 multis
1020 1772 1035 1791 ει
1054 1764 1194 1799 prophetis
1211 1764 1286 1791 varia
1300 1764 1335 1790 de
1349 1763 1458 1790 Christo
1480 1763 1552 1789 edita
1569 1769 1630 1790 esse
1647 1769 1695 1789 va-

913 1811 1016 1844 ticinia,
1033 1818 1093 1845 quze
1111 1811 1156 1837 alii
1183 1810 1339 1845 aenigmatis
1365 1809 1573 1842 occultaverint,
1591 1809 1636 1836 alii
1655 1809 1697 1836 in-

912 1857 1044 1884 volverint
1061 1855 1197 1889 allegoriis
1209 1860 1254 1881 aut
1268 1855 1321 1881 alio
1335 1854 1425 1886 modo,
1441 1853 1487 1881 alii
1512 1853 1620 1880 disertis
1636 1860 1699 1881 ver-

913 1903 954 1929 bis
967 1902 1154 1936 conceperint.
1170 1900 1203 1927 Et
1213 1900 1276 1934 quia
1289 1899 1493 1928 commentitius
1506 1898 1576 1926 Celsi
1588 1898 1698 1926 Judmns

914 1950 939 1975 in
953 1947 1130 1982 sequentibus
1145 1946 1266 1979 improbe
1280 1950 1307 1973 et
1322 1945 1394 1973 malo
1413 1945 1504 1971 animo
1520 1944 1586 1972 dicit
1603 1944 1637 1971 iis
1650 1945 1696 1978 qui

913 2003 928 2023 e
942 2002 991 2022 suo
1007 1994 1107 2029 populo
1121 1993 1249 2025 credunt,
1270 1991 1378 2027 vulgata
1395 1991 1429 2019 de
1443 1991 1552 2019 Christo
1568 1991 1702 2018 vaticinia

915 2047 995 2074 posse
1014 2045 1043 2066 et
1059 2039 1092 2066 ad
1109 2038 1161 2065 alia
1183 2038 1289 2073 negotia
1306 2037 1457 2071 pertinere;
1474 2043 1558 2071 pauca
1576 2044 1591 2064 e
1606 2036 1700 2063 multis

914 2091 1094 2119 exponemus,
1109 2076 1168 2118 quae
1186 2082 1208 2109 si
1236 2082 1298 2116 quis
1313 2086 1473 2116 pervertere
1490 2081 1617 2114 voluerit,
1632 2088 1700 2115 pro-

915 2130 985 2157 ferat
1002 2129 1133 2164 quidquid
1150 2129 1231 2155 habet
1248 2128 1364 2155 validius
1378 2128 1504 2162 quodque
1517 2132 1594 2161 putat
1613 2127 1701 2162 magis

915 2180 993 2207 posse
1008 2181 1022 2199 ιι
1035 2172 1087 2199 tlde
1102 2173 1242 2199 deterrere
1261 2179 1308 2199 eos
1330 2171 1377 2206 qui
1393 2172 1540 2205 prudenter
1555 2171 1680 2199 credunt.

105 2218 224 2253 Εἴρηται
236 2218 267 2253 δὴ
289 2219 353 2253 περὶ
374 2218 423 2254 μὲν
441 2218 488 2244 τοῦ
505 2219 588 2245 τόπου
598 2220 648 2255 τῆς
663 2220 798 2253 γενέσεως
813 2220 863 2246 αὺ-

950 2218 994 2245 51.
1011 2218 1051 2245 Ac
1068 2218 1101 2245 de
1119 2217 1179 2244 loco
1194 2217 1304 2252 quidem
1321 2217 1366 2244 ubi
1379 2217 1532 2244 nasciturus
1548 2222 1618 2249 erat,
1631 2225 1700 2252 pra:-

64 2263 130 2296 τοῦ,
144 2264 187 2290 ὅτι
202 2264 256 2290 ἀπὸ
271 2264 394 2300 Βηθλεὲμ
411 2264 580 2298 ἐξελεύσεται
596 2266 610 2291 ὁ
624 2266 784 2301 ἡγούμενος,
799 2265 861 2292 τοῦ-

65 2318 118 2336 τον
129 2309 176 2335 τὸν
187 2309 302 2345 τρόπον·
324 2320 333 2335 ι
343 2310 398 2337 Καὶ
411 2311 442 2336 σὺ
459 2310 594 2346 Βηθλεὲμ,
611 2308 686 2343 οἶκος
696 2311 743 2339 τοῦ
761 2312 862 2347 Ἐφρα-

66 2354 117 2386 θὰ,
131 2355 183 2381 οὐκ
195 2355 332 2389 ὀλιγοστὸς
348 2354 374 2382 εἴ
390 2356 445 2393 (45)
458 2357 506 2384 τοῦ
528 2356 598 2386 εἶναι
614 2359 643 2385 ὲν
660 2358 778 2393 χιλιάσιν
798 2358 863 2385 Ἰού-

65 2403 120 2430 δαν
138 2403 173 2429 ὲκ
189 2402 236 2428 σοῦ
251 2402 305 2438 γάρ
322 2411 367 2438 μοι
383 2403 551 2436 ἐξελεύσεται
563 2404 610 2431 τοῦ
627 2403 695 2431 εἶναι
710 2405 750 2436 εἰς
767 2404 864 2441 ἄρχον-

64 2458 105 2477 τα.
120 2449 150 2475 ὲν
166 2448 205 2484 τῷ
221 2449 343 2486 Ἰσραήλ·
361 2450 409 2477 καὶ
428 2451 455 2477 αἱ
472 2450 556 2482 ἔξοδοι
568 2451 650 2477 αὑτοῦ
663 2451 710 2477 ἀπ’
727 2450 814 2485 ἀρχῆς
834 2451 864 2482 ἐξ

66 2495 188 2533 ἡμερῶν
203 2495 315 2528 αἰῶνος⁸
327 2505 338 2522 ι
354 2496 423 2532 αὕτη
437 2497 459 2523 δ’
476 2498 492 2532 ὴ
509 2497 662 2532 προφητεία
680 2496 767 2523 οὐδενὶ
780 2497 865 2532 ἁρμό-

109 2553 133 2570 η
149 2553 232 2580 ant-1..
252 2561 278 2586 v,
294 2553 323 2580 ο.

108 2601 168 2637 (59)
191 2601 420 2635 Προφητεύεται.
452 2600 579 2629 Gelenius
603 2601 738 2635 interpres
761 2600 867 2626 videtur

70 2636 177 2671 legisse
189 2644 280 2671 πεπρο
303 2637 425 2671 ήτευται.

111 2671 172 2697 (4οὶ
190 2645 355 2697 Ουάιι.ῖὶεα.
369 2676 397 2697 et
410 2670 584 2697 Basileensis.
598 2669 636 2697 ὡς
647 2670 672 2696 oi

111 2669 172 2705 (40)
190 2669 277 2698 Codd.
289 2669 355 2705 Reg.
369 2676 397 2697 et
410 2670 584 2701 Basileensis.
598 2669 636 2701 ὡς
647 2670 676 2696 οὐ
694 2669 788 2704 μόνου.

112 2672 159 2705 (40
190 2671 277 2698 Codd.
289 2671 355 2705 Reg.
369 2676 397 2697 et
410 2671 584 2701 Basileensis.
598 2671 636 2701 ὡς
647 2671 676 2696 οὐ
694 2671 788 2704 μόνου.

112 2671 173 2748 (ui
189 2705 257 2734 Tres
266 2706 419 2742 Anglicani,
430 2705 499 2740 Reg.
514 2710 542 2733 et
556 2705 733 2737 Basileensis,
746 2705 867 2740 ἐπροφη-

69 2750 264 2813 τῦῗὶξῗίἱϋιι.
281 2776 348 2813 editi
368 2776 403 2813 ad
418 2776 581 2811 marginem,
598 2774 760 2810 ἐγείροντες,
772 2773 865 2808 sicque

71 2811 134 2841 tres
154 2811 223 2840 mss.
240 2811 393 2845 Anglicani.

114 2847 171 2882 (45)
194 2843 432 2881 omniin-certet;
448 2844 482 2873 el.
501 2847 521 2872 Α
545 2845 649 2882 duobus
667 2843 824 2882 Anglicanis
838 2848 865 2882 et

73 2879 191 2919 utroque
208 2879 340 2910 Vaticano
364 2883 440 2909 abest
455 2881 514 2912 οὐκ,
533 2881 759 2915 quemadmodum
774 2888 787 2906 ει
805 2879 863 2906 vul-

914 2263 1083 2291 diciturl‘ore
1099 2269 1129 2290 ιιι
1153 2272 1186 2290 ex
1213 2263 1354 2291 Bethleem
1374 2263 1498 2299 prodeat,
1515 2263 1560 2297 qui
1573 2263 1701 2298 princeps

916 2309 1022 2337 iuturus
1037 2313 1106 2336 erat.
1131 2309 1275 2344 Propheta:
1293 2310 1375 2337 verba
1397 2313 1462 2336 sunt
1480 2319 1487 2336 :
1504 2318 1514 2335 ι
1526 2309 1559 2336 Et
1576 2313 1603 2336 tu
1619 2308 1703 2336 Beth—

915 2356 996 2388 leem,
1017 2355 1115 2382 domus
1139 2355 1290 2390 Ephratha,
1309 2363 1363 2382 non
1387 2355 1500 2382 minima
1525 2362 1554 2382 es
1575 2359 1605 2382 ut
1621 2355 1658 2382 sis
1674 2355 1700 2381 in

915 2402 1036 2429 millibus
1051 2400 1130 2429 Juda.
1152 2402 1190 2428 Ex
1208 2407 1234 2428 te
1248 2402 1320 2428 enim
1338 2401 1404 2429 mihi
1423 2401 1579 2437 egredietur
1603 2401 1648 2435 qui
1665 2400 1702 2428 sit

917 2447 1072 2475 dominator
1098 2448 1125 2474 in
1150 2447 1245 2479 Israel.
1262 2452 1289 2474 et
1312 2454 1440 2482 egressus
1454 2446 1513 2480 ejus
1533 2446 1568 2473 ab
1582 2445 1670 2477 initio,
1684 2453 1700 2472 a

919 2494 1015 2521 diebus
1039 2494 1201 2520 mternitatis
1213 2494 1244 2520 ¹⁸.
1257 2503 1265 2519 ι
1290 2493 1345 2520 Hoc
1360 2493 1440 2528 367
1458 2492 1615 2519 vaticinium
1634 2487 1700 2518 nulli

922 2603 985 2632 gato
1003 2601 1075 2624 textu
1100 2596 1155 2623 τῶν
1180 2598 1217 2623 Ο’.
1234 2596 1327 2632 Neque
1351 2595 1443 2632 etiarn
1461 2594 1531 2621 hanc
1556 2597 1699 2632 negantem

922 2627 1081 2667 particulam
1106 2633 1230 2666 agnoscit
1260 2627 1392 2658 Eusebius
1417 2629 1462 2656 lib.
1481 2637 1501 2655 ιι
1515 2632 1542 2667 ει
1558 2627 1701 2667 VII-Evan-

920 2663 1010 2702 gelii-te
1026 2663 1274 2702 (iamonitratimtis1
1286 2670 1314 2692 at
1328 2669 1494 2702 agnoverunt
1516 2663 1701 2702 Tertullianns

920 2697 947 2729 ἓι
971 2701 1192 2737 (ἑγρτίοιιιιεῖὶιὺ.
1217 2709 1238 2737 ιι
1254 2697 1411 2737 Τρξιὶηῖοηη
1439 2699 1518 2737 cujus
1534 2699 1616 2737 verba
1634 2697 1700 2724 libet

920 2734 1076 2765 ascribere:
1093 2745 1102 2761 ι
1116 2736 1146 2763 Et
1167 2741 1207 2768 tu,
1224 2735 1372 2766 Bethleem,
1388 2736 1484 2760 domus
1500 2734 1630 2768 Ephrata.
1645 2740 1700 2759 non

919 2773 1014 2807 exigua
1032 2779 1072 2804 es,
1091 2776 1120 2798 ut
1137 2770 1313 2807 constituaris
1337 2770 1362 2796 in
1390 2769 1509 2807 millibus
1529 2768 1657 2807 Janla.Ex
1674 2773 1700 2794 te

919 2803 985 2834 mihi
997 2803 1137 2842 procedet,
1152 2810 1182 2832 ut
1197 2804 1233 2842 sit
1250 2803 1468 2842 princepsﬂnpud
1484 2803 1581 2842 lsrael_;
1599 2808 1699 2842 mpro-

919 2838 1057 2869 ecssiones
1075 2838 1135 2876 ejus
1156 2849 1170 2867 a
1193 2838 1327 2875 principio
1343 2847 1356 2865 a
1374 2838 1468 2876 diebus
1485 2838 1587 2876 saeculi.
1602 2847 1610 2863 ι
1629 2839 1699 2876 Mat-

921 2878 1005 2906 thtcus
1031 2873 1198 2912 evangelista
1217 2883 1245 2909 ιι,
1262 2873 1291 2909 ϐ,
1310 2876 1380 2903 hunc
1409 2873 1526 2901 Michsz
1552 2873 1641 2901 locum
1659 2873 1702 2899 sic
