  <div class='ocr_page' id='page_1' title='image "/cluster/home/n/w/nwhite01/storage/ocr_20150623/11/njp.32101077772414/414.png"; bbox 0 0 1843 3097; ppageno 0'>
   <div class='ocr_carea' id='block_1_1' title="bbox 61 152 116 180">
    <p class='ocr_par' dir='ltr' id='par_1_1' title="bbox 61 152 116 180">
     <span class='ocr_line' id='line_1_1' title="bbox 61 152 116 180; baseline 0.018 -1"><span class='ocrx_word' id='word_1_1' title='bbox 61 152 116 180; x_wconf 73' lang='grc'><strong>’157</strong></span> 
     </span>
    </p>
   </div>
   <div class='ocr_carea' id='block_1_2' title="bbox 689 145 1098 176">
    <p class='ocr_par' dir='ltr' id='par_1_2' title="bbox 689 145 1098 176">
     <span class='ocr_line' id='line_1_2' title="bbox 689 145 1098 176; baseline -0.007 0"><span class='ocrx_word' id='word_1_2' title='bbox 689 146 830 176; x_wconf 80' lang='lat' dir='ltr'><strong>CONTRA</strong></span> <span class='ocrx_word' id='word_1_3' title='bbox 846 145 984 174; x_wconf 82' lang='lat' dir='ltr'><strong>CELSUM</strong></span> <span class='ocrx_word' id='word_1_4' title='bbox 999 145 1064 173; x_wconf 87' lang='lat' dir='ltr'><strong>LIB.</strong></span> <span class='ocrx_word' id='word_1_5' title='bbox 1078 145 1098 173; x_wconf 89' lang='grc'><strong>1.</strong></span> 
     </span>
    </p>
   </div>
   <div class='ocr_carea' id='block_1_3' title="bbox 1640 139 1692 168">
    <p class='ocr_par' dir='ltr' id='par_1_3' title="bbox 1640 139 1692 168">
     <span class='ocr_line' id='line_1_3' title="bbox 1640 139 1692 168; baseline 0.038 -2"><span class='ocrx_word' id='word_1_6' title='bbox 1640 139 1692 168; x_wconf 72' lang='lat'><strong>758</strong></span> 
     </span>
    </p>
   </div>
   <div class='ocr_carea' id='block_1_4' title="bbox 59 199 1693 248">
    <p class='ocr_par' dir='ltr' id='par_1_4' title="bbox 59 199 1693 248">
     <span class='ocr_line' id='line_1_4' title="bbox 59 199 1693 248; baseline -0.01 -6"><span class='ocrx_word' id='word_1_7' title='bbox 59 213 169 246; x_wconf 74' lang='grc' dir='ltr'>αὐτοῦ,</span> <span class='ocrx_word' id='word_1_8' title='bbox 182 211 268 248; x_wconf 74' lang='grc' dir='ltr'>ἡμῶν</span> <span class='ocrx_word' id='word_1_9' title='bbox 283 211 472 247; x_wconf 75' lang='grc' dir='ltr'><strong>κοιμωμένων</strong></span> <span class='ocrx_word' id='word_1_10' title='bbox 479 211 599 245; x_wconf 80' lang='grc' dir='ltr'>νυκτὸς,</span> <span class='ocrx_word' id='word_1_11' title='bbox 616 209 752 244; x_wconf 74' lang='grc' dir='ltr'>ἔκλεψαν</span> <span class='ocrx_word' id='word_1_12' title='bbox 763 207 867 240; x_wconf 78' lang='grc' dir='ltr'>αὑτὸν,</span> <span class='ocrx_word' id='word_1_13' title='bbox 875 207 923 234; x_wconf 77' lang='grc' dir='ltr'>καὶ</span> <span class='ocrx_word' id='word_1_14' title='bbox 931 206 978 234; x_wconf 76' lang='grc' dir='ltr'><strong>ἔάν</strong></span> <span class='ocrx_word' id='word_1_15' title='bbox 992 205 1110 241; x_wconf 74' lang='grc' dir='ltr'>ἀκουσθῇ</span> <span class='ocrx_word' id='word_1_16' title='bbox 1122 204 1200 232; x_wconf 83' lang='grc' dir='ltr'>τοῦτο</span> <span class='ocrx_word' id='word_1_17' title='bbox 1213 203 1258 230; x_wconf 70' lang='grc' dir='ltr'><strong>ἐπὶ</strong></span> <span class='ocrx_word' id='word_1_18' title='bbox 1270 202 1325 239; x_wconf 84' lang='grc'>(50)</span> <span class='ocrx_word' id='word_1_19' title='bbox 1333 200 1380 229; x_wconf 82' lang='grc' dir='ltr'><strong>τοῦ</strong></span> <span class='ocrx_word' id='word_1_20' title='bbox 1391 200 1533 238; x_wconf 81' lang='grc' dir='ltr'><strong>ἡγεμόνος,</strong></span> <span class='ocrx_word' id='word_1_21' title='bbox 1541 199 1621 235; x_wconf 81' lang='grc' dir='ltr'><strong>ἡμεῖς</strong></span> <span class='ocrx_word' id='word_1_22' title='bbox 1632 199 1693 226; x_wconf 83' lang='grc' dir='ltr'>πεί-</span> 
     </span>
    </p>
   </div>
   <div class='ocr_carea' id='block_1_5' title="bbox 60 259 692 296">
    <p class='ocr_par' dir='ltr' id='par_1_5' title="bbox 60 259 692 296">
     <span class='ocr_line' id='line_1_5' title="bbox 60 259 692 296; baseline -0.005 -9"><span class='ocrx_word' id='word_1_23' title='bbox 60 269 158 296; x_wconf 76' lang='grc' dir='ltr'>σομεν,</span> <span class='ocrx_word' id='word_1_24' title='bbox 173 260 220 287; x_wconf 75' lang='grc' dir='ltr'>καὶ</span> <span class='ocrx_word' id='word_1_25' title='bbox 234 260 306 295; x_wconf 82' lang='grc' dir='ltr'>ὑμᾶς</span> <span class='ocrx_word' id='word_1_26' title='bbox 323 259 492 295; x_wconf 84' lang='grc' dir='ltr'>ἀμερίμνους</span> <span class='ocrx_word' id='word_1_27' title='bbox 505 260 664 295; x_wconf 79' lang='grc' dir='ltr'>ποιήσομεν.</span> <span class='ocrx_word' id='word_1_28' title='bbox 684 268 692 283; x_wconf 75' lang='grc' dir='ltr'><strong>ι</strong></span> 
     </span>
    </p>
   </div>
   <div class='ocr_carea' id='block_1_6' title="bbox 97 298 896 344">
    <p class='ocr_par' dir='ltr' id='par_1_6' title="bbox 97 298 896 344">
     <span class='ocr_line' id='line_1_6' title="bbox 97 298 896 344; baseline -0.009 -7"><span class='ocrx_word' id='word_1_29' title='bbox 97 309 225 337; x_wconf 78' lang='grc' dir='ltr'>Χαλεπὸν</span> <span class='ocrx_word' id='word_1_30' title='bbox 246 298 301 344; x_wconf 63' lang='grc' dir='ltr'><strong>γὰρ</strong></span> <span class='ocrx_word' id='word_1_31' title='bbox 327 307 475 343; x_wconf 76' lang='grc' dir='ltr'><strong>φιλονεικία</strong></span> <span class='ocrx_word' id='word_1_32' title='bbox 503 308 548 335; x_wconf 75' lang='grc' dir='ltr'>καὶ</span> <span class='ocrx_word' id='word_1_33' title='bbox 573 307 705 343; x_wconf 79' lang='grc' dir='ltr'>πρόληψις</span> <span class='ocrx_word' id='word_1_34' title='bbox 736 306 803 342; x_wconf 77' lang='grc' dir='ltr'>πρὸς</span> <span class='ocrx_word' id='word_1_35' title='bbox 826 304 857 331; x_wconf 84' lang='grc' dir='ltr'>τὸ</span> <span class='ocrx_word' id='word_1_36' title='bbox 871 304 896 334; x_wconf 77' lang='grc' dir='ltr'><strong>Δ</strong></span> 
     </span>
    </p>
   </div>
   <div class='ocr_carea' id='block_1_7' title="bbox 59 354 858 393">
    <p class='ocr_par' dir='ltr' id='par_1_7' title="bbox 59 354 858 393">
     <span class='ocr_line' id='line_1_7' title="bbox 59 354 858 393; baseline -0.005 -8"><span class='ocrx_word' id='word_1_37' title='bbox 59 358 177 393; x_wconf 77' lang='grc' dir='ltr'>ποιῆσαι</span> <span class='ocrx_word' id='word_1_38' title='bbox 197 357 244 384; x_wconf 74' lang='grc' dir='ltr'>καὶ</span> <span class='ocrx_word' id='word_1_39' title='bbox 263 357 318 388; x_wconf 87' lang='grc' dir='ltr'>τοῖς</span> <span class='ocrx_word' id='word_1_40' title='bbox 337 355 477 391; x_wconf 73' lang='grc' dir='ltr'><strong>ἐναργέσιν</strong></span> <span class='ocrx_word' id='word_1_41' title='bbox 501 354 670 389; x_wconf 76' lang='grc' dir='ltr'>ἀντιϐλέψαι,</span> <span class='ocrx_word' id='word_1_42' title='bbox 696 355 740 381; x_wconf 81' lang='grc' dir='ltr'><strong>ἵνα</strong></span> <span class='ocrx_word' id='word_1_43' title='bbox 756 354 792 390; x_wconf 86' lang='grc' dir='ltr'>μὴ</span> <span class='ocrx_word' id='word_1_44' title='bbox 808 362 858 381; x_wconf 67' lang='grc' dir='ltr'>καμ</span> 
     </span>
    </p>
   </div>
   <div class='ocr_carea' id='block_1_8' title="bbox 59 397 858 437">
    <p class='ocr_par' dir='ltr' id='par_1_8' title="bbox 59 397 858 437">
     <span class='ocr_line' id='line_1_8' title="bbox 59 397 858 437; baseline -0.005 -8"><span class='ocrx_word' id='word_1_45' title='bbox 59 403 212 437; x_wconf 79' lang='grc' dir='ltr'>ταλείψωσι</span> <span class='ocrx_word' id='word_1_46' title='bbox 230 402 354 436; x_wconf 78' lang='grc' dir='ltr'><strong>δόγματα</strong></span> <span class='ocrx_word' id='word_1_47' title='bbox 367 401 598 436; x_wconf 82' lang='grc' dir='ltr'>δευσοποιήσαντα</span> <span class='ocrx_word' id='word_1_48' title='bbox 608 397 648 431; x_wconf 73' lang='grc' dir='ltr'>οἷς</span> <span class='ocrx_word' id='word_1_49' title='bbox 662 400 787 435; x_wconf 81' lang='grc' dir='ltr'><strong>συνήθεις</strong></span> <span class='ocrx_word' id='word_1_50' title='bbox 797 399 858 434; x_wconf 85' lang='grc' dir='ltr'><strong>ὲγέ-</strong></span> 
     </span>
    </p>
   </div>
   <div class='ocr_carea' id='block_1_9' title="bbox 59 445 856 482">
    <p class='ocr_par' dir='ltr' id='par_1_9' title="bbox 59 445 856 482">
     <span class='ocr_line' id='line_1_9' title="bbox 59 445 856 482; baseline -0.005 -6"><span class='ocrx_word' id='word_1_51' title='bbox 59 448 140 476; x_wconf 70' lang='grc' dir='ltr'>νοντό</span> <span class='ocrx_word' id='word_1_52' title='bbox 168 457 236 479; x_wconf 85' lang='grc' dir='ltr'>πως,</span> <span class='ocrx_word' id='word_1_53' title='bbox 262 447 310 473; x_wconf 77' lang='grc' dir='ltr'><strong>καὶ</strong></span> <span class='ocrx_word' id='word_1_54' title='bbox 332 446 487 473; x_wconf 87' lang='grc' dir='ltr'>ποιώσαντα</span> <span class='ocrx_word' id='word_1_55' title='bbox 506 445 561 482; x_wconf 82' lang='grc'>(51)</span> <span class='ocrx_word' id='word_1_56' title='bbox 584 445 673 473; x_wconf 79' lang='grc' dir='ltr'>αὐτῶν</span> <span class='ocrx_word' id='word_1_57' title='bbox 689 445 737 481; x_wconf 85' lang='grc' dir='ltr'>τὴν</span> <span class='ocrx_word' id='word_1_58' title='bbox 756 445 856 481; x_wconf 72' lang='grc' dir='ltr'>ψυχήν.</span> 
     </span>
    </p>
   </div>
   <div class='ocr_carea' id='block_1_10' title="bbox 59 491 858 529">
    <p class='ocr_par' dir='ltr' id='par_1_10' title="bbox 59 491 858 529">
     <span class='ocr_line' id='line_1_10' title="bbox 59 491 858 529; baseline -0.005 -7"><span class='ocrx_word' id='word_1_59' title='bbox 59 495 119 522; x_wconf 73' lang='grc' dir='ltr'><strong>Καὶ</strong></span> <span class='ocrx_word' id='word_1_60' title='bbox 134 493 328 529; x_wconf 72' lang='grc' dir='ltr'>εὖχερέστερόν</span> <span class='ocrx_word' id='word_1_61' title='bbox 340 502 372 527; x_wconf 89' lang='grc' dir='ltr'><strong>γε</strong></span> <span class='ocrx_word' id='word_1_62' title='bbox 391 492 533 528; x_wconf 75' lang='grc' dir='ltr'>ἄνθρωπος</span> <span class='ocrx_word' id='word_1_63' title='bbox 547 491 596 524; x_wconf 84' lang='grc' dir='ltr'>τὰς</span> <span class='ocrx_word' id='word_1_64' title='bbox 609 492 674 527; x_wconf 81' lang='grc' dir='ltr'>περὶ</span> <span class='ocrx_word' id='word_1_65' title='bbox 692 491 760 519; x_wconf 82' lang='grc' dir='ltr'>ἄλλα</span> <span class='ocrx_word' id='word_1_66' title='bbox 777 500 858 528; x_wconf 89' lang='grc' dir='ltr'>συνη-</span> 
     </span>
    </p>
   </div>
   <div class='ocr_carea' id='block_1_11' title="bbox 60 537 856 573">
    <p class='ocr_par' dir='ltr' id='par_1_11' title="bbox 60 537 856 573">
     <span class='ocr_line' id='line_1_11' title="bbox 60 537 856 573; baseline -0.006 -5"><span class='ocrx_word' id='word_1_67' title='bbox 60 541 151 573; x_wconf 82' lang='grc' dir='ltr'>θείας,</span> <span class='ocrx_word' id='word_1_68' title='bbox 162 541 214 568; x_wconf 75' lang='grc' dir='ltr'>κᾶν</span> <span class='ocrx_word' id='word_1_69' title='bbox 221 538 452 570; x_wconf 70' lang='grc' dir='ltr'><strong>δυσαποσπάστως</strong></span> <span class='ocrx_word' id='word_1_70' title='bbox 465 538 554 564; x_wconf 78' lang='grc' dir='ltr'>αὐτῶν</span> <span class='ocrx_word' id='word_1_71' title='bbox 566 537 625 573; x_wconf 84' lang='grc' dir='ltr'>έχῃ,</span> <span class='ocrx_word' id='word_1_72' title='bbox 637 537 796 572; x_wconf 79' lang='grc' dir='ltr'>καταλείψαι</span> <span class='ocrx_word' id='word_1_73' title='bbox 812 537 856 570; x_wconf 82' lang='grc' dir='ltr'>ἂν,</span> 
     </span>
    </p>
   </div>
   <div class='ocr_carea' id='block_1_12' title="bbox 60 578 857 624">
    <p class='ocr_par' dir='ltr' id='par_1_12' title="bbox 60 578 857 624">
     <span class='ocr_line' id='line_1_12' title="bbox 60 578 857 624; baseline -0.008 -9"><span class='ocrx_word' id='word_1_74' title='bbox 60 590 77 624; x_wconf 79' lang='grc' dir='ltr'>ἢ</span> <span class='ocrx_word' id='word_1_75' title='bbox 93 588 145 620; x_wconf 77' lang='grc' dir='ltr'><strong>τὰς</strong></span> <span class='ocrx_word' id='word_1_76' title='bbox 160 587 225 622; x_wconf 71' lang='grc' dir='ltr'>περ).</span> <span class='ocrx_word' id='word_1_77' title='bbox 239 587 273 613; x_wconf 91' lang='grc' dir='ltr'><strong>τά</strong></span> <span class='ocrx_word' id='word_1_78' title='bbox 289 585 421 620; x_wconf 82' lang='grc' dir='ltr'>δόγματα.</span> <span class='ocrx_word' id='word_1_79' title='bbox 435 584 508 620; x_wconf 84' lang='grc' dir='ltr'>Πλὴν</span> <span class='ocrx_word' id='word_1_80' title='bbox 526 584 579 610; x_wconf 79' lang='grc' dir='ltr'>οὐδ’</span> <span class='ocrx_word' id='word_1_81' title='bbox 592 578 684 610; x_wconf 68' lang='grc' dir='ltr'>ἐκεῖνα</span> <span class='ocrx_word' id='word_1_82' title='bbox 701 583 820 619; x_wconf 83' lang='grc' dir='ltr'><strong>εὐχερῶς</strong></span> <span class='ocrx_word' id='word_1_83' title='bbox 833 585 857 610; x_wconf 77' lang='grc' dir='ltr'>οἱ</span> 
     </span>
    </p>
   </div>
   <div class='ocr_carea' id='block_1_13' title="bbox 62 629 856 670">
    <p class='ocr_par' dir='ltr' id='par_1_13' title="bbox 62 629 856 670">
     <span class='ocr_line' id='line_1_13' title="bbox 62 629 856 670; baseline -0.006 -9"><span class='ocrx_word' id='word_1_84' title='bbox 62 634 192 670; x_wconf 78' lang='grc' dir='ltr'><strong>συνήθεις</strong></span> <span class='ocrx_word' id='word_1_85' title='bbox 205 631 372 668; x_wconf 73' lang='grc' dir='ltr'><strong>παρορῶσιν·</strong></span> <span class='ocrx_word' id='word_1_86' title='bbox 384 631 469 662; x_wconf 77' lang='grc' dir='ltr'>οὕτως</span> <span class='ocrx_word' id='word_1_87' title='bbox 480 629 533 656; x_wconf 79' lang='grc' dir='ltr'>οὐδ’</span> <span class='ocrx_word' id='word_1_88' title='bbox 546 630 643 663; x_wconf 74' lang='grc' dir='ltr'>οἰκίας,</span> <span class='ocrx_word' id='word_1_89' title='bbox 654 630 714 657; x_wconf 80' lang='grc' dir='ltr'>οὐδὲ</span> <span class='ocrx_word' id='word_1_90' title='bbox 728 630 829 663; x_wconf 84' lang='grc' dir='ltr'>πόλεις,</span> <span class='ocrx_word' id='word_1_91' title='bbox 839 630 856 665; x_wconf 81' lang='grc' dir='ltr'>ἢ</span> 
     </span>
    </p>
   </div>
   <div class='ocr_carea' id='block_1_14' title="bbox 60 674 858 714">
    <p class='ocr_par' dir='ltr' id='par_1_14' title="bbox 60 674 858 714">
     <span class='ocr_line' id='line_1_14' title="bbox 60 674 858 714; baseline -0.003 -9"><span class='ocrx_word' id='word_1_92' title='bbox 60 679 173 714; x_wconf 85' lang='grc' dir='ltr'>κώμας,</span> <span class='ocrx_word' id='word_1_93' title='bbox 187 677 249 704; x_wconf 79' lang='grc' dir='ltr'>οὐδὲ</span> <span class='ocrx_word' id='word_1_94' title='bbox 261 676 384 712; x_wconf 80' lang='grc' dir='ltr'><strong>συνήθεις</strong></span> <span class='ocrx_word' id='word_1_95' title='bbox 404 675 562 711; x_wconf 81' lang='grc' dir='ltr'>ἀνθρώπους</span> <span class='ocrx_word' id='word_1_96' title='bbox 583 674 702 710; x_wconf 79' lang='grc' dir='ltr'><strong>εὐχερῶς</strong></span> <span class='ocrx_word' id='word_1_97' title='bbox 720 675 858 710; x_wconf 82' lang='grc' dir='ltr'>βούλονται</span> 
     </span>
    </p>
   </div>
   <div class='ocr_carea' id='block_1_15' title="bbox 61 719 858 759">
    <p class='ocr_par' dir='ltr' id='par_1_15' title="bbox 61 719 858 759">
     <span class='ocr_line' id='line_1_15' title="bbox 61 719 858 759; baseline -0.004 -8"><span class='ocrx_word' id='word_1_98' title='bbox 61 724 225 752; x_wconf 83' lang='grc' dir='ltr'>καταλιπεῖν</span> <span class='ocrx_word' id='word_1_99' title='bbox 236 724 259 749; x_wconf 76' lang='grc' dir='ltr'>οἱ</span> <span class='ocrx_word' id='word_1_100' title='bbox 273 722 471 759; x_wconf 73' lang='grc' dir='ltr'><strong>προληφθέντες</strong></span> <span class='ocrx_word' id='word_1_101' title='bbox 492 721 592 753; x_wconf 78' lang='grc' dir='ltr'>αὐτοῖς.</span> <span class='ocrx_word' id='word_1_102' title='bbox 607 720 687 747; x_wconf 82' lang='grc' dir='ltr'>Τοῦτ’</span> <span class='ocrx_word' id='word_1_103' title='bbox 705 719 752 748; x_wconf 84' lang='grc' dir='ltr'>οὖν</span> <span class='ocrx_word' id='word_1_104' title='bbox 772 721 858 748; x_wconf 79' lang='grc' dir='ltr'>αἴτιον</span> 
     </span>
    </p>
   </div>
   <div class='ocr_carea' id='block_1_16' title="bbox 60 766 858 804">
    <p class='ocr_par' dir='ltr' id='par_1_16' title="bbox 60 766 858 804">
     <span class='ocr_line' id='line_1_16' title="bbox 60 766 858 804; baseline -0.004 -8"><span class='ocrx_word' id='word_1_105' title='bbox 60 769 212 804; x_wconf 81' lang='grc' dir='ltr'>γεγένηται</span> <span class='ocrx_word' id='word_1_106' title='bbox 225 768 272 796; x_wconf 78' lang='grc' dir='ltr'>καὶ</span> <span class='ocrx_word' id='word_1_107' title='bbox 295 767 428 794; x_wconf 80' lang='grc' dir='ltr'>Ἰουδαίων</span> <span class='ocrx_word' id='word_1_108' title='bbox 447 766 554 798; x_wconf 85' lang='grc' dir='ltr'>πολλοῖς</span> <span class='ocrx_word' id='word_1_109' title='bbox 566 766 625 793; x_wconf 83' lang='grc' dir='ltr'>τότε</span> <span class='ocrx_word' id='word_1_110' title='bbox 639 766 686 793; x_wconf 78' lang='grc' dir='ltr'><strong>τοῦ</strong></span> <span class='ocrx_word' id='word_1_111' title='bbox 703 767 858 803; x_wconf 79' lang='grc' dir='ltr'>ἀντιϐλέψαι</span> 
     </span>
    </p>
   </div>
   <div class='ocr_carea' id='block_1_17' title="bbox 58 812 858 851">
    <p class='ocr_par' dir='ltr' id='par_1_17' title="bbox 58 812 858 851">
     <span class='ocr_line' id='line_1_17' title="bbox 58 812 858 851; baseline -0.006 -7"><span class='ocrx_word' id='word_1_112' title='bbox 58 818 124 849; x_wconf 76' lang='grc' dir='ltr'>ταῖς</span> <span class='ocrx_word' id='word_1_113' title='bbox 150 816 304 851; x_wconf 81' lang='grc' dir='ltr'>ὲναργείαις</span> <span class='ocrx_word' id='word_1_114' title='bbox 329 814 383 841; x_wconf 84' lang='grc' dir='ltr'><strong>τῶν</strong></span> <span class='ocrx_word' id='word_1_115' title='bbox 405 822 434 840; x_wconf 89' lang='grc' dir='ltr'><strong>τε</strong></span> <span class='ocrx_word' id='word_1_116' title='bbox 454 812 626 848; x_wconf 85' lang='grc' dir='ltr'>προφητειῶν</span> <span class='ocrx_word' id='word_1_117' title='bbox 645 814 691 840; x_wconf 76' lang='grc' dir='ltr'><strong>καὶ</strong></span> <span class='ocrx_word' id='word_1_118' title='bbox 713 813 765 840; x_wconf 84' lang='grc' dir='ltr'><strong>τῶν</strong></span> <span class='ocrx_word' id='word_1_119' title='bbox 778 822 858 849; x_wconf 83' lang='grc' dir='ltr'>τερα-</span> 
     </span>
    </p>
   </div>
   <div class='ocr_carea' id='block_1_18' title="bbox 61 860 859 897">
    <p class='ocr_par' dir='ltr' id='par_1_18' title="bbox 61 860 859 897">
     <span class='ocr_line' id='line_1_18' title="bbox 61 860 859 897; baseline -0.003 -6"><span class='ocrx_word' id='word_1_120' title='bbox 61 864 159 895; x_wconf 82' lang='grc' dir='ltr'>στῐων,</span> <span class='ocrx_word' id='word_1_121' title='bbox 173 860 210 890; x_wconf 85' lang='grc' dir='ltr'>ὦν</span> <span class='ocrx_word' id='word_1_122' title='bbox 224 861 333 896; x_wconf 71' lang='grc' dir='ltr'>εποίησε</span> <span class='ocrx_word' id='word_1_123' title='bbox 344 881 351 894; x_wconf 91' lang='grc'><strong>,</strong></span> <span class='ocrx_word' id='word_1_124' title='bbox 374 861 421 888; x_wconf 76' lang='grc' dir='ltr'>καὶ</span> <span class='ocrx_word' id='word_1_125' title='bbox 438 861 599 889; x_wconf 75' lang='grc' dir='ltr'>πεπονθέναι</span> <span class='ocrx_word' id='word_1_126' title='bbox 623 861 828 897; x_wconf 87' lang='grc' dir='ltr'>ἀναγέγραπται</span> <span class='ocrx_word' id='word_1_127' title='bbox 845 863 859 889; x_wconf 84' lang='grc' dir='ltr'>ὁ</span> 
     </span>
    </p>
   </div>
   <div class='ocr_carea' id='block_1_19' title="bbox 66 906 858 944">
    <p class='ocr_par' dir='ltr' id='par_1_19' title="bbox 66 906 858 944">
     <span class='ocr_line' id='line_1_19' title="bbox 66 906 858 944; baseline -0.003 -7"><span class='ocrx_word' id='word_1_128' title='bbox 66 908 186 944; x_wconf 80' lang='grc' dir='ltr'>Ἰησοῦς.</span> <span class='ocrx_word' id='word_1_129' title='bbox 206 909 266 935; x_wconf 80' lang='grc' dir='ltr'>Ὀτι</span> <span class='ocrx_word' id='word_1_130' title='bbox 285 907 313 934; x_wconf 76' lang='grc' dir='ltr'>δὲ</span> <span class='ocrx_word' id='word_1_131' title='bbox 330 907 448 934; x_wconf 75' lang='grc' dir='ltr'>τοιοῦτόν</span> <span class='ocrx_word' id='word_1_132' title='bbox 465 915 492 933; x_wconf 88' lang='grc' dir='ltr'><strong>τι</strong></span> <span class='ocrx_word' id='word_1_133' title='bbox 515 906 647 934; x_wconf 80' lang='grc' dir='ltr'>πέπονθεν</span> <span class='ocrx_word' id='word_1_134' title='bbox 663 909 679 943; x_wconf 93' lang='grc' dir='ltr'><strong>ή</strong></span> <span class='ocrx_word' id='word_1_135' title='bbox 702 907 858 944; x_wconf 76' lang='grc' dir='ltr'>ἀνθρωπίνη</span> 
     </span>
    </p>
   </div>
   <div class='ocr_carea' id='block_1_20' title="bbox 61 953 858 991">
    <p class='ocr_par' dir='ltr' id='par_1_20' title="bbox 61 953 858 991">
     <span class='ocr_line' id='line_1_20' title="bbox 61 953 858 991; baseline 0 -9"><span class='ocrx_word' id='word_1_136' title='bbox 61 955 148 990; x_wconf 82' lang='grc' dir='ltr'>φύσις</span> <span class='ocrx_word' id='word_1_137' title='bbox 159 954 237 989; x_wconf 82' lang='grc' dir='ltr'>δῆλον</span> <span class='ocrx_word' id='word_1_138' title='bbox 262 954 336 981; x_wconf 74' lang='grc' dir='ltr'>ἔσται</span> <span class='ocrx_word' id='word_1_139' title='bbox 348 955 405 985; x_wconf 79' lang='grc' dir='ltr'>τοῖς</span> <span class='ocrx_word' id='word_1_140' title='bbox 419 953 605 986; x_wconf 79' lang='grc' dir='ltr'>κατανοοῦσιν,</span> <span class='ocrx_word' id='word_1_141' title='bbox 613 955 653 981; x_wconf 80' lang='grc' dir='ltr'>ὃτι</span> <span class='ocrx_word' id='word_1_142' title='bbox 665 955 689 981; x_wconf 78' lang='grc' dir='ltr'>οξ</span> <span class='ocrx_word' id='word_1_143' title='bbox 702 954 775 987; x_wconf 80' lang='grc' dir='ltr'>ἅπαξ</span> <span class='ocrx_word' id='word_1_144' title='bbox 791 964 858 991; x_wconf 82' lang='grc' dir='ltr'>προ-</span> 
     </span>
    </p>
   </div>
   <div class='ocr_carea' id='block_1_21' title="bbox 60 999 856 1038">
    <p class='ocr_par' dir='ltr' id='par_1_21' title="bbox 60 999 856 1038">
     <span class='ocr_line' id='line_1_21' title="bbox 60 999 856 1038; baseline 0 -9"><span class='ocrx_word' id='word_1_145' title='bbox 60 1002 214 1038; x_wconf 73' lang='grc' dir='ltr'>ληφθέντες</span> <span class='ocrx_word' id='word_1_146' title='bbox 230 1001 276 1028; x_wconf 76' lang='grc' dir='ltr'><strong>καὶ</strong></span> <span class='ocrx_word' id='word_1_147' title='bbox 288 1001 316 1027; x_wconf 82' lang='grc' dir='ltr'>ὲν</span> <span class='ocrx_word' id='word_1_148' title='bbox 331 1000 482 1036; x_wconf 72' lang='grc' dir='ltr'>αἰσχίσταις</span> <span class='ocrx_word' id='word_1_149' title='bbox 495 999 541 1026; x_wconf 73' lang='grc' dir='ltr'>καὶ</span> <span class='ocrx_word' id='word_1_150' title='bbox 558 1000 675 1032; x_wconf 82' lang='grc' dir='ltr'>είκαίαις</span> <span class='ocrx_word' id='word_1_151' title='bbox 694 1001 748 1037; x_wconf 73' lang='lat'><strong>(52)</strong></span> <span class='ocrx_word' id='word_1_152' title='bbox 769 1011 856 1038; x_wconf 63' lang='grc' dir='ltr'>παραι</span> 
     </span>
    </p>
   </div>
   <div class='ocr_carea' id='block_1_22' title="bbox 60 1047 859 1087">
    <p class='ocr_par' dir='ltr' id='par_1_22' title="bbox 60 1047 859 1087">
     <span class='ocr_line' id='line_1_22' title="bbox 60 1047 859 1087; baseline 0.001 -12"><span class='ocrx_word' id='word_1_153' title='bbox 60 1048 154 1075; x_wconf 80' lang='grc' dir='ltr'>δόσεσι</span> <span class='ocrx_word' id='word_1_154' title='bbox 172 1047 297 1082; x_wconf 79' lang='grc' dir='ltr'>πατέρων</span> <span class='ocrx_word' id='word_1_155' title='bbox 310 1049 356 1076; x_wconf 73' lang='grc' dir='ltr'>καὶ</span> <span class='ocrx_word' id='word_1_156' title='bbox 373 1052 499 1084; x_wconf 82' lang='grc' dir='ltr'>πολιτῶν,</span> <span class='ocrx_word' id='word_1_157' title='bbox 512 1050 562 1078; x_wconf 75' lang='grc' dir='ltr'><strong>οὐκ</strong></span> <span class='ocrx_word' id='word_1_158' title='bbox 574 1050 693 1087; x_wconf 75' lang='grc' dir='ltr'>εὐχερῶς</span> <span class='ocrx_word' id='word_1_159' title='bbox 707 1050 859 1084; x_wconf 82' lang='grc' dir='ltr'>μετατίθεν-</span> 
     </span>
    </p>
   </div>
   <div class='ocr_carea' id='block_1_23' title="bbox 59 1094 859 1131">
    <p class='ocr_par' dir='ltr' id='par_1_23' title="bbox 59 1094 859 1131">
     <span class='ocr_line' id='line_1_23' title="bbox 59 1094 859 1131; baseline 0.003 -11"><span class='ocrx_word' id='word_1_160' title='bbox 59 1103 120 1121; x_wconf 84' lang='grc' dir='ltr'>ται.</span> <span class='ocrx_word' id='word_1_161' title='bbox 134 1095 171 1120; x_wconf 78' lang='grc' dir='ltr'>Οὐ</span> <span class='ocrx_word' id='word_1_162' title='bbox 183 1094 287 1130; x_wconf 82' lang='grc' dir='ltr'>ταχέως</span> <span class='ocrx_word' id='word_1_163' title='bbox 301 1096 365 1130; x_wconf 77' lang='grc' dir='ltr'>γοῦν</span> <span class='ocrx_word' id='word_1_164' title='bbox 388 1096 535 1131; x_wconf 79' lang='grc' dir='ltr'>Αίγύπτιον</span> <span class='ocrx_word' id='word_1_165' title='bbox 558 1097 650 1123; x_wconf 85' lang='grc' dir='ltr'>πείσαι</span> <span class='ocrx_word' id='word_1_166' title='bbox 665 1096 697 1124; x_wconf 83' lang='grc' dir='ltr'>ἄν</span> <span class='ocrx_word' id='word_1_167' title='bbox 714 1104 755 1127; x_wconf 88' lang='grc' dir='ltr'><strong>τις</strong></span> <span class='ocrx_word' id='word_1_168' title='bbox 777 1103 859 1122; x_wconf 86' lang='grc' dir='ltr'>κατα-</span> 
     </span>
    </p>
   </div>
   <div class='ocr_carea' id='block_1_24' title="bbox 61 1138 858 1179">
    <p class='ocr_par' dir='ltr' id='par_1_24' title="bbox 61 1138 858 1179">
     <span class='ocr_line' id='line_1_24' title="bbox 61 1138 858 1179; baseline 0.001 -13"><span class='ocrx_word' id='word_1_169' title='bbox 61 1140 199 1176; x_wconf 78' lang='grc' dir='ltr'>φρονῆσαι</span> <span class='ocrx_word' id='word_1_170' title='bbox 211 1138 248 1168; x_wconf 84' lang='grc' dir='ltr'><strong>ὦν</strong></span> <span class='ocrx_word' id='word_1_171' title='bbox 262 1143 294 1168; x_wconf 78' lang='grc' dir='ltr'>ἐκ</span> <span class='ocrx_word' id='word_1_172' title='bbox 310 1143 435 1177; x_wconf 83' lang='grc' dir='ltr'>πατέρων</span> <span class='ocrx_word' id='word_1_173' title='bbox 449 1144 624 1179; x_wconf 78' lang='grc' dir='ltr'>παρείληφεν,</span> <span class='ocrx_word' id='word_1_174' title='bbox 642 1142 711 1169; x_wconf 82' lang='grc' dir='ltr'>ὥστε</span> <span class='ocrx_word' id='word_1_175' title='bbox 729 1143 766 1178; x_wconf 86' lang='grc' dir='ltr'>μὴ</span> <span class='ocrx_word' id='word_1_176' title='bbox 782 1141 858 1177; x_wconf 86' lang='grc' dir='ltr'>νομί-</span> 
     </span>
    </p>
   </div>
   <div class='ocr_carea' id='block_1_25' title="bbox 62 1186 859 1226">
    <p class='ocr_par' dir='ltr' id='par_1_25' title="bbox 62 1186 859 1226">
     <span class='ocr_line' id='line_1_25' title="bbox 62 1186 859 1226; baseline 0.006 -15"><span class='ocrx_word' id='word_1_177' title='bbox 62 1186 166 1213; x_wconf 81' lang='grc' dir='ltr'>σασθαι</span> <span class='ocrx_word' id='word_1_178' title='bbox 181 1187 236 1222; x_wconf 81' lang='grc'>(55)</span> <span class='ocrx_word' id='word_1_179' title='bbox 253 1188 319 1215; x_wconf 84' lang='grc' dir='ltr'>Θεὸν</span> <span class='ocrx_word' id='word_1_180' title='bbox 335 1188 439 1216; x_wconf 76' lang='grc' dir='ltr'>τόδετὸ</span> <span class='ocrx_word' id='word_1_181' title='bbox 457 1191 553 1225; x_wconf 82' lang='grc' dir='ltr'>ἄλογον</span> <span class='ocrx_word' id='word_1_182' title='bbox 576 1191 654 1223; x_wconf 83' lang='grc' dir='ltr'>ζῶον,</span> <span class='ocrx_word' id='word_1_183' title='bbox 674 1191 690 1226; x_wconf 84' lang='grc' dir='ltr'><strong>ἢ</strong></span> <span class='ocrx_word' id='word_1_184' title='bbox 711 1190 791 1226; x_wconf 86' lang='grc' dir='ltr'>μέχρι</span> <span class='ocrx_word' id='word_1_185' title='bbox 811 1189 859 1217; x_wconf 86' lang='grc' dir='ltr'>θα-</span> 
     </span>
    </p>
   </div>
   <div class='ocr_carea' id='block_1_26' title="bbox 60 1233 859 1273">
    <p class='ocr_par' dir='ltr' id='par_1_26' title="bbox 60 1233 859 1273">
     <span class='ocr_line' id='line_1_26' title="bbox 60 1233 859 1273; baseline 0.006 -14"><span class='ocrx_word' id='word_1_186' title='bbox 60 1233 147 1260; x_wconf 76' lang='grc' dir='ltr'>νάτου</span> <span class='ocrx_word' id='word_1_187' title='bbox 165 1234 401 1269; x_wconf 65' lang='grc' dir='ltr'>φυλάξασθαιάπὸ</span> <span class='ocrx_word' id='word_1_188' title='bbox 416 1236 492 1264; x_wconf 80' lang='grc' dir='ltr'>τοῦδε</span> <span class='ocrx_word' id='word_1_189' title='bbox 505 1237 551 1263; x_wconf 76' lang='grc' dir='ltr'>τοῦ</span> <span class='ocrx_word' id='word_1_190' title='bbox 567 1237 635 1269; x_wconf 85' lang='grc' dir='ltr'>ζώου</span> <span class='ocrx_word' id='word_1_191' title='bbox 656 1237 744 1273; x_wconf 84' lang='grc' dir='ltr'>κρεῶν</span> <span class='ocrx_word' id='word_1_192' title='bbox 759 1236 859 1271; x_wconf 82' lang='grc' dir='ltr'>γεύσα-</span> 
     </span>
    </p>
   </div>
   <div class='ocr_carea' id='block_1_27' title="bbox 62 1280 861 1319">
    <p class='ocr_par' dir='ltr' id='par_1_27' title="bbox 62 1280 861 1319">
     <span class='ocr_line' id='line_1_27' title="bbox 62 1280 861 1319; baseline 0.006 -13"><span class='ocrx_word' id='word_1_193' title='bbox 62 1280 139 1307; x_wconf 85' lang='grc' dir='ltr'>σθαι.</span> <span class='ocrx_word' id='word_1_194' title='bbox 155 1281 186 1307; x_wconf 81' lang='grc' dir='ltr'><strong>Εἰ</strong></span> <span class='ocrx_word' id='word_1_195' title='bbox 201 1282 248 1308; x_wconf 76' lang='grc' dir='ltr'>καὶ</span> <span class='ocrx_word' id='word_1_196' title='bbox 261 1283 306 1309; x_wconf 76' lang='grc' dir='ltr'><strong>ἐπὶ</strong></span> <span class='ocrx_word' id='word_1_197' title='bbox 318 1283 408 1310; x_wconf 86' lang='grc' dir='ltr'>πλεῖον</span> <span class='ocrx_word' id='word_1_198' title='bbox 422 1281 468 1310; x_wconf 80' lang='grc' dir='ltr'><strong>οὖν</strong></span> <span class='ocrx_word' id='word_1_199' title='bbox 482 1285 527 1311; x_wconf 83' lang='grc' dir='ltr'>τὸν</span> <span class='ocrx_word' id='word_1_200' title='bbox 538 1285 657 1312; x_wconf 79' lang='grc' dir='ltr'>τοιοῦτον</span> <span class='ocrx_word' id='word_1_201' title='bbox 671 1285 748 1319; x_wconf 84' lang='grc' dir='ltr'>λόγον</span> <span class='ocrx_word' id='word_1_202' title='bbox 769 1284 861 1317; x_wconf 78' lang='grc' dir='ltr'>ἐξετά-</span> 
     </span>
    </p>
   </div>
   <div class='ocr_carea' id='block_1_28' title="bbox 62 1325 860 1366">
    <p class='ocr_par' dir='ltr' id='par_1_28' title="bbox 62 1325 860 1366">
     <span class='ocr_line' id='line_1_28' title="bbox 62 1325 860 1366; baseline 0.005 -14"><span class='ocrx_word' id='word_1_203' title='bbox 62 1325 160 1358; x_wconf 80' lang='grc' dir='ltr'>ζοντες</span> <span class='ocrx_word' id='word_1_204' title='bbox 173 1346 179 1358; x_wconf 90' lang='grc'><strong>,</strong></span> <span class='ocrx_word' id='word_1_205' title='bbox 193 1327 227 1354; x_wconf 81' lang='grc' dir='ltr'><strong>τὰ</strong></span> <span class='ocrx_word' id='word_1_206' title='bbox 238 1329 302 1364; x_wconf 83' lang='grc' dir='ltr'>περὶ</span> <span class='ocrx_word' id='word_1_207' title='bbox 318 1330 439 1365; x_wconf 81' lang='grc' dir='ltr'>Βηθλεὲμ</span> <span class='ocrx_word' id='word_1_208' title='bbox 451 1331 496 1357; x_wconf 81' lang='grc' dir='ltr'>καὶ</span> <span class='ocrx_word' id='word_1_209' title='bbox 509 1330 557 1365; x_wconf 81' lang='grc' dir='ltr'>τῆς</span> <span class='ocrx_word' id='word_1_210' title='bbox 575 1331 638 1366; x_wconf 80' lang='grc' dir='ltr'>περὶ</span> <span class='ocrx_word' id='word_1_211' title='bbox 651 1331 734 1366; x_wconf 83' lang='grc' dir='ltr'>αὐτῆς</span> <span class='ocrx_word' id='word_1_212' title='bbox 755 1339 860 1366; x_wconf 81' lang='grc' dir='ltr'>προφη-</span> 
     </span>
    </p>
   </div>
   <div class='ocr_carea' id='block_1_29' title="bbox 61 1373 863 1412">
    <p class='ocr_par' dir='ltr' id='par_1_29' title="bbox 61 1373 863 1412">
     <span class='ocr_line' id='line_1_29' title="bbox 61 1373 863 1412; baseline 0.007 -14"><span class='ocrx_word' id='word_1_213' title='bbox 61 1373 141 1404; x_wconf 83' lang='grc' dir='ltr'>τείας</span> <span class='ocrx_word' id='word_1_214' title='bbox 167 1374 409 1411; x_wconf 80' lang='grc' dir='ltr'>διεξεληλύθαμεν,</span> <span class='ocrx_word' id='word_1_215' title='bbox 437 1375 582 1412; x_wconf 74' lang='grc' dir='ltr'>νομίζομεν</span> <span class='ocrx_word' id='word_1_216' title='bbox 605 1377 760 1412; x_wconf 83' lang='grc' dir='ltr'>ἀναγκαίως</span> <span class='ocrx_word' id='word_1_217' title='bbox 785 1378 863 1404; x_wconf 81' lang='grc' dir='ltr'>τοῦτο</span> 
     </span>
    </p>
   </div>
   <div class='ocr_carea' id='block_1_30' title="bbox 62 1420 861 1460">
    <p class='ocr_par' dir='ltr' id='par_1_30' title="bbox 62 1420 861 1460">
     <span class='ocr_line' id='line_1_30' title="bbox 62 1420 861 1460; baseline 0.008 -15"><span class='ocrx_word' id='word_1_218' title='bbox 62 1420 259 1455; x_wconf 78' lang='grc' dir='ltr'>πεποιηκέναι,</span> <span class='ocrx_word' id='word_1_219' title='bbox 273 1423 485 1458; x_wconf 79' lang='grc' dir='ltr'>ἀπολογούμενοι</span> <span class='ocrx_word' id='word_1_220' title='bbox 499 1423 566 1458; x_wconf 84' lang='grc' dir='ltr'>πρὸς</span> <span class='ocrx_word' id='word_1_221' title='bbox 583 1424 645 1455; x_wconf 80' lang='grc' dir='ltr'>τοὺς</span> <span class='ocrx_word' id='word_1_222' title='bbox 664 1425 801 1460; x_wconf 81' lang='grc' dir='ltr'>φήσαντας</span> <span class='ocrx_word' id='word_1_223' title='bbox 818 1423 861 1456; x_wconf 86' lang='grc' dir='ltr'>ἂν,</span> 
     </span>
    </p>
   </div>
   <div class='ocr_carea' id='block_1_31' title="bbox 62 1465 863 1506">
    <p class='ocr_par' dir='ltr' id='par_1_31' title="bbox 62 1465 863 1506">
     <span class='ocr_line' id='line_1_31' title="bbox 62 1465 863 1506; baseline 0.007 -15"><span class='ocrx_word' id='word_1_224' title='bbox 62 1465 119 1498; x_wconf 81' lang='grc' dir='ltr'>ὅτι,</span> <span class='ocrx_word' id='word_1_225' title='bbox 133 1467 158 1492; x_wconf 81' lang='grc' dir='ltr'>εἰ</span> <span class='ocrx_word' id='word_1_226' title='bbox 171 1466 258 1499; x_wconf 84' lang='grc' dir='ltr'>οὕτως</span> <span class='ocrx_word' id='word_1_227' title='bbox 272 1469 395 1504; x_wconf 74' lang='grc' dir='ltr'>ἐναργεῖς</span> <span class='ocrx_word' id='word_1_228' title='bbox 412 1467 482 1504; x_wconf 87' lang='grc' dir='ltr'>ἦσαν</span> <span class='ocrx_word' id='word_1_229' title='bbox 495 1470 522 1496; x_wconf 81' lang='grc' dir='ltr'>αἱ</span> <span class='ocrx_word' id='word_1_230' title='bbox 536 1470 602 1505; x_wconf 76' lang='grc' dir='ltr'>περὶ</span> <span class='ocrx_word' id='word_1_231' title='bbox 616 1469 662 1496; x_wconf 83' lang='grc' dir='ltr'>τοῦ</span> <span class='ocrx_word' id='word_1_232' title='bbox 680 1470 765 1505; x_wconf 87' lang='grc' dir='ltr'>Ἰησοῦ</span> <span class='ocrx_word' id='word_1_233' title='bbox 789 1470 863 1506; x_wconf 86' lang='grc' dir='ltr'><strong>παρά</strong></span> 
     </span>
    </p>
   </div>
   <div class='ocr_carea' id='block_1_32' title="bbox 68 1511 862 1551">
    <p class='ocr_par' dir='ltr' id='par_1_32' title="bbox 68 1511 862 1551">
     <span class='ocr_line' id='line_1_32' title="bbox 68 1511 862 1551; baseline 0.008 -15"><span class='ocrx_word' id='word_1_234' title='bbox 68 1511 212 1543; x_wconf 82' lang='grc' dir='ltr'>Ἰουδαίοις</span> <span class='ocrx_word' id='word_1_235' title='bbox 235 1516 411 1548; x_wconf 73' lang='grc' dir='ltr'>προφητεῖαι,</span> <span class='ocrx_word' id='word_1_236' title='bbox 434 1515 459 1542; x_wconf 84' lang='grc' dir='ltr'><strong>τί</strong></span> <span class='ocrx_word' id='word_1_237' title='bbox 474 1516 573 1551; x_wconf 84' lang='grc' dir='ltr'>δήποτε</span> <span class='ocrx_word' id='word_1_238' title='bbox 592 1515 714 1547; x_wconf 82' lang='grc' dir='ltr'>ἐλθόντος</span> <span class='ocrx_word' id='word_1_239' title='bbox 734 1515 817 1542; x_wconf 77' lang='grc' dir='ltr'>αὑτοῦ</span> <span class='ocrx_word' id='word_1_240' title='bbox 833 1516 862 1542; x_wconf 85' lang='grc' dir='ltr'>οὺ</span> 
     </span>
    </p>
   </div>
   <div class='ocr_carea' id='block_1_33' title="bbox 63 1557 864 1597">
    <p class='ocr_par' dir='ltr' id='par_1_33' title="bbox 63 1557 864 1597">
     <span class='ocr_line' id='line_1_33' title="bbox 63 1557 864 1597; baseline 0.006 -14"><span class='ocrx_word' id='word_1_241' title='bbox 63 1557 268 1590; x_wconf 77' lang='grc' dir='ltr'>συγκατέθεντο</span> <span class='ocrx_word' id='word_1_242' title='bbox 287 1561 320 1595; x_wconf 85' lang='grc' dir='ltr'><strong>τῇ</strong></span> <span class='ocrx_word' id='word_1_243' title='bbox 343 1560 500 1596; x_wconf 63' lang='grc' dir='ltr'>διδασκαλίᾳ</span> <span class='ocrx_word' id='word_1_244' title='bbox 523 1560 605 1588; x_wconf 78' lang='grc' dir='ltr'>αὑτοῦ</span> <span class='ocrx_word' id='word_1_245' title='bbox 621 1581 627 1593; x_wconf 87' lang='grc'><strong>,</strong></span> <span class='ocrx_word' id='word_1_246' title='bbox 652 1562 698 1588; x_wconf 74' lang='grc' dir='ltr'>καὶ</span> <span class='ocrx_word' id='word_1_247' title='bbox 723 1561 864 1597; x_wconf 84' lang='grc' dir='ltr'>μετέθεντο</span> 
     </span>
    </p>
   </div>
   <div class='ocr_carea' id='block_1_34' title="bbox 62 1603 865 1644">
    <p class='ocr_par' dir='ltr' id='par_1_34' title="bbox 62 1603 865 1644">
     <span class='ocr_line' id='line_1_34' title="bbox 62 1603 865 1644; baseline 0.007 -15"><span class='ocrx_word' id='word_1_248' title='bbox 62 1603 115 1630; x_wconf 78' lang='grc' dir='ltr'><strong>ἐπὶ</strong></span> <span class='ocrx_word' id='word_1_249' title='bbox 136 1603 172 1630; x_wconf 76' lang='grc' dir='ltr'><strong>τὰ</strong></span> <span class='ocrx_word' id='word_1_250' title='bbox 197 1605 248 1631; x_wconf 81' lang='grc' dir='ltr'><strong>ὑπὸ</strong></span> <span class='ocrx_word' id='word_1_251' title='bbox 269 1605 315 1632; x_wconf 80' lang='grc' dir='ltr'>τοῦ</span> <span class='ocrx_word' id='word_1_252' title='bbox 337 1607 423 1641; x_wconf 76' lang='grc' dir='ltr'>Ἰησοῦ</span> <span class='ocrx_word' id='word_1_253' title='bbox 446 1608 608 1643; x_wconf 81' lang='grc' dir='ltr'>δεικνύμενα</span> <span class='ocrx_word' id='word_1_254' title='bbox 631 1609 790 1644; x_wconf 84' lang='grc' dir='ltr'>κρείττονα;</span> <span class='ocrx_word' id='word_1_255' title='bbox 816 1617 865 1643; x_wconf 92' lang='grc' dir='ltr'>μη-</span> 
     </span>
    </p>
   </div>
   <div class='ocr_carea' id='block_1_35' title="bbox 62 1649 863 1689">
    <p class='ocr_par' dir='ltr' id='par_1_35' title="bbox 62 1649 863 1689">
     <span class='ocr_line' id='line_1_35' title="bbox 62 1649 863 1689; baseline 0.004 -14"><span class='ocrx_word' id='word_1_256' title='bbox 62 1649 121 1681; x_wconf 76' lang='grc' dir='ltr'>δεὶς</span> <span class='ocrx_word' id='word_1_257' title='bbox 140 1649 164 1676; x_wconf 82' lang='grc' dir='ltr'>δ’</span> <span class='ocrx_word' id='word_1_258' title='bbox 183 1650 263 1686; x_wconf 83' lang='grc' dir='ltr'>ήμῶν</span> <span class='ocrx_word' id='word_1_259' title='bbox 286 1651 346 1688; x_wconf 64' lang='grc'><strong>¹(54)</strong></span> <span class='ocrx_word' id='word_1_260' title='bbox 370 1654 425 1684; x_wconf 83' lang='grc' dir='ltr'>τοῖς</span> <span class='ocrx_word' id='word_1_261' title='bbox 447 1653 603 1680; x_wconf 77' lang='grc' dir='ltr'>πιστεύουσι</span> <span class='ocrx_word' id='word_1_262' title='bbox 625 1654 655 1680; x_wconf 83' lang='grc' dir='ltr'>τὸ</span> <span class='ocrx_word' id='word_1_263' title='bbox 674 1653 863 1689; x_wconf 85' lang='grc' dir='ltr'>παραπλήσιον</span> 
     </span>
    </p>
   </div>
   <div class='ocr_carea' id='block_1_36' title="bbox 62 1691 897 1735">
    <p class='ocr_par' dir='ltr' id='par_1_36' title="bbox 62 1691 897 1735">
     <span class='ocr_line' id='line_1_36' title="bbox 62 1691 897 1735; baseline 0.007 -15"><span class='ocrx_word' id='word_1_264' title='bbox 62 1695 232 1729; x_wconf 76' lang='grc' dir='ltr'>όνειδιζέτω,</span> <span class='ocrx_word' id='word_1_265' title='bbox 244 1697 324 1732; x_wconf 70' lang='grc' dir='ltr'>όρῶν,</span> <span class='ocrx_word' id='word_1_266' title='bbox 338 1698 378 1724; x_wconf 81' lang='grc' dir='ltr'>ὅτι</span> <span class='ocrx_word' id='word_1_267' title='bbox 399 1699 448 1725; x_wconf 79' lang='grc' dir='ltr'>οὐκ</span> <span class='ocrx_word' id='word_1_268' title='bbox 468 1699 700 1735; x_wconf 81' lang='grc' dir='ltr'>εὐκαταφρόνητοι</span> <span class='ocrx_word' id='word_1_269' title='bbox 714 1699 786 1733; x_wconf 87' lang='grc' dir='ltr'>λόγοι</span> <span class='ocrx_word' id='word_1_270' title='bbox 811 1699 863 1725; x_wconf 78' lang='grc' dir='ltr'><strong>ὑπὸ</strong></span> <span class='ocrx_word' id='word_1_271' title='bbox 876 1691 897 1719; x_wconf 75' lang='lat' dir='ltr'>c</span> 
     </span>
    </p>
   </div>
   <div class='ocr_carea' id='block_1_37' title="bbox 61 1740 863 1782">
    <p class='ocr_par' dir='ltr' id='par_1_37' title="bbox 61 1740 863 1782">
     <span class='ocr_line' id='line_1_37' title="bbox 61 1740 863 1782; baseline 0.009 -16"><span class='ocrx_word' id='word_1_272' title='bbox 61 1740 121 1766; x_wconf 84' lang='grc' dir='ltr'><strong>τῶν</strong></span> <span class='ocrx_word' id='word_1_273' title='bbox 142 1742 340 1776; x_wconf 76' lang='grc' dir='ltr'>μεμαθηκότων</span> <span class='ocrx_word' id='word_1_274' title='bbox 358 1744 456 1776; x_wconf 73' lang='grc' dir='ltr'>αὐτοὺς</span> <span class='ocrx_word' id='word_1_275' title='bbox 480 1745 640 1780; x_wconf 75' lang='grc' dir='ltr'>πρεσϐεύειν</span> <span class='ocrx_word' id='word_1_276' title='bbox 658 1746 784 1781; x_wconf 82' lang='grc' dir='ltr'>φέρονται</span> <span class='ocrx_word' id='word_1_277' title='bbox 800 1747 863 1782; x_wconf 81' lang='grc' dir='ltr'>περὶ</span> 
     </span>
    </p>
   </div>
   <div class='ocr_carea' id='block_1_38' title="bbox 61 1787 497 1824">
    <p class='ocr_par' dir='ltr' id='par_1_38' title="bbox 61 1787 497 1824">
     <span class='ocr_line' id='line_1_38' title="bbox 61 1787 497 1824; baseline 0.011 -12"><span class='ocrx_word' id='word_1_278' title='bbox 61 1787 118 1823; x_wconf 79' lang='grc' dir='ltr'>τῆς</span> <span class='ocrx_word' id='word_1_279' title='bbox 131 1788 173 1819; x_wconf 88' lang='grc' dir='ltr'><strong>εἰς</strong></span> <span class='ocrx_word' id='word_1_280' title='bbox 185 1788 230 1814; x_wconf 84' lang='grc' dir='ltr'><strong>τὸν</strong></span> <span class='ocrx_word' id='word_1_281' title='bbox 250 1788 354 1824; x_wconf 79' lang='grc' dir='ltr'><strong>Ἰησοῦν</strong></span> <span class='ocrx_word' id='word_1_282' title='bbox 370 1790 497 1822; x_wconf 83' lang='grc' dir='ltr'>πίστεως.</span> 
     </span>
    </p>
   </div>
   <div class='ocr_carea' id='block_1_39' title="bbox 102 1843 864 1884">
    <p class='ocr_par' dir='ltr' id='par_1_39' title="bbox 102 1843 864 1884">
     <span class='ocr_line' id='line_1_39' title="bbox 102 1843 864 1884; baseline 0.007 -14"><span class='ocrx_word' id='word_1_283' title='bbox 102 1844 136 1870; x_wconf 82' lang='grc' dir='ltr'><strong>Εἰ</strong></span> <span class='ocrx_word' id='word_1_284' title='bbox 149 1843 178 1869; x_wconf 80' lang='grc' dir='ltr'>δὲ</span> <span class='ocrx_word' id='word_1_285' title='bbox 194 1845 241 1871; x_wconf 72' lang='grc' dir='ltr'>καὶ</span> <span class='ocrx_word' id='word_1_286' title='bbox 256 1844 384 1880; x_wconf 83' lang='grc' dir='ltr'>δευτέρας</span> <span class='ocrx_word' id='word_1_287' title='bbox 401 1847 566 1882; x_wconf 80' lang='grc' dir='ltr'>προφητείας</span> <span class='ocrx_word' id='word_1_288' title='bbox 579 1847 710 1884; x_wconf 72' lang='grc' dir='ltr'>ἐναργοῦς</span> <span class='ocrx_word' id='word_1_289' title='bbox 720 1849 784 1883; x_wconf 77' lang='grc' dir='ltr'>ἡμῖν</span> <span class='ocrx_word' id='word_1_290' title='bbox 795 1846 864 1875; x_wconf 83' lang='grc' dir='ltr'>εῖναι</span> 
     </span>
    </p>
   </div>
   <div class='ocr_carea' id='block_1_40' title="bbox 63 1889 865 1929">
    <p class='ocr_par' dir='ltr' id='par_1_40' title="bbox 63 1889 865 1929">
     <span class='ocr_line' id='line_1_40' title="bbox 63 1889 865 1929; baseline 0.005 -13"><span class='ocrx_word' id='word_1_291' title='bbox 63 1889 236 1924; x_wconf 79' lang='grc' dir='ltr'>φαινομένης</span> <span class='ocrx_word' id='word_1_292' title='bbox 250 1891 313 1925; x_wconf 73' lang='grc' dir='ltr'>περὶ</span> <span class='ocrx_word' id='word_1_293' title='bbox 326 1890 372 1917; x_wconf 75' lang='grc' dir='ltr'>τοῦ</span> <span class='ocrx_word' id='word_1_294' title='bbox 396 1892 481 1926; x_wconf 88' lang='grc' dir='ltr'>Ἰησοῦ</span> <span class='ocrx_word' id='word_1_295' title='bbox 496 1893 575 1927; x_wconf 85' lang='grc' dir='ltr'>χρεία</span> <span class='ocrx_word' id='word_1_296' title='bbox 591 1893 675 1924; x_wconf 77' lang='grc' dir='ltr'>ἐστὶν,</span> <span class='ocrx_word' id='word_1_297' title='bbox 692 1893 865 1929; x_wconf 77' lang='grc' dir='ltr'>ἐκθησόμεθα</span> 
     </span>
    </p>
   </div>
   <div class='ocr_carea' id='block_1_41' title="bbox 62 1935 866 1975">
    <p class='ocr_par' dir='ltr' id='par_1_41' title="bbox 62 1935 866 1975">
     <span class='ocr_line' id='line_1_41' title="bbox 62 1935 866 1975; baseline 0.006 -14"><span class='ocrx_word' id='word_1_298' title='bbox 62 1935 118 1970; x_wconf 85' lang='grc' dir='ltr'>τὴν</span> <span class='ocrx_word' id='word_1_299' title='bbox 130 1935 335 1970; x_wconf 70' lang='grc' dir='ltr'>ἀναγραφεῖσαν</span> <span class='ocrx_word' id='word_1_300' title='bbox 352 1936 406 1972; x_wconf 70' lang='grc' dir='ltr'>πρὸ</span> <span class='ocrx_word' id='word_1_301' title='bbox 419 1937 553 1965; x_wconf 80' lang='grc' dir='ltr'>πλείστων</span> <span class='ocrx_word' id='word_1_302' title='bbox 569 1939 639 1966; x_wconf 83' lang='grc' dir='ltr'>ὅσων</span> <span class='ocrx_word' id='word_1_303' title='bbox 655 1939 724 1965; x_wconf 78' lang='grc' dir='ltr'>ἐτῶν</span> <span class='ocrx_word' id='word_1_304' title='bbox 737 1940 787 1974; x_wconf 84' lang='grc' dir='ltr'>τῆς</span> <span class='ocrx_word' id='word_1_305' title='bbox 814 1940 866 1975; x_wconf 85' lang='grc' dir='ltr'>Ἰη-</span> 
     </span>
    </p>
   </div>
   <div class='ocr_carea' id='block_1_42' title="bbox 64 1980 864 2019">
    <p class='ocr_par' dir='ltr' id='par_1_42' title="bbox 64 1980 864 2019">
     <span class='ocr_line' id='line_1_42' title="bbox 64 1980 864 2019; baseline 0.006 -12"><span class='ocrx_word' id='word_1_306' title='bbox 64 1980 115 2008; x_wconf 74' lang='grc' dir='ltr'>σοῦ</span> <span class='ocrx_word' id='word_1_307' title='bbox 135 1981 284 2017; x_wconf 75' lang='grc' dir='ltr'>ἐπιδημίας</span> <span class='ocrx_word' id='word_1_308' title='bbox 301 1982 352 2008; x_wconf 78' lang='grc' dir='ltr'><strong>ὑπὸ</strong></span> <span class='ocrx_word' id='word_1_309' title='bbox 374 1983 527 2016; x_wconf 83' lang='grc' dir='ltr'>Μωῡσέως,</span> <span class='ocrx_word' id='word_1_310' title='bbox 541 1984 674 2019; x_wconf 82' lang='grc' dir='ltr'>φήσαντος</span> <span class='ocrx_word' id='word_1_311' title='bbox 693 1985 740 2012; x_wconf 79' lang='grc' dir='ltr'>τὸν</span> <span class='ocrx_word' id='word_1_312' title='bbox 757 1985 864 2017; x_wconf 79' lang='grc' dir='ltr'>Ἰακὼϐ,</span> 
     </span>
    </p>
   </div>
   <div class='ocr_carea' id='block_1_43' title="bbox 63 2024 866 2066">
    <p class='ocr_par' dir='ltr' id='par_1_43' title="bbox 63 2024 866 2066">
     <span class='ocr_line' id='line_1_43' title="bbox 63 2024 866 2066; baseline 0.006 -14"><span class='ocrx_word' id='word_1_313' title='bbox 63 2024 310 2062; x_wconf 84' lang='grc' dir='ltr'>ἁπαλλασσόμενον</span> <span class='ocrx_word' id='word_1_314' title='bbox 324 2027 370 2054; x_wconf 80' lang='grc' dir='ltr'>τοῦ</span> <span class='ocrx_word' id='word_1_315' title='bbox 388 2028 456 2062; x_wconf 85' lang='grc' dir='ltr'>βίου,</span> <span class='ocrx_word' id='word_1_316' title='bbox 478 2030 734 2065; x_wconf 84' lang='grc' dir='ltr'>πεπροφητευκέναι</span> <span class='ocrx_word' id='word_1_317' title='bbox 759 2031 866 2066; x_wconf 74' lang='grc' dir='ltr'>ἑκάστῳ</span> 
     </span>
    </p>
   </div>
   <div class='ocr_carea' id='block_1_44' title="bbox 62 2071 866 2110">
    <p class='ocr_par' dir='ltr' id='par_1_44' title="bbox 62 2071 866 2110">
     <span class='ocr_line' id='line_1_44' title="bbox 62 2071 866 2110; baseline 0.009 -13"><span class='ocrx_word' id='word_1_318' title='bbox 62 2072 125 2098; x_wconf 78' lang='grc' dir='ltr'><strong>τῶν</strong></span> <span class='ocrx_word' id='word_1_319' title='bbox 139 2071 218 2104; x_wconf 84' lang='grc' dir='ltr'>υἱῶν,</span> <span class='ocrx_word' id='word_1_320' title='bbox 244 2072 343 2108; x_wconf 78' lang='grc' dir='ltr'>καὶτῷ</span> <span class='ocrx_word' id='word_1_321' title='bbox 364 2074 448 2109; x_wconf 67' lang='grc' dir='ltr'>Ἰούδᾳ.</span> <span class='ocrx_word' id='word_1_322' title='bbox 471 2075 610 2110; x_wconf 78' lang='grc' dir='ltr'>εἰρηκέναι</span> <span class='ocrx_word' id='word_1_323' title='bbox 626 2075 695 2110; x_wconf 85' lang='grc' dir='ltr'>μετὰ</span> <span class='ocrx_word' id='word_1_324' title='bbox 714 2076 760 2102; x_wconf 72' lang='grc' dir='ltr'><strong>καὶ</strong></span> <span class='ocrx_word' id='word_1_325' title='bbox 780 2076 866 2104; x_wconf 85' lang='grc' dir='ltr'>ἀλλων</span> 
     </span>
    </p>
   </div>
   <div class='ocr_carea' id='block_1_45' title="bbox 63 2118 867 2157">
    <p class='ocr_par' dir='ltr' id='par_1_45' title="bbox 63 2118 867 2157">
     <span class='ocr_line' id='line_1_45' title="bbox 63 2118 867 2157; baseline 0.006 -14"><span class='ocrx_word' id='word_1_326' title='bbox 63 2118 117 2144; x_wconf 68' lang='grc' dir='ltr'><strong>τόν</strong></span> <span class='ocrx_word' id='word_1_327' title='bbox 133 2127 143 2143; x_wconf 77' lang='grc' dir='ltr'>ί</span> <span class='ocrx_word' id='word_1_328' title='bbox 162 2119 220 2144; x_wconf 81' lang='grc' dir='ltr'><strong>Οὐκ</strong></span> <span class='ocrx_word' id='word_1_329' title='bbox 242 2118 360 2153; x_wconf 72' lang='grc' dir='ltr'>ἐκλείψει</span> <span class='ocrx_word' id='word_1_330' title='bbox 386 2120 477 2155; x_wconf 83' lang='grc' dir='ltr'>ἄρχων</span> <span class='ocrx_word' id='word_1_331' title='bbox 503 2120 532 2152; x_wconf 72' lang='grc' dir='ltr'><strong>ἐξ</strong></span> <span class='ocrx_word' id='word_1_332' title='bbox 552 2120 634 2147; x_wconf 80' lang='grc' dir='ltr'>Ἰούδα</span> <span class='ocrx_word' id='word_1_333' title='bbox 647 2141 654 2154; x_wconf 86' lang='grc'><strong>,</strong></span> <span class='ocrx_word' id='word_1_334' title='bbox 675 2121 721 2148; x_wconf 77' lang='grc' dir='ltr'>καὶ</span> <span class='ocrx_word' id='word_1_335' title='bbox 748 2121 867 2157; x_wconf 83' lang='grc' dir='ltr'>ἡγούμε-</span> 
     </span>
    </p>
   </div>
   <div class='ocr_carea' id='block_1_46' title="bbox 63 2159 866 2202">
    <p class='ocr_par' dir='ltr' id='par_1_46' title="bbox 63 2159 866 2202">
     <span class='ocr_line' id='line_1_46' title="bbox 63 2159 866 2202; baseline 0.005 -14"><span class='ocrx_word' id='word_1_336' title='bbox 63 2171 113 2194; x_wconf 80' lang='grc' dir='ltr'><strong>νος</strong></span> <span class='ocrx_word' id='word_1_337' title='bbox 126 2163 160 2189; x_wconf 83' lang='grc' dir='ltr'>ὲκ</span> <span class='ocrx_word' id='word_1_338' title='bbox 171 2159 226 2188; x_wconf 82' lang='grc' dir='ltr'><strong>τῶν</strong></span> <span class='ocrx_word' id='word_1_339' title='bbox 243 2163 338 2199; x_wconf 79' lang='grc' dir='ltr'>μηρῶν</span> <span class='ocrx_word' id='word_1_340' title='bbox 350 2164 441 2195; x_wconf 80' lang='grc' dir='ltr'>αὑτοῦ,</span> <span class='ocrx_word' id='word_1_341' title='bbox 456 2165 508 2196; x_wconf 74' lang='grc' dir='ltr'>ἕως</span> <span class='ocrx_word' id='word_1_342' title='bbox 522 2165 554 2191; x_wconf 87' lang='grc' dir='ltr'>ἂν</span> <span class='ocrx_word' id='word_1_343' title='bbox 570 2165 633 2202; x_wconf 78' lang='grc' dir='ltr'>έλθῃ</span> <span class='ocrx_word' id='word_1_344' title='bbox 652 2166 686 2192; x_wconf 86' lang='grc' dir='ltr'><strong>τὰ</strong></span> <span class='ocrx_word' id='word_1_345' title='bbox 699 2166 866 2202; x_wconf 83' lang='grc' dir='ltr'>ἀποκείμενα</span> 
     </span>
    </p>
   </div>
   <div class='ocr_carea' id='block_1_47' title="bbox 64 2207 865 2249">
    <p class='ocr_par' dir='ltr' id='par_1_47' title="bbox 64 2207 865 2249">
     <span class='ocr_line' id='line_1_47' title="bbox 64 2207 865 2249; baseline 0.005 -14"><span class='ocrx_word' id='word_1_346' title='bbox 64 2207 145 2242; x_wconf 74' lang='grc' dir='ltr'>αὐτῷ</span> <span class='ocrx_word' id='word_1_347' title='bbox 164 2208 231 2243; x_wconf 75' lang='grc'>(55).</span> <span class='ocrx_word' id='word_1_348' title='bbox 249 2219 258 2234; x_wconf 74' lang='grc' dir='ltr'><strong>ι</strong></span> <span class='ocrx_word' id='word_1_349' title='bbox 278 2209 461 2245; x_wconf 84' lang='grc' dir='ltr'>Ἐντυγχάνων</span> <span class='ocrx_word' id='word_1_350' title='bbox 474 2211 501 2237; x_wconf 88' lang='grc' dir='ltr'><strong>δέ</strong></span> <span class='ocrx_word' id='word_1_351' title='bbox 511 2219 552 2242; x_wconf 82' lang='grc' dir='ltr'><strong>τις</strong></span> <span class='ocrx_word' id='word_1_352' title='bbox 563 2213 594 2246; x_wconf 86' lang='grc' dir='ltr'><strong>τῇ</strong></span> <span class='ocrx_word' id='word_1_353' title='bbox 607 2212 759 2247; x_wconf 81' lang='grc' dir='ltr'>προφητείᾳ</span> <span class='ocrx_word' id='word_1_354' title='bbox 769 2211 865 2249; x_wconf 85' lang='grc' dir='ltr'>ταύτῃ,</span> 
     </span>
    </p>
   </div>
   <div class='ocr_carea' id='block_1_48' title="bbox 63 2253 867 2294">
    <p class='ocr_par' dir='ltr' id='par_1_48' title="bbox 63 2253 867 2294">
     <span class='ocr_line' id='line_1_48' title="bbox 63 2253 867 2294; baseline 0.005 -14"><span class='ocrx_word' id='word_1_355' title='bbox 63 2253 142 2280; x_wconf 85' lang='grc' dir='ltr'><strong>κατά</strong></span> <span class='ocrx_word' id='word_1_356' title='bbox 168 2254 217 2288; x_wconf 78' lang='grc' dir='ltr'>μὲν</span> <span class='ocrx_word' id='word_1_357' title='bbox 231 2254 261 2280; x_wconf 80' lang='grc' dir='ltr'>τὸ</span> <span class='ocrx_word' id='word_1_358' title='bbox 273 2254 372 2290; x_wconf 84' lang='grc' dir='ltr'>ἀληθὲς</span> <span class='ocrx_word' id='word_1_359' title='bbox 390 2255 480 2290; x_wconf 84' lang='grc' dir='ltr'>πολλῷ</span> <span class='ocrx_word' id='word_1_360' title='bbox 500 2256 670 2292; x_wconf 76' lang='grc' dir='ltr'>πρεσϐυτέρᾳ</span> <span class='ocrx_word' id='word_1_361' title='bbox 698 2257 867 2294; x_wconf 77' lang='grc' dir='ltr'>τυγχανούσῃ</span> 
     </span>
    </p>
   </div>
   <div class='ocr_carea' id='block_1_49' title="bbox 64 2299 865 2336">
    <p class='ocr_par' dir='ltr' id='par_1_49' title="bbox 64 2299 865 2336">
     <span class='ocr_line' id='line_1_49' title="bbox 64 2299 865 2336; baseline 0.006 -11"><span class='ocrx_word' id='word_1_362' title='bbox 64 2299 232 2331; x_wconf 74' lang='grc' dir='ltr'>Μωῦσέως,</span> <span class='ocrx_word' id='word_1_363' title='bbox 252 2300 289 2332; x_wconf 86' lang='grc' dir='ltr'><strong>ὡς</strong></span> <span class='ocrx_word' id='word_1_364' title='bbox 311 2300 333 2326; x_wconf 81' lang='grc' dir='ltr'>δ’</span> <span class='ocrx_word' id='word_1_365' title='bbox 356 2301 388 2328; x_wconf 84' lang='grc' dir='ltr'>ἂν</span> <span class='ocrx_word' id='word_1_366' title='bbox 410 2302 555 2336; x_wconf 82' lang='grc' dir='ltr'>ὑπονοῆσαι</span> <span class='ocrx_word' id='word_1_367' title='bbox 576 2311 617 2334; x_wconf 89' lang='grc' dir='ltr'><strong>τις</strong></span> <span class='ocrx_word' id='word_1_368' title='bbox 632 2302 686 2329; x_wconf 85' lang='grc' dir='ltr'><strong>τῶν</strong></span> <span class='ocrx_word' id='word_1_369' title='bbox 699 2303 728 2329; x_wconf 83' lang='grc' dir='ltr'>οὐ</span> <span class='ocrx_word' id='word_1_370' title='bbox 752 2302 865 2335; x_wconf 86' lang='grc' dir='ltr'>πιστῶν,</span> 
     </span>
    </p>
   </div>
   <div class='ocr_carea' id='block_1_50' title="bbox 945 291 1695 333">
    <p class='ocr_par' dir='ltr' id='par_1_50' title="bbox 945 291 1695 333">
     <span class='ocr_line' id='line_1_50' title="bbox 945 291 1695 333; baseline -0.015 -5"><span class='ocrx_word' id='word_1_371' title='bbox 945 301 990 329; x_wconf 67' lang='grc' dir='ltr'><strong>δε.</strong></span> <span class='ocrx_word' id='word_1_372' title='bbox 1007 298 1111 333; x_wconf 85' lang='lat' dir='ltr'><strong>Quippe</strong></span> <span class='ocrx_word' id='word_1_373' title='bbox 1126 297 1199 324; x_wconf 87' lang='lat' dir='ltr'><strong>hanc</strong></span> <span class='ocrx_word' id='word_1_374' title='bbox 1213 295 1269 323; x_wconf 89' lang='lat' dir='ltr'><strong>vim</strong></span> <span class='ocrx_word' id='word_1_375' title='bbox 1282 294 1382 322; x_wconf 87' lang='lat' dir='ltr'><strong>habent</strong></span> <span class='ocrx_word' id='word_1_376' title='bbox 1409 291 1591 321; x_wconf 73' lang='lat' dir='ltr'><strong>contentionis</strong></span> <span class='ocrx_word' id='word_1_377' title='bbox 1617 298 1695 318; x_wconf 82' lang='lat' dir='ltr'><strong>amor</strong></span> 
     </span>
    </p>
   </div>
   <div class='ocr_carea' id='block_1_51' title="bbox 909 337 1696 384">
    <p class='ocr_par' dir='ltr' id='par_1_51' title="bbox 909 337 1696 384">
     <span class='ocr_line' id='line_1_51' title="bbox 909 337 1696 384; baseline -0.014 -8"><span class='ocrx_word' id='word_1_378' title='bbox 909 354 937 378; x_wconf 81' lang='lat' dir='ltr'><strong>et</strong></span> <span class='ocrx_word' id='word_1_379' title='bbox 949 351 1133 384; x_wconf 72' lang='lat' dir='ltr'><strong>praeconcepta</strong></span> <span class='ocrx_word' id='word_1_380' title='bbox 1165 342 1267 378; x_wconf 92' lang='lat' dir='ltr'><strong>opinio,</strong></span> <span class='ocrx_word' id='word_1_381' title='bbox 1292 345 1337 374; x_wconf 91' lang='lat' dir='ltr'><strong>ut,</strong></span> <span class='ocrx_word' id='word_1_382' title='bbox 1360 340 1404 375; x_wconf 93' lang='lat' dir='ltr'><strong>qui</strong></span> <span class='ocrx_word' id='word_1_383' title='bbox 1425 340 1458 368; x_wconf 85' lang='lat' dir='ltr'><strong>iis</strong></span> <span class='ocrx_word' id='word_1_384' title='bbox 1481 338 1583 368; x_wconf 85' lang='lat' dir='ltr'><strong>assueti</strong></span> <span class='ocrx_word' id='word_1_385' title='bbox 1611 337 1696 373; x_wconf 74' lang='lat'><strong>368</strong></span> 
     </span>
    </p>
   </div>
   <div class='ocr_carea' id='block_1_52' title="bbox 907 383 1693 427">
    <p class='ocr_par' dir='ltr' id='par_1_52' title="bbox 907 383 1693 427">
     <span class='ocr_line' id='line_1_52' title="bbox 907 383 1693 427; baseline -0.017 -4"><span class='ocrx_word' id='word_1_386' title='bbox 907 383 984 427; x_wconf 83' lang='lat' dir='ltr'><strong>sunt,</strong></span> <span class='ocrx_word' id='word_1_387' title='bbox 998 393 1016 420; x_wconf 91' lang='lat' dir='ltr'><strong>ii</strong></span> <span class='ocrx_word' id='word_1_388' title='bbox 1033 391 1116 420; x_wconf 81' lang='lat' dir='ltr'><strong>rebus</strong></span> <span class='ocrx_word' id='word_1_389' title='bbox 1131 388 1212 417; x_wconf 84' lang='lat' dir='ltr'><strong>etiam</strong></span> <span class='ocrx_word' id='word_1_390' title='bbox 1229 387 1383 422; x_wconf 87' lang='lat' dir='ltr'><strong>perspicuis</strong></span> <span class='ocrx_word' id='word_1_391' title='bbox 1399 385 1569 420; x_wconf 70' lang='lat' dir='ltr'><strong>refl-agentur</strong></span> <span class='ocrx_word' id='word_1_392' title='bbox 1592 383 1693 419; x_wconf 90' lang='lat' dir='ltr'><strong>potius,</strong></span> 
     </span>
    </p>
   </div>
   <div class='ocr_carea' id='block_1_53' title="bbox 907 432 1695 478">
    <p class='ocr_par' dir='ltr' id='par_1_53' title="bbox 907 432 1695 478">
     <span class='ocr_line' id='line_1_53' title="bbox 907 432 1695 478; baseline -0.014 -9"><span class='ocrx_word' id='word_1_393' title='bbox 907 448 988 478; x_wconf 69' lang='lat' dir='ltr'><strong>quam</strong></span> <span class='ocrx_word' id='word_1_394' title='bbox 1004 438 1145 474; x_wconf 80' lang='lat' dir='ltr'><strong>opiniones</strong></span> <span class='ocrx_word' id='word_1_395' title='bbox 1161 439 1265 470; x_wconf 86' lang='lat' dir='ltr'><strong>ponant</strong></span> <span class='ocrx_word' id='word_1_396' title='bbox 1292 434 1391 469; x_wconf 85' lang='lat' dir='ltr'><strong>quibus</strong></span> <span class='ocrx_word' id='word_1_397' title='bbox 1407 440 1501 460; x_wconf 90' lang='lat' dir='ltr'><strong>eorum</strong></span> <span class='ocrx_word' id='word_1_398' title='bbox 1529 432 1620 460; x_wconf 85' lang='lat' dir='ltr'><strong>anima</strong></span> <span class='ocrx_word' id='word_1_399' title='bbox 1643 432 1695 459; x_wconf 92' lang='lat' dir='ltr'><strong>im-</strong></span> 
     </span>
    </p>
   </div>
   <div class='ocr_carea' id='block_1_54' title="bbox 907 479 1693 515">
    <p class='ocr_par' dir='ltr' id='par_1_54' title="bbox 907 479 1693 515">
     <span class='ocr_line' id='line_1_54' title="bbox 907 479 1693 515; baseline -0.014 0"><span class='ocrx_word' id='word_1_400' title='bbox 907 489 971 515; x_wconf 90' lang='lat' dir='ltr'><strong>buta</strong></span> <span class='ocrx_word' id='word_1_401' title='bbox 988 489 1041 513; x_wconf 87' lang='lat' dir='ltr'><strong>est.</strong></span> <span class='ocrx_word' id='word_1_402' title='bbox 1056 484 1095 511; x_wconf 82' lang='lat' dir='ltr'><strong>Ac</strong></span> <span class='ocrx_word' id='word_1_403' title='bbox 1110 481 1193 510; x_wconf 91' lang='lat' dir='ltr'><strong>multo</strong></span> <span class='ocrx_word' id='word_1_404' title='bbox 1206 479 1313 508; x_wconf 79' lang='lat' dir='ltr'><strong>facilius</strong></span> <span class='ocrx_word' id='word_1_405' title='bbox 1328 479 1361 507; x_wconf 90' lang='lat' dir='ltr'><strong>de</strong></span> <span class='ocrx_word' id='word_1_406' title='bbox 1373 479 1434 506; x_wconf 87' lang='lat' dir='ltr'><strong>aliis</strong></span> <span class='ocrx_word' id='word_1_407' title='bbox 1450 479 1532 506; x_wconf 83' lang='lat' dir='ltr'><strong>rebus</strong></span> <span class='ocrx_word' id='word_1_408' title='bbox 1546 482 1693 505; x_wconf 90' lang='lat' dir='ltr'><strong>consuetu-</strong></span> 
     </span>
    </p>
   </div>
   <div class='ocr_carea' id='block_1_55' title="bbox 907 522 1698 565">
    <p class='ocr_par' dir='ltr' id='par_1_55' title="bbox 907 522 1698 565">
     <span class='ocr_line' id='line_1_55' title="bbox 907 522 1698 565; baseline -0.016 -4"><span class='ocrx_word' id='word_1_409' title='bbox 907 523 1150 565; x_wconf 14' lang='lat' dir='ltr'><strong>dineslreliquerit</strong></span> <span class='ocrx_word' id='word_1_410' title='bbox 1168 526 1318 562; x_wconf 87' lang='lat' dir='ltr'><strong>quispiam,</strong></span> <span class='ocrx_word' id='word_1_411' title='bbox 1342 524 1467 560; x_wconf 83' lang='lat' dir='ltr'><strong>quamvis</strong></span> <span class='ocrx_word' id='word_1_412' title='bbox 1489 524 1523 551; x_wconf 86' lang='lat' dir='ltr'><strong>ab</strong></span> <span class='ocrx_word' id='word_1_413' title='bbox 1551 523 1605 550; x_wconf 91' lang='lat' dir='ltr'><strong>illis</strong></span> <span class='ocrx_word' id='word_1_414' title='bbox 1624 522 1698 550; x_wconf 85' lang='lat' dir='ltr'><strong>difﬁ-</strong></span> 
     </span>
    </p>
   </div>
   <div class='ocr_carea' id='block_1_56' title="bbox 907 569 1697 608">
    <p class='ocr_par' dir='ltr' id='par_1_56' title="bbox 907 569 1697 608">
     <span class='ocr_line' id='line_1_56' title="bbox 907 569 1697 608; baseline -0.016 -1"><span class='ocrx_word' id='word_1_415' title='bbox 907 579 960 608; x_wconf 87' lang='lat' dir='ltr'><strong>cile</strong></span> <span class='ocrx_word' id='word_1_416' title='bbox 984 576 1129 605; x_wconf 82' lang='lat' dir='ltr'><strong>admodum</strong></span> <span class='ocrx_word' id='word_1_417' title='bbox 1153 572 1296 604; x_wconf 87' lang='lat' dir='ltr'><strong>avellatur,</strong></span> <span class='ocrx_word' id='word_1_418' title='bbox 1326 577 1406 605; x_wconf 88' lang='lat' dir='ltr'><strong>quam</strong></span> <span class='ocrx_word' id='word_1_419' title='bbox 1434 576 1493 603; x_wconf 73' lang='lat' dir='ltr'><strong>quat</strong></span> <span class='ocrx_word' id='word_1_420' title='bbox 1511 569 1545 597; x_wconf 88' lang='lat' dir='ltr'><strong>ad</strong></span> <span class='ocrx_word' id='word_1_421' title='bbox 1570 569 1697 603; x_wconf 73' lang='lat' dir='ltr'><strong>dogmata</strong></span> 
     </span>
    </p>
   </div>
   <div class='ocr_carea' id='block_1_57' title="bbox 909 614 1699 661">
    <p class='ocr_par' dir='ltr' id='par_1_57' title="bbox 909 614 1699 661">
     <span class='ocr_line' id='line_1_57' title="bbox 909 614 1699 661; baseline -0.018 -7"><span class='ocrx_word' id='word_1_422' title='bbox 909 625 1059 661; x_wconf 89' lang='lat' dir='ltr'><strong>pertinent.</strong></span> <span class='ocrx_word' id='word_1_423' title='bbox 1070 622 1127 650; x_wconf 85' lang='lat' dir='ltr'><strong>Nec</strong></span> <span class='ocrx_word' id='word_1_424' title='bbox 1145 625 1235 648; x_wconf 88' lang='lat' dir='ltr'><strong>tamen</strong></span> <span class='ocrx_word' id='word_1_425' title='bbox 1251 618 1312 646; x_wconf 92' lang='lat' dir='ltr'><strong>illas</strong></span> <span class='ocrx_word' id='word_1_426' title='bbox 1328 617 1404 650; x_wconf 89' lang='lat' dir='ltr'><strong>alias,</strong></span> <span class='ocrx_word' id='word_1_427' title='bbox 1418 616 1462 643; x_wconf 90' lang='lat' dir='ltr'><strong>ubi</strong></span> <span class='ocrx_word' id='word_1_428' title='bbox 1481 614 1565 643; x_wconf 86' lang='lat' dir='ltr'><strong>semel</strong></span> <span class='ocrx_word' id='word_1_429' title='bbox 1580 614 1699 642; x_wconf 79' lang='lat' dir='ltr'><strong>inoleve-</strong></span> 
     </span>
    </p>
   </div>
   <div class='ocr_carea' id='block_1_58' title="bbox 909 659 1700 705">
    <p class='ocr_par' dir='ltr' id='par_1_58' title="bbox 909 659 1700 705">
     <span class='ocr_line' id='line_1_58' title="bbox 909 659 1700 705; baseline -0.018 -6"><span class='ocrx_word' id='word_1_430' title='bbox 909 659 973 705; x_wconf 73' lang='lat' dir='ltr'><strong>rint,</strong></span> <span class='ocrx_word' id='word_1_431' title='bbox 986 669 1065 698; x_wconf 81' lang='lat' dir='ltr'><strong>facile</strong></span> <span class='ocrx_word' id='word_1_432' title='bbox 1081 666 1212 696; x_wconf 80' lang='lat' dir='ltr'><strong>excutiat.</strong></span> <span class='ocrx_word' id='word_1_433' title='bbox 1231 665 1306 693; x_wconf 88' lang='lat' dir='ltr'><strong>Unde</strong></span> <span class='ocrx_word' id='word_1_434' title='bbox 1321 663 1367 691; x_wconf 87' lang='lat' dir='ltr'><strong>vix</strong></span> <span class='ocrx_word' id='word_1_435' title='bbox 1391 661 1490 690; x_wconf 87' lang='lat' dir='ltr'><strong>adduci</strong></span> <span class='ocrx_word' id='word_1_436' title='bbox 1520 663 1634 696; x_wconf 84' lang='lat' dir='ltr'><strong>possunt</strong></span> <span class='ocrx_word' id='word_1_437' title='bbox 1648 659 1700 705; x_wconf 87' lang='lat' dir='ltr'><strong>ho-</strong></span> 
     </span>
    </p>
   </div>
   <div class='ocr_carea' id='block_1_59' title="bbox 908 704 1700 748">
    <p class='ocr_par' dir='ltr' id='par_1_59' title="bbox 908 704 1700 748">
     <span class='ocr_line' id='line_1_59' title="bbox 908 704 1700 748; baseline -0.018 -3"><span class='ocrx_word' id='word_1_438' title='bbox 908 704 1007 748; x_wconf 74' lang='lat' dir='ltr'><strong>mines,</strong></span> <span class='ocrx_word' id='word_1_439' title='bbox 1023 718 1054 742; x_wconf 91' lang='lat' dir='ltr'><strong>ut</strong></span> <span class='ocrx_word' id='word_1_440' title='bbox 1066 718 1113 741; x_wconf 83' lang='lat' dir='ltr'><strong>aut</strong></span> <span class='ocrx_word' id='word_1_441' title='bbox 1129 713 1238 744; x_wconf 89' lang='lat' dir='ltr'><strong>domos,</strong></span> <span class='ocrx_word' id='word_1_442' title='bbox 1253 715 1299 738; x_wconf 84' lang='lat' dir='ltr'><strong>aut</strong></span> <span class='ocrx_word' id='word_1_443' title='bbox 1313 709 1406 743; x_wconf 88' lang='lat' dir='ltr'><strong>urbes,</strong></span> <span class='ocrx_word' id='word_1_444' title='bbox 1422 712 1470 735; x_wconf 88' lang='lat' dir='ltr'><strong>aut</strong></span> <span class='ocrx_word' id='word_1_445' title='bbox 1487 707 1573 738; x_wconf 86' lang='lat' dir='ltr'><strong>vicos.</strong></span> <span class='ocrx_word' id='word_1_446' title='bbox 1585 709 1633 732; x_wconf 88' lang='lat' dir='ltr'><strong>aut</strong></span> <span class='ocrx_word' id='word_1_447' title='bbox 1651 704 1700 732; x_wconf 83' lang='lat' dir='ltr'><strong>ho-</strong></span> 
     </span>
    </p>
   </div>
   <div class='ocr_carea' id='block_1_60' title="bbox 909 753 1697 793">
    <p class='ocr_par' dir='ltr' id='par_1_60' title="bbox 909 753 1697 793">
     <span class='ocr_line' id='line_1_60' title="bbox 909 753 1697 793; baseline -0.016 -2"><span class='ocrx_word' id='word_1_448' title='bbox 909 762 996 790; x_wconf 85' lang='lat' dir='ltr'><strong>mines</strong></span> <span class='ocrx_word' id='word_1_449' title='bbox 1009 762 1147 792; x_wconf 86' lang='lat' dir='ltr'><strong>deserant,</strong></span> <span class='ocrx_word' id='word_1_450' title='bbox 1161 758 1322 793; x_wconf 88' lang='lat' dir='ltr'><strong>quibuscum</strong></span> <span class='ocrx_word' id='word_1_451' title='bbox 1334 755 1450 790; x_wconf 75' lang='lat' dir='ltr'><strong>iunxere</strong></span> <span class='ocrx_word' id='word_1_452' title='bbox 1462 753 1697 782; x_wconf 85' lang='lat' dir='ltr'><strong>consuetudinem.</strong></span> 
     </span>
    </p>
   </div>
   <div class='ocr_carea' id='block_1_61' title="bbox 909 798 1696 842">
    <p class='ocr_par' dir='ltr' id='par_1_61' title="bbox 909 798 1696 842">
     <span class='ocr_line' id='line_1_61' title="bbox 909 798 1696 842; baseline -0.015 -5"><span class='ocrx_word' id='word_1_453' title='bbox 909 809 968 837; x_wconf 82' lang='lat' dir='ltr'><strong>Hoc</strong></span> <span class='ocrx_word' id='word_1_454' title='bbox 983 807 1066 842; x_wconf 73' lang='lat' dir='ltr'><strong>igitur</strong></span> <span class='ocrx_word' id='word_1_455' title='bbox 1083 806 1110 834; x_wconf 92' lang='lat' dir='ltr'><strong>in</strong></span> <span class='ocrx_word' id='word_1_456' title='bbox 1133 811 1217 833; x_wconf 88' lang='lat' dir='ltr'><strong>causa</strong></span> <span class='ocrx_word' id='word_1_457' title='bbox 1232 802 1294 835; x_wconf 87' lang='lat' dir='ltr'><strong>fuit,</strong></span> <span class='ocrx_word' id='word_1_458' title='bbox 1311 809 1360 830; x_wconf 92' lang='lat' dir='ltr'><strong>cur</strong></span> <span class='ocrx_word' id='word_1_459' title='bbox 1373 809 1388 829; x_wconf 95' lang='lat' dir='ltr'><strong>e</strong></span> <span class='ocrx_word' id='word_1_460' title='bbox 1406 800 1506 829; x_wconf 63' lang='lat' dir='ltr'><strong>Judaeis</strong></span> <span class='ocrx_word' id='word_1_461' title='bbox 1519 799 1602 827; x_wconf 89' lang='lat' dir='ltr'><strong>etiam</strong></span> <span class='ocrx_word' id='word_1_462' title='bbox 1618 798 1696 826; x_wconf 89' lang='lat' dir='ltr'><strong>multi</strong></span> 
     </span>
    </p>
   </div>
   <div class='ocr_carea' id='block_1_62' title="bbox 910 844 1699 882">
    <p class='ocr_par' dir='ltr' id='par_1_62' title="bbox 910 844 1699 882">
     <span class='ocr_line' id='line_1_62' title="bbox 910 844 1699 882; baseline -0.014 0"><span class='ocrx_word' id='word_1_463' title='bbox 910 854 1102 882; x_wconf 81' lang='lat' dir='ltr'><strong>vaticiniorum</strong></span> <span class='ocrx_word' id='word_1_464' title='bbox 1115 857 1147 878; x_wconf 87' lang='lat' dir='ltr'><strong>ac</strong></span> <span class='ocrx_word' id='word_1_465' title='bbox 1160 849 1356 878; x_wconf 87' lang='lat' dir='ltr'><strong>miraculorum</strong></span> <span class='ocrx_word' id='word_1_466' title='bbox 1380 855 1440 882; x_wconf 68' lang='lat' dir='ltr'><strong>quae</strong></span> <span class='ocrx_word' id='word_1_467' title='bbox 1460 846 1539 874; x_wconf 85' lang='lat' dir='ltr'><strong>Jesus</strong></span> <span class='ocrx_word' id='word_1_468' title='bbox 1554 845 1618 872; x_wconf 88' lang='lat' dir='ltr'><strong>fecit</strong></span> <span class='ocrx_word' id='word_1_469' title='bbox 1641 844 1699 872; x_wconf 90' lang='lat' dir='ltr'><strong>cvi-</strong></span> 
     </span>
    </p>
   </div>
   <div class='ocr_carea' id='block_1_63' title="bbox 910 890 1697 929">
    <p class='ocr_par' dir='ltr' id='par_1_63' title="bbox 910 890 1697 929">
     <span class='ocr_line' id='line_1_63' title="bbox 910 890 1697 929; baseline -0.017 0"><span class='ocrx_word' id='word_1_470' title='bbox 910 900 1009 929; x_wconf 63' lang='lat' dir='ltr'><strong>dentim</strong></span> <span class='ocrx_word' id='word_1_471' title='bbox 1026 898 1196 929; x_wconf 84' lang='lat' dir='ltr'><strong>resisterent,</strong></span> <span class='ocrx_word' id='word_1_472' title='bbox 1210 903 1261 923; x_wconf 88' lang='lat' dir='ltr'><strong>nec</strong></span> <span class='ocrx_word' id='word_1_473' title='bbox 1277 893 1492 922; x_wconf 85' lang='lat' dir='ltr'><strong>circumstantiis</strong></span> <span class='ocrx_word' id='word_1_474' title='bbox 1512 890 1697 927; x_wconf 85' lang='lat' dir='ltr'><strong>percelleren-</strong></span> 
     </span>
    </p>
   </div>
   <div class='ocr_carea' id='block_1_64' title="bbox 912 937 1698 977">
    <p class='ocr_par' dir='ltr' id='par_1_64' title="bbox 912 937 1698 977">
     <span class='ocr_line' id='line_1_64' title="bbox 912 937 1698 977; baseline -0.014 -4"><span class='ocrx_word' id='word_1_475' title='bbox 912 952 954 973; x_wconf 90' lang='lat' dir='ltr'><strong>tur</strong></span> <span class='ocrx_word' id='word_1_476' title='bbox 966 951 1059 973; x_wconf 87' lang='lat' dir='ltr'><strong>eorum</strong></span> <span class='ocrx_word' id='word_1_477' title='bbox 1077 950 1137 977; x_wconf 61' lang='lat' dir='ltr'><strong>quae</strong></span> <span class='ocrx_word' id='word_1_478' title='bbox 1152 949 1214 969; x_wconf 90' lang='lat' dir='ltr'><strong>eum</strong></span> <span class='ocrx_word' id='word_1_479' title='bbox 1243 946 1402 976; x_wconf 85' lang='lat' dir='ltr'><strong>perpessum</strong></span> <span class='ocrx_word' id='word_1_480' title='bbox 1426 945 1487 965; x_wconf 87' lang='lat' dir='ltr'><strong>esse</strong></span> <span class='ocrx_word' id='word_1_481' title='bbox 1501 937 1630 971; x_wconf 88' lang='lat' dir='ltr'><strong>scriptum</strong></span> <span class='ocrx_word' id='word_1_482' title='bbox 1645 939 1698 962; x_wconf 87' lang='lat' dir='ltr'><strong>est.</strong></span> 
     </span>
    </p>
   </div>
   <div class='ocr_carea' id='block_1_65' title="bbox 913 983 1701 1018">
    <p class='ocr_par' dir='ltr' id='par_1_65' title="bbox 913 983 1701 1018">
     <span class='ocr_line' id='line_1_65' title="bbox 913 983 1701 1018; baseline -0.015 0"><span class='ocrx_word' id='word_1_483' title='bbox 913 990 959 1018; x_wconf 90' lang='lat' dir='ltr'><strong>His</strong></span> <span class='ocrx_word' id='word_1_484' title='bbox 974 993 1064 1016; x_wconf 85' lang='lat' dir='ltr'><strong>autem</strong></span> <span class='ocrx_word' id='word_1_485' title='bbox 1081 987 1223 1015; x_wconf 84' lang='lat' dir='ltr'><strong>affectibus</strong></span> <span class='ocrx_word' id='word_1_486' title='bbox 1247 984 1392 1014; x_wconf 84' lang='lat' dir='ltr'><strong>obnoxiam</strong></span> <span class='ocrx_word' id='word_1_487' title='bbox 1410 990 1470 1010; x_wconf 88' lang='lat' dir='ltr'><strong>esse</strong></span> <span class='ocrx_word' id='word_1_488' title='bbox 1484 983 1629 1009; x_wconf 84' lang='lat' dir='ltr'><strong>humanam</strong></span> <span class='ocrx_word' id='word_1_489' title='bbox 1650 987 1701 1007; x_wconf 89' lang='lat' dir='ltr'><strong>na-</strong></span> 
     </span>
    </p>
   </div>
   <div class='ocr_carea' id='block_1_66' title="bbox 911 1025 1701 1067">
    <p class='ocr_par' dir='ltr' id='par_1_66' title="bbox 911 1025 1701 1067">
     <span class='ocr_line' id='line_1_66' title="bbox 911 1025 1701 1067; baseline -0.013 -5"><span class='ocrx_word' id='word_1_490' title='bbox 911 1041 1010 1067; x_wconf 85' lang='lat' dir='ltr'><strong>turam,</strong></span> <span class='ocrx_word' id='word_1_491' title='bbox 1027 1032 1139 1061; x_wconf 80' lang='lat' dir='ltr'><strong>evidens</strong></span> <span class='ocrx_word' id='word_1_492' title='bbox 1162 1032 1209 1059; x_wconf 83' lang='lat' dir='ltr'><strong>iiet</strong></span> <span class='ocrx_word' id='word_1_493' title='bbox 1228 1029 1369 1066; x_wconf 77' lang='lat' dir='ltr'><strong>cogitanti,</strong></span> <span class='ocrx_word' id='word_1_494' title='bbox 1386 1035 1468 1062; x_wconf 80' lang='lat' dir='ltr'><strong>quam</strong></span> <span class='ocrx_word' id='word_1_495' title='bbox 1489 1026 1602 1054; x_wconf 81' lang='lat' dir='ltr'><strong>difﬁcile</strong></span> <span class='ocrx_word' id='word_1_496' title='bbox 1619 1025 1652 1053; x_wconf 89' lang='lat' dir='ltr'><strong>ab</strong></span> <span class='ocrx_word' id='word_1_497' title='bbox 1667 1025 1701 1053; x_wconf 87' lang='lat' dir='ltr'><strong>iis</strong></span> 
     </span>
    </p>
   </div>
   <div class='ocr_carea' id='block_1_67' title="bbox 910 1072 1702 1115">
    <p class='ocr_par' dir='ltr' id='par_1_67' title="bbox 910 1072 1702 1115">
     <span class='ocr_line' id='line_1_67' title="bbox 910 1072 1702 1115; baseline -0.009 -9"><span class='ocrx_word' id='word_1_498' title='bbox 910 1088 970 1115; x_wconf 66' lang='grc' dir='ltr'>ηυδε</span> <span class='ocrx_word' id='word_1_499' title='bbox 993 1079 1044 1107; x_wconf 89' lang='lat' dir='ltr'><strong>sibi</strong></span> <span class='ocrx_word' id='word_1_500' title='bbox 1060 1087 1074 1106; x_wconf 92' lang='lat' dir='ltr'><strong>a</strong></span> <span class='ocrx_word' id='word_1_501' title='bbox 1092 1077 1251 1114; x_wconf 79' lang='lat' dir='ltr'><strong>parentibus</strong></span> <span class='ocrx_word' id='word_1_502' title='bbox 1279 1075 1492 1109; x_wconf 84' lang='lat' dir='ltr'><strong>concivibusque</strong></span> <span class='ocrx_word' id='word_1_503' title='bbox 1521 1073 1618 1100; x_wconf 85' lang='lat' dir='ltr'><strong>tradita</strong></span> <span class='ocrx_word' id='word_1_504' title='bbox 1643 1072 1702 1100; x_wconf 79' lang='lat' dir='ltr'><strong>fue-</strong></span> 
     </span>
    </p>
   </div>
   <div class='ocr_carea' id='block_1_68' title="bbox 911 1118 1700 1159">
    <p class='ocr_par' dir='ltr' id='par_1_68' title="bbox 911 1118 1700 1159">
     <span class='ocr_line' id='line_1_68' title="bbox 911 1118 1700 1159; baseline -0.01 -6"><span class='ocrx_word' id='word_1_505' title='bbox 911 1130 984 1159; x_wconf 85' lang='lat' dir='ltr'><strong>runt,</strong></span> <span class='ocrx_word' id='word_1_506' title='bbox 1000 1124 1153 1152; x_wconf 83' lang='lat' dir='ltr'><strong>avellantur</strong></span> <span class='ocrx_word' id='word_1_507' title='bbox 1176 1123 1221 1157; x_wconf 91' lang='lat' dir='ltr'><strong>qui</strong></span> <span class='ocrx_word' id='word_1_508' title='bbox 1253 1121 1337 1149; x_wconf 86' lang='lat' dir='ltr'><strong>semel</strong></span> <span class='ocrx_word' id='word_1_509' title='bbox 1363 1121 1397 1148; x_wconf 89' lang='lat' dir='ltr'><strong>iis</strong></span> <span class='ocrx_word' id='word_1_510' title='bbox 1427 1119 1537 1147; x_wconf 87' lang='lat' dir='ltr'><strong>fuerunt</strong></span> <span class='ocrx_word' id='word_1_511' title='bbox 1560 1118 1700 1153; x_wconf 85' lang='lat' dir='ltr'><strong>occupati.</strong></span> 
     </span>
    </p>
   </div>
   <div class='ocr_carea' id='block_1_69' title="bbox 911 1164 1702 1207">
    <p class='ocr_par' dir='ltr' id='par_1_69' title="bbox 911 1164 1702 1207">
     <span class='ocr_line' id='line_1_69' title="bbox 911 1164 1702 1207; baseline -0.011 -8"><span class='ocrx_word' id='word_1_512' title='bbox 911 1171 1063 1207; x_wconf 86' lang='lat' dir='ltr'><strong>quamlibet</strong></span> <span class='ocrx_word' id='word_1_513' title='bbox 1074 1168 1261 1197; x_wconf 84' lang='lat' dir='ltr'><strong>erubescenda</strong></span> <span class='ocrx_word' id='word_1_514' title='bbox 1280 1171 1306 1194; x_wconf 89' lang='lat' dir='ltr'><strong>et</strong></span> <span class='ocrx_word' id='word_1_515' title='bbox 1322 1165 1402 1194; x_wconf 89' lang='lat' dir='ltr'><strong>stulta</strong></span> <span class='ocrx_word' id='word_1_516' title='bbox 1417 1165 1482 1193; x_wconf 91' lang='lat' dir='ltr'><strong>sint.</strong></span> <span class='ocrx_word' id='word_1_517' title='bbox 1502 1165 1596 1199; x_wconf 82' lang='lat' dir='ltr'><strong>Itaque</strong></span> <span class='ocrx_word' id='word_1_518' title='bbox 1611 1164 1654 1191; x_wconf 85' lang='lat' dir='ltr'><strong>vix</strong></span> <span class='ocrx_word' id='word_1_519' title='bbox 1667 1164 1702 1191; x_wconf 91' lang='lat' dir='ltr'><strong>ab</strong></span> 
     </span>
    </p>
   </div>
   <div class='ocr_carea' id='block_1_70' title="bbox 911 1213 1701 1251">
    <p class='ocr_par' dir='ltr' id='par_1_70' title="bbox 911 1213 1701 1251">
     <span class='ocr_line' id='line_1_70' title="bbox 911 1213 1701 1251; baseline -0.009 -8"><span class='ocrx_word' id='word_1_520' title='bbox 911 1215 1041 1251; x_wconf 69' lang='lat' dir='ltr'><strong>Egyptio</strong></span> <span class='ocrx_word' id='word_1_521' title='bbox 1056 1215 1161 1249; x_wconf 87' lang='lat' dir='ltr'><strong>eripere</strong></span> <span class='ocrx_word' id='word_1_522' title='bbox 1177 1213 1275 1248; x_wconf 88' lang='lat' dir='ltr'><strong>possis,</strong></span> <span class='ocrx_word' id='word_1_523' title='bbox 1290 1216 1320 1239; x_wconf 89' lang='lat' dir='ltr'><strong>ut</strong></span> <span class='ocrx_word' id='word_1_524' title='bbox 1335 1215 1445 1245; x_wconf 85' lang='lat' dir='ltr'><strong>spernat</strong></span> <span class='ocrx_word' id='word_1_525' title='bbox 1457 1217 1489 1238; x_wconf 90' lang='lat' dir='ltr'><strong>ea</strong></span> <span class='ocrx_word' id='word_1_526' title='bbox 1503 1217 1563 1245; x_wconf 80' lang='lat' dir='ltr'><strong>qnze</strong></span> <span class='ocrx_word' id='word_1_527' title='bbox 1576 1217 1591 1238; x_wconf 91' lang='lat' dir='ltr'><strong>a</strong></span> <span class='ocrx_word' id='word_1_528' title='bbox 1603 1216 1701 1245; x_wconf 87' lang='lat' dir='ltr'><strong>paren—</strong></span> 
     </span>
    </p>
   </div>
   <div class='ocr_carea' id='block_1_71' title="bbox 913 1255 1701 1294">
    <p class='ocr_par' dir='ltr' id='par_1_71' title="bbox 913 1255 1701 1294">
     <span class='ocr_line' id='line_1_71' title="bbox 913 1255 1701 1294; baseline -0.009 -5"><span class='ocrx_word' id='word_1_529' title='bbox 913 1261 984 1289; x_wconf 86' lang='lat' dir='ltr'><strong>tibus</strong></span> <span class='ocrx_word' id='word_1_530' title='bbox 998 1257 1115 1294; x_wconf 81' lang='lat' dir='ltr'><strong>accepit,</strong></span> <span class='ocrx_word' id='word_1_531' title='bbox 1130 1264 1160 1286; x_wconf 87' lang='lat' dir='ltr'><strong>ut</strong></span> <span class='ocrx_word' id='word_1_532' title='bbox 1175 1266 1210 1286; x_wconf 92' lang='lat' dir='ltr'><strong>ne</strong></span> <span class='ocrx_word' id='word_1_533' title='bbox 1220 1259 1290 1285; x_wconf 87' lang='lat' dir='ltr'><strong>hanc</strong></span> <span class='ocrx_word' id='word_1_534' title='bbox 1301 1257 1466 1284; x_wconf 87' lang='lat' dir='ltr'><strong>animantem</strong></span> <span class='ocrx_word' id='word_1_535' title='bbox 1480 1255 1593 1283; x_wconf 80' lang='lat' dir='ltr'><strong>rationis</strong></span> <span class='ocrx_word' id='word_1_536' title='bbox 1604 1262 1701 1290; x_wconf 78' lang='lat' dir='ltr'><strong>exper-</strong></span> 
     </span>
    </p>
   </div>
   <div class='ocr_carea' id='block_1_72' title="bbox 913 1300 1702 1341">
    <p class='ocr_par' dir='ltr' id='par_1_72' title="bbox 913 1300 1702 1341">
     <span class='ocr_line' id='line_1_72' title="bbox 913 1300 1702 1341; baseline -0.008 -8"><span class='ocrx_word' id='word_1_537' title='bbox 913 1310 965 1332; x_wconf 86' lang='lat' dir='ltr'><strong>tem</strong></span> <span class='ocrx_word' id='word_1_538' title='bbox 980 1313 1029 1341; x_wconf 88' lang='lat' dir='ltr'><strong>pro</strong></span> <span class='ocrx_word' id='word_1_539' title='bbox 1046 1305 1102 1332; x_wconf 86' lang='lat' dir='ltr'><strong>Deo</strong></span> <span class='ocrx_word' id='word_1_540' title='bbox 1128 1304 1237 1337; x_wconf 87' lang='lat' dir='ltr'><strong>habeat,</strong></span> <span class='ocrx_word' id='word_1_541' title='bbox 1255 1308 1282 1330; x_wconf 90' lang='lat' dir='ltr'><strong>et</strong></span> <span class='ocrx_word' id='word_1_542' title='bbox 1297 1310 1330 1329; x_wconf 94' lang='lat' dir='ltr'><strong>ne</strong></span> <span class='ocrx_word' id='word_1_543' title='bbox 1347 1301 1415 1328; x_wconf 88' lang='lat' dir='ltr'><strong>mori</strong></span> <span class='ocrx_word' id='word_1_544' title='bbox 1438 1300 1532 1334; x_wconf 72' lang='lat' dir='ltr'><strong>malit.</strong></span> <span class='ocrx_word' id='word_1_545' title='bbox 1555 1308 1636 1335; x_wconf 89' lang='lat' dir='ltr'><strong>quam</strong></span> <span class='ocrx_word' id='word_1_546' title='bbox 1652 1301 1702 1328; x_wconf 91' lang='lat' dir='ltr'><strong>hu-</strong></span> 
     </span>
    </p>
   </div>
   <div class='ocr_carea' id='block_1_73' title="bbox 911 1347 1702 1386">
    <p class='ocr_par' dir='ltr' id='par_1_73' title="bbox 911 1347 1702 1386">
     <span class='ocr_line' id='line_1_73' title="bbox 911 1347 1702 1386; baseline -0.006 -7"><span class='ocrx_word' id='word_1_547' title='bbox 911 1352 992 1386; x_wconf 86' lang='lat' dir='ltr'><strong>jusce</strong></span> <span class='ocrx_word' id='word_1_548' title='bbox 1009 1351 1136 1385; x_wconf 83' lang='lat' dir='ltr'><strong>animalis</strong></span> <span class='ocrx_word' id='word_1_549' title='bbox 1147 1357 1242 1378; x_wconf 88' lang='lat' dir='ltr'><strong>carnes</strong></span> <span class='ocrx_word' id='word_1_550' title='bbox 1261 1349 1414 1384; x_wconf 78' lang='lat' dir='ltr'><strong>degustare.</strong></span> <span class='ocrx_word' id='word_1_551' title='bbox 1426 1348 1484 1376; x_wconf 86' lang='lat' dir='ltr'><strong>Etsi</strong></span> <span class='ocrx_word' id='word_1_552' title='bbox 1497 1355 1561 1375; x_wconf 88' lang='lat' dir='ltr'><strong>vero</strong></span> <span class='ocrx_word' id='word_1_553' title='bbox 1575 1349 1633 1376; x_wconf 72' lang='lat' dir='ltr'><strong>htec</strong></span> <span class='ocrx_word' id='word_1_554' title='bbox 1659 1347 1702 1374; x_wconf 89' lang='lat' dir='ltr'><strong>fu-</strong></span> 
     </span>
    </p>
   </div>
   <div class='ocr_carea' id='block_1_74' title="bbox 913 1392 1700 1432">
    <p class='ocr_par' dir='ltr' id='par_1_74' title="bbox 913 1392 1700 1432">
     <span class='ocr_line' id='line_1_74' title="bbox 913 1392 1700 1432; baseline -0.006 -7"><span class='ocrx_word' id='word_1_555' title='bbox 913 1398 970 1425; x_wconf 89' lang='lat' dir='ltr'><strong>sius</strong></span> <span class='ocrx_word' id='word_1_556' title='bbox 987 1396 1124 1432; x_wconf 85' lang='lat' dir='ltr'><strong>persecuti</strong></span> <span class='ocrx_word' id='word_1_557' title='bbox 1150 1395 1308 1429; x_wconf 86' lang='lat' dir='ltr'><strong>diutiusque</strong></span> <span class='ocrx_word' id='word_1_558' title='bbox 1324 1395 1350 1421; x_wconf 94' lang='lat' dir='ltr'><strong>in</strong></span> <span class='ocrx_word' id='word_1_559' title='bbox 1374 1393 1503 1421; x_wconf 88' lang='lat' dir='ltr'><strong>vaticinio</strong></span> <span class='ocrx_word' id='word_1_560' title='bbox 1516 1394 1549 1421; x_wconf 93' lang='lat' dir='ltr'><strong>de</strong></span> <span class='ocrx_word' id='word_1_561' title='bbox 1562 1392 1700 1420; x_wconf 85' lang='lat' dir='ltr'><strong>Bethleem</strong></span> 
     </span>
    </p>
   </div>
   <div class='ocr_carea' id='block_1_75' title="bbox 913 1437 1702 1472">
    <p class='ocr_par' dir='ltr' id='par_1_75' title="bbox 913 1437 1702 1472">
     <span class='ocr_line' id='line_1_75' title="bbox 913 1437 1702 1472; baseline -0.006 -3"><span class='ocrx_word' id='word_1_562' title='bbox 913 1442 986 1469; x_wconf 88' lang='lat' dir='ltr'><strong>edito</strong></span> <span class='ocrx_word' id='word_1_563' title='bbox 1003 1440 1139 1468; x_wconf 85' lang='lat' dir='ltr'><strong>immorati</strong></span> <span class='ocrx_word' id='word_1_564' title='bbox 1154 1446 1258 1470; x_wconf 89' lang='lat' dir='ltr'><strong>sumus,</strong></span> <span class='ocrx_word' id='word_1_565' title='bbox 1281 1444 1408 1472; x_wconf 82' lang='lat' dir='ltr'><strong>putamus</strong></span> <span class='ocrx_word' id='word_1_566' title='bbox 1422 1437 1448 1464; x_wconf 91' lang='lat' dir='ltr'><strong>id</strong></span> <span class='ocrx_word' id='word_1_567' title='bbox 1464 1437 1564 1465; x_wconf 88' lang='lat' dir='ltr'><strong>factum</strong></span> <span class='ocrx_word' id='word_1_568' title='bbox 1575 1444 1702 1465; x_wconf 82' lang='lat' dir='ltr'><strong>necessa—</strong></span> 
     </span>
    </p>
   </div>
   <div class='ocr_carea' id='block_1_76' title="bbox 915 1483 1702 1520">
    <p class='ocr_par' dir='ltr' id='par_1_76' title="bbox 915 1483 1702 1520">
     <span class='ocr_line' id='line_1_76' title="bbox 915 1483 1702 1520; baseline -0.005 -6"><span class='ocrx_word' id='word_1_569' title='bbox 915 1487 956 1515; x_wconf 86' lang='lat' dir='ltr'><strong>rio</strong></span> <span class='ocrx_word' id='word_1_570' title='bbox 975 1491 1004 1514; x_wconf 92' lang='lat' dir='ltr'><strong>ut</strong></span> <span class='ocrx_word' id='word_1_571' title='bbox 1025 1486 1064 1514; x_wconf 90' lang='lat' dir='ltr'><strong>eis</strong></span> <span class='ocrx_word' id='word_1_572' title='bbox 1080 1485 1293 1520; x_wconf 84' lang='lat' dir='ltr'><strong>respondeamus</strong></span> <span class='ocrx_word' id='word_1_573' title='bbox 1306 1485 1353 1518; x_wconf 93' lang='lat' dir='ltr'><strong>qui</strong></span> <span class='ocrx_word' id='word_1_574' title='bbox 1369 1483 1441 1512; x_wconf 87' lang='lat' dir='ltr'><strong>forte</strong></span> <span class='ocrx_word' id='word_1_575' title='bbox 1455 1484 1553 1511; x_wconf 87' lang='lat' dir='ltr'><strong>dicturi</strong></span> <span class='ocrx_word' id='word_1_576' title='bbox 1565 1487 1630 1511; x_wconf 90' lang='lat' dir='ltr'><strong>sunt</strong></span> <span class='ocrx_word' id='word_1_577' title='bbox 1647 1492 1654 1510; x_wconf 91' lang='lat'>:</span> <span class='ocrx_word' id='word_1_578' title='bbox 1671 1483 1702 1511; x_wconf 84' lang='lat' dir='ltr'><strong>Si</strong></span> 
     </span>
    </p>
   </div>
   <div class='ocr_carea' id='block_1_77' title="bbox 915 1529 1700 1564">
    <p class='ocr_par' dir='ltr' id='par_1_77' title="bbox 915 1529 1700 1564">
     <span class='ocr_line' id='line_1_77' title="bbox 915 1529 1700 1564; baseline -0.005 -4"><span class='ocrx_word' id='word_1_579' title='bbox 915 1539 970 1560; x_wconf 79' lang='lat' dir='ltr'><strong>tam</strong></span> <span class='ocrx_word' id='word_1_580' title='bbox 985 1532 1058 1560; x_wconf 81' lang='lat' dir='ltr'><strong>clara</strong></span> <span class='ocrx_word' id='word_1_581' title='bbox 1074 1531 1185 1558; x_wconf 86' lang='lat' dir='ltr'><strong>fuerunt</strong></span> <span class='ocrx_word' id='word_1_582' title='bbox 1209 1530 1281 1564; x_wconf 90' lang='lat' dir='ltr'><strong>apttd</strong></span> <span class='ocrx_word' id='word_1_583' title='bbox 1301 1529 1410 1557; x_wconf 75' lang='lat' dir='ltr'><strong>Judaeos</strong></span> <span class='ocrx_word' id='word_1_584' title='bbox 1422 1529 1455 1557; x_wconf 88' lang='lat' dir='ltr'><strong>de</strong></span> <span class='ocrx_word' id='word_1_585' title='bbox 1471 1529 1533 1557; x_wconf 76' lang='lat' dir='ltr'><strong>Jesu</strong></span> <span class='ocrx_word' id='word_1_586' title='bbox 1563 1529 1700 1559; x_wconf 77' lang='lat' dir='ltr'><strong>vaticinia.</strong></span> 
     </span>
    </p>
   </div>
   <div class='ocr_carea' id='block_1_78' title="bbox 914 1575 1704 1613">
    <p class='ocr_par' dir='ltr' id='par_1_78' title="bbox 914 1575 1704 1613">
     <span class='ocr_line' id='line_1_78' title="bbox 914 1575 1704 1613; baseline -0.004 -7"><span class='ocrx_word' id='word_1_587' title='bbox 914 1587 973 1611; x_wconf 87' lang='lat' dir='ltr'><strong>cur,</strong></span> <span class='ocrx_word' id='word_1_588' title='bbox 990 1582 1131 1613; x_wconf 88' lang='lat' dir='ltr'><strong>postquam</strong></span> <span class='ocrx_word' id='word_1_589' title='bbox 1142 1577 1175 1604; x_wconf 87' lang='lat' dir='ltr'><strong>ad</strong></span> <span class='ocrx_word' id='word_1_590' title='bbox 1196 1576 1256 1603; x_wconf 88' lang='lat' dir='ltr'><strong>illos</strong></span> <span class='ocrx_word' id='word_1_591' title='bbox 1273 1576 1356 1608; x_wconf 88' lang='lat' dir='ltr'><strong>venit,</strong></span> <span class='ocrx_word' id='word_1_592' title='bbox 1377 1582 1429 1602; x_wconf 91' lang='lat' dir='ltr'><strong>non</strong></span> <span class='ocrx_word' id='word_1_593' title='bbox 1449 1575 1540 1602; x_wconf 85' lang='lat' dir='ltr'><strong>statim</strong></span> <span class='ocrx_word' id='word_1_594' title='bbox 1573 1575 1632 1610; x_wconf 88' lang='lat' dir='ltr'><strong>ejus</strong></span> <span class='ocrx_word' id='word_1_595' title='bbox 1654 1575 1704 1603; x_wconf 46' lang='lat' dir='ltr'><strong>do‘</strong></span> 
     </span>
    </p>
   </div>
   <div class='ocr_carea' id='block_1_79' title="bbox 915 1621 1703 1655">
    <p class='ocr_par' dir='ltr' id='par_1_79' title="bbox 915 1621 1703 1655">
     <span class='ocr_line' id='line_1_79' title="bbox 915 1621 1703 1655; baseline -0.004 -3"><span class='ocrx_word' id='word_1_596' title='bbox 915 1625 1010 1652; x_wconf 73' lang='lat' dir='ltr'><strong>ctrina:</strong></span> <span class='ocrx_word' id='word_1_597' title='bbox 1025 1626 1232 1655; x_wconf 85' lang='lat' dir='ltr'><strong>consenserunt,</strong></span> <span class='ocrx_word' id='word_1_598' title='bbox 1245 1629 1295 1649; x_wconf 83' lang='lat' dir='ltr'><strong>nec</strong></span> <span class='ocrx_word' id='word_1_599' title='bbox 1307 1623 1339 1648; x_wconf 81' lang='lat' dir='ltr'><strong>ad</strong></span> <span class='ocrx_word' id='word_1_600' title='bbox 1354 1622 1465 1648; x_wconf 84' lang='lat' dir='ltr'><strong>meliora</strong></span> <span class='ocrx_word' id='word_1_601' title='bbox 1479 1628 1538 1655; x_wconf 78' lang='lat' dir='ltr'><strong>quae</strong></span> <span class='ocrx_word' id='word_1_602' title='bbox 1559 1621 1611 1649; x_wconf 90' lang='lat' dir='ltr'><strong>illis</strong></span> <span class='ocrx_word' id='word_1_603' title='bbox 1622 1628 1703 1649; x_wconf 84' lang='lat' dir='ltr'><strong>com-</strong></span> 
     </span>
    </p>
   </div>
   <div class='ocr_carea' id='block_1_80' title="bbox 915 1666 1704 1702">
    <p class='ocr_par' dir='ltr' id='par_1_80' title="bbox 915 1666 1704 1702">
     <span class='ocr_line' id='line_1_80' title="bbox 915 1666 1704 1702; baseline -0.006 -4"><span class='ocrx_word' id='word_1_604' title='bbox 915 1670 1094 1702; x_wconf 78' lang='lat' dir='ltr'><strong>monstrabat,</strong></span> <span class='ocrx_word' id='word_1_605' title='bbox 1112 1668 1238 1696; x_wconf 87' lang='lat' dir='ltr'><strong>conversi</strong></span> <span class='ocrx_word' id='word_1_606' title='bbox 1253 1667 1331 1695; x_wconf 81' lang='lat' dir='ltr'><strong>sunt?</strong></span> <span class='ocrx_word' id='word_1_607' title='bbox 1353 1666 1436 1694; x_wconf 81' lang='lat' dir='ltr'><strong>Nobis</strong></span> <span class='ocrx_word' id='word_1_608' title='bbox 1454 1674 1518 1694; x_wconf 81' lang='lat' dir='ltr'><strong>vero</strong></span> <span class='ocrx_word' id='word_1_609' title='bbox 1530 1667 1704 1694; x_wconf 88' lang='lat' dir='ltr'><strong>credentibus</strong></span> 
     </span>
    </p>
   </div>
   <div class='ocr_carea' id='block_1_81' title="bbox 915 1712 1703 1750">
    <p class='ocr_par' dir='ltr' id='par_1_81' title="bbox 915 1712 1703 1750">
     <span class='ocr_line' id='line_1_81' title="bbox 915 1712 1703 1750; baseline -0.008 -6"><span class='ocrx_word' id='word_1_610' title='bbox 915 1723 995 1744; x_wconf 74' lang='lat' dir='ltr'><strong>nemo</strong></span> <span class='ocrx_word' id='word_1_611' title='bbox 1008 1715 1061 1742; x_wconf 88' lang='lat' dir='ltr'><strong>tale</strong></span> <span class='ocrx_word' id='word_1_612' title='bbox 1078 1714 1225 1750; x_wconf 86' lang='lat' dir='ltr'><strong>quidquam</strong></span> <span class='ocrx_word' id='word_1_613' title='bbox 1243 1712 1401 1748; x_wconf 83' lang='lat' dir='ltr'><strong>exprobret,</strong></span> <span class='ocrx_word' id='word_1_614' title='bbox 1423 1719 1485 1739; x_wconf 90' lang='lat' dir='ltr'><strong>eum</strong></span> <span class='ocrx_word' id='word_1_615' title='bbox 1507 1712 1597 1738; x_wconf 88' lang='lat' dir='ltr'><strong>videat</strong></span> <span class='ocrx_word' id='word_1_616' title='bbox 1623 1712 1703 1739; x_wconf 85' lang='lat' dir='ltr'><strong>fidem</strong></span> 
     </span>
    </p>
   </div>
   <div class='ocr_carea' id='block_1_82' title="bbox 916 1758 1704 1792">
    <p class='ocr_par' dir='ltr' id='par_1_82' title="bbox 916 1758 1704 1792">
     <span class='ocr_line' id='line_1_82' title="bbox 916 1758 1704 1792; baseline -0.005 -4"><span class='ocrx_word' id='word_1_617' title='bbox 916 1760 1048 1788; x_wconf 70' lang='lat' dir='ltr'><strong>inlesum</strong></span> <span class='ocrx_word' id='word_1_618' title='bbox 1071 1759 1165 1787; x_wconf 81' lang='lat' dir='ltr'><strong>solidis</strong></span> <span class='ocrx_word' id='word_1_619' title='bbox 1180 1759 1266 1787; x_wconf 85' lang='lat' dir='ltr'><strong>astrui</strong></span> <span class='ocrx_word' id='word_1_620' title='bbox 1285 1758 1438 1786; x_wconf 86' lang='lat' dir='ltr'><strong>rationibus</strong></span> <span class='ocrx_word' id='word_1_621' title='bbox 1452 1758 1486 1785; x_wconf 83' lang='lat' dir='ltr'><strong>ab</strong></span> <span class='ocrx_word' id='word_1_622' title='bbox 1511 1758 1544 1785; x_wconf 76' lang='lat' dir='ltr'><strong>iis</strong></span> <span class='ocrx_word' id='word_1_623' title='bbox 1570 1758 1617 1792; x_wconf 89' lang='lat' dir='ltr'><strong>qui</strong></span> <span class='ocrx_word' id='word_1_624' title='bbox 1644 1758 1704 1785; x_wconf 84' lang='lat' dir='ltr'><strong>illas</strong></span> 
     </span>
    </p>
   </div>
   <div class='ocr_carea' id='block_1_83' title="bbox 915 1806 1224 1840">
    <p class='ocr_par' dir='ltr' id='par_1_83' title="bbox 915 1806 1224 1840">
     <span class='ocr_line' id='line_1_83' title="bbox 915 1806 1224 1840; baseline 0 -7"><span class='ocrx_word' id='word_1_625' title='bbox 915 1806 1049 1840; x_wconf 65' lang='lat' dir='ltr'><strong>explicare</strong></span> <span class='ocrx_word' id='word_1_626' title='bbox 1064 1806 1224 1833; x_wconf 86' lang='lat' dir='ltr'><strong>didicerunt.</strong></span> 
     </span>
    </p>
   </div>
   <div class='ocr_carea' id='block_1_84' title="bbox 950 1848 1714 1883">
    <p class='ocr_par' dir='ltr' id='par_1_84' title="bbox 950 1848 1714 1883">
     <span class='ocr_line' id='line_1_84' title="bbox 950 1848 1714 1883; baseline -0.004 -5"><span class='ocrx_word' id='word_1_627' title='bbox 950 1851 994 1878; x_wconf 76' lang='lat'><strong>53.</strong></span> <span class='ocrx_word' id='word_1_628' title='bbox 1015 1850 1062 1877; x_wconf 87' lang='lat' dir='ltr'><strong>Sin</strong></span> <span class='ocrx_word' id='word_1_629' title='bbox 1076 1851 1158 1877; x_wconf 87' lang='lat' dir='ltr'><strong>etiam</strong></span> <span class='ocrx_word' id='word_1_630' title='bbox 1174 1856 1242 1883; x_wconf 84' lang='lat' dir='ltr'><strong>opus</strong></span> <span class='ocrx_word' id='word_1_631' title='bbox 1254 1853 1297 1876; x_wconf 87' lang='lat' dir='ltr'><strong>est</strong></span> <span class='ocrx_word' id='word_1_632' title='bbox 1313 1848 1399 1876; x_wconf 89' lang='lat' dir='ltr'><strong>altero</strong></span> <span class='ocrx_word' id='word_1_633' title='bbox 1415 1848 1554 1880; x_wconf 88' lang='lat' dir='ltr'><strong>vaticinio,</strong></span> <span class='ocrx_word' id='word_1_634' title='bbox 1566 1848 1639 1883; x_wconf 86' lang='lat' dir='ltr'><strong>quod</strong></span> <span class='ocrx_word' id='word_1_635' title='bbox 1654 1854 1714 1875; x_wconf 86' lang='lat' dir='ltr'><strong>no--</strong></span> 
     </span>
    </p>
   </div>
   <div class='ocr_carea' id='block_1_85' title="bbox 917 1893 1704 1928">
    <p class='ocr_par' dir='ltr' id='par_1_85' title="bbox 917 1893 1704 1928">
     <span class='ocr_line' id='line_1_85' title="bbox 917 1893 1704 1928; baseline -0.005 -5"><span class='ocrx_word' id='word_1_636' title='bbox 917 1897 958 1923; x_wconf 85' lang='lat' dir='ltr'><strong>his</strong></span> <span class='ocrx_word' id='word_1_637' title='bbox 969 1896 1001 1922; x_wconf 85' lang='lat' dir='ltr'><strong>ad</strong></span> <span class='ocrx_word' id='word_1_638' title='bbox 1015 1895 1105 1922; x_wconf 83' lang='lat' dir='ltr'><strong>Jesum</strong></span> <span class='ocrx_word' id='word_1_639' title='bbox 1125 1895 1265 1921; x_wconf 83' lang='lat' dir='ltr'><strong>manifeste</strong></span> <span class='ocrx_word' id='word_1_640' title='bbox 1290 1893 1427 1928; x_wconf 83' lang='lat' dir='ltr'><strong>pertinere</strong></span> <span class='ocrx_word' id='word_1_641' title='bbox 1459 1893 1592 1925; x_wconf 83' lang='lat' dir='ltr'><strong>videatur,</strong></span> <span class='ocrx_word' id='word_1_642' title='bbox 1621 1900 1704 1927; x_wconf 62' lang='lat' dir='ltr'><strong>expc.</strong></span> 
     </span>
    </p>
   </div>
   <div class='ocr_carea' id='block_1_86' title="bbox 918 1937 1704 1974">
    <p class='ocr_par' dir='ltr' id='par_1_86' title="bbox 918 1937 1704 1974">
     <span class='ocr_line' id='line_1_86' title="bbox 918 1937 1704 1974; baseline -0.004 -6"><span class='ocrx_word' id='word_1_643' title='bbox 918 1949 1012 1968; x_wconf 91' lang='lat' dir='ltr'><strong>nemus</strong></span> <span class='ocrx_word' id='word_1_644' title='bbox 1029 1941 1093 1968; x_wconf 84' lang='lat' dir='ltr'><strong>illud</strong></span> <span class='ocrx_word' id='word_1_645' title='bbox 1108 1940 1179 1974; x_wconf 88' lang='lat' dir='ltr'><strong>quod</strong></span> <span class='ocrx_word' id='word_1_646' title='bbox 1196 1939 1288 1966; x_wconf 89' lang='lat' dir='ltr'><strong>multis</strong></span> <span class='ocrx_word' id='word_1_647' title='bbox 1300 1939 1378 1966; x_wconf 88' lang='lat' dir='ltr'><strong>annis</strong></span> <span class='ocrx_word' id='word_1_648' title='bbox 1388 1943 1534 1973; x_wconf 86' lang='lat' dir='ltr'><strong>antequam</strong></span> <span class='ocrx_word' id='word_1_649' title='bbox 1557 1937 1636 1966; x_wconf 71' lang='lat' dir='ltr'><strong>Iesus</strong></span> <span class='ocrx_word' id='word_1_650' title='bbox 1655 1939 1704 1965; x_wconf 92' lang='lat' dir='ltr'><strong>ad-</strong></span> 
     </span>
    </p>
   </div>
   <div class='ocr_carea' id='block_1_87' title="bbox 917 1983 1702 2021">
    <p class='ocr_par' dir='ltr' id='par_1_87' title="bbox 917 1983 1702 2021">
     <span class='ocr_line' id='line_1_87' title="bbox 917 1983 1702 2021; baseline -0.001 -7"><span class='ocrx_word' id='word_1_651' title='bbox 917 1987 1031 2019; x_wconf 89' lang='lat' dir='ltr'><strong>veniret,</strong></span> <span class='ocrx_word' id='word_1_652' title='bbox 1049 1987 1178 2021; x_wconf 87' lang='lat' dir='ltr'><strong>scriptum</strong></span> <span class='ocrx_word' id='word_1_653' title='bbox 1208 1989 1275 2012; x_wconf 85' lang='lat' dir='ltr'><strong>esta</strong></span> <span class='ocrx_word' id='word_1_654' title='bbox 1292 1984 1393 2019; x_wconf 82' lang='lat' dir='ltr'><strong>Moyse,</strong></span> <span class='ocrx_word' id='word_1_655' title='bbox 1418 1985 1462 2018; x_wconf 88' lang='lat' dir='ltr'><strong>qui</strong></span> <span class='ocrx_word' id='word_1_656' title='bbox 1490 1989 1583 2011; x_wconf 87' lang='lat' dir='ltr'><strong>narrat</strong></span> <span class='ocrx_word' id='word_1_657' title='bbox 1606 1983 1702 2013; x_wconf 74' lang='lat' dir='ltr'><strong>Iacob.</strong></span> 
     </span>
    </p>
   </div>
   <div class='ocr_carea' id='block_1_88' title="bbox 917 2028 1702 2063">
    <p class='ocr_par' dir='ltr' id='par_1_88' title="bbox 917 2028 1702 2063">
     <span class='ocr_line' id='line_1_88' title="bbox 917 2028 1702 2063; baseline -0.003 -6"><span class='ocrx_word' id='word_1_658' title='bbox 917 2037 977 2057; x_wconf 90' lang='lat' dir='ltr'><strong>cum</strong></span> <span class='ocrx_word' id='word_1_659' title='bbox 990 2030 1051 2057; x_wconf 60' lang='lat' dir='ltr'><strong>vita</strong></span> <span class='ocrx_word' id='word_1_660' title='bbox 1064 2030 1125 2056; x_wconf 82' lang='lat' dir='ltr'><strong>linis</strong></span> <span class='ocrx_word' id='word_1_661' title='bbox 1142 2029 1306 2059; x_wconf 86' lang='lat' dir='ltr'><strong>immineret,</strong></span> <span class='ocrx_word' id='word_1_662' title='bbox 1325 2028 1440 2063; x_wconf 81' lang='lat' dir='ltr'><strong>singulis</strong></span> <span class='ocrx_word' id='word_1_663' title='bbox 1451 2028 1513 2055; x_wconf 86' lang='lat' dir='ltr'><strong>liliis</strong></span> <span class='ocrx_word' id='word_1_664' title='bbox 1528 2029 1702 2057; x_wconf 77' lang='lat' dir='ltr'><strong>vaticinatum</strong></span> 
     </span>
    </p>
   </div>
   <div class='ocr_carea' id='block_1_89' title="bbox 917 2074 1701 2106">
    <p class='ocr_par' dir='ltr' id='par_1_89' title="bbox 917 2074 1701 2106">
     <span class='ocr_line' id='line_1_89' title="bbox 917 2074 1701 2106; baseline 0 -4"><span class='ocrx_word' id='word_1_665' title='bbox 917 2083 987 2106; x_wconf 80' lang='lat' dir='ltr'><strong>esse.</strong></span> <span class='ocrx_word' id='word_1_666' title='bbox 1011 2079 1038 2102; x_wconf 85' lang='lat' dir='ltr'><strong>ct</strong></span> <span class='ocrx_word' id='word_1_667' title='bbox 1049 2075 1119 2102; x_wconf 88' lang='lat' dir='ltr'><strong>inter</strong></span> <span class='ocrx_word' id='word_1_668' title='bbox 1134 2075 1184 2101; x_wconf 80' lang='lat' dir='ltr'><strong>alia</strong></span> <span class='ocrx_word' id='word_1_669' title='bbox 1211 2074 1289 2102; x_wconf 58' lang='lat' dir='ltr'><strong>ludas</strong></span> <span class='ocrx_word' id='word_1_670' title='bbox 1304 2074 1405 2101; x_wconf 84' lang='lat' dir='ltr'><strong>dixisse</strong></span> <span class='ocrx_word' id='word_1_671' title='bbox 1430 2075 1509 2102; x_wconf 76' lang='lat' dir='ltr'><strong>haec:</strong></span> <span class='ocrx_word' id='word_1_672' title='bbox 1529 2085 1537 2100; x_wconf 79' lang='grc' dir='ltr'><strong>ι</strong></span> <span class='ocrx_word' id='word_1_673' title='bbox 1559 2075 1616 2102; x_wconf 84' lang='lat' dir='ltr'><strong>Non</strong></span> <span class='ocrx_word' id='word_1_674' title='bbox 1639 2075 1701 2103; x_wconf 84' lang='lat' dir='ltr'><strong>deti-</strong></span> 
     </span>
    </p>
   </div>
   <div class='ocr_carea' id='block_1_90' title="bbox 917 2120 1704 2157">
    <p class='ocr_par' dir='ltr' id='par_1_90' title="bbox 917 2120 1704 2157">
     <span class='ocr_line' id='line_1_90' title="bbox 917 2120 1704 2157; baseline 0.001 -9"><span class='ocrx_word' id='word_1_675' title='bbox 917 2122 970 2148; x_wconf 82' lang='lat' dir='ltr'><strong>ciet</strong></span> <span class='ocrx_word' id='word_1_676' title='bbox 983 2122 1108 2156; x_wconf 88' lang='lat' dir='ltr'><strong>princeps</strong></span> <span class='ocrx_word' id='word_1_677' title='bbox 1121 2129 1155 2149; x_wconf 87' lang='lat' dir='ltr'><strong>ex</strong></span> <span class='ocrx_word' id='word_1_678' title='bbox 1168 2121 1235 2148; x_wconf 80' lang='lat' dir='ltr'><strong>Juda</strong></span> <span class='ocrx_word' id='word_1_679' title='bbox 1248 2125 1276 2148; x_wconf 87' lang='lat' dir='ltr'><strong>et</strong></span> <span class='ocrx_word' id='word_1_680' title='bbox 1304 2120 1359 2147; x_wconf 84' lang='lat' dir='ltr'><strong>dux</strong></span> <span class='ocrx_word' id='word_1_681' title='bbox 1374 2128 1389 2147; x_wconf 92' lang='lat' dir='ltr'><strong>e</strong></span> <span class='ocrx_word' id='word_1_682' title='bbox 1404 2120 1551 2148; x_wconf 86' lang='lat' dir='ltr'><strong>femoribus</strong></span> <span class='ocrx_word' id='word_1_683' title='bbox 1570 2121 1638 2157; x_wconf 83' lang='lat' dir='ltr'><strong>ejus,</strong></span> <span class='ocrx_word' id='word_1_684' title='bbox 1655 2122 1704 2149; x_wconf 87' lang='lat' dir='ltr'><strong>do-</strong></span> 
     </span>
    </p>
   </div>
   <div class='ocr_carea' id='block_1_91' title="bbox 920 2167 1704 2202">
    <p class='ocr_par' dir='ltr' id='par_1_91' title="bbox 920 2167 1704 2202">
     <span class='ocr_line' id='line_1_91' title="bbox 920 2167 1704 2202; baseline 0 -8"><span class='ocrx_word' id='word_1_685' title='bbox 920 2177 968 2195; x_wconf 83' lang='lat' dir='ltr'><strong>nec</strong></span> <span class='ocrx_word' id='word_1_686' title='bbox 982 2168 1106 2195; x_wconf 85' lang='lat' dir='ltr'><strong>venerint</strong></span> <span class='ocrx_word' id='word_1_687' title='bbox 1122 2175 1183 2202; x_wconf 61' lang='lat' dir='ltr'><strong>(piae</strong></span> <span class='ocrx_word' id='word_1_688' title='bbox 1208 2167 1325 2201; x_wconf 85' lang='lat' dir='ltr'><strong>reposita</strong></span> <span class='ocrx_word' id='word_1_689' title='bbox 1345 2167 1487 2195; x_wconf 82' lang='lat' dir='ltr'><strong>sunt&#39;ei“.</strong></span> <span class='ocrx_word' id='word_1_690' title='bbox 1504 2177 1513 2193; x_wconf 72' lang='grc' dir='ltr'><strong>ι</strong></span> <span class='ocrx_word' id='word_1_691' title='bbox 1529 2167 1586 2195; x_wconf 88' lang='lat' dir='ltr'><strong>Hoc</strong></span> <span class='ocrx_word' id='word_1_692' title='bbox 1607 2167 1704 2194; x_wconf 81' lang='lat' dir='ltr'><strong>vatici-</strong></span> 
     </span>
    </p>
   </div>
   <div class='ocr_carea' id='block_1_92' title="bbox 919 2213 1704 2249">
    <p class='ocr_par' dir='ltr' id='par_1_92' title="bbox 919 2213 1704 2249">
     <span class='ocr_line' id='line_1_92' title="bbox 919 2213 1704 2249; baseline 0.001 -10"><span class='ocrx_word' id='word_1_693' title='bbox 919 2213 1113 2248; x_wconf 77' lang='lat' dir='ltr'><strong>ninmlegcnti,</strong></span> <span class='ocrx_word' id='word_1_694' title='bbox 1126 2214 1196 2248; x_wconf 90' lang='lat' dir='ltr'><strong>quod</strong></span> <span class='ocrx_word' id='word_1_695' title='bbox 1208 2215 1270 2242; x_wconf 87' lang='lat' dir='ltr'><strong>licet</strong></span> <span class='ocrx_word' id='word_1_696' title='bbox 1284 2222 1377 2242; x_wconf 86' lang='lat' dir='ltr'><strong>revera</strong></span> <span class='ocrx_word' id='word_1_697' title='bbox 1393 2215 1430 2242; x_wconf 88' lang='lat' dir='ltr'><strong>sit</strong></span> <span class='ocrx_word' id='word_1_698' title='bbox 1445 2213 1582 2248; x_wconf 85' lang='lat' dir='ltr'><strong>antiquius</strong></span> <span class='ocrx_word' id='word_1_699' title='bbox 1602 2213 1704 2249; x_wconf 82' lang='lat' dir='ltr'><strong>Moyse,</strong></span> 
     </span>
    </p>
   </div>
   <div class='ocr_carea' id='block_1_93' title="bbox 919 2258 1704 2294">
    <p class='ocr_par' dir='ltr' id='par_1_93' title="bbox 919 2258 1704 2294">
     <span class='ocr_line' id='line_1_93' title="bbox 919 2258 1704 2294; baseline 0 -9"><span class='ocrx_word' id='word_1_700' title='bbox 919 2266 933 2285; x_wconf 87' lang='lat' dir='ltr'><strong>a</strong></span> <span class='ocrx_word' id='word_1_701' title='bbox 952 2258 1042 2293; x_wconf 80' lang='lat' dir='ltr'><strong>Moyse</strong></span> <span class='ocrx_word' id='word_1_702' title='bbox 1058 2259 1147 2286; x_wconf 84' lang='lat' dir='ltr'><strong>tamen</strong></span> <span class='ocrx_word' id='word_1_703' title='bbox 1168 2260 1270 2286; x_wconf 88' lang='lat' dir='ltr'><strong>editntn</strong></span> <span class='ocrx_word' id='word_1_704' title='bbox 1294 2259 1442 2287; x_wconf 81' lang='lat' dir='ltr'><strong>inﬁdelium</strong></span> <span class='ocrx_word' id='word_1_705' title='bbox 1457 2259 1557 2294; x_wconf 85' lang='lat' dir='ltr'><strong>aliquis</strong></span> <span class='ocrx_word' id='word_1_706' title='bbox 1573 2258 1642 2286; x_wconf 87' lang='lat' dir='ltr'><strong>forte</strong></span> <span class='ocrx_word' id='word_1_707' title='bbox 1657 2266 1704 2286; x_wconf 92' lang='lat' dir='ltr'><strong>su-</strong></span> 
     </span>
    </p>
   </div>
   <div class='ocr_carea' id='block_1_94' title="bbox 919 2305 1706 2341">
    <p class='ocr_par' dir='ltr' id='par_1_94' title="bbox 919 2305 1706 2341">
     <span class='ocr_line' id='line_1_94' title="bbox 919 2305 1706 2341; baseline 0.001 -9"><span class='ocrx_word' id='word_1_708' title='bbox 919 2306 1082 2339; x_wconf 82' lang='lat' dir='ltr'><strong>spicabitur,</strong></span> <span class='ocrx_word' id='word_1_709' title='bbox 1101 2307 1151 2334; x_wconf 85' lang='lat' dir='ltr'><strong>hoc</strong></span> <span class='ocrx_word' id='word_1_710' title='bbox 1170 2307 1286 2339; x_wconf 90' lang='lat' dir='ltr'><strong>primum</strong></span> <span class='ocrx_word' id='word_1_711' title='bbox 1299 2305 1473 2333; x_wconf 84' lang='lat' dir='ltr'><strong>admirationi</strong></span> <span class='ocrx_word' id='word_1_712' title='bbox 1493 2307 1556 2338; x_wconf 85' lang='lat' dir='ltr'><strong>crit,</strong></span> <span class='ocrx_word' id='word_1_713' title='bbox 1569 2306 1706 2341; x_wconf 86' lang='lat' dir='ltr'><strong>quomodo</strong></span> 
     </span>
    </p>
   </div>
   <div class='ocr_carea' id='block_1_95' title="bbox 64 2345 863 2387">
    <p class='ocr_par' dir='ltr' id='par_1_95' title="bbox 64 2345 863 2384">
     <span class='ocr_line' id='line_1_95' title="bbox 64 2345 863 2384; baseline 0.005 -12"><span class='ocrx_word' id='word_1_714' title='bbox 64 2346 122 2372; x_wconf 72' lang='grc' dir='ltr'>ὑπὸ</span> <span class='ocrx_word' id='word_1_715' title='bbox 135 2345 276 2377; x_wconf 81' lang='grc' dir='ltr'>Μωῦσέως</span> <span class='ocrx_word' id='word_1_716' title='bbox 291 2346 424 2382; x_wconf 82' lang='grc' dir='ltr'>λεχθείσῃ,</span> <span class='ocrx_word' id='word_1_717' title='bbox 450 2347 589 2383; x_wconf 80' lang='grc' dir='ltr'>θαυμάσαι</span> <span class='ocrx_word' id='word_1_718' title='bbox 607 2348 650 2379; x_wconf 82' lang='grc' dir='ltr'>ἂν,</span> <span class='ocrx_word' id='word_1_719' title='bbox 667 2349 726 2380; x_wconf 87' lang='grc' dir='ltr'><strong>πῶς</strong></span> <span class='ocrx_word' id='word_1_720' title='bbox 746 2349 863 2384; x_wconf 80' lang='grc' dir='ltr'><strong>Μωῦσῆς</strong></span> 
     </span>
    </p>
   </div>
   <div class='ocr_carea' id='block_1_96' title="bbox 950 2345 1704 2387">
    <p class='ocr_par' dir='ltr' id='par_1_96' title="bbox 950 2353 1704 2387">
     <span class='ocr_line' id='line_1_96' title="bbox 950 2353 1704 2387; baseline 0.001 -9"><span class='ocrx_word' id='word_1_721' title='bbox 950 2359 1034 2387; x_wconf 80' lang='lat' dir='ltr'><strong>syses,</strong></span> <span class='ocrx_word' id='word_1_722' title='bbox 1049 2360 1110 2379; x_wconf 88' lang='lat' dir='ltr'><strong>cum</strong></span> <span class='ocrx_word' id='word_1_723' title='bbox 1131 2353 1284 2381; x_wconf 75' lang='lat' dir='ltr'><strong>Judzeorum</strong></span> <span class='ocrx_word' id='word_1_724' title='bbox 1297 2354 1351 2381; x_wconf 88' lang='lat' dir='ltr'><strong>sint</strong></span> <span class='ocrx_word' id='word_1_725' title='bbox 1367 2353 1507 2380; x_wconf 84' lang='lat' dir='ltr'><strong>duodecim</strong></span> <span class='ocrx_word' id='word_1_726' title='bbox 1525 2353 1619 2383; x_wconf 87' lang='lat' dir='ltr'><strong>tribus,</strong></span> <span class='ocrx_word' id='word_1_727' title='bbox 1633 2359 1704 2387; x_wconf 77' lang='lat' dir='ltr'><strong>pra:-</strong></span> 
     </span>
    </p>
   </div>
   <div class='ocr_carea' id='block_1_97' title="bbox 63 2391 866 2429">
    <p class='ocr_par' dir='ltr' id='par_1_97' title="bbox 63 2391 866 2429">
     <span class='ocr_line' id='line_1_97' title="bbox 63 2391 866 2429; baseline 0.005 -12"><span class='ocrx_word' id='word_1_728' title='bbox 63 2391 215 2426; x_wconf 78' lang='grc' dir='ltr'>δεδύνηται</span> <span class='ocrx_word' id='word_1_729' title='bbox 223 2393 372 2427; x_wconf 82' lang='grc' dir='ltr'>προειπεῖν,</span> <span class='ocrx_word' id='word_1_730' title='bbox 381 2393 421 2420; x_wconf 84' lang='grc' dir='ltr'>ὅτι</span> <span class='ocrx_word' id='word_1_731' title='bbox 431 2394 454 2419; x_wconf 85' lang='lat' dir='ltr'><strong>oi</strong></span> <span class='ocrx_word' id='word_1_732' title='bbox 463 2393 515 2420; x_wconf 81' lang='grc' dir='ltr'><strong>τῶν</strong></span> <span class='ocrx_word' id='word_1_733' title='bbox 530 2394 663 2420; x_wconf 84' lang='grc' dir='ltr'>Ἰουδαίων</span> <span class='ocrx_word' id='word_1_734' title='bbox 672 2394 866 2429; x_wconf 79' lang='grc' dir='ltr'>βασιλεύοντες,</span> 
     </span>
    </p>
   </div>
   <div class='ocr_carea' id='block_1_98' title="bbox 63 2437 869 2476">
    <p class='ocr_par' dir='ltr' id='par_1_98' title="bbox 63 2437 869 2476">
     <span class='ocr_line' id='line_1_98' title="bbox 63 2437 869 2476; baseline 0.006 -13"><span class='ocrx_word' id='word_1_735' title='bbox 63 2437 176 2464; x_wconf 65' lang='grc' dir='ltr'>δώδεκα</span> <span class='ocrx_word' id='word_1_736' title='bbox 192 2437 279 2464; x_wconf 84' lang='grc' dir='ltr'>οὐσῶν</span> <span class='ocrx_word' id='word_1_737' title='bbox 295 2438 384 2473; x_wconf 87' lang='grc' dir='ltr'>φυλῶν</span> <span class='ocrx_word' id='word_1_738' title='bbox 395 2440 423 2466; x_wconf 77' lang='grc' dir='ltr'>ὲν</span> <span class='ocrx_word' id='word_1_739' title='bbox 434 2440 534 2472; x_wconf 84' lang='grc' dir='ltr'>αὐτοῖς,</span> <span class='ocrx_word' id='word_1_740' title='bbox 551 2441 604 2467; x_wconf 81' lang='grc' dir='ltr'>ἀπὸ</span> <span class='ocrx_word' id='word_1_741' title='bbox 619 2441 668 2476; x_wconf 80' lang='grc' dir='ltr'>τῆς</span> <span class='ocrx_word' id='word_1_742' title='bbox 686 2441 768 2468; x_wconf 87' lang='grc' dir='ltr'>Ἰούδα</span> <span class='ocrx_word' id='word_1_743' title='bbox 784 2441 869 2476; x_wconf 79' lang='grc' dir='ltr'>φυλῆς</span> 
     </span>
    </p>
   </div>
   <div class='ocr_carea' id='block_1_99' title="bbox 107 2495 381 2529">
    <p class='ocr_par' dir='ltr' id='par_1_99' title="bbox 107 2495 381 2529">
     <span class='ocr_line' id='line_1_99' title="bbox 107 2495 381 2529; baseline 0.004 -6"><span class='ocrx_word' id='word_1_744' title='bbox 107 2496 131 2511; x_wconf 85' lang='grc'><strong>¹¹</strong></span> <span class='ocrx_word' id='word_1_745' title='bbox 150 2495 220 2523; x_wconf 85' lang='lat' dir='ltr'><strong>Gen.</strong></span> <span class='ocrx_word' id='word_1_746' title='bbox 243 2504 317 2529; x_wconf 75' lang='lat' dir='ltr'><strong>uix,</strong></span> <span class='ocrx_word' id='word_1_747' title='bbox 337 2498 381 2525; x_wconf 85' lang='lat' dir='ltr'><strong>l0.</strong></span> 
     </span>
    </p>
   </div>
   <div class='ocr_carea' id='block_1_100' title="bbox 107 2555 863 2591">
    <p class='ocr_par' dir='ltr' id='par_1_100' title="bbox 107 2555 863 2591">
     <span class='ocr_line' id='line_1_100' title="bbox 107 2555 863 2591; baseline 0.005 -9"><span class='ocrx_word' id='word_1_748' title='bbox 107 2555 170 2591; x_wconf 82' lang='grc'>(50)</span> <span class='ocrx_word' id='word_1_749' title='bbox 193 2556 265 2583; x_wconf 73' lang='lat' dir='ltr'><strong>&#39;Enri.</strong></span> <span class='ocrx_word' id='word_1_750' title='bbox 280 2556 393 2584; x_wconf 81' lang='lat' dir='ltr'><strong>Guietus</strong></span> <span class='ocrx_word' id='word_1_751' title='bbox 415 2558 516 2584; x_wconf 78' lang='lat' dir='ltr'><strong>mavult</strong></span> <span class='ocrx_word' id='word_1_752' title='bbox 532 2558 601 2584; x_wconf 82' lang='grc' dir='ltr'>ὑπό·</span> <span class='ocrx_word' id='word_1_753' title='bbox 619 2558 666 2585; x_wconf 86' lang='lat' dir='ltr'><strong>sed</strong></span> <span class='ocrx_word' id='word_1_754' title='bbox 682 2559 740 2591; x_wconf 68' lang='grc' dir='ltr'>ἐπί,</span> <span class='ocrx_word' id='word_1_755' title='bbox 757 2559 863 2591; x_wconf 83' lang='lat' dir='ltr'><strong>rectius.</strong></span> 
     </span>
    </p>
   </div>
   <div class='ocr_carea' id='block_1_101' title="bbox 67 2591 709 2622">
    <p class='ocr_par' dir='ltr' id='par_1_101' title="bbox 67 2591 709 2622">
     <span class='ocr_line' id='line_1_101' title="bbox 67 2591 709 2622; baseline 0.005 -5"><span class='ocrx_word' id='word_1_756' title='bbox 67 2595 101 2617; x_wconf 88' lang='lat' dir='ltr'><strong>ut</strong></span> <span class='ocrx_word' id='word_1_757' title='bbox 124 2592 267 2617; x_wconf 82' lang='lat' dir='ltr'><strong>adnotavit</strong></span> <span class='ocrx_word' id='word_1_758' title='bbox 284 2591 382 2619; x_wconf 81' lang='lat' dir='ltr'><strong>Millins</strong></span> <span class='ocrx_word' id='word_1_759' title='bbox 399 2593 430 2618; x_wconf 83' lang='lat' dir='ltr'><strong>ad</strong></span> <span class='ocrx_word' id='word_1_760' title='bbox 446 2593 538 2619; x_wconf 75' lang='lat' dir='ltr'><strong>Matth.</strong></span> <span class='ocrx_word' id='word_1_761' title='bbox 555 2601 650 2622; x_wconf 81' lang='lat' dir='ltr'><strong>xxvnt.</strong></span> <span class='ocrx_word' id='word_1_762' title='bbox 667 2594 709 2620; x_wconf 77' lang='grc'><strong>1⁵5.</strong></span> 
     </span>
    </p>
   </div>
   <div class='ocr_carea' id='block_1_102' title="bbox 107 2626 863 2663">
    <p class='ocr_par' dir='ltr' id='par_1_102' title="bbox 107 2626 863 2663">
     <span class='ocr_line' id='line_1_102' title="bbox 107 2626 863 2663; baseline 0.005 -11"><span class='ocrx_word' id='word_1_763' title='bbox 107 2626 168 2663; x_wconf 71' lang='lat'><strong>(5|)</strong></span> <span class='ocrx_word' id='word_1_764' title='bbox 190 2626 377 2663; x_wconf 70' lang='lat' dir='ltr'><strong>llmscltelius,</strong></span> <span class='ocrx_word' id='word_1_765' title='bbox 393 2628 557 2663; x_wconf 83' lang='grc' dir='ltr'>ποιήσαντα,</span> <span class='ocrx_word' id='word_1_766' title='bbox 581 2627 748 2661; x_wconf 77' lang='lat' dir='ltr'><strong>Spencerus.</strong></span> <span class='ocrx_word' id='word_1_767' title='bbox 771 2629 863 2656; x_wconf 86' lang='grc' dir='ltr'>δευσο-</span> 
     </span>
    </p>
   </div>
   <div class='ocr_carea' id='block_1_103' title="bbox 67 2662 864 2698">
    <p class='ocr_par' dir='ltr' id='par_1_103' title="bbox 67 2662 864 2698">
     <span class='ocr_line' id='line_1_103' title="bbox 67 2662 864 2698; baseline 0.004 -11"><span class='ocrx_word' id='word_1_768' title='bbox 67 2662 293 2698; x_wconf 53' lang='grc' dir='ltr'>ποιήσανταίεοιί</span> <span class='ocrx_word' id='word_1_769' title='bbox 303 2662 484 2698; x_wconf 30' lang='lat' dir='ltr'><strong>otnnesAms&#39;s”</strong></span> <span class='ocrx_word' id='word_1_770' title='bbox 500 2663 664 2695; x_wconf 81' lang='grc' dir='ltr'>ποιώσαντα,</span> <span class='ocrx_word' id='word_1_771' title='bbox 681 2669 763 2690; x_wconf 82' lang='lat' dir='ltr'><strong>tecte.</strong></span> <span class='ocrx_word' id='word_1_772' title='bbox 775 2665 864 2698; x_wconf 64' lang='lat' dir='ltr'><strong>Neque</strong></span> 
     </span>
    </p>
   </div>
   <div class='ocr_carea' id='block_1_104' title="bbox 67 2696 863 2733">
    <p class='ocr_par' dir='ltr' id='par_1_104' title="bbox 67 2696 863 2733">
     <span class='ocr_line' id='line_1_104' title="bbox 67 2696 863 2733; baseline 0.005 -11"><span class='ocrx_word' id='word_1_773' title='bbox 67 2696 146 2722; x_wconf 77' lang='lat' dir='ltr'><strong>enin.</strong></span> <span class='ocrx_word' id='word_1_774' title='bbox 163 2696 378 2733; x_wconf 75' lang='lat' dir='ltr'><strong>verisimileest</strong></span> <span class='ocrx_word' id='word_1_775' title='bbox 392 2696 536 2732; x_wconf 79' lang='lat' dir='ltr'><strong>Origenem</strong></span> <span class='ocrx_word' id='word_1_776' title='bbox 553 2698 588 2725; x_wconf 85' lang='lat' dir='ltr'><strong>ita</strong></span> <span class='ocrx_word' id='word_1_777' title='bbox 603 2699 645 2726; x_wconf 86' lang='lat' dir='ltr'><strong>his</strong></span> <span class='ocrx_word' id='word_1_778' title='bbox 666 2700 793 2726; x_wconf 83' lang='lat' dir='ltr'><strong>continue</strong></span> <span class='ocrx_word' id='word_1_779' title='bbox 817 2696 863 2733; x_wconf 78' lang='lat' dir='ltr'><strong>po-</strong></span> 
     </span>
    </p>
   </div>
   <div class='ocr_carea' id='block_1_105' title="bbox 70 2731 427 2766">
    <p class='ocr_par' dir='ltr' id='par_1_105' title="bbox 70 2731 427 2766">
     <span class='ocr_line' id='line_1_105' title="bbox 70 2731 427 2766; baseline 0.003 -9"><span class='ocrx_word' id='word_1_780' title='bbox 70 2733 166 2757; x_wconf 65' lang='lat' dir='ltr'><strong>suisse</strong></span> <span class='ocrx_word' id='word_1_781' title='bbox 186 2731 427 2766; x_wconf 79' lang='grc' dir='ltr'>δευσοποιήσαντα.</span> 
     </span>
    </p>
   </div>
   <div class='ocr_carea' id='block_1_106' title="bbox 88 2766 864 2806">
    <p class='ocr_par' dir='ltr' id='par_1_106' title="bbox 88 2766 864 2806">
     <span class='ocr_line' id='line_1_106' title="bbox 88 2766 864 2806; baseline 0.005 -14"><span class='ocrx_word' id='word_1_782' title='bbox 88 2802 93 2806; x_wconf 46' lang='grc'>.</span> <span class='ocrx_word' id='word_1_783' title='bbox 110 2766 378 2806; x_wconf 48' lang='grc' dir='ltr'>(δὴεὶξιαίαιςβίε</span> <span class='ocrx_word' id='word_1_784' title='bbox 388 2772 500 2806; x_wconf 69' lang='lat' dir='ltr'><strong>uterque</strong></span> <span class='ocrx_word' id='word_1_785' title='bbox 510 2768 668 2806; x_wconf 66' lang='lat' dir='ltr'><strong>Vaticanus,</strong></span> <span class='ocrx_word' id='word_1_786' title='bbox 680 2769 732 2795; x_wconf 90' lang='lat' dir='ltr'><strong>duo</strong></span> <span class='ocrx_word' id='word_1_787' title='bbox 745 2768 864 2806; x_wconf 67' lang='lat' dir='ltr'><strong>Anglic.I</strong></span> 
     </span>
    </p>
   </div>
   <div class='ocr_carea' id='block_1_107' title="bbox 70 2801 864 2837">
    <p class='ocr_par' dir='ltr' id='par_1_107' title="bbox 70 2801 864 2837">
     <span class='ocr_line' id='line_1_107' title="bbox 70 2801 864 2837; baseline 0.003 -10"><span class='ocrx_word' id='word_1_788' title='bbox 70 2802 170 2834; x_wconf 71' lang='lat' dir='ltr'><strong>sicque</strong></span> <span class='ocrx_word' id='word_1_789' title='bbox 179 2801 404 2837; x_wconf 62' lang='grc' dir='ltr'><strong>Ιεοιιῡιιιιὶὺὴ.ει].</strong></span> <span class='ocrx_word' id='word_1_790' title='bbox 413 2803 438 2829; x_wconf 91' lang='lat' dir='ltr'><strong>in</strong></span> <span class='ocrx_word' id='word_1_791' title='bbox 450 2801 547 2836; x_wconf 62' lang='lat' dir='ltr'><strong>mann,-</strong></span> <span class='ocrx_word' id='word_1_792' title='bbox 558 2804 602 2830; x_wconf 85' lang='lat' dir='ltr'><strong>sed</strong></span> <span class='ocrx_word' id='word_1_793' title='bbox 613 2804 638 2829; x_wconf 88' lang='lat' dir='ltr'><strong>in</strong></span> <span class='ocrx_word' id='word_1_794' title='bbox 650 2808 732 2837; x_wconf 76' lang='lat' dir='ltr'><strong>textu,</strong></span> <span class='ocrx_word' id='word_1_795' title='bbox 742 2804 864 2835; x_wconf 77' lang='grc' dir='ltr'>οἰκείαις.</span> 
     </span>
    </p>
   </div>
   <div class='ocr_carea' id='block_1_108' title="bbox 110 2836 706 2873">
    <p class='ocr_par' dir='ltr' id='par_1_108' title="bbox 110 2836 706 2873">
     <span class='ocr_line' id='line_1_108' title="bbox 110 2836 706 2873; baseline 0.005 -11"><span class='ocrx_word' id='word_1_796' title='bbox 110 2836 169 2868; x_wconf 74' lang='grc'>(55)</span> <span class='ocrx_word' id='word_1_797' title='bbox 185 2836 266 2863; x_wconf 79' lang='lat' dir='ltr'><strong>Libb.</strong></span> <span class='ocrx_word' id='word_1_798' title='bbox 281 2836 344 2863; x_wconf 76' lang='lat' dir='ltr'><strong>editi</strong></span> <span class='ocrx_word' id='word_1_799' title='bbox 358 2837 389 2863; x_wconf 70' lang='lat' dir='ltr'><strong>:Itl</strong></span> <span class='ocrx_word' id='word_1_800' title='bbox 408 2838 566 2873; x_wconf 73' lang='lat' dir='ltr'><strong>marginem,</strong></span> <span class='ocrx_word' id='word_1_801' title='bbox 588 2839 706 2873; x_wconf 66' lang='grc' dir='ltr'>νομίσαι.</span> 
     </span>
    </p>
   </div>
   <div class='ocr_carea' id='block_1_109' title="bbox 921 2397 1705 2436">
    <p class='ocr_par' dir='ltr' id='par_1_109' title="bbox 921 2397 1705 2436">
     <span class='ocr_line' id='line_1_109' title="bbox 921 2397 1705 2436; baseline 0 -11"><span class='ocrx_word' id='word_1_802' title='bbox 921 2397 1011 2426; x_wconf 82' lang='lat' dir='ltr'><strong>dicere</strong></span> <span class='ocrx_word' id='word_1_803' title='bbox 1027 2400 1144 2432; x_wconf 86' lang='lat' dir='ltr'><strong>potuerit</strong></span> <span class='ocrx_word' id='word_1_804' title='bbox 1161 2408 1223 2432; x_wconf 86' lang='lat' dir='ltr'><strong>eos,</strong></span> <span class='ocrx_word' id='word_1_805' title='bbox 1241 2402 1286 2435; x_wconf 93' lang='lat' dir='ltr'><strong>qui</strong></span> <span class='ocrx_word' id='word_1_806' title='bbox 1311 2401 1439 2436; x_wconf 85' lang='lat' dir='ltr'><strong>populum</strong></span> <span class='ocrx_word' id='word_1_807' title='bbox 1463 2400 1658 2435; x_wconf 75' lang='lat' dir='ltr'><strong>gubernarent,</strong></span> <span class='ocrx_word' id='word_1_808' title='bbox 1670 2405 1705 2425; x_wconf 77' lang='lat' dir='ltr'><strong>ex</strong></span> 
     </span>
    </p>
   </div>
   <div class='ocr_carea' id='block_1_110' title="bbox 924 2443 1706 2479">
    <p class='ocr_par' dir='ltr' id='par_1_110' title="bbox 924 2443 1706 2479">
     <span class='ocr_line' id='line_1_110' title="bbox 924 2443 1706 2479; baseline -0.001 -9"><span class='ocrx_word' id='word_1_809' title='bbox 924 2444 996 2471; x_wconf 87' lang='lat' dir='ltr'><strong>tribu</strong></span> <span class='ocrx_word' id='word_1_810' title='bbox 1009 2443 1077 2471; x_wconf 70' lang='lat' dir='ltr'><strong>Juda</strong></span> <span class='ocrx_word' id='word_1_811' title='bbox 1094 2445 1248 2473; x_wconf 81' lang='lat' dir='ltr'><strong>cx0rituros</strong></span> <span class='ocrx_word' id='word_1_812' title='bbox 1264 2453 1334 2479; x_wconf 88' lang='lat' dir='ltr'><strong>esse,</strong></span> <span class='ocrx_word' id='word_1_813' title='bbox 1351 2446 1422 2472; x_wconf 87' lang='lat' dir='ltr'><strong>unde</strong></span> <span class='ocrx_word' id='word_1_814' title='bbox 1436 2443 1589 2471; x_wconf 66' lang='lat' dir='ltr'><strong>Iudaeorum</strong></span> <span class='ocrx_word' id='word_1_815' title='bbox 1608 2449 1706 2470; x_wconf 88' lang='lat' dir='ltr'><strong>nomen</strong></span> 
     </span>
    </p>
   </div>
   <div class='ocr_carea' id='block_1_111' title="bbox 955 2557 1634 2595">
    <p class='ocr_par' dir='ltr' id='par_1_111' title="bbox 955 2557 1634 2595">
     <span class='ocr_line' id='line_1_111' title="bbox 955 2557 1634 2595; baseline -0.004 -9"><span class='ocrx_word' id='word_1_816' title='bbox 955 2559 1011 2595; x_wconf 64' lang='lat'><strong>(54)</strong></span> <span class='ocrx_word' id='word_1_817' title='bbox 1029 2559 1190 2595; x_wconf 75' lang='lat' dir='ltr'><strong>§peneerus,</strong></span> <span class='ocrx_word' id='word_1_818' title='bbox 1209 2559 1303 2594; x_wconf 78' lang='grc' dir='ltr'>μηδεὶς</span> <span class='ocrx_word' id='word_1_819' title='bbox 1318 2559 1339 2585; x_wconf 84' lang='grc' dir='ltr'>δ’</span> <span class='ocrx_word' id='word_1_820' title='bbox 1357 2557 1443 2595; x_wconf 58' lang='grc' dir='ltr'>υμῶν.</span> <span class='ocrx_word' id='word_1_821' title='bbox 1460 2557 1634 2595; x_wconf 30' lang='grc' dir='ltr'>μεεοζήμζν.</span> 
     </span>
    </p>
   </div>
   <div class='ocr_carea' id='block_1_112' title="bbox 955 2589 1708 2628">
    <p class='ocr_par' dir='ltr' id='par_1_112' title="bbox 955 2589 1708 2628">
     <span class='ocr_line' id='line_1_112' title="bbox 955 2589 1708 2628; baseline -0.004 -8"><span class='ocrx_word' id='word_1_822' title='bbox 955 2589 1010 2626; x_wconf 75' lang='grc'><strong>(55)</strong></span> <span class='ocrx_word' id='word_1_823' title='bbox 1029 2589 1070 2620; x_wconf 70' lang='grc' dir='ltr'>Τὲι</span> <span class='ocrx_word' id='word_1_824' title='bbox 1091 2589 1272 2628; x_wconf 52' lang='grc' dir='ltr'>ἀποκείμενα</span> <span class='ocrx_word' id='word_1_825' title='bbox 1294 2589 1387 2626; x_wconf 73' lang='grc' dir='ltr'><strong>αὐτῷ’.</strong></span> <span class='ocrx_word' id='word_1_826' title='bbox 1418 2589 1512 2628; x_wconf 51' lang='lat' dir='ltr'><strong>Cedet?</strong></span> <span class='ocrx_word' id='word_1_827' title='bbox 1539 2589 1663 2628; x_wconf 54' lang='lat' dir='ltr'><strong>Rei;in,</strong></span> 
     </span>
    </p>
   </div>
   <div class='ocr_carea' id='block_1_113' title="bbox 919 2624 1708 2662">
    <p class='ocr_par' dir='ltr' id='par_1_113' title="bbox 919 2624 1708 2662">
     <span class='ocr_line' id='line_1_113' title="bbox 919 2624 1708 2662; baseline -0.005 -5"><span class='ocrx_word' id='word_1_828' title='bbox 919 2624 1072 2657; x_wconf 74' lang='grc' dir='ltr'>ἀπόκειται.</span> <span class='ocrx_word' id='word_1_829' title='bbox 1090 2624 1267 2662; x_wconf 80' lang='lat' dir='ltr'><strong>Basilcensis,</strong></span> <span class='ocrx_word' id='word_1_830' title='bbox 1282 2629 1296 2654; x_wconf 83' lang='grc' dir='ltr'>ὃ</span> <span class='ocrx_word' id='word_1_831' title='bbox 1319 2624 1470 2655; x_wconf 86' lang='grc' dir='ltr'>ἀπόκειται.</span> <span class='ocrx_word' id='word_1_832' title='bbox 1495 2624 1623 2660; x_wconf 60' lang='grc' dir='ltr'><strong>[λοοιίόῷ</strong></span> <span class='ocrx_word' id='word_1_833' title='bbox 1640 2627 1708 2654; x_wconf 77' lang='grc' dir='ltr'>ἀπό-</span> 
     </span>
    </p>
   </div>
   <div class='ocr_carea' id='block_1_114' title="bbox 918 2662 1709 2698">
    <p class='ocr_par' dir='ltr' id='par_1_114' title="bbox 918 2662 1709 2698">
     <span class='ocr_line' id='line_1_114' title="bbox 918 2662 1709 2698; baseline -0.004 -7"><span class='ocrx_word' id='word_1_834' title='bbox 918 2673 1007 2691; x_wconf 85' lang='grc' dir='ltr'>κειται</span> <span class='ocrx_word' id='word_1_835' title='bbox 1024 2669 1065 2690; x_wconf 87' lang='lat' dir='ltr'><strong>est</strong></span> <span class='ocrx_word' id='word_1_836' title='bbox 1077 2664 1178 2697; x_wconf 65' lang='lat' dir='ltr'><strong>Aquilae</strong></span> <span class='ocrx_word' id='word_1_837' title='bbox 1187 2668 1214 2690; x_wconf 88' lang='lat' dir='ltr'><strong>et</strong></span> <span class='ocrx_word' id='word_1_838' title='bbox 1229 2664 1398 2698; x_wconf 74' lang='lat' dir='ltr'><strong>Symmachi;</strong></span> <span class='ocrx_word' id='word_1_839' title='bbox 1415 2663 1462 2690; x_wconf 87' lang='lat' dir='ltr'><strong>sed</strong></span> <span class='ocrx_word' id='word_1_840' title='bbox 1476 2670 1535 2689; x_wconf 89' lang='lat' dir='ltr'><strong>cum</strong></span> <span class='ocrx_word' id='word_1_841' title='bbox 1548 2662 1581 2698; x_wconf 68' lang='lat' dir='ltr'><strong>in</strong></span> <span class='ocrx_word' id='word_1_842' title='bbox 1594 2662 1709 2698; x_wconf 76' lang='lat' dir='ltr'><strong>quibus-</strong></span> 
     </span>
    </p>
   </div>
   <div class='ocr_carea' id='block_1_115' title="bbox 917 2696 1714 2731">
    <p class='ocr_par' dir='ltr' id='par_1_115' title="bbox 917 2696 1714 2731">
     <span class='ocr_line' id='line_1_115' title="bbox 917 2696 1714 2731; baseline -0.004 -5"><span class='ocrx_word' id='word_1_843' title='bbox 917 2701 977 2726; x_wconf 78' lang='lat' dir='ltr'><strong>dum</strong></span> <span class='ocrx_word' id='word_1_844' title='bbox 992 2698 1045 2726; x_wconf 77' lang='grc' dir='ltr'><strong>τῶν</strong></span> <span class='ocrx_word' id='word_1_845' title='bbox 1063 2700 1090 2725; x_wconf 93' lang='lat'><strong>0&#39;</strong></span> <span class='ocrx_word' id='word_1_846' title='bbox 1107 2696 1271 2724; x_wconf 83' lang='lat' dir='ltr'><strong>editionibtis</strong></span> <span class='ocrx_word' id='word_1_847' title='bbox 1285 2699 1459 2731; x_wconf 61' lang='lat' dir='ltr'><strong>reperiretur.</strong></span> <span class='ocrx_word' id='word_1_848' title='bbox 1474 2698 1536 2724; x_wconf 87' lang='lat' dir='ltr'><strong>hinc</strong></span> <span class='ocrx_word' id='word_1_849' title='bbox 1545 2696 1595 2723; x_wconf 86' lang='lat' dir='ltr'><strong>SS.</strong></span> <span class='ocrx_word' id='word_1_850' title='bbox 1611 2697 1714 2723; x_wconf 83' lang='lat' dir='ltr'><strong>Patres.</strong></span> 
     </span>
    </p>
   </div>
   <div class='ocr_carea' id='block_1_116' title="bbox 919 2730 1709 2767">
    <p class='ocr_par' dir='ltr' id='par_1_116' title="bbox 919 2730 1709 2767">
     <span class='ocr_line' id='line_1_116' title="bbox 919 2730 1709 2767; baseline -0.005 -6"><span class='ocrx_word' id='word_1_851' title='bbox 919 2735 996 2761; x_wconf 84' lang='lat' dir='ltr'><strong>modo</strong></span> <span class='ocrx_word' id='word_1_852' title='bbox 1015 2733 1048 2760; x_wconf 80' lang='grc' dir='ltr'>τὰ</span> <span class='ocrx_word' id='word_1_853' title='bbox 1066 2732 1232 2767; x_wconf 80' lang='grc' dir='ltr'>ἀποκείμενα</span> <span class='ocrx_word' id='word_1_854' title='bbox 1247 2730 1330 2767; x_wconf 76' lang='grc' dir='ltr'>αὐτῷ,</span> <span class='ocrx_word' id='word_1_855' title='bbox 1352 2730 1614 2766; x_wconf 76' lang='grc' dir='ltr'>ηιοάοῷἀπόκειται</span> <span class='ocrx_word' id='word_1_856' title='bbox 1631 2739 1709 2759; x_wconf 88' lang='lat' dir='ltr'><strong>usur-</strong></span> 
     </span>
    </p>
   </div>
   <div class='ocr_carea' id='block_1_117' title="bbox 919 2766 1708 2803">
    <p class='ocr_par' dir='ltr' id='par_1_117' title="bbox 919 2766 1708 2803">
     <span class='ocr_line' id='line_1_117' title="bbox 919 2766 1708 2803; baseline -0.003 -9"><span class='ocrx_word' id='word_1_857' title='bbox 919 2775 994 2803; x_wconf 79' lang='lat' dir='ltr'><strong>pant.</strong></span> <span class='ocrx_word' id='word_1_858' title='bbox 1013 2766 1267 2803; x_wconf 70' lang='lat' dir='ltr'><strong>Contenditantcyt</strong></span> <span class='ocrx_word' id='word_1_859' title='bbox 1282 2766 1403 2803; x_wconf 80' lang='lat' dir='ltr'><strong>Justinus</strong></span> <span class='ocrx_word' id='word_1_860' title='bbox 1430 2773 1535 2801; x_wconf 81' lang='lat' dir='ltr'><strong>martyr</strong></span> <span class='ocrx_word' id='word_1_861' title='bbox 1549 2768 1576 2794; x_wconf 90' lang='lat' dir='ltr'><strong>in</strong></span> <span class='ocrx_word' id='word_1_862' title='bbox 1595 2767 1708 2803; x_wconf 50' lang='lat' dir='ltr'><strong>Diali)ng</strong></span> 
     </span>
    </p>
   </div>
   <div class='ocr_carea' id='block_1_118' title="bbox 921 2798 1709 2838">
    <p class='ocr_par' dir='ltr' id='par_1_118' title="bbox 921 2798 1709 2838">
     <span class='ocr_line' id='line_1_118' title="bbox 921 2798 1709 2838; baseline -0.004 -8"><span class='ocrx_word' id='word_1_863' title='bbox 921 2798 978 2830; x_wconf 50' lang='lat' dir='ltr'><strong>lcum</strong></span> <span class='ocrx_word' id='word_1_864' title='bbox 1004 2799 1141 2838; x_wconf 78' lang='lat' dir='ltr'><strong>Tryp/rone</strong></span> <span class='ocrx_word' id='word_1_865' title='bbox 1161 2802 1223 2829; x_wconf 86' lang='lat' dir='ltr'><strong>illud</strong></span> <span class='ocrx_word' id='word_1_866' title='bbox 1238 2798 1260 2835; x_wconf 85' lang='grc' dir='ltr'><strong>ᾧ</strong></span> <span class='ocrx_word' id='word_1_867' title='bbox 1282 2801 1422 2838; x_wconf 74' lang='grc' dir='ltr'>ἀπόκειται</span> <span class='ocrx_word' id='word_1_868' title='bbox 1444 2798 1532 2838; x_wconf 57' lang='grc' dir='ltr'>γει-ειμι</span> <span class='ocrx_word' id='word_1_869' title='bbox 1543 2809 1616 2838; x_wconf 76' lang='lat' dir='ltr'><strong>_cssc</strong></span> <span class='ocrx_word' id='word_1_870' title='bbox 1638 2798 1709 2828; x_wconf 77' lang='lat' dir='ltr'><strong>LXX</strong></span> 
     </span>
    </p>
   </div>
   <div class='ocr_carea' id='block_1_119' title="bbox 923 2836 1569 2872">
    <p class='ocr_par' dir='ltr' id='par_1_119' title="bbox 923 2836 1569 2872">
     <span class='ocr_line' id='line_1_119' title="bbox 923 2836 1569 2872; baseline -0.003 -8"><span class='ocrx_word' id='word_1_871' title='bbox 923 2836 1079 2871; x_wconf 69' lang='lat' dir='ltr'><strong>lectionem,</strong></span> <span class='ocrx_word' id='word_1_872' title='bbox 1094 2845 1145 2865; x_wconf 91' lang='lat' dir='ltr'><strong>non</strong></span> <span class='ocrx_word' id='word_1_873' title='bbox 1160 2841 1248 2864; x_wconf 81' lang='lat' dir='ltr'><strong>autem</strong></span> <span class='ocrx_word' id='word_1_874' title='bbox 1259 2837 1292 2864; x_wconf 65' lang='grc' dir='ltr'>τὰ</span> <span class='ocrx_word' id='word_1_875' title='bbox 1305 2837 1472 2870; x_wconf 61' lang='grc' dir='ltr'>ἀποκείμενα</span> <span class='ocrx_word' id='word_1_876' title='bbox 1488 2836 1569 2872; x_wconf 79' lang='grc' dir='ltr'>αὐτῷ.</span> 
     </span>
    </p>
   </div>
  </div>
