1843 3097
149 125 200 154 ’139
875 139 876 142 π

1721 123 1770 150 ’160

145 191 236 212 natum
258 189 299 211 est
314 194 319 210 :
336 184 369 211 ab
381 192 432 210 una
448 184 519 210 tribu
538 192 620 216 penes
637 192 716 217 quam
733 191 842 217 regnum
856 192 871 210 e.

1043 182 1169 217 ηοέντες,
1193 182 1301 217 ἄρξουσι
1319 181 1366 207 τοῦ
1380 180 1459 207 λαοῦ·
1476 180 1514 207 Βιὺ
1527 181 1573 208 καὶ
1594 182 1608 207 ὀ
1628 182 1683 213 πᾶς
1708 181 1770 214 λαὸς

144 231 316 258 denominata
325 234 404 264 gente
411 229 493 264 369
503 230 636 256 universa.
654 229 709 256 lloc
722 230 802 257 etiam
812 231 871 256 adut

1042 227 1107 254 δαῖοι
1123 227 1308 262 ὀνομάζονται,
1323 227 1374 262 τῆς
1388 226 1580 262 βασιλευούσης
1596 227 1684 262 φυλῆς
1697 227 1769 259 ὅντες

144 275 217 302 bitur
246 273 377 301 candidus
392 274 463 300 illius
477 274 661 307 praedictionis
674 274 768 307 lector,
783 282 871 309 quomt

1042 281 1127 308 νυμοι.
1144 272 1200 298 Καὶ
1213 271 1338 307 δεύτερον
1351 272 1373 298 δ’
1384 271 1417 299 ἂν
1430 272 1566 307 θαυμάσαι
1587 272 1636 308 τὴν
1661 281 1769 308 προφη-

143 315 284 354 postquam
298 319 432 346 dixerate
449 319 519 346 tribu
542 318 610 346 Juda
638 320 769 347 oriundos
799 320 856 348 fore

1043 328 1053 344 ν
1067 319 1080 346 ὀ
1095 317 1272 352 εὐγνωμόνως
1291 318 1360 352 αὐτῇ
1374 317 1557 353 ἐντυγχάνων,
1574 318 1634 345 τίνα
1657 319 1770 354 τρόπον,

142 365 231 400 populi
248 365 385 399 principes
398 369 488 390 essent
504 371 535 391 ac
550 364 648 396 duces,
665 365 836 392 constituerit
856 365 869 394 ἱ,

1045 373 1063 390 ιν
1074 364 1126 390 ἀπὸ
1137 364 1186 399 τῆς
1194 363 1277 390 Ἰούδα
1304 363 1389 398 φυλῆς
1399 363 1506 390 ἔσεσθαι
1517 364 1579 395 τοὺς
1587 364 1720 399 ἄρχοντας
1727 366 1772 391 xui

141 412 284 445 potestatis
309 411 388 438 finem
417 411 458 437 his
487 410 598 437 verbis:
616 420 624 436 ι
647 410 704 438 Νοη
731 411 838 440 deﬁciet
854 419 868 446 ι]

1045 410 1112 442 ιόνας
1130 409 1176 436 τοῦ
1195 409 1269 442 λαοῦ,
1290 409 1387 444 ἔστησε
1402 410 1449 435 xui
1468 410 1498 436 τὸ
1518 409 1594 441 τέλος
1613 410 1665 444 τῆς
1688 411 1772 444 αὐτῆς

139 465 204 492 ceps
219 465 252 484 ex
272 457 339 485 Iuda
353 461 378 484 et
394 457 446 483 dux
463 463 478 482 e
500 456 646 483 femoribus
671 456 740 492 ejus,
773 457 859 487 donec

1043 456 1074 491 ig,
1092 455 1195 487 εἰπών,
1224 465 1233 481 ι
1257 456 1307 481 οὐκ
1328 455 1461 489 ἐκλείψειν
1486 455 1603 490 ἄρχοντα
1616 453 1646 487 ἔξ
1675 455 1770 487 Ἰούδα,

140 504 230 530 nerint
256 511 316 537 quae
338 503 453 536 reposita
480 507 545 529 suttt
561 503 603 534 ei;
630 508 656 530 et
680 503 736 537 ipse
762 509 867 537 exspecl

1044 502 1183 537 jyoduavov
1195 501 1227 527 ὲκ
1240 501 1293 528 τῶν
1311 501 1403 536 μηρῶν
1424 500 1506 528 αὑτοῦ
1518 521 1525 532 ,
1541 500 1594 532 ἓως
1608 500 1642 527 ἂν
1655 500 1721 536 ἕλθῃ
1738 501 1771 527 τὰ

138 549 258 582 gentium
268 548 301 574 ”.
318 557 326 573 ι
344 547 422 574 Venit
437 547 509 574 enim
525 547 569 574 cui
585 547 700 581 reposita
715 552 787 580 sunt,
800 548 863 575 Chri

1041 546 1144 582 ιείμενα
1226 546 1314 581 αὐτῷ·
1329 547 1375 573 καὶ
1390 546 1472 578 αὐτὸς
1488 546 1634 582 προσδοκία
1650 546 1747 573 ἐθνῶν.
1759 555 1768 572 ι

140 594 198 626 Dei.
212 594 421 629 promissionum
438 594 482 622 Dei
500 593 634 628 princeps.
654 593 734 621 Solus
760 594 804 627 ille
823 602 867 622 n0t

1041 592 1061 616 ie
1075 590 1128 626 γὰρ
1139 588 1161 625 ᾧ
1174 593 1230 617 ἐστι
1243 590 1276 617 τὰ
1293 591 1470 626 ἀποκείμενα,
1479 592 1492 618 ὁ
1505 591 1621 626 Χριστὸς
1633 591 1682 617 τοῦ
1691 591 1768 622 Θεοῦ,

140 641 174 667 iis
189 642 323 668 duntaxat
349 640 394 674 qui
421 645 485 666 ante
511 639 661 670 illnm.scd
677 642 769 672 etiam,
795 642 865 668 auda

1042 644 1095 670 χων
1108 635 1162 662 τῶν
1181 635 1350 670 ἐπαγγελιῶν
1370 635 1416 662 τοῦ
1435 636 1513 662 Θεοῦ.
1533 637 1586 662 Καὶ
1615 636 1711 670 σαφῶς
1727 637 1769 671 γέ-

139 687 239 716 «licam.
259 694 292 712 ex
316 686 349 713 iis
374 686 493 720 quipust
517 686 654 718 vixerunt,
672 685 733 718 fuit,
756 692 785 713 ut
813 695 865 714 mat

1043 691 1053 708 ν
1067 679 1142 713 οὗτος
1157 681 1236 717 μόνος
1251 681 1326 717 παρᾶ
1339 683 1402 713 τοὺς
1414 682 1467 718 πρὸ
1478 682 1560 708 αὐτοῦ
1575 683 1692 714 πάντας,
1710 683 1770 719 0αρ-

139 739 211 761 slum
224 738 274 765 est,
291 742 300 758 ι
317 733 482 767 exspectatio
499 733 628 767 gentium.
644 742 653 758 ι
671 732 792 762 Fuerunt
806 734 866 762 enin

1049 727 1070 754 δ’
1085 727 1117 754 ἂν
1134 726 1239 762 εἴποιμι
1260 727 1306 754 xui.
1330 727 1392 760 τοὺς
1410 728 1468 762 μετ’
1483 728 1563 754 αὑτὸν
1573 748 1581 760 ,
1596 737 1605 754 ι
1622 728 1769 763 προσδοκία

138 780 265 806 omnibus
283 779 418 814 gentibus,
436 779 481 813 qui
497 786 547 814 per
562 779 635 807 illum
659 779 714 807 Deo
726 781 865 809 crederent

1042 782 1059 798 ιν
1069 781 1075 787 ·
1100 782 1109 799 t
1125 772 1190 798 Ἀπὸ
1207 771 1262 807 γὰρ
1272 772 1380 799 πάντων
1395 773 1449 799 τῶν
1471 773 1554 800 ἐθνῶν
1569 773 1769 800 πεπιστεύκασι

137 829 232 858 gentes
249 825 273 851 in
289 825 347 859 ejus
362 825 470 852 nomine
495 832 569 858 spem
590 833 667 853 suam
694 825 863 854 collocareru

1041 819 1091 854 θεῷ
1106 819 1139 845 δι’
1156 818 1254 851 αὑτοῦ,
1279 819 1339 853 καὶ,
1354 819 1423 846 κατὰ
1442 819 1472 845 τὸ
1485 819 1630 854 είρημένον
1655 820 1710 847 ὑπὸ
1725 820 1768 847 τοῦ

137 869 208 903 quod
227 870 261 896 ab
283 869 352 896 Isaia
383 870 541 904 praedictum
557 870 646 898 fuerat
669 871 710 897 Itis
732 871 822 899 verbis
838 879 864 898 ιε

1043 865 1101 897 ιῖου,
1128 865 1174 891 ἐπὶ
1192 864 1230 899 τῷ
1251 865 1362 900 ὀνόματι
1385 864 1465 891 αὑτοῦ
1491 864 1553 899 ἔθνη
1570 865 1707 899 ἤλπισαν,
1734 866 1770 891 εί-

137 913 247 939 nontine
263 913 321 946 eius
336 919 430 948 gentes
449 914 638 948 sperabunt“.
658 924 666 940 ι
690 915 747 950 Ipse
769 921 811 944 est
826 924 859 950 qu

1041 919 1069 942 ος
1144 919 1151 925 ”
1166 920 1175 936 ι
1194 911 1255 937 Ἐπὶ
1265 910 1303 946 τῷ
1313 910 1424 945 ὀνόματι
1435 909 1517 937 αὐτοῦ
1527 910 1590 946 ἔθνη
1598 910 1765 939 amcitan

136 959 175 985 xit
191 959 223 985 iis
237 960 283 992 qtti
304 959 330 985 in
350 959 465 987 vinculis
487 964 567 986 erant
581 959 655 994 (nam
679 968 759 987 nemo
780 966 832 994 est.
857 970 863 988 ι

1042 964 1057 987 ς
1067 955 1095 981 δὲ
1108 955 1154 982 xui.
1169 953 1228 982 εἶπε
1244 956 1299 986 τοῖς
1315 955 1342 981 ἐν
1357 955 1481 990 δεσμοῖς,
1502 955 1570 981 καθὸ
1591 957 1700 990 σειραῖς
1717 955 1769 983 τῶν

135 1005 192 1031 suis
204 1006 323 1039 peccatis
334 1005 406 1033 velut
422 1007 526 1034 catenis
534 1007 746 1042 constringatur)
761 1014 768 1034 :
787 1017 796 1033 ι
810 1008 856 1035 Exi

1039 1000 1067 1027 οὔ
1075 1001 1216 1036 ἁμαρτιῶν
1224 1001 1337 1032 ἕκαστος
1346 1001 1499 1035 σφίγγεται,
1511 1001 1550 1033 τὸ,
1562 1011 1571 1026 ι
1592 1001 1745 1034 Ἐξὲλθετε,
1758 1011 1766 1027 ι

135 1056 162 1077 et
187 1051 230 1083 iis,
250 1051 297 1085 qui
311 1051 337 1078 itt
360 1052 510 1086 ignorantia
531 1062 537 1079 :
556 1062 565 1078 ι
585 1053 683 1080 Venite
706 1054 738 1080 ad
767 1054 862 1081 lucem‘

1040 1047 1087 1077 τοῖς
1101 1047 1129 1072 ἐν
1142 1047 1175 1081 τῇ
1196 1045 1307 1081 ἀγνοίᾳ,
1320 1045 1367 1076 τὸ,
1384 1055 1392 1070 ι
1414 1046 1460 1077 El;
1489 1046 1546 1080 φῶς
1572 1046 1662 1081 ἥκειν.
1689 1057 1699 1072 ›
1716 1047 1767 1073 Καὶ

137 1096 198 1123 lltrc
212 1097 285 1124 enim
302 1098 482 1131 praenuntiata
499 1098 608 1125 fuerant
622 1099 674 1125 hoc
701 1100 781 1126 modo
800 1108 807 1126 :
827 1109 836 1125 ι
855 1100 864 1126 i

1042 1100 1073 1118 υν
1086 1091 1157 1118 οὓτω
1178 1091 1421 1128 προφητευθέντων
1433 1101 1440 1107 ·
1464 1101 1472 1117 ι
1489 1092 1543 1118 Καὶ
1565 1092 1656 1119 ἐδωκά
1673 1101 1705 1119 σε
1729 1094 1769 1124 είς

136 1147 162 1169 te
180 1144 206 1170 in
224 1143 313 1170 foedus
329 1144 461 1178 gentium,
486 1149 516 1170 ut
528 1144 677 1171 suscitares
692 1150 793 1171 terram
819 1151 846 1173 et
862 1156 863 1162 ι

1042 1138 1102 1173 ᾖκην
1116 1137 1199 1164 ἐθνῶν
1209 1158 1215 1169 ,
1230 1137 1278 1163 τοῦ
1293 1138 1461 1172 καταστῆσαι
1477 1137 1526 1172 τὴν
1546 1138 1597 1172 γῆν
1609 1158 1615 1170 ,
1634 1139 1684 1164 xui.
1705 1138 1769 1173 κλη-

135 1189 241 1217 sideres
258 1190 430 1217 hatreditates
459 1190 619 1224 dissipatas,
639 1195 667 1217 ut
683 1190 789 1218 diceres
813 1191 854 1218 bis

1040 1183 1119 1218 αῆσαι
1142 1183 1323 1218 κληρονομίαν
1345 1184 1448 1218 ἐρήμου
1459 1203 1466 1214 ,
1484 1183 1597 1217 λέγοντα
1609 1185 1668 1215 τοῖς
1684 1184 1714 1210 ἐν
1727 1184 1767 1210 δε-

136 1235 220 1262 vincti
240 1240 304 1262 sunt
319 1245 325 1262 :
341 1235 432 1268 Exite;
448 1240 474 1262 et
494 1235 536 1262 his
556 1236 600 1270 qui
624 1237 649 1263 in
676 1237 795 1264 tenebris
810 1246 816 1264 :
833 1237 863 1264 Rt

1041 1239 1060 1262 ;,
1081 1229 1217 1262 Ἐξέλθετε
1238 1230 1303 1265 (58),
1323 1230 1435 1261 καὶτοῖς
1448 1230 1476 1256 ἐν
1498 1230 1600 1261 σκότει,
1620 1230 1768 1257 Ἀνακαλύ-

135 1280 270 1307 lamini".
288 1290 297 1306 ι
313 1280 345 1307 Ει
358 1281 448 1308 videre
472 1286 514 1308 est
529 1282 554 1308 in
574 1282 652 1315 hujus
670 1283 784 1309 adventu
810 1291 860 1318 pro

1040 1285 1067 1302 ·ε.
1089 1286 1098 1301 ›
1117 1276 1173 1302 Καὶ
1186 1275 1258 1302 ἐστιν
1276 1275 1339 1302 ίδεῖν
1349 1275 1395 1301 ἐπὶ
1405 1276 1437 1310 τῇ
1449 1274 1541 1301 τούτου
1558 1275 1714 1311 παρουσία,
1725 1275 1767 1302 διὰ

134 1333 181 1353 eos
206 1326 252 1360 qui
269 1326 368 1360 ubique
386 1332 521 1353 terrarqu
539 1328 698 1362 simpliciter
712 1328 835 1361 credunt,

1052 1319 1190 1355 πανταχοῦ
1211 1321 1260 1355 τῆς
1274 1319 1435 1355 οἰκουμένης
1455 1319 1638 1354 ἁπλούστερον
1660 1320 1767 1346 πιστεύ-

136 1377 190 1398 tum
207 1371 334 1398 habuisse
349 1371 412 1398 illud
427 1381 433 1397 :
452 1381 461 1396 ι
479 1372 566 1406 Super
587 1380 681 1400 otnnes
695 1373 752 1400 vias
765 1381 863 1407 pascen

1040 1376 1059 1400 ;,
1075 1367 1261 1402 πληρούμενον
1280 1366 1324 1392 τόι
1346 1376 1355 1391 ι
1375 1367 1430 1393 Καὶ
1449 1368 1477 1392 ὲν
1494 1367 1594 1398 πάσαις
1617 1367 1678 1397 ταῖς
1698 1366 1767 1397 ὁδοῖς

134 1422 161 1443 et
175 1417 203 1444 itt
216 1417 340 1444 omnibus
355 1418 461 1444 sentitis
476 1425 576 1452 pascua
596 1419 730 1446 eorum".
750 1429 760 1445 ι

1038 1413 1186 1449 ηθήσονται
1197 1432 1204 1441 .
1220 1413 1266 1438 καὶ
1282 1412 1311 1438 ὲν
1328 1412 1428 1443 πάσαις
1459 1413 1519 1443 ταῖς
1535 1411 1639 1447 τρίϐοις
1657 1413 1673 1446 ἡ
1695 1411 1765 1446 νομὴ

972 1458 1070 1485 αὐτῶν,
1088 1469 1097 1484 ο

168 1504 213 1531 ιιι.
235 1505 302 1536 Quia
328 1511 393 1531 vero
415 1503 525 1537 Celsus,
547 1504 593 1539 qui
618 1509 738 1532 nostram
770 1506 890 1533 doctrina

1038 1504 1089 1530 επεὶ
1103 1504 1132 1530 δὲ
1155 1504 1169 1529 ὀ
1189 1504 1421 1539 ἐπαγγελλόμενος
1442 1503 1540 1530 εἰδέναι
1560 1502 1595 1529 τὰ
1614 1502 1662 1529 τοῦ
1683 1502 1765 1537 λόγου

134 1550 184 1576 sibi
201 1550 307 1583 penitus
325 1554 496 1584 perspectam
516 1557 577 1578 esse
596 1551 756 1584 profitetur,
775 1559 858 1586 expro

1038 1559 1061 1577 τα
1075 1549 1178 1581 Κέλσος
1189 1550 1309 1581 ὀνειδίζει
1330 1549 1368 1584 τῷ
1381 1550 1486 1585 Σωτῆρι
1498 1549 1544 1575 ἐπὶ
1557 1549 1596 1584 τῷ
1613 1549 1709 1581 πάθει,
1728 1549 1765 1581 ὡς

135 1595 281 1627 Salvatori,
293 1596 373 1629 quod,
389 1595 453 1622 dunt
470 1600 620 1630 pateretur,
634 1596 683 1631 ipsi
696 1596 777 1625 Pater
787 1605 838 1625 non
852 1603 861 1626 t

1040 1595 1181 1631 οηθηϐέντι
1194 1596 1245 1622 ὑπὸ
1257 1595 1302 1622 τοῦ
1317 1595 1431 1631 Πατρὸς,
1445 1596 1461 1631 ἢ
1474 1595 1511 1630 μὴ
1522 1595 1663 1630 δυνηθέντι
1674 1594 1766 1630 ἐαυτῷ

135 1641 171 1668 rit
186 1640 327 1674 auxilium,
345 1645 391 1668 aut
405 1642 461 1675 ipse
478 1641 529 1669 sibi
545 1642 647 1669 auxilio
665 1650 725 1670 esse
747 1651 801 1671 non
831 1651 862 1678 po

1039 1642 1118 1677 ἧσαι,
1151 1641 1332 1677 παραθετὲον,
1356 1641 1396 1667 ὃτι
1417 1641 1447 1668 τὺ
1463 1641 1548 1672 πάθος
1576 1641 1660 1668 αὐτοῦ
1682 1649 1766 1676 προε-

134 1686 192 1718 t'it;
228 1686 443 1720 respondendum
468 1686 621 1720 passionem
652 1686 710 1720 ejus
740 1686 823 1714 fuisse
850 1695 861 1722 ῃ

1042 1687 1102 1714 ύετο
1122 1688 1189 1722 μετὰ
1209 1688 1258 1722 τῆς
1279 1687 1377 1718 αἰτίας,
1394 1687 1435 1713 ὅτι
1454 1687 1587 1722 χρήσιμον
1605 1684 1639 1721 ἦν
1659 1685 1765 1721 ἀνθρὼ-

135 1731 252 1764 dictant,
273 1739 322 1758 nec
340 1732 366 1759 id
385 1732 488 1764 solum,
514 1733 560 1760 sed
591 1733 673 1759 etiam
697 1733 831 1766 passionis
858 1743 862 1759 ι

1044 1734 1074 1759 τὸ
1097 1734 1197 1759 ἐκεῖνον
1219 1733 1288 1767 ὑπὲρ
1304 1732 1392 1759 αὐτῶν
1405 1733 1560 1763 ἀποθανεῖν,
1575 1732 1622 1758 καὶ
1641 1732 1764 1766 μώλωπα

134 1785 192 1804 sam
217 1787 223 1804 :
245 1784 342 1813 nempe
358 1779 420 1812 quia
440 1779 466 1805 itt
483 1786 540 1806 rem
563 1779 702 1806 hominum
724 1784 794 1813 erat,
817 1785 845 1807 ut

1037 1780 1079 1805 ἐπὶ
1094 1779 1132 1813 τῷ
1144 1778 1370 1805 καταδεδικάσθαι
1385 1778 1489 1804 παθεῖν.
1506 1777 1658 1812 Προεὶρητο
1673 1777 1703 1803 δὲ
1718 1777 1764 1802 καὶ

135 1821 189 1849 illis
203 1827 317 1849 mortem
335 1823 450 1855 subiret,
466 1828 494 1850 et
515 1824 659 1851 damnatus
684 1824 795 1853 vulnera
817 1833 862 1860 per

1036 1826 1188 1861 ξυνήσουσιν
1204 1825 1284 1852 αὐτὸν
1300 1825 1324 1851 οἱ
1340 1825 1393 1851 ἀπὸ
1412 1824 1463 1851 τῶν
1479 1823 1574 1855 ἐθνῶν,
1593 1825 1658 1858 παρ’
1674 1820 1716 1854 οἷς
1732 1822 1763 1848 οὐ

136 1871 187 1893 ret.
211 1867 373 1895 Prtedictunt
392 1876 499 1902 quoque
520 1873 562 1895 est
588 1867 655 1900 fore,
678 1873 706 1895 ut
730 1876 762 1897 ex
785 1869 863 1903 genti]

1037 1880 1111 1899 νασιν
1123 1872 1148 1898 oi.
1162 1871 1309 1906 προφῆται,
1325 1870 1371 1897 καὶ
1388 1869 1496 1896 λέλεκτο
1517 1870 1558 1895 ὅτι
1581 1866 1652 1900 εἶδος
1666 1868 1764 1903 ἄτιμον

134 1913 205 1946 apud
219 1921 287 1947 quas
300 1921 352 1940 non
370 1913 477 1941 fuerant
501 1914 648 1948 propheta,
669 1919 760 1942 essent
785 1915 830 1949 qui
846 1915 861 1942 il

1037 1917 1170 1953 νθρώποις
1191 1917 1351 1951 φαινόμενον
1367 1916 1435 1951 ἔχων
1457 1916 1615 1951 ὀφθήσεται.
1636 1914 1718 1941 Οὕτω
1740 1914 1764 1940 δ’

134 1965 326 1993 agnoscerent,
340 1960 470 1994 illumque
488 1962 559 1988 inter
573 1960 698 1990 homines
709 1962 796 1990 visum
811 1963 842 1990 iri
858 1972 861 1988 :

1039 1966 1056 2000 ἡ
1074 1964 1161 1997 λέξις·
1181 1973 1189 1989 ι
1217 1963 1281 1990 ’1δοῦ
1301 1963 1409 1998 συνήσει
1423 1963 1437 1988 ὁ
1458 1963 1522 1993 παῖς
1544 1970 1605 1996 μου,
1626 1960 1676 1987 καὶ
1690 1960 1764 1994 ὑψω-

132 2005 175 2031 eie
191 2012 251 2038 qua
264 2005 316 2032 illis
331 2007 529 2033 contemnenda
544 2007 691 2035 videretur.
716 2007 762 2035 Sic
774 2009 847 2035 enim

1037 2019 1096 2042 ται,
1125 2010 1171 2036 καὶ
1194 2009 1402 2044 δοξασθήσεται,
1432 2009 1479 2034 καὶ
1511 2007 1763 2042 μετεωρίσθήσεται

133 2050 198 2077 bent
236 2051 384 2085 prophetia:
412 2053 494 2079 verba
523 2061 529 2079 :
564 2062 573 2078 ι
599 2053 668 2080 Ecce
693 2053 827 2088 intelliget
852 2062 860 2089 ι

1037 2064 1080 2091 ρα.
1100 2056 1147 2081 ’·ον
1169 2055 1267 2090 τρόπον
1286 2055 1464 2089 ἐκστήσονται
1481 2053 1527 2079 ἐπὶ
1547 2053 1576 2078 σὲ
1596 2052 1701 2084 πολλοὶ,
1716 2052 1762 2078 οὓ-

134 2102 219 2126 meus,
244 2100 271 2122 et
296 2096 470 2130 exaltabitur,
485 2102 512 2124 et
529 2097 735 2131 glorificabitur,
755 2103 783 2125 et
795 2097 861 2126 subii

1036 2101 1158 2136 ἀδοξήσει
1174 2100 1227 2127 ἀπὸ
1243 2100 1392 2135 ἀνθρώπων
1405 2100 1434 2126 τὺ
1447 2098 1515 2131 εἶδός
1527 2107 1586 2131 σου,
1601 2099 1651 2126 xui.
1666 2101 1683 2134 ὴ
1700 2099 1763 2132 δόξα

133 2140 185 2167 erit
196 2140 282 2167 valde.
300 2140 377 2167 Sicut
387 2142 534 2176 stupebunt
559 2150 640 2176 super
654 2148 680 2170 te
696 2143 784 2175 multi,
809 2144 850 2171 sic

1035 2146 1084 2172 Ξιπὺ
1095 2145 1148 2171 τῶν
1165 2145 1212 2171 ἀνθ
1218 2145 1316 2180 ρώπων
1330 2145 1394 2179 (59).
1407 2144 1483 2171 Οὕτω
1496 2144 1683 2179 θαυμάσονται
1698 2144 1762 2180 ἔθνη

133 2185 217 2219 gloria
232 2186 285 2213 crit
299 2185 332 2213 :tb
344 2186 496 2214 hominibus
510 2189 613 2221 species
633 2193 688 2221 tua,
703 2194 729 2215 et
744 2189 828 2222 gloria
842 2194 860 2216 tt

1039 2191 1055 2218 ὰ
1064 2192 1106 2218 ἐπ’
1118 2192 1200 2227 αὐτῷ,
1214 2191 1259 2218 καὶ
1275 2190 1413 2222 συνὲξουσι
1430 2190 1548 2225 βασιλεῖς
1561 2191 1591 2217 τὸ
1606 2190 1697 2225 στόμα
1711 2191 1762 2217 αὐ-

134 2231 197 2257 tiliis
208 2231 360 2258 hominum.
375 2232 420 2258 Sic
442 2232 612 2260 mirabuntur
625 2239 719 2267 gentes
733 2235 822 2261 multa:
837 2243 859 2261 st

1036 2246 1040 2252 ·
1056 2238 1096 2263 ὅτι
1112 2234 1151 2268 οἷς
1168 2238 1218 2263 οὐκ
1231 2236 1366 2271 ἀνηγγέλη
1387 2236 1452 2271 περὶ
1465 2235 1557 2267 αὑτοῦ,
1575 2236 1699 2270 ὄψονται,
1715 2235 1763 2263 καὶ

133 2283 177 2308 eo,
192 2281 218 2302 et
231 2283 308 2310 reges
323 2277 499 2303 eontittehuttt
512 2286 542 2304 os
561 2287 657 2311 suum;
673 2280 736 2312 quia
751 2279 849 2313 quibus

1034 2283 1060 2309 5x
1073 2282 1218 2318 ἀκηκόασι,
1236 2283 1390 2317 συνήσουσι.
1404 2281 1500 2317 Κύριε,
1515 2281 1555 2312 τίς
1567 2282 1715 2308 ἐπίστευσε
1729 2283 1761 2317 τῇ

133 2326 174 2348 est
190 2321 379 2349 annuttliatum
394 2322 426 2349 de
437 2330 480 2354 eo,
495 2323 642 2355 videbunt;
655 2329 683 2351 et
697 2325 742 2357 qui
759 2332 810 2351 non
824 2333 860 2351 :tu

1032 2330 1039 2364 ᾗ
1052 2328 1130 2364 ἡμῶν
1141 2338 1147 2360 ;
1161 2329 1216 2354 Καὶ
1227 2329 1241 2354 ὁ
1254 2328 1372 2363 βραχίων
1385 2328 1486 2363 Κυρίου
1496 2328 1548 2353 τίνι
1560 2327 1759 2362 ἀπεκαλύφθη,

134 2372 215 2397 runt,
255 2367 414 2402 intelligent.
448 2368 572 2400 Domine,
598 2369 786 2403 quiscredidit
815 2379 861 2398 aut

1032 2375 1188 2409 γγγείλαμεν
1201 2374 1238 2406 ὡς
1249 2374 1354 2400 παιδίον
1367 2374 1484 2400 ἐναντίον
1497 2373 1590 2405 αὐτοῦ,
1601 2374 1641 2404 ὡς
1656 2374 1721 2409 ῥίζα
1733 2375 1759 2399 ἐν

133 2414 247 2440 nostro?
268 2414 301 2440 Et
326 2413 467 2441 brachium
500 2414 605 2441 Domini
627 2417 668 2441 cui
695 2416 860 2443 revelatum:

1032 2419 1132 2455 ῐιψώσῃ.
1146 2420 1203 2446 Οὐκ
1215 2419 1288 2446 ἐστιν
1299 2417 1368 2450 εἶδος
1381 2419 1455 2454 αὐτῷ
1468 2419 1534 2455 (60),
1547 2419 1608 2445 οὐδὲ
1618 2419 1681 2452 δόξα
1694 2428 1702 2435 ·
1715 2419 1759 2446 καὶ

133 2460 360 2487 Attnuntiavimus
376 2461 453 2496 quasi
477 2460 618 2494 parvulum
631 2461 656 2487 in
669 2468 814 2497 conspectu
835 2464 858 2498 ej

1030 2473 1076 2499 μεν
1088 2465 1177 2496 αὑτὸν,
1191 2466 1236 2491 καὶ
1247 2465 1296 2491 οὐκ
1310 2463 1381 2499 εἶχεν
1394 2464 1472 2497 εἶδος,
1489 2465 1548 2492 οὐδὲ
1563 2465 1663 2497 κάλλος
1672 2475 1678 2481 ·
1694 2466 1757 2493 ἀλλὰ

170 2538 192 2554 ³³
208 2538 274 2566 Gen.
292 2547 366 2573 xux,
379 2539 423 2566 10.
461 2538 483 2555 ’⁸
501 2538 562 2566 lsai.
574 2547 639 2572 xui,
653 2540 679 2567 4.
718 2541 740 2556 ³⁵
758 2541 808 2569 lsa.
827 2550 897 2575 xux1

718 2541 740 2556 ”
758 2541 808 2569 lsa.
827 2550 900 2575 xux,
917 2544 942 2570 υ.
983 2545 1004 2558 ’⁵
1017 2543 1082 2571 ibid.
1095 2543 1122 2577 8,
1139 2544 1165 2570 9.
1204 2544 1225 2559 "
1241 2543 1291 2571 lsa.
1308 2544 1417 2576 xmx,9.

169 2622 226 2659 (ξϐ)
240 2622 325 2659 ιζρᾱιι.
338 2621 407 2659 Reg.
420 2621 634 2659 etBasileensis.
652 2627 681 2659 ut
698 2630 790 2657 supra.
816 2658 819 2659 ν
968 2625 1076 2659 φθῆναι.

170 2657 226 2693 (57)
255 2657 478 2697 iimscltelius_in
507 2661 590 2697 testu,
611 2658 728 2690 εἰπόντι,
751 2658 822 2693 quod
845 2664 897 2686 recl

1031 2661 1057 2695 9)
1081 2660 1208 2696 Vulgatus
1237 2659 1383 2688 Bibliorum
1409 2663 1514 2693 textus,
1535 2660 1591 2687 ἀπὺ
1620 2662 1690 2689 υἱῶν
1714 2663 1756 2690 ἁν-

134 2690 617 2730 Spettcerusrejeeitadmarginem.
649 2727 718 2730 ΑΜ.
759 2690 766 2693 ”

364 2690 617 2730 :_i_t_ad_margit_tem.
649 2727 718 2730 ΑΜ.
759 2690 766 2693 ”
864 2727 870 2730 _
890 2728 896 2730 Α
966 2690 1091 2730 θρώπων.

170 2726 225 2768 (Ξξ8)
240 2726 318 2754 Libb.
342 2726 454 2768 editiad
472 2726 631 2768 marginem,
647 2727 784 2768 ἐξέλθατε,
801 2727 871 2762 quod
889 2728 896 2755 i

1030 2730 1055 2765 0)
1071 2730 1167 2768 ᾼὺτῷ,
1182 2729 1268 2768 Recte
1281 2730 1365 2768 codex
1390 2730 1563 2768 Basileensis.
1582 2730 1676 2768 Minus
1692 2733 1755 2758 bene

134 2762 325 2800 duoitusmss.
341 2761 598 2800 anglicanisprimo
608 2763 769 2800 Ctrslitilllldt)
794 2761 820 2789 et
839 2768 916 2800 utro-
963 2761 1028 2792 libb.
1045 2761 1119 2797 editi,
1137 2761 1229 2792 αὑτοῦ.
1255 2765 1336 2792 Paulo
1361 2771 1419 2800 post
1448 2765 1577 2800 Vulgatus
1606 2767 1754 2793 Bibliormn

134 2804 188 2836 que
200 2797 327 2836 \lttticano
340 2796 446 2836 legitur.
458 2798 566 2836 ibidem
683 2797 823 2836 liegiusct
839 2797 861 2823 Βη

1024 2808 1052 2827 us
1080 2796 1178 2834 habet,
1205 2800 1328 2828 ἐκλεῖπον
1353 2796 1426 2836 παρὰ
1454 2796 1514 2832 τοὺξ
1541 2801 1617 2833 υἱοὺς
1636 2802 1691 2828 τῶν
1711 2803 1751 2828 ἁν-

134 2831 232 2858 lcensis
249 2835 329 2862 recte,
347 2832 561 2864 ἀνακαλὺψθτιτε.
587 2832 663 2860 Libh.
681 2831 754 2860 editi.
780 2831 915 2859 ἀνακαλύ-
963 2834 1086 2866 ορώπων.
