1843 3097
74 145 119 172 761
694 147 834 176 ΕΟΝΠζΑ
852 160 853 167 ι

941 148 990 176 UM
1009 149 1072 176 LIB.
1091 149 1111 176 1.

1646 148 1697 176 7G2

71 205 100 229 τὺ
115 201 186 234 εἶδος
201 203 284 230 αὐτοῦ
299 204 394 239 ἄτιμον
411 205 457 231 καὶ
471 205 594 232 ἐκλεῖπον
609 206 683 241 παρὰ
696 206 799 237 πάντας
815 207 853 232 ἁν-

941 211 985 233 cut
1003 207 1079 233 radix
1096 207 1121 233 in
1140 213 1211 233 terra
1225 206 1338 234 sitienti.
1352 206 1410 233 Non
1422 211 1463 234 est
1479 196 1583 241 species
1597 206 1634 239 ei,
1649 216 1697 234 ne-

70 248 207 283 θρώπους.
226 249 384 285 Ἀνθρωπος
400 251 429 276 ὲν
443 250 532 286 πληγῇ
548 249 595 283 ὢν,
613 252 658 277 καὶ
675 250 752 282 εἰδὼς
767 251 859 285 φέρειν

72 297 219 332 μαλακίανθ
235 297 275 323 ὅτι
284 297 479 333 ἀπέστραπται
492 298 523 324 τὸ
537 298 681 334 πρόσωπον
695 297 788 330 αὑτοῦ,
802 299 860 333 ἡτι-

71 343 174 378 μὰσθη,
189 343 236 369 καὶ
248 344 298 370 οὐκ
315 343 451 380 ἐλογίσθη.
467 341 551 376 Οὗτος
567 345 616 376 τὰς
631 336 767 380 ἁμαρτίας
779 344 859 384 ήμῶν

69 389 158 424 φέρει,
167 389 216 415 καὶ
225 390 287 424 περὶ
300 389 377 424 ήμῶν
384 389 509 417 ὀδυνᾶται
519 398 526 405 ”
537 391 583 417 καὶ
591 391 669 425 ἡμεῖς
680 390 859 425 ἐλογισάμεθα

67 435 149 461 αὐτὸν
164 432 235 462 εἶναι
247 435 275 461 ἐν
287 435 360 469 πόνῳ
369 436 416 462 καὶ
427 437 455 462 ὲν
465 435 554 471 πληγῇ
566 436 612 462 καὶ
622 436 650 461 ὲν
661 434 795 462 κακώσει·
808 435 857 462 αὐ-

67 480 113 511 τὸς
129 481 157 507 δὲ
169 481 371 516 ὲτραυματίσθη
382 480 425 507 διὰ
439 481 488 513 τὰς
502 481 638 517 ἁμαρτίας
651 482 739 517 ἡμῶν,
754 481 799 508 καὶ
811 489 859 516 με-

68 526 235 562 μαλάκιοται
253 527 297 553 διὰ
313 526 362 558 τὰς
376 526 491 562 ἀνομίας
508 527 597 562 ἡμῶν.
620 527 731 554 Παιδεία
746 527 857 563 εἰρήνης

65 572 147 606 ἡμῶν
164 573 208 599 ἐπ’
229 572 319 605 αὐτὸν,
336 572 375 607 τῷ
397 571 510 607 μώλωπι
532 573 614 599 αὐτοῦ
632 574 711 608 ἡμεῖς
732 573 855 608 ὶάθημεν.

65 617 172 649 Πάντες
183 617 221 649 ὡς
236 617 360 653 πρόϐατα
373 617 508 654 ἐπλανήθη
513 627 571 653 μεν.
589 619 747 654 Ἀνθρωπος
760 620 792 655 τῇ
806 618 857 654 ὁδῷ

64 662 149 688 αὐτοῦ
169 661 318 697 ἐπλανήθη,
338 662 384 688 καὶ
402 662 504 698 Κύριος
523 663 682 698 παρέδωκεν
699 663 779 690 αὑτὸν
798 667 856 696 ταῖς

64 707 214 743 ἁμαρτίαις
233 707 322 742 ἡμῶν,
341 708 388 734 καὶ
405 708 484 739 αὐτὸς
501 708 544 735 διὰ
564 709 595 735 τὸ
617 710 788 737 κεκακῶσθαι
806 711 856 737 οὐκ

63 752 168 786 ἀνοίγει
187 752 217 779 τὸ
239 754 324 788 στόμα
343 753 435 780 αὐτοῦ.
455 753 516 789 [Ὡς
533 754 667 790 πρόϐατον
683 755 729 781 ἐπὶ
750 755 856 791 σφαγὴν

62 798 146 833 ἧχοη,
162 797 210 824 καὶ
220 798 257 829 ὼς
272 798 356 833 ἀμνὸς
368 799 423 834 (61)
439 799 559 826 ἐναντίον
573 799 620 826 τοῦ
633 800 768 836 κείροντος
782 801 855 835 ἁφω-

62 851 117 876 νος,
137 843 223 875 οὕτως
240 845 289 870 οὐκ
303 845 404 878 ἀνοίγει
421 844 452 870 τὸ
463 845 549 880 στόμα
563 845 677 881 αὐτοῦ.]
695 847 738 873 Ἐν
758 848 790 882 τῇ
808 856 855 872 τα-

62 889 193 915 πεινώσει
211 889 292 916 αὐτοῦ
309 891 325 925 ή
343 891 432 926 κρίσις
448 890 529 918 αὑτοῦ
546 891 625 927 ἤρθη.
646 891 700 927 Τὴν
717 892 745 918 δὲ
758 892 854 926 γενεὰν

60 933 146 960 αὑτοῦ
159 934 201 965 τίς
213 934 388 970 διηγήσεται;
403 935 463 961 ’Ότι
474 936 578 971 αἴρεται
588 936 642 963 ἀπὸ
653 936 701 971 τῆς
709 936 785 971 γῆςή
798 937 852 971 ζωὴ

59 979 157 1011 αὐτοῦ,
172 980 228 1006 ἁπὺ
241 980 295 1007 τῶν
308 981 427 1016 ἀνομιῶν
437 981 483 1008 τοῦ
496 981 561 1008 λαοῦ
576 990 625 1017 μου
638 982 708 1017 ἢχθη
720 984 759 1014 εἰς
771 983 853 1009 Θάνα-

57 1034 144 1052 τον.»

93 1114 249 1150 Μέμνημαι
269 1114 297 1141 δέ
312 1124 387 1148 ποτε,
402 1115 430 1142 ἐν
449 1123 502 1142 τινι
522 1115 590 1150 πρὸς
610 1115 672 1147 τοὺς
692 1115 853 1150 λεγομένους

57 1159 135 1195 παρὰ
156 1159 292 1192 Ἰουδαίοις
313 1161 408 1196 σοφοὺς
425 1160 578 1196 ὲνζητήσει,
592 1161 653 1192 ταῖς
675 1161 853 1196 προφητείαις

55 1205 175 1237 ταύταις
200 1206 384 1242 χρησάμενος·
415 1207 457 1242 ἐφ’
485 1205 526 1239 οἷς
551 1206 642 1241 ἔλεγεν
668 1207 682 1232 ό
716 1207 850 1239 Ἰουδαῖος,

55 1250 145 1277 ταῦτα
164 1251 406 1286 πεπροφητεῦσθαι
421 1252 458 1283 ὡς
476 1252 539 1287 περὶ
559 1252 618 1283 ἑνὸς
635 1251 681 1278 τοῦ
698 1251 758 1279 ὅλου
774 1252 851 1284 λαοῦ,

54 1296 102 1322 καὶ
123 1297 274 1332 γενομένου
296 1298 325 1323 ὲν
345 1298 376 1332 τῇ
397 1297 540 1332 διασπορᾷ,
564 1298 609 1324 καὶ
627 1297 783 1332 πληγέντος,
809 1299 852 1325 ἴνα

54 1341 151 1368 πολλοὶ
177 1342 341 1378 προσήλυτοι
357 1343 498 1377 γένωνται,
519 1344 551 1379 τῇ
568 1343 702 1378 προφάσει
719 1343 765 1370 τοῦ
789 1345 852 1370 ἐπε-

54 1387 182 1422 σπάρθαι
201 1387 412 1419 Ἰουδαίουςητοῖς
425 1387 530 1419 πολλοῖς
540 1387 595 1422 (62)
607 1387 705 1418 ἔθνεσι,
719 1388 766 1414 καὶ
781 1388 852 1415 οὕτω

51 1432 180 1467 διηγεῖτο
191 1432 231 1464 τὸ,
243 1442 251 1457 ι
275 1431 410 1467 Ἀδοξήσει
423 1432 476 1458 ἀπὸ
488 1431 637 1467 ἀνθρώπων
645 1432 675 1458 τὸ
688 1429 756 1464 εἶδός
769 1440 826 1459 σου·
839 1442 848 1458 ι

51 1478 101 1504 καὶ
121 1478 165 1509 τὺ,
185 1487 194 1503 ι
213 1475 260 1509 Οἷς
276 1478 326 1503 οὐκ
341 1477 477 1513 ἀνηγγέλη
495 1477 559 1512 περὶ
575 1476 667 1509 αὐτοῦ,
688 1476 814 1511 ὄψονται·
839 1486 849 1502 ι

51 1524 100 1549 καὶ
120 1523 161 1555 τὸ,
184 1532 194 1548 ι
216 1523 374 1559 Ἀνθρωπος
389 1524 417 1550 ὲν
433 1523 523 1558 πληγῇ
538 1522 584 1549 ὥν.
604 1533 613 1549 ι
629 1523 718 1549 Πολλὰ
737 1523 787 1558 μὲν
803 1521 850 1549 οὖν

49 1569 108 1595 τότ’
126 1569 158 1595 ὲν
174 1569 208 1603 τῇ
230 1568 340 1604 ζητήσει
356 1569 489 1601 λέλεκται,
506 1569 539 1595 τὰ
557 1569 710 1604 ἐλέγχοντα,
727 1569 768 1596 ὄτι
785 1569 848 1605 περί

49 1622 125 1645 τινος
143 1613 206 1645 ἑνὸς
220 1613 306 1640 ταῦτα
321 1614 545 1649 προφητευόμενα
556 1614 606 1640 οὐκ
619 1614 736 1648 εὐλόγως
751 1616 848 1641 ἐκεῖνοι

49 1659 207 1693 ἀνάγουσιν
221 1659 268 1685 ἐπὶ
277 1658 336 1686 ὅλον
352 1659 397 1685 τὸν
410 1658 483 1685 λαόν.
505 1658 707 1694 Ἐπυνθανὸμην
724 1659 762 1691 δὲ,
779 1659 849 1691 τίνος

48 1704 84 1731 ἂν
104 1705 151 1740 εἴη
171 1704 318 1740 πρόσωπον
335 1705 365 1731 τὸ
381 1705 473 1740 λέγον·
502 1715 511 1731 ι
536 1702 621 1737 Οὗτος
642 1705 690 1737 τὰς
712 1705 849 1740 ἁμαρτίας

47 1749 133 1785 ἡμῶν
161 1749 251 1785 φέρει,
273 1750 320 1776 καὶ
344 1751 408 1786 περὶ
431 1751 509 1786 ἡμῶν
532 1751 673 1778 ὀδυνᾱταν
703 1761 712 1777 ι
739 1752 785 1778 καὶ
807 1751 848 1783 τὸ,

50 1805 59 1821 ι
82 1796 180 1827 Αίιτὸς
196 1795 224 1821 δὲ
245 1796 447 1831 ὲτραυματίσθη
469 1797 513 1824 διὰ
535 1797 586 1829 τὰς
605 1797 742 1832 ἁμαρτίας
758 1797 847 1832 ἡμῶν,

47 1842 97 1868 καὶ
115 1841 323 1877 μεμαλάκισται
338 1841 382 1868 διὰ
394 1841 442 1873 τὰς
455 1842 569 1877 ἀνομίας
581 1842 669 1877 ἡμῶν·
688 1852 697 1868 ι
718 1843 764 1868 καὶ
779 1841 849 1873 τίνος

46 1887 205 1922 πρόσωπον
221 1884 254 1922 ἦν
268 1886 297 1912 τὸ
315 1887 428 1921 φάσκον,
447 1896 457 1912 ‹
478 1887 522 1922 Τῷ
541 1887 654 1923 μώλωπι
667 1887 750 1914 αὑτοῦ
769 1889 849 1923 ήμεῖς

47 1933 185 1969 ἱὰοημεν.
205 1942 215 1958 ι
235 1932 331 1967 Σαφῶς
344 1933 398 1968 γὰρ
412 1934 435 1959 οἰ
452 1933 481 1960 ὲν
493 1935 552 1965 ταῖς
569 1934 716 1969 ἁμαρτίαις
736 1934 851 1969 γενόμε-

45 1989 98 2011 νοι,
115 1979 167 2005 καὶ
185 1978 303 2010 ῐαοέντες
317 1979 349 2004 ὲκ
363 1978 409 2005 τοῦ
422 1979 467 2005 τὸν
480 1979 595 2014 Σωτῆρα
606 1979 781 2011 πεπονθέναι,
799 1979 848 2005 εἴτ’

42 2025 103 2052 ἀπὸ
129 2024 183 2051 τοῦ
207 2024 271 2051 λαοῦ
290 2024 404 2056 ἐκείνου,
428 2024 483 2050 εἴτε
508 2024 555 2051 καὶ
571 2025 596 2051 οἱ
616 2025 669 2051 ἀπὸ
688 2024 741 2051 τῶν
753 2023 848 2056 ἐθνῶν,

42 2071 138 2097 ταῦτα
155 2070 268 2104 λέγουσι
287 2070 361 2106 παρὰ
377 2070 417 2105 τῷ
441 2071 566 2106 προφήτῃ
589 2070 785 2106 προεωρακότι,
803 2070 850 2096 καὶ

42 2116 103 2142 ἀπὸ
121 2114 174 2141 τοῦ
193 2114 272 2148 ἁγίου
294 2114 450 2150 Πνεύματος
463 2115 549 2141 ταῦτα
566 2115 847 2151 προσωποποιήσαντι.

43 2162 185 2188 Μάλιστα
198 2161 221 2187 δ’
237 2160 365 2196 ἐδόξαμεν
378 2160 479 2188 (θλίϐειν
496 2160 550 2188 ἀπὸ
564 2161 614 2196 τῆς
629 2161 787 2198 φασκούσης
804 2162 849 2188 λέ-

910 259 963 286 que
978 252 1079 286 gloria;
1099 258 1125 279 et
1141 252 1256 279 vidimus
1279 259 1352 284 eum.
1370 257 1398 279 et
1420 260 1473 280 non
1504 252 1619 280 habebat
1632 260 1691 288 spe-

910 297 990 328 ciem,
1006 304 1093 331 neque
1106 297 1246 331 decorem;
1262 299 1308 326 sed
1328 299 1432 332 species
1451 298 1533 333 370
1547 299 1605 333 ejus
1618 298 1696 326 inho-

910 348 1004 370 norata
1020 347 1048 370 et
1061 343 1189 371 deﬁciens
1203 351 1257 377 prae
1280 345 1406 372 omnibus
1430 337 1595 372 hominibus.
1608 344 1695 372 Homo

910 389 936 415 iit
953 388 1029 423 plaga
1044 388 1160 423 positus,
1180 393 1207 416 et
1221 389 1310 416 sciens
1322 389 1394 416 ferre
1413 389 1596 417 inﬁrmitatem
1610 398 1618 423 ;
1630 390 1693 425 quia

909 441 1004 460 aversa
1023 437 1065 460 est
1090 433 1174 460 facies
1197 433 1273 468 ejus,
1299 434 1424 468 despecta
1446 437 1537 460 etnon
1559 438 1693 466 reputata.

908 480 962 506 Iste
976 484 1087 514 peccata
1114 483 1209 506 nostra
1226 483 1327 513 portat,
1346 485 1374 506 et
1397 486 1445 514 pro
1464 479 1541 507 nobis
1561 479 1648 511 dolet;
1666 483 1693 506 et

908 533 956 552 nos
971 525 1158 560 reputavimus
1171 532 1232 552 eum
1249 531 1310 552 esse
1323 524 1349 552 in
1362 524 1462 554 labore.
1479 528 1506 551 et
1523 524 1547 550 in
1564 524 1652 559 plaga,
1666 527 1695 551 et

907 572 933 598 in
951 571 1115 604 afﬂictione;
1138 571 1195 605 ipse
1216 575 1307 597 autem
1334 570 1495 598 vulneratus
1519 574 1561 596 est
1584 574 1694 604 propter

908 622 1017 652 peccata
1034 622 1136 648 nostra,
1151 622 1178 644 et
1191 616 1346 643 inﬁrmatus
1358 620 1398 643 est
1412 619 1525 650 propter
1536 615 1694 649 iniquitates

908 668 1021 689 nostras.
1044 661 1190 696 Disciplina
1209 662 1284 696 pacis
1300 665 1400 688 nostra:
1420 667 1501 694 super
1512 667 1585 693 eum,
1609 659 1694 686 livore

906 708 963 740 ejus
979 708 1066 735 sanati
1086 715 1190 735 sumus.
1210 707 1311 735 Omnes
1335 707 1414 741 qttasi
1432 707 1500 733 oves
1530 705 1690 733 erravimus.

906 752 1028 779 llontoin
1042 753 1084 779 via
1099 760 1147 780 sua
1161 752 1273 785 erravit,
1292 756 1320 780 et
1342 751 1472 778 Dominus
1491 750 1604 778 tradidit
1628 757 1692 777 eum

905 800 1015 830 propter
1030 795 1187 830 iniquitates
1200 801 1317 829 nostras,
1331 800 1358 823 et
1371 795 1428 829 ipse
1443 799 1554 830 propter
1567 793 1692 822 aﬁlictio-

906 849 965 868 nem
981 848 1033 868 non
1051 842 1139 876 aperit
1151 849 1181 868 os
1195 850 1284 870 suum.
1296 842 1438 869 Sicutovis
1447 841 1479 868 ad
1493 841 1628 868 victimam
1642 841 1693 868 du-

906 894 966 915 ctus
982 894 1034 920 eS|,
1048 893 1075 915 et
1091 889 1169 922 quasi
1182 896 1267 922 agnus
1286 895 1378 915 coram
1395 888 1522 916 tondente
1537 891 1638 919 mutus,
1653 887 1693 913 sic

907 941 960 960 non
979 935 1101 968 aperilos
1110 942 1198 960 suum.
1214 934 1239 960 In
1254 934 1404 961 humilitate
1414 933 1545 967 judicium
1557 932 1614 967 ejus
1627 932 1693 960 sub-

908 979 989 1006 latum
1003 985 1054 1006 est.
1068 978 1279 1006 Genet-alionem
1297 979 1355 1014 ejus
1371 979 1433 1013 quis
1446 978 1586 1006 enarrabit
1597 977 1608 1004 9
1621 977 1691 1010 Quia

907 1024 1056 1051 tolliturde
1067 1029 1139 1051 terra
1154 1024 1209 1051 vita
1222 1024 1298 1058 ejus;
1321 1028 1431 1058 propter
1460 1022 1615 1058 iniquitates
1643 1029 1692 1057 po-

907 1069 961 1104 puli
979 1069 1031 1096 mei
1047 1069 1144 1096 ductus
1162 1074 1204 1096 est
1215 1070 1248 1096 ad
1261 1073 1374 1096 mortem
1382 1069 1415 1096 “‘.
1430 1077 1440 1094 ι

941 1114 984 1142 55.
1000 1114 1109 1142 Memini
1124 1121 1166 1141 me
1180 1114 1256 1146 olim,
1281 1122 1343 1140 cttttt
1370 1114 1536 1148 disputarem
1560 1113 1693 1142 adversus

906 1161 968 1188 illos
979 1167 1011 1187 ex
1026 1159 1126 1187 Judmis
1142 1161 1187 1195 qui
1216 1161 1351 1195 sapientes
1373 1164 1516 1192 vocantur,
1529 1167 1607 1187 usum
1628 1167 1690 1187 esse

907 1206 959 1233 illis
977 1206 1125 1234 vaticiniis.
1150 1206 1254 1239 Quibus
1281 1214 1351 1234 unus
1375 1213 1409 1233 ex
1432 1207 1472 1233 eis
1497 1206 1628 1240 reposuit,
1645 1205 1690 1232 illa

906 1254 1078 1289 intelligenda
1092 1261 1152 1281 esse
1167 1255 1201 1281 de
1221 1263 1276 1282 uno
1291 1262 1378 1290 eoque
1397 1255 1504 1289 integro
1524 1253 1632 1288 populo,
1650 1253 1691 1280 di-

905 1307 998 1334 Sperso
1010 1303 1037 1326 et
1049 1307 1191 1334 percusso,
1204 1305 1234 1326 ut
1243 1300 1388 1327 occasione
1399 1299 1577 1334 dispersionis
1587 1297 1691 1325 Judaeu—

906 1353 964 1372 rutn
977 1344 1049 1372 inter
1067 1344 1197 1379 plurimas
1211 1350 1306 1378 gentes
1319 1344 1394 1371 multi
1410 1344 1538 1379 prosclyti
1569 1344 1664 1370 ﬁerent
1681 1351 1688 1375 ;

906 1395 989 1424 atque
1013 1390 1049 1415 ita
1075 1389 1308 1423 interpretabatur
1328 1388 1392 1416 illud
1408 1395 1414 1415 :
1430 1398 1439 1414 ι
1454 1388 1570 1423 lngloria
1588 1388 1641 1415 erit
1656 1387 1690 1414 ab

905 1435 1059 1462 hominibus
1079 1435 1183 1469 species
1199 1438 1261 1464 tua:
1279 1444 1288 1460 ι
1303 1440 1331 1462 et
1346 1434 1429 1462 illud:
1441 1443 1451 1460 ς
1467 1434 1570 1467 Quibus
1583 1441 1634 1460 non
1647 1438 1691 1460 est

904 1481 1092 1508 annuntiatum
1106 1481 1138 1507 de
1147 1487 1190 1512 eo,
1207 1480 1348 1514 videbunt;
1366 1489 1375 1505 ι
1391 1485 1418 1508 et
1434 1480 1497 1507 illud
1511 1489 1518 1507 ε
1537 1489 1546 1505 ι
1565 1471 1650 1506 Homo
1663 1479 1690 1506 in

905 1525 982 1560 plaga
998 1526 1110 1559 positus.
1131 1534 1140 1550 ι
1157 1524 1205 1551 Hic
1223 1524 1305 1551 multa
1319 1524 1427 1558 quidem
1445 1524 1500 1551 dixi
1516 1529 1545 1550 ut
1559 1524 1690 1551 ostende-

903 1578 1050 1606 remquam
1065 1570 1213 1603 innuerito,
1226 1577 1286 1604 quae
1297 1569 1330 1596 de
1348 1577 1402 1597 uno
1417 1569 1543 1603 quopiam
1563 1569 1690 1603 praedicta

901 1617 1017 1648 fuerant,
1037 1617 1070 1642 ad
1086 1616 1242 1643 universum
1256 1615 1383 1649 populum
1397 1616 1541 1642 referrent.
1551 1614 1691 1648 Rogabam

900 1662 960 1696 quis
979 1666 1050 1689 esset
1073 1660 1117 1688 ille
1144 1660 1189 1695 qui
1215 1661 1322 1688 dicebat
1341 1671 1346 1688 :
1365 1669 1374 1686 ι
1390 1660 1443 1687 Iste
1463 1664 1574 1694 peccata
1597 1665 1690 1687 nostra

900 1708 951 1735 fert
973 1713 1001 1735 et
1024 1715 1072 1742 pro
1092 1708 1171 1735 nobis
1189 1707 1278 1740 dolet;
1298 1716 1307 1733 ι
1324 1711 1352 1734 et
1375 1707 1467 1734 istud:
1487 1715 1497 1732 ι
1519 1706 1578 1741 Ipse
1599 1711 1689 1733 autem

900 1753 1058 1780 vulneratus
1073 1757 1114 1779 est
1126 1757 1235 1786 propter
1249 1756 1359 1786 peccata
1379 1756 1484 1783 nostra,
1498 1756 1525 1777 et
1537 1751 1690 1777 inﬁrmatus

899 1803 942 1825 est
959 1803 1071 1832 propter
1097 1797 1254 1832 iniquitates
1278 1802 1402 1829 nostras;
1428 1805 1438 1822 ι
1461 1801 1487 1824 et
1515 1797 1566 1824 hoc
1593 1796 1689 1824 aliud:

903 1853 912 1869 ι
929 1843 1026 1870 Livore
1038 1843 1097 1878 ejus
1112 1842 1201 1870 sanati
1218 1849 1325 1869 sumus.
1346 1851 1355 1868 ι
1373 1843 1483 1871 Clarum
1497 1846 1538 1870 est
1549 1842 1620 1869 enim
1631 1849 1689 1875 eos,

900 1889 944 1923 qui
958 1889 1028 1923 apud
1044 1888 1201 1922 prophetam
1217 1894 1262 1914 res
1275 1886 1383 1914 futuras
1413 1887 1549 1914 videntem
1564 1887 1690 1921 taliaque

902 1935 975 1962 velut
988 1935 1112 1969 personis
1133 1933 1224 1961 alllatu
1237 1934 1326 1961 sancti
1344 1933 1465 1968 Spiritus
1479 1933 1689 1961 accommodan-

902 1986 954 2010 teut
973 1982 1031 2008 haec
1048 1981 1204 2015 loquuntur.
1225 1987 1285 2007 esse
1307 1979 1432 2006 homines
1453 1980 1511 2007 sive
1532 1987 1566 2006 ex
1592 1979 1690 2014 populo

900 2026 1013 2054 Judaico
1029 2027 1086 2054 sive
1109 2033 1142 2053 ex
1156 2025 1300 2060 gentibus,
1318 2025 1363 2059 qui
1386 2025 1506 2059 peccatis
1525 2024 1626 2051 dudutn
1639 2025 1690 2051 oh-

901 2073 973 2100 noxii
987 2073 1137 2100 Salvatoris
1156 2071 1283 2107 passione
1293 2071 1382 2098 sanati
1396 2075 1469 2098 sunt.
1487 2070 1541 2098 Sed
1557 2070 1617 2097 illos
1631 2077 1690 2096 ina-

900 2121 971 2147 xitne
987 2127 1113 2154 premere
1132 2119 1220 2146 visutn
1245 2122 1288 2145 est
1301 2118 1391 2146 istud:
1409 2127 1419 2143 ι
1437 2117 1548 2151 Propter
1560 2116 1690 2151 iniquita-

902 2171 941 2192 tes
963 2165 1054 2200 populi
1084 2165 1137 2192 utei
1163 2165 1263 2192 ductus
1283 2168 1324 2192 est
1343 2164 1376 2191 ad
1396 2168 1521 2191 mortem.
1538 2172 1547 2188 ι
1564 2162 1593 2190 Si
1617 2162 1690 2190 enim

41 2209 117 2241 ξεως
131 2207 178 2239 τὸ,
200 2215 210 2232 ι
231 2207 295 2233 Ἀπὸ
310 2207 364 2234 τῶν
380 2207 499 2242 ἀνομιῶν
515 2206 561 2233 τοῦ
578 2207 642 2233 λαοῦ
663 2216 712 2242 μου
729 2208 799 2244 ἢχθη
811 2210 850 2240 εἰς

941 2211 1017 2245 pulus
1041 2216 1093 2244 est,
1114 2215 1142 2238 ut
1170 2210 1279 2244 volunt,
1302 2210 1336 2237 de
1357 2217 1410 2245 quo
1433 2209 1621 2244 prophetatum
1643 2208 1690 2242 sit,

41 2253 182 2280 θάνατον.
201 2260 210 2277 ι
230 2252 261 2278 El
277 2251 331 2287 γὰρ
346 2253 360 2278 ὁ
372 2252 435 2284 λαὸς
453 2252 512 2278 κατ’
529 2251 648 2284 ἐκείνους
663 2253 730 2279 εἰσὶν
743 2254 768 2279 ot
783 2262 849 2289 προ-

41 2298 248 2334 φητευόμενοι,
275 2297 334 2329 πῶς
358 2298 411 2324 ἀπὸ
434 2297 487 2324 τῶν
508 2297 626 2332 ἀνομιῶν
649 2298 695 2324 τοῦ
713 2297 778 2325 λαοῦ
800 2299 847 2325 τοῦ

39 2344 114 2370 θεοῦ
133 2344 250 2378 λέγεται
269 2341 350 2378 ἦχθαι
367 2344 406 2375 είς
426 2343 540 2370 Θάνατον
557 2339 644 2375 οὗτος,
662 2344 686 2370 εἰ
703 2344 739 2380 μὴ
756 2344 848 2380 ἕτερος

38 2391 79 2417 ὦν
93 2390 182 2426 παρὰ
197 2389 244 2416 τὸν
260 2389 323 2416 λαὸν
339 2389 386 2416 τοῦ
402 2389 484 2421 Θεοῦ;
500 2389 548 2420 Τίς
563 2389 585 2415 δ’
601 2386 688 2421 οὗτος,
701 2391 726 2416 εἰ
741 2390 778 2425 μὴ
797 2390 848 2426 ἰη-

39 2436 109 2468 σοῦς
123 2435 251 2471 Χριστός
261 2443 268 2466 ;
279 2444 288 2460 ι
306 2431 336 2461 οὗ
349 2434 388 2470 τῷ
401 2434 514 2470 μώλωπι
526 2434 639 2469 ἰάοημεν
655 2445 664 2460 ι
679 2436 703 2461 οἱ
717 2436 757 2471 εἰς
768 2436 847 2462 αὑτὸν

38 2481 242 2512 πιστεύοντες,
259 2489 268 2506 ι
283 2481 505 2516 ἁπεκδυσαμένου
519 2480 569 2511 τὰς
582 2481 611 2507 ὲν
622 2481 686 2516 ἡμῖν
699 2481 787 2516 ἀρχὰς
801 2483 849 2509 καὶ

38 2528 191 2559 ἐξουσίας,
208 2527 256 2553 καὶ
275 2526 573 2562 παραδειγματίσαντος
590 2527 646 2563 (65)
662 2527 747 2559 αὑτὰς
767 2529 796 2554 ὲν
810 2528 849 2563 τῷ

39 2573 128 2609 ξύλῳ.
149 2583 160 2598 ι
184 2572 318 2599 Ἕκας-τον
331 2572 359 2599 δὲ
371 2572 424 2598 τῶν
437 2573 465 2598 ὲν
477 2574 509 2607 τῇ
523 2571 676 2608 προφητείᾳ
688 2572 849 2607 σαφηνίσαι,

77 2644 102 2658 ’⁸
120 2643 181 2669 lsa.
198 2647 248 2672 ut,
267 2639 299 2666 15
319 2647 395 2674 seqq.
435 2640 456 2654 ’θ
472 2639 578 2666 (ῖοιοεε.
595 2645 626 2671 ιι,
643 2637 688 2665 15.

74 2724 142 2760 (61)
165 2722 219 2760 Ὠς
237 2721 387 2760 τιρόϐατρις
403 2725 542 2760 ειηεαειθιιι
556 2728 618 2760 qua:
634 2725 688 2760 tum
708 2721 734 2747 in
754 2727 846 2760 nostra

36 2756 98 2788 tum
114 2756 146 2786 in
166 2757 307 2791 prioribus
323 2756 488 2784 editiouibus
500 2757 577 2783 uncis
595 2757 697 2783 inclusa
713 2762 785 2788 sunt,
802 2758 848 2783 de-

35 2797 214 2823 siderantur
233 2793 259 2819 in
275 2791 402 2819 omnibus
415 2799 480 2818 mss.

75 2831 139 2866 (6‘2)
162 2828 234 2866 Κείς.
250 2830 282 2866 _et
300 2826 471 2866 liitsileensis,
487 2826 533 2866 τοᾷ
548 2826 683 2866 ἐσπάρθλαι
706 2825 847 2866 Ὶουξαίους

35 2861 96 2893 τοί)
109 2861 233 2894 λοιποῖς.
250 2862 306 2889 Duo
319 2862 452 2894 Vaticani,
464 2861 510 2888 τοῦ
522 2861 691 2896 ἑπεστιάροαι
709 2861 848 2893 Ἰουδαίους

903 2257 1037 2291 quomodo
1073 2261 1183 2291 propter
1220 2256 1376 2290 iniquitates
1400 2255 1490 2290 populi
1520 2255 1566 2282 Dei
1590 2255 1634 2282 hic
1655 2254 1691 2281 ad

903 2307 1016 2330 mortem
1032 2303 1128 2329 ductus
1144 2303 1254 2334 dicitur,
1275 2302 1327 2328 nisi
1343 2302 1379 2328 sit
1394 2302 1464 2328 alius
1477 2309 1491 2328 a
1508 2301 1553 2328 Dei
1569 2299 1692 2335 populo?

902 2349 968 2381 Quis
984 2348 1083 2376 ille.est
1098 2353 1200 2381 autem,
1223 2348 1274 2376 nisi
1297 2348 1376 2375 .lesus
1390 2347 1523 2377 Christus,
1540 2355 1549 2371 ι
1567 2346 1643 2379 cujus
1660 2346 1693 2372 li-

902 2401 966 2420 vore
991 2394 1080 2421 sanati
1104 2401 1198 2421 sumus
1225 2403 1233 2419 ι
1264 2398 1397 2428 quotquot
1414 2393 1440 2419 in
1459 2400 1519 2419 eum
1542 2391 1692 2423 credimus,

904 2448 914 2464 ‹
928 2439 973 2473 qui
987 2439 1141 2473 exspolians
1155 2439 1320 2473 principatus
1335 2443 1361 2466 et
1372 2442 1521 2473 potestates
1531 2436 1623 2471 371,
1637 2441 1692 2462 tra-

902 2483 979 2511 duxit
1000 2491 1047 2511 eos
1070 2484 1240 2511 conﬁdenter
1266 2483 1291 2509 in
1312 2482 1424 2517 ligno“.
1444 2491 1453 2507 ι
1473 2481 1598 2515 Singulas
1613 2480 1692 2514 hujus

904 2530 1051 2564 prophetia:
1077 2535 1168 2564 partes
1194 2529 1341 2563 explanare
1369 2529 1490 2562 nihilque
1512 2528 1690 2554 iudiscnssutn

906 2575 1126 2608 praetermittere,
1139 2582 1191 2601 non
1211 2580 1252 2601 cst
1265 2575 1344 2609 hujus
1370 2574 1506 2609 temporis.
1523 2572 1586 2599 llaec
1600 2576 1690 2598 tamen

933 2723 957 2749 ῖς
972 2723 1084 2749 λοιποῖς.

901 2722 1341 2792 τοὶἷὶέἷῇιῖγξαόειγμαῖἶσαι-τος.
1372 2754 1453 2781 Recte
1477 2754 1690 2792 otnttinoeodex

904 2788 1004 2826 Regius
1020 2788 1240 2823 tat—Bariteensis;
1258 2790 1322 2817 libb.
1343 2796 1433 2816 autem
1459 2789 1534 2823 editi,
1550 2788 1691 2825 παρρησίᾳ

901 2827 1131 2862 δειεειματίσαντος.
