  <div class='ocr_page' id='page_1' title='image "/cluster/home/n/w/nwhite01/storage/ocr_20150623/11/njp.32101077772414/417.png"; bbox 0 0 1843 3097; ppageno 0'>
   <div class='ocr_carea' id='block_1_1' title="bbox 155 131 207 159">
    <p class='ocr_par' dir='ltr' id='par_1_1' title="bbox 155 131 207 159">
     <span class='ocr_line' id='line_1_1' title="bbox 155 131 207 159; baseline 0.019 -1"><span class='ocrx_word' id='word_1_1' title='bbox 155 131 207 159; x_wconf 79' lang='lat'><strong>765</strong></span> 
     </span>
    </p>
   </div>
   <div class='ocr_carea' id='block_1_2' title="bbox 156 172 981 226">
    <p class='ocr_par' dir='ltr' id='par_1_2' title="bbox 156 172 981 226">
     <span class='ocr_line' id='line_1_2' title="bbox 156 172 981 226; baseline -0.025 -7"><span class='ocrx_word' id='word_1_2' title='bbox 156 189 237 226; x_wconf 83' lang='lat' dir='ltr'><strong>paulo</strong></span> <span class='ocrx_word' id='word_1_3' title='bbox 246 188 357 217; x_wconf 88' lang='lat' dir='ltr'><strong>uberius</strong></span> <span class='ocrx_word' id='word_1_4' title='bbox 369 186 522 219; x_wconf 76' lang='lat' dir='ltr'><strong>disceptare</strong></span> <span class='ocrx_word' id='word_1_5' title='bbox 541 179 722 209; x_wconf 83' lang='lat' dir='ltr'><strong>necessarium</strong></span> <span class='ocrx_word' id='word_1_6' title='bbox 738 176 825 202; x_wconf 87' lang='lat' dir='ltr'><strong>visum</strong></span> <span class='ocrx_word' id='word_1_7' title='bbox 845 178 896 205; x_wconf 87' lang='lat' dir='ltr'><strong>est,</strong></span> <span class='ocrx_word' id='word_1_8' title='bbox 916 178 945 199; x_wconf 90' lang='lat' dir='ltr'><strong>ut</strong></span> <span class='ocrx_word' id='word_1_9' title='bbox 960 172 981 200; x_wconf 76' lang='grc' dir='ltr'><strong>Α</strong></span> 
     </span>
    </p>
   </div>
   <div class='ocr_carea' id='block_1_3' title="bbox 157 223 848 272">
    <p class='ocr_par' dir='ltr' id='par_1_3' title="bbox 157 223 848 272">
     <span class='ocr_line' id='line_1_3' title="bbox 157 223 848 272; baseline -0.026 -7"><span class='ocrx_word' id='word_1_10' title='bbox 157 223 218 272; x_wconf 64' lang='lat' dir='ltr'><strong>quin</strong></span> <span class='ocrx_word' id='word_1_11' title='bbox 229 235 336 263; x_wconf 66' lang='lat' dir='ltr'><strong>Iudaeus</strong></span> <span class='ocrx_word' id='word_1_12' title='bbox 350 232 420 267; x_wconf 89' lang='lat' dir='ltr'><strong>apud</strong></span> <span class='ocrx_word' id='word_1_13' title='bbox 435 230 543 259; x_wconf 89' lang='lat' dir='ltr'><strong>Celsum</strong></span> <span class='ocrx_word' id='word_1_14' title='bbox 556 227 633 259; x_wconf 85' lang='lat' dir='ltr'><strong>dicit,</strong></span> <span class='ocrx_word' id='word_1_15' title='bbox 649 223 848 253; x_wconf 83' lang='lat' dir='ltr'><strong>refellerentur.</strong></span> 
     </span>
    </p>
   </div>
   <div class='ocr_carea' id='block_1_4' title="bbox 193 353 945 396">
    <p class='ocr_par' dir='ltr' id='par_1_4' title="bbox 193 353 945 396">
     <span class='ocr_line' id='line_1_4' title="bbox 193 353 945 396; baseline -0.027 0"><span class='ocrx_word' id='word_1_16' title='bbox 193 368 238 396; x_wconf 86' lang='lat'><strong>56.</strong></span> <span class='ocrx_word' id='word_1_17' title='bbox 253 367 281 394; x_wconf 97' lang='lat' dir='ltr'><strong>Id</strong></span> <span class='ocrx_word' id='word_1_18' title='bbox 295 369 386 393; x_wconf 87' lang='lat' dir='ltr'><strong>autem</strong></span> <span class='ocrx_word' id='word_1_19' title='bbox 401 367 429 390; x_wconf 91' lang='lat' dir='ltr'><strong>et</strong></span> <span class='ocrx_word' id='word_1_20' title='bbox 443 360 550 389; x_wconf 84' lang='lat' dir='ltr'><strong>Celsum</strong></span> <span class='ocrx_word' id='word_1_21' title='bbox 561 362 589 385; x_wconf 92' lang='lat' dir='ltr'><strong>et</strong></span> <span class='ocrx_word' id='word_1_22' title='bbox 604 356 676 383; x_wconf 89' lang='lat' dir='ltr'><strong>illius</strong></span> <span class='ocrx_word' id='word_1_23' title='bbox 691 353 814 382; x_wconf 62' lang='lat' dir='ltr'><strong>Judaeum</strong></span> <span class='ocrx_word' id='word_1_24' title='bbox 828 355 855 378; x_wconf 88' lang='lat' dir='ltr'><strong>et</strong></span> <span class='ocrx_word' id='word_1_25' title='bbox 867 354 945 385; x_wconf 87' lang='lat' dir='ltr'><strong>quot-</strong></span> 
     </span>
    </p>
   </div>
   <div class='ocr_carea' id='block_1_5' title="bbox 158 397 945 447">
    <p class='ocr_par' dir='ltr' id='par_1_5' title="bbox 158 397 945 447">
     <span class='ocr_line' id='line_1_5' title="bbox 158 397 945 447; baseline -0.025 -6"><span class='ocrx_word' id='word_1_26' title='bbox 158 416 225 447; x_wconf 87' lang='lat' dir='ltr'><strong>quot</strong></span> <span class='ocrx_word' id='word_1_27' title='bbox 236 411 299 439; x_wconf 79' lang='lat' dir='ltr'><strong>Jesu</strong></span> <span class='ocrx_word' id='word_1_28' title='bbox 314 417 367 437; x_wconf 90' lang='lat' dir='ltr'><strong>non</strong></span> <span class='ocrx_word' id='word_1_29' title='bbox 384 407 498 436; x_wconf 88' lang='lat' dir='ltr'><strong>credunt</strong></span> <span class='ocrx_word' id='word_1_30' title='bbox 510 403 599 435; x_wconf 83' lang='lat' dir='ltr'><strong>latuit,</strong></span> <span class='ocrx_word' id='word_1_31' title='bbox 615 403 681 429; x_wconf 86' lang='lat' dir='ltr'><strong>duos</strong></span> <span class='ocrx_word' id='word_1_32' title='bbox 694 408 709 427; x_wconf 88' lang='lat' dir='ltr'><strong>a</strong></span> <span class='ocrx_word' id='word_1_33' title='bbox 723 397 860 434; x_wconf 74' lang='lat' dir='ltr'><strong>prophetis</strong></span> <span class='ocrx_word' id='word_1_34' title='bbox 877 402 945 430; x_wconf 62' lang='lat' dir='ltr'><strong>prm—</strong></span> 
     </span>
    </p>
   </div>
   <div class='ocr_carea' id='block_1_6' title="bbox 160 442 947 485">
    <p class='ocr_par' dir='ltr' id='par_1_6' title="bbox 160 442 947 485">
     <span class='ocr_line' id='line_1_6' title="bbox 160 442 947 485; baseline -0.025 1"><span class='ocrx_word' id='word_1_35' title='bbox 160 442 248 485; x_wconf 90' lang='lat' dir='ltr'><strong>dictos</strong></span> <span class='ocrx_word' id='word_1_36' title='bbox 267 463 326 484; x_wconf 84' lang='lat' dir='ltr'><strong>esse</strong></span> <span class='ocrx_word' id='word_1_37' title='bbox 355 452 455 481; x_wconf 88' lang='lat' dir='ltr'><strong>Christi</strong></span> <span class='ocrx_word' id='word_1_38' title='bbox 469 451 599 478; x_wconf 85' lang='lat' dir='ltr'><strong>adventus</strong></span> <span class='ocrx_word' id='word_1_39' title='bbox 622 457 629 474; x_wconf 88' lang='lat'><strong>:</strong></span> <span class='ocrx_word' id='word_1_40' title='bbox 646 447 762 481; x_wconf 89' lang='lat' dir='ltr'><strong>priorem</strong></span> <span class='ocrx_word' id='word_1_41' title='bbox 777 442 904 471; x_wconf 83' lang='lat' dir='ltr'><strong>humilem</strong></span> <span class='ocrx_word' id='word_1_42' title='bbox 919 444 947 467; x_wconf 86' lang='lat' dir='ltr'><strong>et</strong></span> 
     </span>
    </p>
   </div>
   <div class='ocr_carea' id='block_1_7' title="bbox 161 486 947 530">
    <p class='ocr_par' dir='ltr' id='par_1_7' title="bbox 161 486 947 530">
     <span class='ocr_line' id='line_1_7' title="bbox 161 486 947 530; baseline -0.024 0"><span class='ocrx_word' id='word_1_43' title='bbox 161 502 288 530; x_wconf 84' lang='lat' dir='ltr'><strong>humanis</strong></span> <span class='ocrx_word' id='word_1_44' title='bbox 301 497 506 527; x_wconf 83' lang='lat' dir='ltr'><strong>inﬁrmitatibus</strong></span> <span class='ocrx_word' id='word_1_45' title='bbox 528 493 688 524; x_wconf 74' lang='lat' dir='ltr'><strong>obnoxium,</strong></span> <span class='ocrx_word' id='word_1_46' title='bbox 712 494 740 516; x_wconf 90' lang='lat' dir='ltr'><strong>ut</strong></span> <span class='ocrx_word' id='word_1_47' title='bbox 755 496 814 516; x_wconf 85' lang='lat' dir='ltr'><strong>eum</strong></span> <span class='ocrx_word' id='word_1_48' title='bbox 832 486 947 515; x_wconf 89' lang='lat' dir='ltr'><strong>homini-</strong></span> 
     </span>
    </p>
   </div>
   <div class='ocr_carea' id='block_1_8' title="bbox 163 533 946 581">
    <p class='ocr_par' dir='ltr' id='par_1_8' title="bbox 163 533 946 581">
     <span class='ocr_line' id='line_1_8' title="bbox 163 533 946 581; baseline -0.023 -6"><span class='ocrx_word' id='word_1_49' title='bbox 163 550 213 576; x_wconf 81' lang='lat' dir='ltr'><strong>bus</strong></span> <span class='ocrx_word' id='word_1_50' title='bbox 225 548 326 581; x_wconf 81' lang='lat' dir='ltr'><strong>degens</strong></span> <span class='ocrx_word' id='word_1_51' title='bbox 345 552 392 572; x_wconf 89' lang='lat' dir='ltr'><strong>eos</strong></span> <span class='ocrx_word' id='word_1_52' title='bbox 406 544 515 570; x_wconf 86' lang='lat' dir='ltr'><strong>doceret</strong></span> <span class='ocrx_word' id='word_1_53' title='bbox 531 541 601 581; x_wconf 72' lang='lat' dir='ltr'><strong>viam</strong></span> <span class='ocrx_word' id='word_1_54' title='bbox 622 545 682 572; x_wconf 71' lang='lat' dir='ltr'><strong>qua:</strong></span> <span class='ocrx_word' id='word_1_55' title='bbox 705 535 780 562; x_wconf 89' lang='lat' dir='ltr'><strong>ducit</strong></span> <span class='ocrx_word' id='word_1_56' title='bbox 797 534 829 561; x_wconf 84' lang='lat' dir='ltr'><strong>ad</strong></span> <span class='ocrx_word' id='word_1_57' title='bbox 853 533 946 565; x_wconf 88' lang='lat' dir='ltr'><strong>Deum,</strong></span> 
     </span>
    </p>
   </div>
   <div class='ocr_carea' id='block_1_9' title="bbox 163 577 949 626">
    <p class='ocr_par' dir='ltr' id='par_1_9' title="bbox 163 577 949 626">
     <span class='ocr_line' id='line_1_9' title="bbox 163 577 949 626; baseline -0.022 -6"><span class='ocrx_word' id='word_1_58' title='bbox 163 593 284 626; x_wconf 86' lang='lat' dir='ltr'><strong>nullique</strong></span> <span class='ocrx_word' id='word_1_59' title='bbox 307 590 444 617; x_wconf 86' lang='lat' dir='ltr'><strong>hominum</strong></span> <span class='ocrx_word' id='word_1_60' title='bbox 470 577 632 620; x_wconf 76' lang='lat' dir='ltr'><strong>relinqueret</strong></span> <span class='ocrx_word' id='word_1_61' title='bbox 646 584 733 609; x_wconf 83' lang='lat' dir='ltr'><strong>locum</strong></span> <span class='ocrx_word' id='word_1_62' title='bbox 748 578 893 607; x_wconf 82' lang='lat' dir='ltr'><strong>excusandi</strong></span> <span class='ocrx_word' id='word_1_63' title='bbox 920 584 949 604; x_wconf 87' lang='lat' dir='ltr'><strong>se</strong></span> 
     </span>
    </p>
   </div>
   <div class='ocr_carea' id='block_1_10' title="bbox 164 622 950 670">
    <p class='ocr_par' dir='ltr' id='par_1_10' title="bbox 164 622 950 670">
     <span class='ocr_line' id='line_1_10' title="bbox 164 622 950 670; baseline -0.022 -5"><span class='ocrx_word' id='word_1_64' title='bbox 164 637 248 664; x_wconf 81' lang='lat' dir='ltr'><strong>futuri</strong></span> <span class='ocrx_word' id='word_1_65' title='bbox 259 635 352 670; x_wconf 90' lang='lat' dir='ltr'><strong>judicii</strong></span> <span class='ocrx_word' id='word_1_66' title='bbox 367 633 535 668; x_wconf 78' lang='lat' dir='ltr'><strong>ignoratione</strong></span> <span class='ocrx_word' id='word_1_67' title='bbox 551 640 557 657; x_wconf 72' lang='grc' dir='ltr'><strong>ι</strong></span> <span class='ocrx_word' id='word_1_68' title='bbox 576 630 690 656; x_wconf 80' lang='lat' dir='ltr'><strong>alterunt</strong></span> <span class='ocrx_word' id='word_1_69' title='bbox 705 626 864 661; x_wconf 78' lang='lat' dir='ltr'><strong>gloriosum,</strong></span> <span class='ocrx_word' id='word_1_70' title='bbox 878 622 950 650; x_wconf 78' lang='lat' dir='ltr'><strong>divi-</strong></span> 
     </span>
    </p>
   </div>
   <div class='ocr_carea' id='block_1_11' title="bbox 166 669 951 711">
    <p class='ocr_par' dir='ltr' id='par_1_11' title="bbox 166 669 951 711">
     <span class='ocr_line' id='line_1_11' title="bbox 166 669 951 711; baseline -0.02 0"><span class='ocrx_word' id='word_1_71' title='bbox 166 688 230 711; x_wconf 87' lang='lat' dir='ltr'><strong>n‘um</strong></span> <span class='ocrx_word' id='word_1_72' title='bbox 243 681 438 711; x_wconf 83' lang='lat' dir='ltr'><strong>tantummodo,</strong></span> <span class='ocrx_word' id='word_1_73' title='bbox 451 683 479 705; x_wconf 87' lang='lat' dir='ltr'><strong>et</strong></span> <span class='ocrx_word' id='word_1_74' title='bbox 495 678 538 704; x_wconf 93' lang='lat' dir='ltr'><strong>ubi</strong></span> <span class='ocrx_word' id='word_1_75' title='bbox 555 675 683 703; x_wconf 80' lang='lat' dir='ltr'><strong>divinitas</strong></span> <span class='ocrx_word' id='word_1_76' title='bbox 698 672 764 700; x_wconf 88' lang='lat' dir='ltr'><strong>nihil</strong></span> <span class='ocrx_word' id='word_1_77' title='bbox 776 672 899 698; x_wconf 69' lang='lat' dir='ltr'><strong>humanze</strong></span> <span class='ocrx_word' id='word_1_78' title='bbox 909 669 951 696; x_wconf 90' lang='lat' dir='ltr'><strong>in-</strong></span> 
     </span>
    </p>
   </div>
   <div class='ocr_carea' id='block_1_12' title="bbox 167 719 952 757">
    <p class='ocr_par' dir='ltr' id='par_1_12' title="bbox 167 719 952 757">
     <span class='ocr_line' id='line_1_12' title="bbox 167 719 952 757; baseline -0.018 -1"><span class='ocrx_word' id='word_1_79' title='bbox 167 729 305 757; x_wconf 81' lang='lat' dir='ltr'><strong>ﬁrmitatis</strong></span> <span class='ocrx_word' id='word_1_80' title='bbox 335 726 479 754; x_wconf 79' lang='lat' dir='ltr'><strong>admistum</strong></span> <span class='ocrx_word' id='word_1_81' title='bbox 500 728 541 752; x_wconf 88' lang='lat' dir='ltr'><strong>est</strong></span> <span class='ocrx_word' id='word_1_82' title='bbox 565 722 703 749; x_wconf 84' lang='lat' dir='ltr'><strong>habitura.</strong></span> <span class='ocrx_word' id='word_1_83' title='bbox 731 719 852 752; x_wconf 81' lang='lat' dir='ltr'><strong>Longum</strong></span> <span class='ocrx_word' id='word_1_84' title='bbox 878 719 952 744; x_wconf 83' lang='lat' dir='ltr'><strong>esset</strong></span> 
     </span>
    </p>
   </div>
   <div class='ocr_carea' id='block_1_13' title="bbox 168 763 952 810">
    <p class='ocr_par' dir='ltr' id='par_1_13' title="bbox 168 763 952 810">
     <span class='ocr_line' id='line_1_13' title="bbox 168 763 952 810; baseline -0.019 -8"><span class='ocrx_word' id='word_1_85' title='bbox 168 775 323 810; x_wconf 83' lang='lat' dir='ltr'><strong>prophetias</strong></span> <span class='ocrx_word' id='word_1_86' title='bbox 338 774 364 799; x_wconf 88' lang='lat' dir='ltr'><strong>in</strong></span> <span class='ocrx_word' id='word_1_87' title='bbox 385 772 500 799; x_wconf 88' lang='lat' dir='ltr'><strong>medium</strong></span> <span class='ocrx_word' id='word_1_88' title='bbox 517 768 647 804; x_wconf 79' lang='lat' dir='ltr'><strong>proferre.</strong></span> <span class='ocrx_word' id='word_1_89' title='bbox 666 766 738 793; x_wconf 87' lang='lat' dir='ltr'><strong>Satis</strong></span> <span class='ocrx_word' id='word_1_90' title='bbox 755 765 799 791; x_wconf 88' lang='lat' dir='ltr'><strong>hic</strong></span> <span class='ocrx_word' id='word_1_91' title='bbox 822 763 904 790; x_wconf 79' lang='lat' dir='ltr'><strong>fuerit</strong></span> <span class='ocrx_word' id='word_1_92' title='bbox 919 769 952 788; x_wconf 78' lang='lat' dir='ltr'><strong>ex</strong></span> 
     </span>
    </p>
   </div>
   <div class='ocr_carea' id='block_1_14' title="bbox 169 807 953 855">
    <p class='ocr_par' dir='ltr' id='par_1_14' title="bbox 169 807 953 855">
     <span class='ocr_line' id='line_1_14' title="bbox 169 807 953 855; baseline -0.018 -8"><span class='ocrx_word' id='word_1_93' title='bbox 169 807 274 855; x_wconf 74' lang='lat' dir='ltr'><strong>psalmo</strong></span> <span class='ocrx_word' id='word_1_94' title='bbox 314 816 520 852; x_wconf 81' lang='lat' dir='ltr'><strong>quadragesimo</strong></span> <span class='ocrx_word' id='word_1_95' title='bbox 559 817 677 847; x_wconf 86' lang='lat' dir='ltr'><strong>quarto,</strong></span> <span class='ocrx_word' id='word_1_96' title='bbox 707 811 783 845; x_wconf 88' lang='lat' dir='ltr'><strong>cujus</strong></span> <span class='ocrx_word' id='word_1_97' title='bbox 815 809 841 835; x_wconf 90' lang='lat' dir='ltr'><strong>in</strong></span> <span class='ocrx_word' id='word_1_98' title='bbox 875 807 953 834; x_wconf 85' lang='lat' dir='ltr'><strong>titulo</strong></span> 
     </span>
    </p>
   </div>
   <div class='ocr_carea' id='block_1_15' title="bbox 883 107 1045 139">
    <p class='ocr_par' dir='ltr' id='par_1_15' title="bbox 883 107 1045 139">
     <span class='ocr_line' id='line_1_15' title="bbox 883 107 1045 139; baseline -0.025 0"><span class='ocrx_word' id='word_1_99' title='bbox 883 107 1045 139; x_wconf 76' lang='lat' dir='ltr'><strong>ORIGENlS</strong></span> 
     </span>
    </p>
   </div>
   <div class='ocr_carea' id='block_1_16' title="bbox 1731 89 1789 115">
    <p class='ocr_par' dir='ltr' id='par_1_16' title="bbox 1731 89 1789 115">
     <span class='ocr_line' id='line_1_16' title="bbox 1731 89 1789 115; baseline -0.017 0"><span class='ocrx_word' id='word_1_100' title='bbox 1731 89 1789 115; x_wconf 70' lang='grc' dir='ltr'><strong>τοι</strong></span> 
     </span>
    </p>
   </div>
   <div class='ocr_carea' id='block_1_17' title="bbox 995 147 1791 201">
    <p class='ocr_par' dir='ltr' id='par_1_17' title="bbox 995 147 1791 201">
     <span class='ocr_line' id='line_1_17' title="bbox 995 147 1791 201; baseline -0.029 -6"><span class='ocrx_word' id='word_1_101' title='bbox 995 169 1041 195; x_wconf 78' lang='grc' dir='ltr'>καὶ</span> <span class='ocrx_word' id='word_1_102' title='bbox 1071 165 1153 201; x_wconf 81' lang='grc' dir='ltr'>μηδὲν</span> <span class='ocrx_word' id='word_1_103' title='bbox 1180 162 1358 191; x_wconf 78' lang='grc' dir='ltr'>ἀϐασάνιστον</span> <span class='ocrx_word' id='word_1_104' title='bbox 1383 157 1471 185; x_wconf 79' lang='grc' dir='ltr'>αὐτῶν</span> <span class='ocrx_word' id='word_1_105' title='bbox 1499 151 1676 190; x_wconf 76' lang='grc' dir='ltr'><strong>παραλιπεῖν,</strong></span> <span class='ocrx_word' id='word_1_106' title='bbox 1707 147 1791 199; x_wconf 64' lang='grc' dir='ltr'>ἄλλου</span> 
     </span>
    </p>
   </div>
   <div class='ocr_carea' id='block_1_18' title="bbox 994 193 1794 247">
    <p class='ocr_par' dir='ltr' id='par_1_18' title="bbox 994 193 1794 247">
     <span class='ocr_line' id='line_1_18' title="bbox 994 193 1794 247; baseline -0.03 -6"><span class='ocrx_word' id='word_1_107' title='bbox 1103 193 1176 237; x_wconf 53' lang='grc' dir='ltr'>Ιὲστι.</span> <span class='ocrx_word' id='word_1_108' title='bbox 1201 209 1256 235; x_wconf 69' lang='grc' dir='ltr'><strong>Καὶ</strong></span> <span class='ocrx_word' id='word_1_109' title='bbox 1276 206 1361 233; x_wconf 87' lang='grc' dir='ltr'>ταῦτα</span> <span class='ocrx_word' id='word_1_110' title='bbox 1385 204 1406 230; x_wconf 70' lang='grc' dir='ltr'>δ’</span> <span class='ocrx_word' id='word_1_111' title='bbox 1428 203 1474 230; x_wconf 73' lang='grc' dir='ltr'><strong>ἐπὶ</strong></span> <span class='ocrx_word' id='word_1_112' title='bbox 1494 201 1585 227; x_wconf 80' lang='grc' dir='ltr'>πλεῖον</span> <span class='ocrx_word' id='word_1_113' title='bbox 1604 197 1732 247; x_wconf 64' lang='grc' dir='ltr'>εἴρηται,</span> <span class='ocrx_word' id='word_1_114' title='bbox 1755 193 1794 244; x_wconf 59' lang='grc' dir='ltr'>ὡς</span> 
     </span>
    </p>
   </div>
   <div class='ocr_carea' id='block_1_19' title="bbox 994 238 1795 293">
    <p class='ocr_par' dir='ltr' id='par_1_19' title="bbox 994 238 1795 293">
     <span class='ocr_line' id='line_1_19' title="bbox 994 238 1795 293; baseline -0.029 -7"><span class='ocrx_word' id='word_1_115' title='bbox 994 238 1106 293; x_wconf 65' lang='grc' dir='ltr'>νομίζω,</span> <span class='ocrx_word' id='word_1_116' title='bbox 1122 254 1276 289; x_wconf 82' lang='grc' dir='ltr'><strong>ἀναγκαίως</strong></span> <span class='ocrx_word' id='word_1_117' title='bbox 1289 251 1333 278; x_wconf 80' lang='grc' dir='ltr'>διὰ</span> <span class='ocrx_word' id='word_1_118' title='bbox 1348 248 1398 283; x_wconf 80' lang='grc' dir='ltr'>τὴν</span> <span class='ocrx_word' id='word_1_119' title='bbox 1414 246 1574 286; x_wconf 70' lang='grc' dir='ltr'>ὲκκειμέντν</span> <span class='ocrx_word' id='word_1_120' title='bbox 1590 243 1637 270; x_wconf 86' lang='grc' dir='ltr'><strong>τοῦ</strong></span> <span class='ocrx_word' id='word_1_121' title='bbox 1657 240 1739 274; x_wconf 80' lang='grc' dir='ltr'>παρὰ.</span> <span class='ocrx_word' id='word_1_122' title='bbox 1756 238 1795 272; x_wconf 80' lang='grc' dir='ltr'>τῷ</span> 
     </span>
    </p>
   </div>
   <div class='ocr_carea' id='block_1_20' title="bbox 996 297 1331 337">
    <p class='ocr_par' dir='ltr' id='par_1_20' title="bbox 996 297 1331 337">
     <span class='ocr_line' id='line_1_20' title="bbox 996 297 1331 337; baseline -0.021 -7"><span class='ocrx_word' id='word_1_123' title='bbox 996 303 1092 337; x_wconf 79' lang='grc' dir='ltr'>Κέλσῳ</span> <span class='ocrx_word' id='word_1_124' title='bbox 1110 300 1235 328; x_wconf 79' lang='grc' dir='ltr'>Ἰουδαίου</span> <span class='ocrx_word' id='word_1_125' title='bbox 1251 297 1331 330; x_wconf 78' lang='grc' dir='ltr'>λέξιν.</span> 
     </span>
    </p>
   </div>
   <div class='ocr_carea' id='block_1_21' title="bbox 1033 343 1800 385">
    <p class='ocr_par' dir='ltr' id='par_1_21' title="bbox 1033 343 1800 385">
     <span class='ocr_line' id='line_1_21' title="bbox 1033 343 1800 385; baseline -0.023 0"><span class='ocrx_word' id='word_1_126' title='bbox 1033 357 1133 385; x_wconf 79' lang='grc' dir='ltr'>Ἐλαθε</span> <span class='ocrx_word' id='word_1_127' title='bbox 1150 356 1180 383; x_wconf 81' lang='grc' dir='ltr'><strong>δὲ</strong></span> <span class='ocrx_word' id='word_1_128' title='bbox 1201 355 1247 382; x_wconf 81' lang='grc' dir='ltr'><strong>τὸν</strong></span> <span class='ocrx_word' id='word_1_129' title='bbox 1270 354 1383 385; x_wconf 82' lang='grc' dir='ltr'><strong>Κέλσον,</strong></span> <span class='ocrx_word' id='word_1_130' title='bbox 1400 352 1447 379; x_wconf 77' lang='grc' dir='ltr'>καὶ</span> <span class='ocrx_word' id='word_1_131' title='bbox 1467 350 1512 377; x_wconf 80' lang='grc' dir='ltr'><strong>τὸν</strong></span> <span class='ocrx_word' id='word_1_132' title='bbox 1532 347 1598 383; x_wconf 81' lang='grc' dir='ltr'>παρ’</span> <span class='ocrx_word' id='word_1_133' title='bbox 1619 344 1702 379; x_wconf 84' lang='grc' dir='ltr'><strong>αὑτῷ</strong></span> <span class='ocrx_word' id='word_1_134' title='bbox 1732 343 1800 369; x_wconf 72' lang='grc' dir='ltr'><strong>ἰου-</strong></span> 
     </span>
    </p>
   </div>
   <div class='ocr_carea' id='block_1_22' title="bbox 997 389 1802 435">
    <p class='ocr_par' dir='ltr' id='par_1_22' title="bbox 997 389 1802 435">
     <span class='ocr_line' id='line_1_22' title="bbox 997 389 1802 435; baseline -0.022 -4"><span class='ocrx_word' id='word_1_135' title='bbox 997 405 1080 435; x_wconf 86' lang='grc' dir='ltr'>δαῖον,</span> <span class='ocrx_word' id='word_1_136' title='bbox 1103 403 1150 429; x_wconf 75' lang='grc' dir='ltr'><strong>καὶ</strong></span> <span class='ocrx_word' id='word_1_137' title='bbox 1167 402 1270 431; x_wconf 76' lang='grc' dir='ltr'>πάντας</span> <span class='ocrx_word' id='word_1_138' title='bbox 1286 400 1343 427; x_wconf 81' lang='grc' dir='ltr'>ὅσοι</span> <span class='ocrx_word' id='word_1_139' title='bbox 1363 398 1404 433; x_wconf 83' lang='grc' dir='ltr'>τῷ</span> <span class='ocrx_word' id='word_1_140' title='bbox 1433 394 1520 431; x_wconf 81' lang='grc' dir='ltr'>Ἰησοῦ</span> <span class='ocrx_word' id='word_1_141' title='bbox 1542 393 1579 429; x_wconf 81' lang='grc' dir='ltr'>μὴ</span> <span class='ocrx_word' id='word_1_142' title='bbox 1603 389 1802 418; x_wconf 57' lang='grc' dir='ltr'>πεπιστεύκα-</span> 
     </span>
    </p>
   </div>
   <div class='ocr_carea' id='block_1_23' title="bbox 1000 433 1802 485">
    <p class='ocr_par' dir='ltr' id='par_1_23' title="bbox 1000 433 1802 485">
     <span class='ocr_line' id='line_1_23' title="bbox 1000 433 1802 485; baseline -0.022 -8"><span class='ocrx_word' id='word_1_143' title='bbox 1000 458 1041 477; x_wconf 85' lang='grc' dir='ltr'><strong>σιν</strong></span> <span class='ocrx_word' id='word_1_144' title='bbox 1056 433 1124 485; x_wconf 64' lang='grc'>(64),</span> <span class='ocrx_word' id='word_1_145' title='bbox 1141 449 1184 474; x_wconf 82' lang='grc' dir='ltr'>ὅτι</span> <span class='ocrx_word' id='word_1_146' title='bbox 1208 447 1236 473; x_wconf 84' lang='grc' dir='ltr'><strong>αί</strong></span> <span class='ocrx_word' id='word_1_147' title='bbox 1254 445 1417 482; x_wconf 81' lang='grc' dir='ltr'><strong>προφητεῖαι</strong></span> <span class='ocrx_word' id='word_1_148' title='bbox 1439 442 1485 469; x_wconf 90' lang='grc' dir='ltr'>δύο</span> <span class='ocrx_word' id='word_1_149' title='bbox 1506 441 1632 475; x_wconf 82' lang='grc' dir='ltr'>λέγουσιν</span> <span class='ocrx_word' id='word_1_150' title='bbox 1649 434 1727 463; x_wconf 73' lang='grc' dir='ltr'>εἶναι</span> <span class='ocrx_word' id='word_1_151' title='bbox 1749 433 1802 464; x_wconf 78' lang='grc' dir='ltr'>τὰς</span> 
     </span>
    </p>
   </div>
   <div class='ocr_carea' id='block_1_24' title="bbox 1000 481 1804 532">
    <p class='ocr_par' dir='ltr' id='par_1_24' title="bbox 1000 481 1804 532">
     <span class='ocr_line' id='line_1_24' title="bbox 1000 481 1804 532; baseline -0.022 -9"><span class='ocrx_word' id='word_1_152' title='bbox 1000 481 1118 532; x_wconf 81' lang='grc' dir='ltr'>Χριστοῦ</span> <span class='ocrx_word' id='word_1_153' title='bbox 1142 492 1304 528; x_wconf 73' lang='grc' dir='ltr'>ἐπιδημίας·</span> <span class='ocrx_word' id='word_1_154' title='bbox 1329 490 1378 525; x_wconf 84' lang='grc' dir='ltr'>τὴν</span> <span class='ocrx_word' id='word_1_155' title='bbox 1405 488 1454 524; x_wconf 82' lang='grc' dir='ltr'><strong>μὲν</strong></span> <span class='ocrx_word' id='word_1_156' title='bbox 1477 485 1624 522; x_wconf 78' lang='grc' dir='ltr'>προτέραν,</span> <span class='ocrx_word' id='word_1_157' title='bbox 1650 481 1804 532; x_wconf 55' lang='grc' dir='ltr'>ἀνθρωσῖον-</span> 
     </span>
    </p>
   </div>
   <div class='ocr_carea' id='block_1_25' title="bbox 1001 525 1804 576">
    <p class='ocr_par' dir='ltr' id='par_1_25' title="bbox 1001 525 1804 576">
     <span class='ocr_line' id='line_1_25' title="bbox 1001 525 1804 576; baseline -0.024 -7"><span class='ocrx_word' id='word_1_158' title='bbox 1001 540 1171 576; x_wconf 83' lang='grc' dir='ltr'>παοεστέραν</span> <span class='ocrx_word' id='word_1_159' title='bbox 1183 538 1231 565; x_wconf 79' lang='grc' dir='ltr'><strong>καὶ</strong></span> <span class='ocrx_word' id='word_1_160' title='bbox 1245 535 1448 570; x_wconf 74' lang='grc' dir='ltr'><strong>ταπεινοτέραν,</strong></span> <span class='ocrx_word' id='word_1_161' title='bbox 1464 533 1507 559; x_wconf 86' lang='grc' dir='ltr'>ἴνα</span> <span class='ocrx_word' id='word_1_162' title='bbox 1520 532 1568 558; x_wconf 82' lang='grc' dir='ltr'><strong>σὺν</strong></span> <span class='ocrx_word' id='word_1_163' title='bbox 1580 527 1745 564; x_wconf 75' lang='grc' dir='ltr'>ἀνθρώποις</span> <span class='ocrx_word' id='word_1_164' title='bbox 1764 525 1804 551; x_wconf 69' lang='grc' dir='ltr'><strong>ὧν</strong></span> 
     </span>
    </p>
   </div>
   <div class='ocr_carea' id='block_1_26' title="bbox 1002 571 1805 622">
    <p class='ocr_par' dir='ltr' id='par_1_26' title="bbox 1002 571 1805 622">
     <span class='ocr_line' id='line_1_26' title="bbox 1002 571 1805 622; baseline -0.022 -8"><span class='ocrx_word' id='word_1_165' title='bbox 1002 589 1016 614; x_wconf 98' lang='lat'><strong>6</strong></span> <span class='ocrx_word' id='word_1_166' title='bbox 1033 571 1160 622; x_wconf 65' lang='grc' dir='ltr'>Χριστος,</span> <span class='ocrx_word' id='word_1_167' title='bbox 1173 584 1266 620; x_wconf 75' lang='grc' dir='ltr'>διδάξῃ</span> <span class='ocrx_word' id='word_1_168' title='bbox 1282 583 1330 617; x_wconf 84' lang='grc' dir='ltr'>τὴν</span> <span class='ocrx_word' id='word_1_169' title='bbox 1345 581 1479 616; x_wconf 79' lang='grc' dir='ltr'>φέρουσαν</span> <span class='ocrx_word' id='word_1_170' title='bbox 1496 575 1648 613; x_wconf 79' lang='grc' dir='ltr'>πρὸςθεὸν</span> <span class='ocrx_word' id='word_1_171' title='bbox 1664 573 1741 604; x_wconf 76' lang='grc' dir='ltr'>ὁδὸν,</span> <span class='ocrx_word' id='word_1_172' title='bbox 1756 571 1805 597; x_wconf 73' lang='grc' dir='ltr'><strong>καὶ</strong></span> 
     </span>
    </p>
   </div>
   <div class='ocr_carea' id='block_1_27' title="bbox 1005 619 1807 670">
    <p class='ocr_par' dir='ltr' id='par_1_27' title="bbox 1005 619 1807 670">
     <span class='ocr_line' id='line_1_27' title="bbox 1005 619 1807 670; baseline -0.022 -9"><span class='ocrx_word' id='word_1_173' title='bbox 1005 619 1098 670; x_wconf 75' lang='grc' dir='ltr'>μηδενὶ</span> <span class='ocrx_word' id='word_1_174' title='bbox 1110 632 1163 658; x_wconf 84' lang='grc' dir='ltr'><strong>τῶν</strong></span> <span class='ocrx_word' id='word_1_175' title='bbox 1181 619 1264 664; x_wconf 72' lang='grc' dir='ltr'><strong>ἐν’τῷ</strong></span> <span class='ocrx_word' id='word_1_176' title='bbox 1279 629 1327 664; x_wconf 85' lang='grc' dir='ltr'>βίῳ</span> <span class='ocrx_word' id='word_1_177' title='bbox 1344 627 1396 653; x_wconf 89' lang='grc' dir='ltr'>τῶν</span> <span class='ocrx_word' id='word_1_178' title='bbox 1413 624 1565 660; x_wconf 81' lang='grc' dir='ltr'>ἀνθρώπων</span> <span class='ocrx_word' id='word_1_179' title='bbox 1580 619 1739 653; x_wconf 76' lang='grc' dir='ltr'>ἀπολογίας</span> <span class='ocrx_word' id='word_1_180' title='bbox 1758 626 1807 644; x_wconf 78' lang='grc' dir='ltr'>κα-</span> 
     </span>
    </p>
   </div>
   <div class='ocr_carea' id='block_1_28' title="bbox 1003 665 1804 715">
    <p class='ocr_par' dir='ltr' id='par_1_28' title="bbox 1003 665 1804 715">
     <span class='ocr_line' id='line_1_28' title="bbox 1003 665 1804 715; baseline -0.02 -9"><span class='ocrx_word' id='word_1_181' title='bbox 1003 665 1104 715; x_wconf 71' lang='grc' dir='ltr'>ταλίπῃ</span> <span class='ocrx_word' id='word_1_182' title='bbox 1120 678 1212 708; x_wconf 85' lang='grc' dir='ltr'><strong>τόπον,</strong></span> <span class='ocrx_word' id='word_1_183' title='bbox 1233 676 1271 707; x_wconf 84' lang='grc' dir='ltr'>ὼς</span> <span class='ocrx_word' id='word_1_184' title='bbox 1286 675 1335 701; x_wconf 83' lang='grc' dir='ltr'><strong>οὐκ</strong></span> <span class='ocrx_word' id='word_1_185' title='bbox 1357 672 1486 707; x_wconf 78' lang='grc' dir='ltr'><strong>ἐγνωκότι</strong></span> <span class='ocrx_word' id='word_1_186' title='bbox 1503 670 1567 705; x_wconf 73' lang='grc' dir='ltr'>περὶ</span> <span class='ocrx_word' id='word_1_187' title='bbox 1588 668 1639 703; x_wconf 76' lang='grc' dir='ltr'>τῆς</span> <span class='ocrx_word' id='word_1_188' title='bbox 1661 665 1804 700; x_wconf 73' lang='grc' dir='ltr'>ἐσομένης</span> 
     </span>
    </p>
   </div>
   <div class='ocr_carea' id='block_1_29' title="bbox 1005 711 1804 760">
    <p class='ocr_par' dir='ltr' id='par_1_29' title="bbox 1005 711 1804 760">
     <span class='ocr_line' id='line_1_29' title="bbox 1005 711 1804 760; baseline -0.019 -9"><span class='ocrx_word' id='word_1_189' title='bbox 1005 711 1121 760; x_wconf 70' lang='grc' dir='ltr'>κρίσεως</span> <span class='ocrx_word' id='word_1_190' title='bbox 1131 732 1137 738; x_wconf 92' lang='grc'><strong>·</strong></span> <span class='ocrx_word' id='word_1_191' title='bbox 1152 722 1200 757; x_wconf 83' lang='grc' dir='ltr'><strong>τὴν</strong></span> <span class='ocrx_word' id='word_1_192' title='bbox 1211 722 1233 748; x_wconf 79' lang='grc' dir='ltr'>δ’</span> <span class='ocrx_word' id='word_1_193' title='bbox 1248 720 1353 756; x_wconf 77' lang='grc' dir='ltr'>ἑτέραν,</span> <span class='ocrx_word' id='word_1_194' title='bbox 1368 717 1472 749; x_wconf 79' lang='grc' dir='ltr'>ἔνδοξον</span> <span class='ocrx_word' id='word_1_195' title='bbox 1485 716 1532 743; x_wconf 76' lang='grc' dir='ltr'>καὶ</span> <span class='ocrx_word' id='word_1_196' title='bbox 1548 714 1629 750; x_wconf 87' lang='grc' dir='ltr'>μόνον</span> <span class='ocrx_word' id='word_1_197' title='bbox 1643 711 1804 746; x_wconf 70' lang='grc' dir='ltr'>θειαπιὲραν,</span> 
     </span>
    </p>
   </div>
   <div class='ocr_carea' id='block_1_30' title="bbox 1005 758 1807 801">
    <p class='ocr_par' dir='ltr' id='par_1_30' title="bbox 1005 758 1807 801">
     <span class='ocr_line' id='line_1_30' title="bbox 1005 758 1807 801; baseline -0.017 -5"><span class='ocrx_word' id='word_1_198' title='bbox 1005 758 1079 796; x_wconf 68' lang='grc' dir='ltr'>οῦδὲν</span> <span class='ocrx_word' id='word_1_199' title='bbox 1094 765 1328 801; x_wconf 79' lang='grc' dir='ltr'>ἐπιπεπλεγμένον</span> <span class='ocrx_word' id='word_1_200' title='bbox 1345 765 1378 800; x_wconf 86' lang='grc' dir='ltr'>τῇ</span> <span class='ocrx_word' id='word_1_201' title='bbox 1394 763 1510 797; x_wconf 77' lang='grc' dir='ltr'>θειότητι</span> <span class='ocrx_word' id='word_1_202' title='bbox 1523 761 1638 795; x_wconf 78' lang='grc' dir='ltr'>ἔχουσαν</span> <span class='ocrx_word' id='word_1_203' title='bbox 1656 758 1807 793; x_wconf 70' lang='grc' dir='ltr'>ἀνθρωπο-</span> 
     </span>
    </p>
   </div>
   <div class='ocr_carea' id='block_1_31' title="bbox 1007 802 1807 849">
    <p class='ocr_par' dir='ltr' id='par_1_31' title="bbox 1007 802 1807 849">
     <span class='ocr_line' id='line_1_31' title="bbox 1007 802 1807 849; baseline -0.018 -7"><span class='ocrx_word' id='word_1_204' title='bbox 1007 815 1100 846; x_wconf 82' lang='grc' dir='ltr'>παθές.</span> <span class='ocrx_word' id='word_1_205' title='bbox 1116 812 1290 849; x_wconf 81' lang='grc' dir='ltr'>Παραθέσθαι</span> <span class='ocrx_word' id='word_1_206' title='bbox 1305 812 1333 837; x_wconf 81' lang='grc' dir='ltr'>δὲ</span> <span class='ocrx_word' id='word_1_207' title='bbox 1344 810 1390 837; x_wconf 67' lang='grc' dir='ltr'>καὶ</span> <span class='ocrx_word' id='word_1_208' title='bbox 1408 809 1457 840; x_wconf 85' lang='grc' dir='ltr'>τὰς</span> <span class='ocrx_word' id='word_1_209' title='bbox 1483 805 1654 842; x_wconf 68' lang='grc' dir='ltr'><strong>προφητείας</strong></span> <span class='ocrx_word' id='word_1_210' title='bbox 1674 804 1751 830; x_wconf 75' lang='grc' dir='ltr'>πολὺ</span> <span class='ocrx_word' id='word_1_211' title='bbox 1775 802 1807 829; x_wconf 76' lang='grc' dir='ltr'><strong>ἄν</strong></span> 
     </span>
    </p>
   </div>
   <div class='ocr_carea' id='block_1_32' title="bbox 169 851 923 897">
    <p class='ocr_par' dir='ltr' id='par_1_32' title="bbox 169 853 923 895">
     <span class='ocr_line' id='line_1_32' title="bbox 169 853 923 895; baseline -0.017 -3"><span class='ocrx_word' id='word_1_212' title='bbox 169 867 225 892; x_wconf 67' lang='lat' dir='ltr'><strong>haec</strong></span> <span class='ocrx_word' id='word_1_213' title='bbox 246 865 317 891; x_wconf 87' lang='lat' dir='ltr'><strong>inter</strong></span> <span class='ocrx_word' id='word_1_214' title='bbox 336 863 387 889; x_wconf 86' lang='lat' dir='ltr'><strong>alia</strong></span> <span class='ocrx_word' id='word_1_215' title='bbox 403 861 528 895; x_wconf 72' lang='lat' dir='ltr'><strong>leguntur</strong></span> <span class='ocrx_word' id='word_1_216' title='bbox 543 868 549 886; x_wconf 91' lang='lat'><strong>:</strong></span> <span class='ocrx_word' id='word_1_217' title='bbox 565 858 703 885; x_wconf 77' lang='lat' dir='ltr'><strong>Canticum</strong></span> <span class='ocrx_word' id='word_1_218' title='bbox 715 863 762 889; x_wconf 83' lang='lat' dir='ltr'><strong>pro</strong></span> <span class='ocrx_word' id='word_1_219' title='bbox 777 855 884 885; x_wconf 76' lang='lat' dir='ltr'><strong>dilecto,</strong></span> <span class='ocrx_word' id='word_1_220' title='bbox 900 853 923 880; x_wconf 88' lang='lat' dir='ltr'><strong>h:</strong></span> 
     </span>
    </p>
   </div>
   <div class='ocr_carea' id='block_1_33' title="bbox 1065 851 1807 897">
    <p class='ocr_par' dir='ltr' id='par_1_33' title="bbox 1078 851 1807 896">
     <span class='ocr_line' id='line_1_33' title="bbox 1078 851 1807 896; baseline -0.018 -9"><span class='ocrx_word' id='word_1_221' title='bbox 1078 861 1158 896; x_wconf 79' lang='grc' dir='ltr'>ἀρκεῖ</span> <span class='ocrx_word' id='word_1_222' title='bbox 1173 860 1195 886; x_wconf 78' lang='grc' dir='ltr'>δ’</span> <span class='ocrx_word' id='word_1_223' title='bbox 1213 858 1259 884; x_wconf 72' lang='grc' dir='ltr'><strong>ἐπὶ</strong></span> <span class='ocrx_word' id='word_1_224' title='bbox 1272 857 1319 884; x_wconf 88' lang='grc' dir='ltr'><strong>τοῦ</strong></span> <span class='ocrx_word' id='word_1_225' title='bbox 1339 856 1472 892; x_wconf 82' lang='grc' dir='ltr'>παρόντος</span> <span class='ocrx_word' id='word_1_226' title='bbox 1483 854 1513 880; x_wconf 81' lang='grc' dir='ltr'>τὺ</span> <span class='ocrx_word' id='word_1_227' title='bbox 1526 852 1579 880; x_wconf 81' lang='grc' dir='ltr'>ἀπὸ</span> <span class='ocrx_word' id='word_1_228' title='bbox 1594 851 1644 878; x_wconf 84' lang='grc' dir='ltr'><strong>τοῦ</strong></span> <span class='ocrx_word' id='word_1_229' title='bbox 1661 857 1807 884; x_wconf 79' lang='grc' dir='ltr'>τεσσαρα-</span> 
     </span>
    </p>
   </div>
   <div class='ocr_carea' id='block_1_34' title="bbox 169 899 955 939">
    <p class='ocr_par' dir='ltr' id='par_1_34' title="bbox 169 899 955 939">
     <span class='ocr_line' id='line_1_34' title="bbox 169 899 955 939; baseline -0.017 -2"><span class='ocrx_word' id='word_1_230' title='bbox 169 910 252 937; x_wconf 81' lang='lat' dir='ltr'><strong>vcrba</strong></span> <span class='ocrx_word' id='word_1_231' title='bbox 266 909 398 936; x_wconf 84' lang='lat' dir='ltr'><strong>adducere</strong></span> <span class='ocrx_word' id='word_1_232' title='bbox 408 927 415 939; x_wconf 90' lang='lat'><strong>,</strong></span> <span class='ocrx_word' id='word_1_233' title='bbox 429 906 473 934; x_wconf 89' lang='lat' dir='ltr'><strong>uhi</strong></span> <span class='ocrx_word' id='word_1_234' title='bbox 494 906 538 932; x_wconf 86' lang='lat' dir='ltr'><strong>ille</strong></span> <span class='ocrx_word' id='word_1_235' title='bbox 554 905 693 932; x_wconf 73' lang='lat' dir='ltr'><strong>evidenter</strong></span> <span class='ocrx_word' id='word_1_236' title='bbox 715 902 785 928; x_wconf 79' lang='lat' dir='ltr'><strong>Deus</strong></span> <span class='ocrx_word' id='word_1_237' title='bbox 798 899 955 935; x_wconf 85' lang='lat' dir='ltr'><strong>pronuntia-</strong></span> 
     </span>
    </p>
   </div>
   <div class='ocr_carea' id='block_1_35' title="bbox 171 947 955 986">
    <p class='ocr_par' dir='ltr' id='par_1_35' title="bbox 171 947 955 986">
     <span class='ocr_line' id='line_1_35' title="bbox 171 947 955 986; baseline -0.017 -4"><span class='ocrx_word' id='word_1_238' title='bbox 171 960 257 982; x_wconf 74' lang='lat' dir='ltr'><strong>tur:c</strong></span> <span class='ocrx_word' id='word_1_239' title='bbox 275 954 376 981; x_wconf 86' lang='lat' dir='ltr'><strong>Dill&#39;usa</strong></span> <span class='ocrx_word' id='word_1_240' title='bbox 395 956 437 979; x_wconf 87' lang='lat' dir='ltr'><strong>est</strong></span> <span class='ocrx_word' id='word_1_241' title='bbox 458 951 546 986; x_wconf 77' lang='lat' dir='ltr'><strong>gratia</strong></span> <span class='ocrx_word' id='word_1_242' title='bbox 566 950 592 976; x_wconf 93' lang='lat' dir='ltr'><strong>in</strong></span> <span class='ocrx_word' id='word_1_243' title='bbox 613 948 691 975; x_wconf 81' lang='lat' dir='ltr'><strong>labiis</strong></span> <span class='ocrx_word' id='word_1_244' title='bbox 718 947 788 979; x_wconf 87' lang='lat' dir='ltr'><strong>tuis,</strong></span> <span class='ocrx_word' id='word_1_245' title='bbox 813 949 955 980; x_wconf 74' lang='lat' dir='ltr'><strong>propterea</strong></span> 
     </span>
    </p>
   </div>
   <div class='ocr_carea' id='block_1_36' title="bbox 169 989 956 1028">
    <p class='ocr_par' dir='ltr' id='par_1_36' title="bbox 169 989 956 1028">
     <span class='ocr_line' id='line_1_36' title="bbox 169 989 956 1028; baseline -0.017 -1"><span class='ocrx_word' id='word_1_246' title='bbox 169 999 308 1028; x_wconf 80' lang='lat' dir='ltr'><strong>benedixit</strong></span> <span class='ocrx_word' id='word_1_247' title='bbox 337 1003 362 1025; x_wconf 88' lang='lat' dir='ltr'><strong>te</strong></span> <span class='ocrx_word' id='word_1_248' title='bbox 387 997 458 1023; x_wconf 83' lang='lat' dir='ltr'><strong>Deus</strong></span> <span class='ocrx_word' id='word_1_249' title='bbox 480 997 506 1022; x_wconf 95' lang='lat' dir='ltr'><strong>in</strong></span> <span class='ocrx_word' id='word_1_250' title='bbox 529 999 672 1022; x_wconf 73' lang='lat' dir='ltr'><strong>mtcrnum.</strong></span> <span class='ocrx_word' id='word_1_251' title='bbox 695 991 844 1026; x_wconf 82' lang='lat' dir='ltr'><strong>Accingere</strong></span> <span class='ocrx_word' id='word_1_252' title='bbox 867 989 956 1023; x_wconf 80' lang='lat' dir='ltr'><strong>gladio</strong></span> 
     </span>
    </p>
   </div>
   <div class='ocr_carea' id='block_1_37' title="bbox 170 1035 957 1079">
    <p class='ocr_par' dir='ltr' id='par_1_37' title="bbox 170 1035 957 1079">
     <span class='ocr_line' id='line_1_37' title="bbox 170 1035 957 1079; baseline -0.015 -7"><span class='ocrx_word' id='word_1_253' title='bbox 170 1051 216 1072; x_wconf 89' lang='lat' dir='ltr'><strong>tuo</strong></span> <span class='ocrx_word' id='word_1_254' title='bbox 231 1052 311 1079; x_wconf 90' lang='lat' dir='ltr'><strong>super</strong></span> <span class='ocrx_word' id='word_1_255' title='bbox 319 1043 406 1071; x_wconf 79' lang='lat' dir='ltr'><strong>femur</strong></span> <span class='ocrx_word' id='word_1_256' title='bbox 419 1047 503 1074; x_wconf 86' lang='lat' dir='ltr'><strong>tuum,</strong></span> <span class='ocrx_word' id='word_1_257' title='bbox 517 1045 624 1075; x_wconf 86' lang='lat' dir='ltr'><strong>potens,</strong></span> <span class='ocrx_word' id='word_1_258' title='bbox 638 1039 727 1074; x_wconf 83' lang='lat' dir='ltr'><strong>specie</strong></span> <span class='ocrx_word' id='word_1_259' title='bbox 740 1043 783 1064; x_wconf 86' lang='lat' dir='ltr'><strong>tua</strong></span> <span class='ocrx_word' id='word_1_260' title='bbox 797 1040 824 1063; x_wconf 92' lang='lat' dir='ltr'><strong>et</strong></span> <span class='ocrx_word' id='word_1_261' title='bbox 839 1035 957 1070; x_wconf 88' lang='lat' dir='ltr'><strong>pulchri-</strong></span> 
     </span>
    </p>
   </div>
   <div class='ocr_carea' id='block_1_38' title="bbox 172 1084 955 1121">
    <p class='ocr_par' dir='ltr' id='par_1_38' title="bbox 172 1084 955 1121">
     <span class='ocr_line' id='line_1_38' title="bbox 172 1084 955 1121; baseline -0.014 -2"><span class='ocrx_word' id='word_1_262' title='bbox 172 1091 263 1119; x_wconf 87' lang='lat' dir='ltr'><strong>tudine</strong></span> <span class='ocrx_word' id='word_1_263' title='bbox 287 1096 332 1117; x_wconf 83' lang='lat' dir='ltr'><strong>tua</strong></span> <span class='ocrx_word' id='word_1_264' title='bbox 360 1089 483 1120; x_wconf 82' lang='lat' dir='ltr'><strong>intendeI</strong></span> <span class='ocrx_word' id='word_1_265' title='bbox 515 1093 644 1121; x_wconf 88' lang='lat' dir='ltr'><strong>prospere</strong></span> <span class='ocrx_word' id='word_1_266' title='bbox 665 1084 781 1120; x_wconf 89' lang='lat' dir='ltr'><strong>procede</strong></span> <span class='ocrx_word' id='word_1_267' title='bbox 804 1086 831 1109; x_wconf 88' lang='lat' dir='ltr'><strong>et</strong></span> <span class='ocrx_word' id='word_1_268' title='bbox 864 1088 955 1115; x_wconf 72' lang='lat' dir='ltr'><strong>regna.</strong></span> 
     </span>
    </p>
   </div>
   <div class='ocr_carea' id='block_1_39' title="bbox 171 1128 956 1172">
    <p class='ocr_par' dir='ltr' id='par_1_39' title="bbox 171 1128 956 1172">
     <span class='ocr_line' id='line_1_39' title="bbox 171 1128 956 1172; baseline -0.014 -8"><span class='ocrx_word' id='word_1_269' title='bbox 171 1137 285 1172; x_wconf 86' lang='lat' dir='ltr'><strong>Propter</strong></span> <span class='ocrx_word' id='word_1_270' title='bbox 307 1136 451 1163; x_wconf 82' lang='lat' dir='ltr'><strong>veritatem</strong></span> <span class='ocrx_word' id='word_1_271' title='bbox 475 1138 502 1161; x_wconf 91' lang='lat' dir='ltr'><strong>et</strong></span> <span class='ocrx_word' id='word_1_272' title='bbox 519 1131 754 1160; x_wconf 82' lang='lat' dir='ltr'><strong>mansuetudinem</strong></span> <span class='ocrx_word' id='word_1_273' title='bbox 769 1135 797 1157; x_wconf 78' lang='lat' dir='ltr'><strong>et</strong></span> <span class='ocrx_word' id='word_1_274' title='bbox 810 1128 956 1164; x_wconf 84' lang='lat' dir='ltr'><strong>justitiam,</strong></span> 
     </span>
    </p>
   </div>
   <div class='ocr_carea' id='block_1_40' title="bbox 171 1174 959 1210">
    <p class='ocr_par' dir='ltr' id='par_1_40' title="bbox 171 1174 959 1210">
     <span class='ocr_line' id='line_1_40' title="bbox 171 1174 959 1210; baseline -0.015 0"><span class='ocrx_word' id='word_1_275' title='bbox 171 1187 200 1210; x_wconf 85' lang='lat' dir='ltr'><strong>et</strong></span> <span class='ocrx_word' id='word_1_276' title='bbox 210 1183 325 1210; x_wconf 86' lang='lat' dir='ltr'><strong>deducet</strong></span> <span class='ocrx_word' id='word_1_277' title='bbox 343 1185 367 1207; x_wconf 89' lang='lat' dir='ltr'><strong>te</strong></span> <span class='ocrx_word' id='word_1_278' title='bbox 380 1179 542 1207; x_wconf 81' lang='lat' dir='ltr'><strong>mirabiliter</strong></span> <span class='ocrx_word' id='word_1_279' title='bbox 565 1179 675 1205; x_wconf 84' lang='lat' dir='ltr'><strong>dextera</strong></span> <span class='ocrx_word' id='word_1_280' title='bbox 698 1181 754 1203; x_wconf 84' lang='lat' dir='ltr'><strong>tua.</strong></span> <span class='ocrx_word' id='word_1_281' title='bbox 770 1174 882 1208; x_wconf 81' lang='lat' dir='ltr'><strong>Sagith</strong></span> <span class='ocrx_word' id='word_1_282' title='bbox 908 1177 959 1199; x_wconf 73' lang='lat' dir='ltr'><strong>tua:</strong></span> 
     </span>
    </p>
   </div>
   <div class='ocr_carea' id='block_1_41' title="bbox 174 1218 960 1260">
    <p class='ocr_par' dir='ltr' id='par_1_41' title="bbox 174 1218 960 1260">
     <span class='ocr_line' id='line_1_41' title="bbox 174 1218 960 1260; baseline -0.014 -5"><span class='ocrx_word' id='word_1_283' title='bbox 174 1232 271 1259; x_wconf 60' lang='lat' dir='ltr'><strong>acutae,</strong></span> <span class='ocrx_word' id='word_1_284' title='bbox 289 1230 394 1260; x_wconf 84' lang='lat' dir='ltr'><strong>potens,</strong></span> <span class='ocrx_word' id='word_1_285' title='bbox 411 1225 502 1259; x_wconf 88' lang='lat' dir='ltr'><strong>populi</strong></span> <span class='ocrx_word' id='word_1_286' title='bbox 514 1225 563 1252; x_wconf 87' lang='lat' dir='ltr'><strong>sub</strong></span> <span class='ocrx_word' id='word_1_287' title='bbox 575 1229 601 1251; x_wconf 80' lang='lat' dir='ltr'><strong>te</strong></span> <span class='ocrx_word' id='word_1_288' title='bbox 613 1222 710 1250; x_wconf 85' lang='lat' dir='ltr'><strong>cadent</strong></span> <span class='ocrx_word' id='word_1_289' title='bbox 725 1222 750 1248; x_wconf 92' lang='lat' dir='ltr'><strong>in</strong></span> <span class='ocrx_word' id='word_1_290' title='bbox 765 1221 846 1248; x_wconf 86' lang='lat' dir='ltr'><strong>corde</strong></span> <span class='ocrx_word' id='word_1_291' title='bbox 871 1218 960 1245; x_wconf 92' lang='lat' dir='ltr'><strong>inimi-</strong></span> 
     </span>
    </p>
   </div>
   <div class='ocr_carea' id='block_1_42' title="bbox 173 1267 960 1305">
    <p class='ocr_par' dir='ltr' id='par_1_42' title="bbox 173 1267 960 1305">
     <span class='ocr_line' id='line_1_42' title="bbox 173 1267 960 1305; baseline -0.011 -6"><span class='ocrx_word' id='word_1_292' title='bbox 173 1280 267 1300; x_wconf 86' lang='lat' dir='ltr'><strong>corum</strong></span> <span class='ocrx_word' id='word_1_293' title='bbox 279 1271 395 1305; x_wconf 76' lang='lat' dir='ltr'><strong>llegis”.</strong></span> <span class='ocrx_word' id='word_1_294' title='bbox 409 1280 417 1296; x_wconf 76' lang='grc' dir='ltr'><strong>ι</strong></span> <span class='ocrx_word' id='word_1_295' title='bbox 431 1269 547 1297; x_wconf 86' lang='lat' dir='ltr'><strong>Adverte</strong></span> <span class='ocrx_word' id='word_1_296' title='bbox 558 1269 676 1296; x_wconf 81' lang='lat' dir='ltr'><strong>animum</strong></span> <span class='ocrx_word' id='word_1_297' title='bbox 686 1267 719 1294; x_wconf 88' lang='lat' dir='ltr'><strong>ad</strong></span> <span class='ocrx_word' id='word_1_298' title='bbox 729 1274 760 1293; x_wconf 78' lang='lat' dir='ltr'><strong>ea</strong></span> <span class='ocrx_word' id='word_1_299' title='bbox 769 1273 829 1301; x_wconf 71' lang='lat' dir='ltr'><strong>quae</strong></span> <span class='ocrx_word' id='word_1_300' title='bbox 844 1272 960 1298; x_wconf 89' lang='lat' dir='ltr'><strong>sequun-</strong></span> 
     </span>
    </p>
   </div>
   <div class='ocr_carea' id='block_1_43' title="bbox 175 1311 959 1351">
    <p class='ocr_par' dir='ltr' id='par_1_43' title="bbox 175 1311 959 1351">
     <span class='ocr_line' id='line_1_43' title="bbox 175 1311 959 1351; baseline -0.011 -6"><span class='ocrx_word' id='word_1_301' title='bbox 175 1324 229 1351; x_wconf 87' lang='lat' dir='ltr'><strong>tur,</strong></span> <span class='ocrx_word' id='word_1_302' title='bbox 247 1323 274 1345; x_wconf 91' lang='lat' dir='ltr'><strong>ct</strong></span> <span class='ocrx_word' id='word_1_303' title='bbox 295 1325 354 1351; x_wconf 76' lang='lat' dir='ltr'><strong>qua:</strong></span> <span class='ocrx_word' id='word_1_304' title='bbox 380 1316 454 1343; x_wconf 83' lang='grc' dir='ltr'>ἰΙΙιιιη</span> <span class='ocrx_word' id='word_1_305' title='bbox 485 1316 569 1343; x_wconf 89' lang='lat' dir='ltr'><strong>Deum</strong></span> <span class='ocrx_word' id='word_1_306' title='bbox 584 1314 729 1342; x_wconf 83' lang='lat' dir='ltr'><strong>enuntiant</strong></span> <span class='ocrx_word' id='word_1_307' title='bbox 745 1321 753 1339; x_wconf 87' lang='lat'><strong>:</strong></span> <span class='ocrx_word' id='word_1_308' title='bbox 771 1321 780 1337; x_wconf 77' lang='grc' dir='ltr'><strong>ι</strong></span> <span class='ocrx_word' id='word_1_309' title='bbox 802 1311 886 1338; x_wconf 85' lang='lat' dir='ltr'><strong>Sedes</strong></span> <span class='ocrx_word' id='word_1_310' title='bbox 902 1314 959 1343; x_wconf 76' lang='lat' dir='ltr'><strong>tua,</strong></span> 
     </span>
    </p>
   </div>
   <div class='ocr_carea' id='block_1_44' title="bbox 174 1357 961 1396">
    <p class='ocr_par' dir='ltr' id='par_1_44' title="bbox 174 1357 961 1396">
     <span class='ocr_line' id='line_1_44' title="bbox 174 1357 961 1396; baseline -0.015 -3"><span class='ocrx_word' id='word_1_311' title='bbox 174 1366 257 1396; x_wconf 83' lang='lat' dir='ltr'><strong>Deus,</strong></span> <span class='ocrx_word' id='word_1_312' title='bbox 271 1363 298 1391; x_wconf 86' lang='lat' dir='ltr'><strong>in</strong></span> <span class='ocrx_word' id='word_1_313' title='bbox 307 1362 433 1391; x_wconf 70' lang='lat' dir='ltr'><strong>smcolum</strong></span> <span class='ocrx_word' id='word_1_314' title='bbox 448 1361 548 1393; x_wconf 79' lang='lat' dir='ltr'><strong>saeculi,</strong></span> <span class='ocrx_word' id='word_1_315' title='bbox 568 1360 642 1394; x_wconf 81' lang='lat' dir='ltr'><strong>virga</strong></span> <span class='ocrx_word' id='word_1_316' title='bbox 654 1357 811 1385; x_wconf 84' lang='lat' dir='ltr'><strong>directionis</strong></span> <span class='ocrx_word' id='word_1_317' title='bbox 827 1357 900 1391; x_wconf 80' lang='lat' dir='ltr'><strong>virga</strong></span> <span class='ocrx_word' id='word_1_318' title='bbox 917 1363 961 1382; x_wconf 88' lang='lat' dir='ltr'><strong>re-</strong></span> 
     </span>
    </p>
   </div>
   <div class='ocr_carea' id='block_1_45' title="bbox 175 1403 961 1446">
    <p class='ocr_par' dir='ltr' id='par_1_45' title="bbox 175 1403 961 1446">
     <span class='ocr_line' id='line_1_45' title="bbox 175 1403 961 1446; baseline -0.013 -9"><span class='ocrx_word' id='word_1_319' title='bbox 175 1411 221 1446; x_wconf 80' lang='lat' dir='ltr'><strong>gni</strong></span> <span class='ocrx_word' id='word_1_320' title='bbox 236 1409 284 1437; x_wconf 90' lang='lat' dir='ltr'><strong>tui.</strong></span> <span class='ocrx_word' id='word_1_321' title='bbox 296 1407 561 1441; x_wconf 81' lang='lat' dir='ltr'><strong>Dilexistijustitiam</strong></span> <span class='ocrx_word' id='word_1_322' title='bbox 574 1409 601 1433; x_wconf 89' lang='lat' dir='ltr'><strong>et</strong></span> <span class='ocrx_word' id='word_1_323' title='bbox 612 1405 694 1432; x_wconf 83' lang='lat' dir='ltr'><strong>odisti</strong></span> <span class='ocrx_word' id='word_1_324' title='bbox 708 1403 889 1437; x_wconf 78' lang='lat' dir='ltr'><strong>iniquitatem;</strong></span> <span class='ocrx_word' id='word_1_325' title='bbox 900 1408 961 1436; x_wconf 93' lang='lat' dir='ltr'><strong>pro-</strong></span> 
     </span>
    </p>
   </div>
   <div class='ocr_carea' id='block_1_46' title="bbox 176 1448 961 1492">
    <p class='ocr_par' dir='ltr' id='par_1_46' title="bbox 176 1448 961 1492">
     <span class='ocr_line' id='line_1_46' title="bbox 176 1448 961 1492; baseline -0.014 -8"><span class='ocrx_word' id='word_1_326' title='bbox 176 1463 268 1492; x_wconf 86' lang='lat' dir='ltr'><strong>pterea</strong></span> <span class='ocrx_word' id='word_1_327' title='bbox 289 1455 366 1482; x_wconf 81' lang='lat' dir='ltr'><strong>unxit</strong></span> <span class='ocrx_word' id='word_1_328' title='bbox 388 1459 414 1480; x_wconf 89' lang='lat' dir='ltr'><strong>te</strong></span> <span class='ocrx_word' id='word_1_329' title='bbox 432 1453 513 1484; x_wconf 85' lang='lat' dir='ltr'><strong>Deus,</strong></span> <span class='ocrx_word' id='word_1_330' title='bbox 530 1451 601 1479; x_wconf 89' lang='lat' dir='ltr'><strong>Deus</strong></span> <span class='ocrx_word' id='word_1_331' title='bbox 630 1455 702 1483; x_wconf 87' lang='lat' dir='ltr'><strong>tuus,</strong></span> <span class='ocrx_word' id='word_1_332' title='bbox 718 1449 777 1476; x_wconf 84' lang='lat' dir='ltr'><strong>oleo</strong></span> <span class='ocrx_word' id='word_1_333' title='bbox 792 1448 891 1476; x_wconf 73' lang='lat' dir='ltr'><strong>hetitiae</strong></span> <span class='ocrx_word' id='word_1_334' title='bbox 907 1453 961 1481; x_wconf 70' lang='lat' dir='ltr'><strong>pra:</strong></span> 
     </span>
    </p>
   </div>
   <div class='ocr_carea' id='block_1_47' title="bbox 177 1493 961 1530">
    <p class='ocr_par' dir='ltr' id='par_1_47' title="bbox 177 1493 961 1530">
     <span class='ocr_line' id='line_1_47' title="bbox 177 1493 961 1530; baseline -0.013 -1"><span class='ocrx_word' id='word_1_335' title='bbox 177 1501 351 1529; x_wconf 77' lang='lat' dir='ltr'><strong>corisortibus</strong></span> <span class='ocrx_word' id='word_1_336' title='bbox 376 1499 470 1526; x_wconf 78' lang='lat' dir='ltr'><strong>tuis“.</strong></span> <span class='ocrx_word' id='word_1_337' title='bbox 492 1507 502 1524; x_wconf 74' lang='grc' dir='ltr'><strong>ι</strong></span> <span class='ocrx_word' id='word_1_338' title='bbox 518 1497 710 1524; x_wconf 80' lang='lat' dir='ltr'><strong>Animadverte</strong></span> <span class='ocrx_word' id='word_1_339' title='bbox 730 1495 803 1530; x_wconf 84' lang='lat' dir='ltr'><strong>quod</strong></span> <span class='ocrx_word' id='word_1_340' title='bbox 831 1493 961 1528; x_wconf 77' lang='lat' dir='ltr'><strong>propheta</strong></span> 
     </span>
    </p>
   </div>
   <div class='ocr_carea' id='block_1_48' title="bbox 1009 896 1807 939">
    <p class='ocr_par' dir='ltr' id='par_1_48' title="bbox 1009 896 1807 939">
     <span class='ocr_line' id='line_1_48' title="bbox 1009 896 1807 939; baseline -0.02 -5"><span class='ocrx_word' id='word_1_341' title='bbox 1009 896 1106 934; x_wconf 84' lang='grc' dir='ltr'>κοστοῦ</span> <span class='ocrx_word' id='word_1_342' title='bbox 1128 906 1175 933; x_wconf 75' lang='grc' dir='ltr'>καὶ</span> <span class='ocrx_word' id='word_1_343' title='bbox 1195 904 1324 939; x_wconf 75' lang='grc' dir='ltr'>τετάρτου</span> <span class='ocrx_word' id='word_1_344' title='bbox 1341 900 1459 937; x_wconf 81' lang='grc' dir='ltr'><strong>ψαλμοῦ,</strong></span> <span class='ocrx_word' id='word_1_345' title='bbox 1478 900 1508 931; x_wconf 82' lang='grc' dir='ltr'>ὃς</span> <span class='ocrx_word' id='word_1_346' title='bbox 1530 898 1577 925; x_wconf 79' lang='grc' dir='ltr'><strong>καὶ</strong></span> <span class='ocrx_word' id='word_1_347' title='bbox 1594 896 1807 931; x_wconf 79' lang='grc' dir='ltr'>ἐπιγέγραπται</span> 
     </span>
    </p>
   </div>
   <div class='ocr_carea' id='block_1_49' title="bbox 1009 940 1808 989">
    <p class='ocr_par' dir='ltr' id='par_1_49' title="bbox 1009 940 1808 989">
     <span class='ocr_line' id='line_1_49' title="bbox 1009 940 1808 989; baseline -0.019 -9"><span class='ocrx_word' id='word_1_348' title='bbox 1009 953 1077 989; x_wconf 76' lang='grc' dir='ltr'>πρὸς</span> <span class='ocrx_word' id='word_1_349' title='bbox 1088 952 1178 983; x_wconf 84' lang='grc' dir='ltr'>ἄλλοις</span> <span class='ocrx_word' id='word_1_350' title='bbox 1188 949 1313 977; x_wconf 75' lang='grc' dir='ltr'>εἶναικαὶ</span> <span class='ocrx_word' id='word_1_351' title='bbox 1327 948 1393 983; x_wconf 83' lang='grc' dir='ltr'>ᾭδὴ</span> <span class='ocrx_word' id='word_1_352' title='bbox 1404 946 1478 980; x_wconf 78' lang='grc' dir='ltr'><strong>ὑπὲρ</strong></span> <span class='ocrx_word' id='word_1_353' title='bbox 1490 944 1542 972; x_wconf 87' lang='grc' dir='ltr'><strong>τοῦ</strong></span> <span class='ocrx_word' id='word_1_354' title='bbox 1553 941 1732 978; x_wconf 77' lang='grc' dir='ltr'><strong>ἀγαπητοῦ,</strong></span> <span class='ocrx_word' id='word_1_355' title='bbox 1745 940 1808 966; x_wconf 72' lang='grc' dir='ltr'>ἔνθα</span> 
     </span>
    </p>
   </div>
   <div class='ocr_carea' id='block_1_50' title="bbox 1010 985 1806 1031">
    <p class='ocr_par' dir='ltr' id='par_1_50' title="bbox 1010 985 1806 1031">
     <span class='ocr_line' id='line_1_50' title="bbox 1010 985 1806 1031; baseline -0.019 -6"><span class='ocrx_word' id='word_1_356' title='bbox 1010 985 1055 1025; x_wconf 81' lang='grc' dir='ltr'>καὶ</span> <span class='ocrx_word' id='word_1_357' title='bbox 1069 997 1134 1028; x_wconf 78' lang='grc' dir='ltr'>Θεὸς</span> <span class='ocrx_word' id='word_1_358' title='bbox 1148 995 1326 1031; x_wconf 76' lang='grc' dir='ltr'><strong>ἀνηγόρευται</strong></span> <span class='ocrx_word' id='word_1_359' title='bbox 1338 991 1431 1027; x_wconf 78' lang='grc' dir='ltr'>σαφῶς</span> <span class='ocrx_word' id='word_1_360' title='bbox 1443 991 1488 1017; x_wconf 83' lang='grc' dir='ltr'>διὰ</span> <span class='ocrx_word' id='word_1_361' title='bbox 1500 989 1601 1016; x_wconf 80' lang='grc' dir='ltr'>τούτων</span> <span class='ocrx_word' id='word_1_362' title='bbox 1611 997 1617 1002; x_wconf 93' lang='grc'><strong>·</strong></span> <span class='ocrx_word' id='word_1_363' title='bbox 1633 997 1644 1013; x_wconf 80' lang='grc'><strong><em>‹</em></strong></span> <span class='ocrx_word' id='word_1_364' title='bbox 1670 985 1806 1020; x_wconf 74' lang='grc' dir='ltr'>Ἐξεχύθη</span> 
     </span>
    </p>
   </div>
   <div class='ocr_carea' id='block_1_51' title="bbox 1010 1032 1808 1080">
    <p class='ocr_par' dir='ltr' id='par_1_51' title="bbox 1010 1032 1808 1080">
     <span class='ocr_line' id='line_1_51' title="bbox 1010 1032 1808 1080; baseline -0.016 -9"><span class='ocrx_word' id='word_1_365' title='bbox 1010 1045 1026 1080; x_wconf 86' lang='grc' dir='ltr'>ἡ</span> <span class='ocrx_word' id='word_1_366' title='bbox 1043 1045 1122 1080; x_wconf 85' lang='grc' dir='ltr'>χάρις</span> <span class='ocrx_word' id='word_1_367' title='bbox 1138 1043 1166 1069; x_wconf 83' lang='grc' dir='ltr'>ὲν</span> <span class='ocrx_word' id='word_1_368' title='bbox 1181 1040 1282 1077; x_wconf 77' lang='grc' dir='ltr'>χείλεσι</span> <span class='ocrx_word' id='word_1_369' title='bbox 1299 1048 1357 1070; x_wconf 90' lang='grc' dir='ltr'>σου,</span> <span class='ocrx_word' id='word_1_370' title='bbox 1370 1038 1414 1065; x_wconf 76' lang='grc' dir='ltr'>διὰ</span> <span class='ocrx_word' id='word_1_371' title='bbox 1429 1037 1508 1064; x_wconf 79' lang='grc' dir='ltr'>τοῦτο</span> <span class='ocrx_word' id='word_1_372' title='bbox 1521 1034 1653 1070; x_wconf 77' lang='grc' dir='ltr'>εὐλόγησέ</span> <span class='ocrx_word' id='word_1_373' title='bbox 1668 1042 1701 1060; x_wconf 76' lang='grc' dir='ltr'><strong>σε</strong></span> <span class='ocrx_word' id='word_1_374' title='bbox 1717 1034 1733 1060; x_wconf 88' lang='grc' dir='ltr'><strong>ό</strong></span> <span class='ocrx_word' id='word_1_375' title='bbox 1744 1032 1808 1063; x_wconf 69' lang='grc' dir='ltr'>Θεος</span> 
     </span>
    </p>
   </div>
   <div class='ocr_carea' id='block_1_52' title="bbox 1011 1078 1808 1121">
    <p class='ocr_par' dir='ltr' id='par_1_52' title="bbox 1011 1078 1808 1121">
     <span class='ocr_line' id='line_1_52' title="bbox 1011 1078 1808 1121; baseline -0.018 -5"><span class='ocrx_word' id='word_1_376' title='bbox 1011 1078 1113 1121; x_wconf 18' lang='grc' dir='ltr'>ε-ἰςντδν</span> <span class='ocrx_word' id='word_1_377' title='bbox 1126 1087 1221 1115; x_wconf 82' lang='grc' dir='ltr'>αἰῶνα.</span> <span class='ocrx_word' id='word_1_378' title='bbox 1238 1084 1392 1121; x_wconf 76' lang='grc' dir='ltr'>Περίξωσαι</span> <span class='ocrx_word' id='word_1_379' title='bbox 1409 1083 1457 1118; x_wconf 82' lang='grc' dir='ltr'><strong>τὴν</strong></span> <span class='ocrx_word' id='word_1_380' title='bbox 1475 1081 1611 1118; x_wconf 76' lang='grc' dir='ltr'>ῥομφαίαν</span> <span class='ocrx_word' id='word_1_381' title='bbox 1629 1088 1679 1106; x_wconf 83' lang='grc' dir='ltr'><strong>σου</strong></span> <span class='ocrx_word' id='word_1_382' title='bbox 1699 1079 1750 1104; x_wconf 74' lang='grc' dir='ltr'><strong>ἐπὶ</strong></span> <span class='ocrx_word' id='word_1_383' title='bbox 1765 1078 1808 1103; x_wconf 62' lang='grc' dir='ltr'>τὸν</span> 
     </span>
    </p>
   </div>
   <div class='ocr_carea' id='block_1_53' title="bbox 1013 1122 1808 1169">
    <p class='ocr_par' dir='ltr' id='par_1_53' title="bbox 1013 1122 1808 1169">
     <span class='ocr_line' id='line_1_53' title="bbox 1013 1122 1808 1169; baseline -0.016 -8"><span class='ocrx_word' id='word_1_384' title='bbox 1013 1134 1099 1169; x_wconf 76' lang='grc' dir='ltr'>μηρόν</span> <span class='ocrx_word' id='word_1_385' title='bbox 1117 1142 1174 1165; x_wconf 84' lang='grc' dir='ltr'>σου,</span> <span class='ocrx_word' id='word_1_386' title='bbox 1192 1131 1299 1162; x_wconf 85' lang='grc' dir='ltr'>δυνατὲ,</span> <span class='ocrx_word' id='word_1_387' title='bbox 1315 1131 1348 1165; x_wconf 79' lang='grc' dir='ltr'>τῇ</span> <span class='ocrx_word' id='word_1_388' title='bbox 1365 1127 1510 1164; x_wconf 83' lang='grc' dir='ltr'>ὼραιότητί</span> <span class='ocrx_word' id='word_1_389' title='bbox 1528 1135 1574 1152; x_wconf 86' lang='grc' dir='ltr'><strong>σου</strong></span> <span class='ocrx_word' id='word_1_390' title='bbox 1592 1125 1640 1152; x_wconf 68' lang='grc' dir='ltr'><strong>καὶ</strong></span> <span class='ocrx_word' id='word_1_391' title='bbox 1653 1123 1696 1159; x_wconf 78' lang='grc' dir='ltr'>τῷ</span> <span class='ocrx_word' id='word_1_392' title='bbox 1716 1122 1808 1149; x_wconf 74' lang='grc' dir='ltr'>κάλλει</span> 
     </span>
    </p>
   </div>
   <div class='ocr_carea' id='block_1_54' title="bbox 1013 1169 1809 1212">
    <p class='ocr_par' dir='ltr' id='par_1_54' title="bbox 1013 1169 1809 1212">
     <span class='ocr_line' id='line_1_54' title="bbox 1013 1169 1809 1212; baseline -0.018 -5"><span class='ocrx_word' id='word_1_393' title='bbox 1013 1189 1071 1212; x_wconf 88' lang='grc' dir='ltr'>σου,</span> <span class='ocrx_word' id='word_1_394' title='bbox 1083 1179 1129 1206; x_wconf 66' lang='grc' dir='ltr'><strong>κα)⁸</strong></span> <span class='ocrx_word' id='word_1_395' title='bbox 1143 1179 1257 1204; x_wconf 77' lang='grc' dir='ltr'>ἑντεινον</span> <span class='ocrx_word' id='word_1_396' title='bbox 1268 1177 1315 1203; x_wconf 74' lang='lat' dir='ltr'><strong>xu‘t</strong></span> <span class='ocrx_word' id='word_1_397' title='bbox 1326 1173 1471 1202; x_wconf 84' lang='grc' dir='ltr'>κατευοδοῦ</span> <span class='ocrx_word' id='word_1_398' title='bbox 1483 1173 1530 1199; x_wconf 78' lang='lat' dir='ltr'><strong>xu‘t</strong></span> <span class='ocrx_word' id='word_1_399' title='bbox 1540 1170 1679 1207; x_wconf 83' lang='grc' dir='ltr'>βασίλευε.</span> <span class='ocrx_word' id='word_1_400' title='bbox 1694 1169 1809 1195; x_wconf 64' lang='grc' dir='ltr'>Ἕνεκεν</span> 
     </span>
    </p>
   </div>
   <div class='ocr_carea' id='block_1_55' title="bbox 1013 1215 1809 1261">
    <p class='ocr_par' dir='ltr' id='par_1_55' title="bbox 1013 1215 1809 1261">
     <span class='ocr_line' id='line_1_55' title="bbox 1013 1215 1809 1261; baseline -0.016 -8"><span class='ocrx_word' id='word_1_401' title='bbox 1013 1225 1139 1261; x_wconf 77' lang='grc' dir='ltr'>ἀληθείας</span> <span class='ocrx_word' id='word_1_402' title='bbox 1152 1224 1199 1250; x_wconf 77' lang='grc' dir='ltr'>καὶ</span> <span class='ocrx_word' id='word_1_403' title='bbox 1215 1222 1370 1259; x_wconf 86' lang='grc' dir='ltr'>πραότητος</span> <span class='ocrx_word' id='word_1_404' title='bbox 1384 1221 1430 1247; x_wconf 74' lang='grc' dir='ltr'><strong>καὶ</strong></span> <span class='ocrx_word' id='word_1_405' title='bbox 1441 1217 1624 1252; x_wconf 83' lang='grc' dir='ltr'>δικαιοσύνης,</span> <span class='ocrx_word' id='word_1_406' title='bbox 1639 1215 1690 1242; x_wconf 71' lang='grc' dir='ltr'>καὶ</span> <span class='ocrx_word' id='word_1_407' title='bbox 1708 1215 1809 1250; x_wconf 78' lang='grc' dir='ltr'>ὁδηγὴ-</span> 
     </span>
    </p>
   </div>
   <div class='ocr_carea' id='block_1_56' title="bbox 1014 1261 1807 1305">
    <p class='ocr_par' dir='ltr' id='par_1_56' title="bbox 1014 1261 1807 1305">
     <span class='ocr_line' id='line_1_56' title="bbox 1014 1261 1807 1305; baseline -0.018 -6"><span class='ocrx_word' id='word_1_408' title='bbox 1014 1281 1055 1299; x_wconf 88' lang='grc' dir='ltr'><strong>σει</strong></span> <span class='ocrx_word' id='word_1_409' title='bbox 1072 1281 1102 1298; x_wconf 83' lang='grc' dir='ltr'><strong>σε</strong></span> <span class='ocrx_word' id='word_1_410' title='bbox 1119 1268 1281 1305; x_wconf 83' lang='grc' dir='ltr'>θαυμαστῶς</span> <span class='ocrx_word' id='word_1_411' title='bbox 1300 1269 1316 1303; x_wconf 83' lang='grc' dir='ltr'>ἠ</span> <span class='ocrx_word' id='word_1_412' title='bbox 1334 1266 1408 1298; x_wconf 78' lang='grc' dir='ltr'>δεξιά</span> <span class='ocrx_word' id='word_1_413' title='bbox 1425 1274 1480 1292; x_wconf 88' lang='grc' dir='ltr'>σου.</span> <span class='ocrx_word' id='word_1_414' title='bbox 1497 1264 1537 1290; x_wconf 80' lang='grc' dir='ltr'><strong>Τὰ</strong></span> <span class='ocrx_word' id='word_1_415' title='bbox 1554 1263 1618 1298; x_wconf 81' lang='grc' dir='ltr'>βέλη</span> <span class='ocrx_word' id='word_1_416' title='bbox 1638 1270 1688 1287; x_wconf 88' lang='grc' dir='ltr'>σου</span> <span class='ocrx_word' id='word_1_417' title='bbox 1707 1261 1807 1295; x_wconf 75' lang='grc' dir='ltr'>ἠκονη-</span> 
     </span>
    </p>
   </div>
   <div class='ocr_carea' id='block_1_57' title="bbox 1015 1306 1808 1353">
    <p class='ocr_par' dir='ltr' id='par_1_57' title="bbox 1015 1306 1808 1353">
     <span class='ocr_line' id='line_1_57' title="bbox 1015 1306 1808 1353; baseline -0.019 -9"><span class='ocrx_word' id='word_1_418' title='bbox 1015 1317 1093 1353; x_wconf 85' lang='grc' dir='ltr'>μένα,</span> <span class='ocrx_word' id='word_1_419' title='bbox 1111 1315 1215 1342; x_wconf 80' lang='grc' dir='ltr'>δυνατέ-</span> <span class='ocrx_word' id='word_1_420' title='bbox 1234 1313 1293 1339; x_wconf 74' lang='grc' dir='ltr'>λαοὶ</span> <span class='ocrx_word' id='word_1_421' title='bbox 1311 1311 1438 1338; x_wconf 80' lang='grc' dir='ltr'>ὑποκάτω</span> <span class='ocrx_word' id='word_1_422' title='bbox 1461 1317 1507 1336; x_wconf 88' lang='grc' dir='ltr'><strong>σου</strong></span> <span class='ocrx_word' id='word_1_423' title='bbox 1523 1306 1673 1334; x_wconf 82' lang='grc' dir='ltr'>πεσοῦνται</span> <span class='ocrx_word' id='word_1_424' title='bbox 1693 1307 1725 1332; x_wconf 82' lang='grc' dir='ltr'>ὲν</span> <span class='ocrx_word' id='word_1_425' title='bbox 1744 1312 1808 1338; x_wconf 76' lang='grc' dir='ltr'>καρ-</span> 
     </span>
    </p>
   </div>
   <div class='ocr_carea' id='block_1_58' title="bbox 1013 1351 1809 1397">
    <p class='ocr_par' dir='ltr' id='par_1_58' title="bbox 1013 1351 1809 1397">
     <span class='ocr_line' id='line_1_58' title="bbox 1013 1351 1809 1397; baseline -0.019 -8"><span class='ocrx_word' id='word_1_426' title='bbox 1013 1351 1057 1397; x_wconf 69' lang='grc' dir='ltr'>δίᾳ</span> <span class='ocrx_word' id='word_1_427' title='bbox 1073 1361 1127 1388; x_wconf 89' lang='grc' dir='ltr'><strong>τῶν</strong></span> <span class='ocrx_word' id='word_1_428' title='bbox 1150 1359 1255 1395; x_wconf 81' lang='grc' dir='ltr'>ὲχθρῶν</span> <span class='ocrx_word' id='word_1_429' title='bbox 1272 1357 1318 1384; x_wconf 88' lang='grc' dir='ltr'><strong>τοῦ</strong></span> <span class='ocrx_word' id='word_1_430' title='bbox 1336 1356 1478 1392; x_wconf 79' lang='grc' dir='ltr'>βασιλέως.</span> <span class='ocrx_word' id='word_1_431' title='bbox 1498 1364 1507 1380; x_wconf 73' lang='grc' dir='ltr'><strong>ι</strong></span> <span class='ocrx_word' id='word_1_432' title='bbox 1527 1353 1653 1389; x_wconf 76' lang='grc' dir='ltr'>Πρόσχες</span> <span class='ocrx_word' id='word_1_433' title='bbox 1666 1351 1690 1377; x_wconf 84' lang='grc' dir='ltr'>δ’</span> <span class='ocrx_word' id='word_1_434' title='bbox 1713 1351 1809 1384; x_wconf 78' lang='grc' dir='ltr'>ἐπιμε-</span> 
     </span>
    </p>
   </div>
   <div class='ocr_carea' id='block_1_59' title="bbox 1015 1397 1806 1440">
    <p class='ocr_par' dir='ltr' id='par_1_59' title="bbox 1015 1397 1806 1440">
     <span class='ocr_line' id='line_1_59' title="bbox 1015 1397 1806 1440; baseline -0.016 -6"><span class='ocrx_word' id='word_1_435' title='bbox 1015 1407 1068 1438; x_wconf 86' lang='grc' dir='ltr'><strong>λῶς</strong></span> <span class='ocrx_word' id='word_1_436' title='bbox 1079 1407 1134 1437; x_wconf 85' lang='grc' dir='ltr'>τοῖς</span> <span class='ocrx_word' id='word_1_437' title='bbox 1151 1405 1223 1440; x_wconf 79' lang='grc' dir='ltr'>ἑξῆς,</span> <span class='ocrx_word' id='word_1_438' title='bbox 1236 1404 1300 1431; x_wconf 70' lang='grc' dir='ltr'>ἔνθα</span> <span class='ocrx_word' id='word_1_439' title='bbox 1308 1403 1374 1433; x_wconf 74' lang='grc' dir='ltr'>Θεὸς</span> <span class='ocrx_word' id='word_1_440' title='bbox 1393 1401 1515 1436; x_wconf 69' lang='grc' dir='ltr'>είρηταν</span> <span class='ocrx_word' id='word_1_441' title='bbox 1540 1408 1549 1424; x_wconf 77' lang='grc' dir='ltr'><strong>ι</strong></span> <span class='ocrx_word' id='word_1_442' title='bbox 1575 1398 1605 1425; x_wconf 90' lang='lat'><strong>&#39;0</strong></span> <span class='ocrx_word' id='word_1_443' title='bbox 1619 1397 1722 1433; x_wconf 84' lang='grc' dir='ltr'>θρόνος</span> <span class='ocrx_word' id='word_1_444' title='bbox 1735 1404 1781 1422; x_wconf 74' lang='grc' dir='ltr'><strong>σου</strong></span> <span class='ocrx_word' id='word_1_445' title='bbox 1798 1404 1806 1420; x_wconf 79' lang='grc' dir='ltr'><strong>ι</strong></span> 
     </span>
    </p>
   </div>
   <div class='ocr_carea' id='block_1_60' title="bbox 1014 1440 1809 1488">
    <p class='ocr_par' dir='ltr' id='par_1_60' title="bbox 1014 1440 1809 1488">
     <span class='ocr_line' id='line_1_60' title="bbox 1014 1440 1809 1488; baseline -0.019 -8"><span class='ocrx_word' id='word_1_446' title='bbox 1014 1453 1069 1488; x_wconf 85' lang='grc' dir='ltr'><strong>γάρ</strong></span> <span class='ocrx_word' id='word_1_447' title='bbox 1081 1460 1161 1487; x_wconf 84' lang='grc' dir='ltr'>φησιν</span> <span class='ocrx_word' id='word_1_448' title='bbox 1177 1460 1187 1477; x_wconf 77' lang='grc' dir='ltr'>ί</span> <span class='ocrx_word' id='word_1_449' title='bbox 1198 1451 1212 1477; x_wconf 82' lang='grc' dir='ltr'><strong>ὁ</strong></span> <span class='ocrx_word' id='word_1_450' title='bbox 1225 1449 1290 1481; x_wconf 81' lang='grc' dir='ltr'>Θεὸς</span> <span class='ocrx_word' id='word_1_451' title='bbox 1306 1449 1344 1479; x_wconf 75' lang='grc' dir='ltr'><strong>εἰς</strong></span> <span class='ocrx_word' id='word_1_452' title='bbox 1361 1447 1406 1474; x_wconf 82' lang='grc' dir='ltr'>τὸν</span> <span class='ocrx_word' id='word_1_453' title='bbox 1419 1445 1505 1473; x_wconf 83' lang='grc' dir='ltr'>αἰῶνα</span> <span class='ocrx_word' id='word_1_454' title='bbox 1514 1444 1561 1471; x_wconf 90' lang='grc' dir='ltr'><strong>τοῦ</strong></span> <span class='ocrx_word' id='word_1_455' title='bbox 1578 1443 1691 1473; x_wconf 82' lang='grc' dir='ltr'>αἰῶνος·</span> <span class='ocrx_word' id='word_1_456' title='bbox 1713 1440 1809 1476; x_wconf 75' lang='grc' dir='ltr'>ῥάϐδος</span> 
     </span>
    </p>
   </div>
   <div class='ocr_carea' id='block_1_61' title="bbox 1017 1488 1810 1532">
    <p class='ocr_par' dir='ltr' id='par_1_61' title="bbox 1017 1488 1810 1532">
     <span class='ocr_line' id='line_1_61' title="bbox 1017 1488 1810 1532; baseline -0.018 -7"><span class='ocrx_word' id='word_1_457' title='bbox 1017 1498 1162 1532; x_wconf 82' lang='grc' dir='ltr'>εὐθύτητος</span> <span class='ocrx_word' id='word_1_458' title='bbox 1178 1496 1195 1532; x_wconf 83' lang='grc' dir='ltr'>ἡ</span> <span class='ocrx_word' id='word_1_459' title='bbox 1221 1494 1317 1531; x_wconf 74' lang='grc' dir='ltr'>ῥάϐδος</span> <span class='ocrx_word' id='word_1_460' title='bbox 1335 1493 1384 1529; x_wconf 83' lang='grc' dir='ltr'>τῆς</span> <span class='ocrx_word' id='word_1_461' title='bbox 1401 1490 1542 1527; x_wconf 81' lang='grc' dir='ltr'>βασιλείας</span> <span class='ocrx_word' id='word_1_462' title='bbox 1558 1497 1617 1516; x_wconf 89' lang='grc' dir='ltr'>σου.</span> <span class='ocrx_word' id='word_1_463' title='bbox 1645 1488 1810 1521; x_wconf 79' lang='grc' dir='ltr'>Ἦγάπησας</span> 
     </span>
    </p>
   </div>
   <div class='ocr_carea' id='block_1_62' title="bbox 178 1530 923 1580">
    <p class='ocr_par' dir='ltr' id='par_1_62' title="bbox 178 1540 923 1580">
     <span class='ocr_line' id='line_1_62' title="bbox 178 1540 923 1580; baseline -0.012 -6"><span class='ocrx_word' id='word_1_464' title='bbox 178 1547 262 1575; x_wconf 82' lang='lat' dir='ltr'><strong>Deum</strong></span> <span class='ocrx_word' id='word_1_465' title='bbox 278 1546 427 1580; x_wconf 83' lang='lat' dir='ltr'><strong>alloquens,</strong></span> <span class='ocrx_word' id='word_1_466' title='bbox 439 1544 515 1578; x_wconf 83' lang='lat' dir='ltr'><strong>cujus</strong></span> <span class='ocrx_word' id='word_1_467' title='bbox 529 1543 607 1570; x_wconf 89' lang='lat' dir='ltr'><strong>sedes</strong></span> <span class='ocrx_word' id='word_1_468' title='bbox 623 1547 666 1569; x_wconf 88' lang='lat' dir='ltr'><strong>est</strong></span> <span class='ocrx_word' id='word_1_469' title='bbox 680 1541 706 1568; x_wconf 93' lang='lat' dir='ltr'><strong>in</strong></span> <span class='ocrx_word' id='word_1_470' title='bbox 722 1540 850 1567; x_wconf 67' lang='lat' dir='ltr'><strong>swoulum</strong></span> <span class='ocrx_word' id='word_1_471' title='bbox 863 1546 923 1566; x_wconf 66' lang='lat' dir='ltr'><strong>suaet</strong></span> 
     </span>
    </p>
   </div>
   <div class='ocr_carea' id='block_1_63' title="bbox 1065 1530 1811 1580">
    <p class='ocr_par' dir='ltr' id='par_1_63' title="bbox 1065 1530 1811 1577">
     <span class='ocr_line' id='line_1_63' title="bbox 1065 1530 1811 1577; baseline -0.019 -7"><span class='ocrx_word' id='word_1_472' title='bbox 1065 1530 1198 1577; x_wconf 74' lang='grc' dir='ltr'>αιοσύνην,</span> <span class='ocrx_word' id='word_1_473' title='bbox 1211 1530 1260 1568; x_wconf 73' lang='grc' dir='ltr'>καὶ</span> <span class='ocrx_word' id='word_1_474' title='bbox 1269 1540 1404 1576; x_wconf 77' lang='grc' dir='ltr'>ἐμίσησας</span> <span class='ocrx_word' id='word_1_475' title='bbox 1417 1536 1531 1571; x_wconf 81' lang='grc' dir='ltr'>ἀνομίαν</span> <span class='ocrx_word' id='word_1_476' title='bbox 1541 1544 1548 1551; x_wconf 77' lang='grc'><strong><em>⁸</em></strong></span> <span class='ocrx_word' id='word_1_477' title='bbox 1561 1534 1606 1561; x_wconf 81' lang='grc' dir='ltr'>διὰ</span> <span class='ocrx_word' id='word_1_478' title='bbox 1621 1533 1704 1560; x_wconf 85' lang='grc' dir='ltr'>τοῦτο</span> <span class='ocrx_word' id='word_1_479' title='bbox 1720 1530 1811 1567; x_wconf 66' lang='grc' dir='ltr'>ἔχρισε</span> 
     </span>
    </p>
   </div>
   <div class='ocr_carea' id='block_1_64' title="bbox 177 1584 963 1625">
    <p class='ocr_par' dir='ltr' id='par_1_64' title="bbox 177 1584 963 1625">
     <span class='ocr_line' id='line_1_64' title="bbox 177 1584 963 1625; baseline -0.011 -7"><span class='ocrx_word' id='word_1_480' title='bbox 177 1591 254 1624; x_wconf 77' lang='lat' dir='ltr'><strong>cujus</strong></span> <span class='ocrx_word' id='word_1_481' title='bbox 269 1590 345 1625; x_wconf 77' lang='lat' dir='ltr'><strong>virga</strong></span> <span class='ocrx_word' id='word_1_482' title='bbox 366 1588 524 1616; x_wconf 82' lang='lat' dir='ltr'><strong>directionis</strong></span> <span class='ocrx_word' id='word_1_483' title='bbox 538 1592 580 1614; x_wconf 87' lang='lat' dir='ltr'><strong>est</strong></span> <span class='ocrx_word' id='word_1_484' title='bbox 600 1586 675 1620; x_wconf 79' lang='lat' dir='ltr'><strong>virga</strong></span> <span class='ocrx_word' id='word_1_485' title='bbox 701 1585 776 1618; x_wconf 80' lang='lat' dir='ltr'><strong>regni</strong></span> <span class='ocrx_word' id='word_1_486' title='bbox 799 1585 871 1619; x_wconf 88' lang='lat' dir='ltr'><strong>ejus,</strong></span> <span class='ocrx_word' id='word_1_487' title='bbox 890 1584 963 1610; x_wconf 91' lang='lat' dir='ltr'><strong>hunc</strong></span> 
     </span>
    </p>
   </div>
   <div class='ocr_carea' id='block_1_65' title="bbox 178 1629 964 1670">
    <p class='ocr_par' dir='ltr' id='par_1_65' title="bbox 178 1629 964 1670">
     <span class='ocr_line' id='line_1_65' title="bbox 178 1629 964 1670; baseline -0.013 -6"><span class='ocrx_word' id='word_1_488' title='bbox 178 1636 267 1670; x_wconf 89' lang='lat' dir='ltr'><strong>ipsum</strong></span> <span class='ocrx_word' id='word_1_489' title='bbox 282 1635 365 1663; x_wconf 91' lang='lat' dir='ltr'><strong>Deum</strong></span> <span class='ocrx_word' id='word_1_490' title='bbox 377 1635 416 1662; x_wconf 88' lang='lat' dir='ltr'><strong>ait</strong></span> <span class='ocrx_word' id='word_1_491' title='bbox 431 1635 513 1661; x_wconf 80' lang='lat' dir='ltr'><strong>fuisse</strong></span> <span class='ocrx_word' id='word_1_492' title='bbox 524 1637 634 1661; x_wconf 88' lang='lat' dir='ltr'><strong>unctum</strong></span> <span class='ocrx_word' id='word_1_493' title='bbox 648 1639 662 1658; x_wconf 73' lang='grc' dir='ltr'><strong>ιι</strong></span> <span class='ocrx_word' id='word_1_494' title='bbox 678 1631 743 1662; x_wconf 86' lang='lat' dir='ltr'><strong>Deo,</strong></span> <span class='ocrx_word' id='word_1_495' title='bbox 758 1630 804 1665; x_wconf 87' lang='lat' dir='ltr'><strong>qui</strong></span> <span class='ocrx_word' id='word_1_496' title='bbox 818 1634 876 1656; x_wconf 85' lang='lat' dir='ltr'><strong>erat</strong></span> <span class='ocrx_word' id='word_1_497' title='bbox 893 1629 964 1655; x_wconf 93' lang='lat' dir='ltr'><strong>illius</strong></span> 
     </span>
    </p>
   </div>
   <div class='ocr_carea' id='block_1_66' title="bbox 178 1674 966 1714">
    <p class='ocr_par' dir='ltr' id='par_1_66' title="bbox 178 1674 966 1714">
     <span class='ocr_line' id='line_1_66' title="bbox 178 1674 966 1714; baseline -0.013 -4"><span class='ocrx_word' id='word_1_498' title='bbox 178 1682 266 1714; x_wconf 82' lang='lat' dir='ltr'><strong>Deus;</strong></span> <span class='ocrx_word' id='word_1_499' title='bbox 281 1686 390 1708; x_wconf 78' lang='lat' dir='ltr'><strong>mictum</strong></span> <span class='ocrx_word' id='word_1_500' title='bbox 406 1681 488 1707; x_wconf 79' lang='lat' dir='ltr'><strong>fuisse</strong></span> <span class='ocrx_word' id='word_1_501' title='bbox 512 1684 615 1711; x_wconf 88' lang='lat' dir='ltr'><strong>autem,</strong></span> <span class='ocrx_word' id='word_1_502' title='bbox 629 1678 691 1712; x_wconf 85' lang='lat' dir='ltr'><strong>quia</strong></span> <span class='ocrx_word' id='word_1_503' title='bbox 716 1684 772 1710; x_wconf 71' lang='lat' dir='ltr'><strong>pra:</strong></span> <span class='ocrx_word' id='word_1_504' title='bbox 792 1674 966 1703; x_wconf 86' lang='lat' dir='ltr'><strong>consortibus</strong></span> 
     </span>
    </p>
   </div>
   <div class='ocr_carea' id='block_1_67' title="bbox 180 1720 966 1762">
    <p class='ocr_par' dir='ltr' id='par_1_67' title="bbox 180 1720 966 1762">
     <span class='ocr_line' id='line_1_67' title="bbox 180 1720 966 1762; baseline -0.01 -7"><span class='ocrx_word' id='word_1_505' title='bbox 180 1729 240 1756; x_wconf 87' lang='lat' dir='ltr'><strong>suis</strong></span> <span class='ocrx_word' id='word_1_506' title='bbox 253 1727 347 1755; x_wconf 82' lang='lat' dir='ltr'><strong>dilexit</strong></span> <span class='ocrx_word' id='word_1_507' title='bbox 357 1727 492 1762; x_wconf 84' lang='lat' dir='ltr'><strong>justitiam</strong></span> <span class='ocrx_word' id='word_1_508' title='bbox 505 1730 532 1753; x_wconf 90' lang='lat' dir='ltr'><strong>et</strong></span> <span class='ocrx_word' id='word_1_509' title='bbox 543 1725 713 1759; x_wconf 83' lang='lat' dir='ltr'><strong>iniquitatem</strong></span> <span class='ocrx_word' id='word_1_510' title='bbox 728 1722 791 1750; x_wconf 90' lang='lat' dir='ltr'><strong>odio</strong></span> <span class='ocrx_word' id='word_1_511' title='bbox 803 1721 905 1749; x_wconf 83' lang='lat' dir='ltr'><strong>habuit.</strong></span> <span class='ocrx_word' id='word_1_512' title='bbox 919 1720 966 1747; x_wconf 82' lang='lat' dir='ltr'><strong>llis</strong></span> 
     </span>
    </p>
   </div>
   <div class='ocr_carea' id='block_1_68' title="bbox 181 1769 966 1802">
    <p class='ocr_par' dir='ltr' id='par_1_68' title="bbox 181 1769 966 1802">
     <span class='ocr_line' id='line_1_68' title="bbox 181 1769 966 1802; baseline -0.009 -2"><span class='ocrx_word' id='word_1_513' title='bbox 181 1776 271 1802; x_wconf 82' lang='lat' dir='ltr'><strong>verbis</strong></span> <span class='ocrx_word' id='word_1_514' title='bbox 296 1774 405 1801; x_wconf 87' lang='lat' dir='ltr'><strong>memini</strong></span> <span class='ocrx_word' id='word_1_515' title='bbox 421 1781 463 1800; x_wconf 90' lang='lat' dir='ltr'><strong>me</strong></span> <span class='ocrx_word' id='word_1_516' title='bbox 480 1773 544 1799; x_wconf 92' lang='lat' dir='ltr'><strong>olim</strong></span> <span class='ocrx_word' id='word_1_517' title='bbox 575 1771 687 1798; x_wconf 89' lang='lat' dir='ltr'><strong>multum</strong></span> <span class='ocrx_word' id='word_1_518' title='bbox 718 1769 850 1797; x_wconf 65' lang='lat' dir='ltr'><strong>molestia:</strong></span> <span class='ocrx_word' id='word_1_519' title='bbox 872 1773 966 1794; x_wconf 83' lang='lat' dir='ltr'><strong>creare</strong></span> 
     </span>
    </p>
   </div>
   <div class='ocr_carea' id='block_1_69' title="bbox 179 1812 965 1856">
    <p class='ocr_par' dir='ltr' id='par_1_69' title="bbox 179 1812 965 1856">
     <span class='ocr_line' id='line_1_69' title="bbox 179 1812 965 1856; baseline -0.013 -7"><span class='ocrx_word' id='word_1_520' title='bbox 179 1821 272 1849; x_wconf 68' lang='lat' dir='ltr'><strong>Judxeo</strong></span> <span class='ocrx_word' id='word_1_521' title='bbox 288 1821 334 1856; x_wconf 88' lang='lat' dir='ltr'><strong>qui</strong></span> <span class='ocrx_word' id='word_1_522' title='bbox 352 1819 461 1854; x_wconf 81' lang='lat' dir='ltr'><strong>sapiens</strong></span> <span class='ocrx_word' id='word_1_523' title='bbox 477 1818 628 1845; x_wconf 85' lang='lat' dir='ltr'><strong>habebatur</strong></span> <span class='ocrx_word' id='word_1_524' title='bbox 654 1816 723 1850; x_wconf 88' lang='lat' dir='ltr'><strong>apud</strong></span> <span class='ocrx_word' id='word_1_525' title='bbox 743 1821 806 1843; x_wconf 90' lang='lat' dir='ltr'><strong>suos</strong></span> <span class='ocrx_word' id='word_1_526' title='bbox 823 1822 830 1845; x_wconf 84' lang='lat'><strong>;</strong></span> <span class='ocrx_word' id='word_1_527' title='bbox 845 1812 890 1848; x_wconf 89' lang='lat' dir='ltr'><strong>qui</strong></span> <span class='ocrx_word' id='word_1_528' title='bbox 905 1819 965 1840; x_wconf 77' lang='lat' dir='ltr'><strong>cuin</strong></span> 
     </span>
    </p>
   </div>
   <div class='ocr_carea' id='block_1_70' title="bbox 180 1858 966 1896">
    <p class='ocr_par' dir='ltr' id='par_1_70' title="bbox 180 1858 966 1896">
     <span class='ocr_line' id='line_1_70' title="bbox 180 1858 966 1896; baseline -0.013 -2"><span class='ocrx_word' id='word_1_529' title='bbox 180 1875 208 1895; x_wconf 85' lang='lat' dir='ltr'><strong>se</strong></span> <span class='ocrx_word' id='word_1_530' title='bbox 222 1866 367 1894; x_wconf 78' lang='lat' dir='ltr'><strong>admodum</strong></span> <span class='ocrx_word' id='word_1_531' title='bbox 381 1865 512 1896; x_wconf 84' lang='lat' dir='ltr'><strong>torsisset,</strong></span> <span class='ocrx_word' id='word_1_532' title='bbox 539 1863 610 1891; x_wconf 79' lang='lat' dir='ltr'><strong>dixit</strong></span> <span class='ocrx_word' id='word_1_533' title='bbox 635 1861 742 1889; x_wconf 87' lang='lat' dir='ltr'><strong>tandem</strong></span> <span class='ocrx_word' id='word_1_534' title='bbox 767 1867 827 1894; x_wconf 75' lang='lat' dir='ltr'><strong>qua:</strong></span> <span class='ocrx_word' id='word_1_535' title='bbox 845 1868 858 1886; x_wconf 83' lang='lat' dir='ltr'><strong>a</strong></span> <span class='ocrx_word' id='word_1_536' title='bbox 873 1858 966 1886; x_wconf 66' lang='lat' dir='ltr'><strong>Iudico</strong></span> 
     </span>
    </p>
   </div>
   <div class='ocr_carea' id='block_1_71' title="bbox 180 1904 967 1949">
    <p class='ocr_par' dir='ltr' id='par_1_71' title="bbox 180 1904 967 1949">
     <span class='ocr_line' id='line_1_71' title="bbox 180 1904 967 1949; baseline -0.015 -7"><span class='ocrx_word' id='word_1_537' title='bbox 180 1918 339 1949; x_wconf 74' lang='lat' dir='ltr'><strong>exspectare</strong></span> <span class='ocrx_word' id='word_1_538' title='bbox 350 1911 439 1944; x_wconf 88' lang='lat' dir='ltr'><strong>debui,</strong></span> <span class='ocrx_word' id='word_1_539' title='bbox 453 1917 548 1945; x_wconf 89' lang='lat' dir='ltr'><strong>nempe</strong></span> <span class='ocrx_word' id='word_1_540' title='bbox 559 1919 565 1936; x_wconf 87' lang='lat'><strong>:</strong></span> <span class='ocrx_word' id='word_1_541' title='bbox 576 1909 610 1936; x_wconf 89' lang='lat' dir='ltr'><strong>de</strong></span> <span class='ocrx_word' id='word_1_542' title='bbox 625 1909 679 1935; x_wconf 90' lang='lat' dir='ltr'><strong>Deo</strong></span> <span class='ocrx_word' id='word_1_543' title='bbox 697 1908 888 1934; x_wconf 86' lang='lat' dir='ltr'><strong>universorum</strong></span> <span class='ocrx_word' id='word_1_544' title='bbox 897 1904 967 1931; x_wconf 88' lang='lat' dir='ltr'><strong>scri-</strong></span> 
     </span>
    </p>
   </div>
   <div class='ocr_carea' id='block_1_72' title="bbox 181 1948 967 1995">
    <p class='ocr_par' dir='ltr' id='par_1_72' title="bbox 181 1948 967 1995">
     <span class='ocr_line' id='line_1_72' title="bbox 181 1948 967 1995; baseline -0.01 -8"><span class='ocrx_word' id='word_1_545' title='bbox 181 1966 254 1995; x_wconf 86' lang='lat' dir='ltr'><strong>ptum</strong></span> <span class='ocrx_word' id='word_1_546' title='bbox 267 1966 327 1986; x_wconf 89' lang='lat' dir='ltr'><strong>esse</strong></span> <span class='ocrx_word' id='word_1_547' title='bbox 342 1967 349 1985; x_wconf 87' lang='lat'><strong><em>:</em></strong></span> <span class='ocrx_word' id='word_1_548' title='bbox 366 1967 375 1984; x_wconf 75' lang='grc' dir='ltr'><strong>ι</strong></span> <span class='ocrx_word' id='word_1_549' title='bbox 393 1957 477 1985; x_wconf 84' lang='lat' dir='ltr'><strong>Sedes</strong></span> <span class='ocrx_word' id='word_1_550' title='bbox 491 1961 546 1988; x_wconf 82' lang='lat' dir='ltr'><strong>tua,</strong></span> <span class='ocrx_word' id='word_1_551' title='bbox 564 1955 646 1986; x_wconf 91' lang='lat' dir='ltr'><strong>Deus,</strong></span> <span class='ocrx_word' id='word_1_552' title='bbox 666 1954 691 1980; x_wconf 92' lang='lat' dir='ltr'><strong>in</strong></span> <span class='ocrx_word' id='word_1_553' title='bbox 711 1948 944 1980; x_wconf 66' lang='lat' dir='ltr'><strong>smculumsaeculi</strong></span> <span class='ocrx_word' id='word_1_554' title='bbox 960 1959 967 1984; x_wconf 88' lang='lat'><strong>;</strong></span> 
     </span>
    </p>
   </div>
   <div class='ocr_carea' id='block_1_73' title="bbox 181 1998 969 2041">
    <p class='ocr_par' dir='ltr' id='par_1_73' title="bbox 181 1998 969 2041">
     <span class='ocr_line' id='line_1_73' title="bbox 181 1998 969 2041; baseline -0.013 -7"><span class='ocrx_word' id='word_1_555' title='bbox 181 2007 255 2041; x_wconf 80' lang='lat' dir='ltr'><strong>virga</strong></span> <span class='ocrx_word' id='word_1_556' title='bbox 272 2004 428 2033; x_wconf 88' lang='lat' dir='ltr'><strong>directionis</strong></span> <span class='ocrx_word' id='word_1_557' title='bbox 450 2002 525 2037; x_wconf 81' lang='lat' dir='ltr'><strong>virga</strong></span> <span class='ocrx_word' id='word_1_558' title='bbox 548 2000 623 2036; x_wconf 73' lang='lat' dir='ltr'><strong>regni</strong></span> <span class='ocrx_word' id='word_1_559' title='bbox 640 2000 696 2033; x_wconf 83' lang='lat' dir='ltr'><strong>tui;</strong></span> <span class='ocrx_word' id='word_1_560' title='bbox 717 2008 726 2025; x_wconf 85' lang='grc'><strong>›</strong></span> <span class='ocrx_word' id='word_1_561' title='bbox 743 1999 776 2026; x_wconf 90' lang='lat' dir='ltr'><strong>de</strong></span> <span class='ocrx_word' id='word_1_562' title='bbox 789 1998 898 2026; x_wconf 79' lang='lat' dir='ltr'><strong>Christo</strong></span> <span class='ocrx_word' id='word_1_563' title='bbox 920 2005 969 2024; x_wconf 83' lang='lat' dir='ltr'><strong>au-</strong></span> 
     </span>
    </p>
   </div>
   <div class='ocr_carea' id='block_1_74' title="bbox 183 2045 967 2083">
    <p class='ocr_par' dir='ltr' id='par_1_74' title="bbox 183 2045 967 2083">
     <span class='ocr_line' id='line_1_74' title="bbox 183 2045 967 2083; baseline -0.01 -5"><span class='ocrx_word' id='word_1_564' title='bbox 183 2058 234 2080; x_wconf 87' lang='lat' dir='ltr'><strong>tem</strong></span> <span class='ocrx_word' id='word_1_565' title='bbox 257 2059 265 2079; x_wconf 90' lang='lat'><strong>:</strong></span> <span class='ocrx_word' id='word_1_566' title='bbox 287 2060 296 2077; x_wconf 79' lang='grc' dir='ltr'><strong>ι</strong></span> <span class='ocrx_word' id='word_1_567' title='bbox 324 2049 448 2077; x_wconf 80' lang='lat' dir='ltr'><strong>Dilexisti</strong></span> <span class='ocrx_word' id='word_1_568' title='bbox 473 2047 605 2083; x_wconf 81' lang='lat' dir='ltr'><strong>justitiam</strong></span> <span class='ocrx_word' id='word_1_569' title='bbox 625 2051 653 2073; x_wconf 91' lang='lat' dir='ltr'><strong>et</strong></span> <span class='ocrx_word' id='word_1_570' title='bbox 674 2045 757 2072; x_wconf 86' lang='lat' dir='ltr'><strong>odisti</strong></span> <span class='ocrx_word' id='word_1_571' title='bbox 785 2045 967 2079; x_wconf 81' lang='lat' dir='ltr'><strong>iniquitatem,</strong></span> 
     </span>
    </p>
   </div>
   <div class='ocr_carea' id='block_1_75' title="bbox 181 2090 948 2133">
    <p class='ocr_par' dir='ltr' id='par_1_75' title="bbox 181 2090 948 2133">
     <span class='ocr_line' id='line_1_75' title="bbox 181 2090 948 2133; baseline -0.012 -8"><span class='ocrx_word' id='word_1_572' title='bbox 181 2103 322 2133; x_wconf 84' lang='lat' dir='ltr'><strong>propterea</strong></span> <span class='ocrx_word' id='word_1_573' title='bbox 349 2096 425 2122; x_wconf 84' lang='lat' dir='ltr'><strong>unxit</strong></span> <span class='ocrx_word' id='word_1_574' title='bbox 440 2099 467 2121; x_wconf 88' lang='lat' dir='ltr'><strong>te</strong></span> <span class='ocrx_word' id='word_1_575' title='bbox 483 2094 563 2125; x_wconf 87' lang='lat' dir='ltr'><strong>Deus,</strong></span> <span class='ocrx_word' id='word_1_576' title='bbox 582 2092 651 2119; x_wconf 76' lang='lat' dir='ltr'><strong>Deus</strong></span> <span class='ocrx_word' id='word_1_577' title='bbox 670 2096 742 2123; x_wconf 83' lang='lat' dir='ltr'><strong>tuus,</strong></span> <span class='ocrx_word' id='word_1_578' title='bbox 761 2100 771 2117; x_wconf 75' lang='grc' dir='ltr'><strong>ι</strong></span> <span class='ocrx_word' id='word_1_579' title='bbox 789 2095 815 2118; x_wconf 91' lang='lat' dir='ltr'><strong>et</strong></span> <span class='ocrx_word' id='word_1_580' title='bbox 833 2090 948 2125; x_wconf 84' lang='lat' dir='ltr'><strong>reliqua.</strong></span> 
     </span>
    </p>
   </div>
   <div class='ocr_carea' id='block_1_76' title="bbox 1018 1577 1811 1620">
    <p class='ocr_par' dir='ltr' id='par_1_76' title="bbox 1018 1577 1811 1620">
     <span class='ocr_line' id='line_1_76' title="bbox 1018 1577 1811 1620; baseline -0.018 -4"><span class='ocrx_word' id='word_1_581' title='bbox 1018 1598 1047 1615; x_wconf 89' lang='grc' dir='ltr'><strong>σε</strong></span> <span class='ocrx_word' id='word_1_582' title='bbox 1061 1590 1076 1615; x_wconf 93' lang='lat'><strong>6</strong></span> <span class='ocrx_word' id='word_1_583' title='bbox 1096 1588 1193 1620; x_wconf 83' lang='grc' dir='ltr'>Θεδς,ὁ</span> <span class='ocrx_word' id='word_1_584' title='bbox 1211 1586 1277 1618; x_wconf 87' lang='grc' dir='ltr'>Θεός</span> <span class='ocrx_word' id='word_1_585' title='bbox 1290 1594 1337 1612; x_wconf 89' lang='grc' dir='ltr'><strong>σου</strong></span> <span class='ocrx_word' id='word_1_586' title='bbox 1354 1583 1442 1610; x_wconf 74' lang='grc' dir='ltr'>ἔλαιον</span> <span class='ocrx_word' id='word_1_587' title='bbox 1455 1581 1642 1616; x_wconf 79' lang='grc' dir='ltr'>ἀγαλλιάσεως</span> <span class='ocrx_word' id='word_1_588' title='bbox 1658 1578 1740 1613; x_wconf 76' lang='grc' dir='ltr'><strong>παρὰ</strong></span> <span class='ocrx_word' id='word_1_589' title='bbox 1748 1577 1811 1607; x_wconf 50' lang='lat' dir='ltr'><strong>sub;</strong></span> 
     </span>
    </p>
   </div>
   <div class='ocr_carea' id='block_1_77' title="bbox 1019 1623 1812 1669">
    <p class='ocr_par' dir='ltr' id='par_1_77' title="bbox 1019 1623 1812 1669">
     <span class='ocr_line' id='line_1_77' title="bbox 1019 1623 1812 1669; baseline -0.018 -8"><span class='ocrx_word' id='word_1_590' title='bbox 1019 1633 1148 1669; x_wconf 78' lang='grc' dir='ltr'>μετόχους</span> <span class='ocrx_word' id='word_1_591' title='bbox 1160 1641 1218 1659; x_wconf 89' lang='grc' dir='ltr'>σου.</span> <span class='ocrx_word' id='word_1_592' title='bbox 1237 1641 1247 1658; x_wconf 67' lang='grc' dir='ltr'>ν</span> <span class='ocrx_word' id='word_1_593' title='bbox 1262 1631 1317 1658; x_wconf 76' lang='grc' dir='ltr'>Καὶ</span> <span class='ocrx_word' id='word_1_594' title='bbox 1330 1628 1465 1660; x_wconf 84' lang='grc' dir='ltr'>κατανόει,</span> <span class='ocrx_word' id='word_1_595' title='bbox 1478 1627 1518 1654; x_wconf 79' lang='grc' dir='ltr'>ὅτι</span> <span class='ocrx_word' id='word_1_596' title='bbox 1533 1625 1591 1660; x_wconf 85' lang='grc' dir='ltr'>Θεῷ</span> <span class='ocrx_word' id='word_1_597' title='bbox 1602 1623 1708 1660; x_wconf 82' lang='grc' dir='ltr'>ὁμιλῶν</span> <span class='ocrx_word' id='word_1_598' title='bbox 1722 1623 1738 1649; x_wconf 81' lang='lat'><strong>6</strong></span> <span class='ocrx_word' id='word_1_599' title='bbox 1750 1630 1812 1657; x_wconf 83' lang='grc' dir='ltr'>προ-</span> 
     </span>
    </p>
   </div>
   <div class='ocr_carea' id='block_1_78' title="bbox 1019 1668 1812 1714">
    <p class='ocr_par' dir='ltr' id='par_1_78' title="bbox 1019 1668 1812 1714">
     <span class='ocr_line' id='line_1_78' title="bbox 1019 1668 1812 1714; baseline -0.015 -8"><span class='ocrx_word' id='word_1_600' title='bbox 1019 1668 1117 1714; x_wconf 74' lang='grc' dir='ltr'>ιρήτης,</span> <span class='ocrx_word' id='word_1_601' title='bbox 1133 1675 1163 1705; x_wconf 78' lang='grc' dir='ltr'>οῦ</span> <span class='ocrx_word' id='word_1_602' title='bbox 1183 1678 1197 1704; x_wconf 80' lang='lat'><strong>6</strong></span> <span class='ocrx_word' id='word_1_603' title='bbox 1216 1676 1310 1713; x_wconf 84' lang='grc' dir='ltr'>θρόνος</span> <span class='ocrx_word' id='word_1_604' title='bbox 1326 1676 1400 1702; x_wconf 77' lang='grc' dir='ltr'>ἐστὶν</span> <span class='ocrx_word' id='word_1_605' title='bbox 1414 1675 1454 1706; x_wconf 86' lang='grc' dir='ltr'><strong>είς</strong></span> <span class='ocrx_word' id='word_1_606' title='bbox 1469 1673 1515 1699; x_wconf 79' lang='grc' dir='ltr'>τὸν</span> <span class='ocrx_word' id='word_1_607' title='bbox 1531 1670 1618 1698; x_wconf 83' lang='grc' dir='ltr'>αῑῶνα</span> <span class='ocrx_word' id='word_1_608' title='bbox 1629 1669 1678 1696; x_wconf 86' lang='grc' dir='ltr'><strong>τοῦ</strong></span> <span class='ocrx_word' id='word_1_609' title='bbox 1701 1668 1812 1699; x_wconf 74' lang='grc' dir='ltr'>αἰῶνος,</span> 
     </span>
    </p>
   </div>
   <div class='ocr_carea' id='block_1_79' title="bbox 1020 1713 1811 1760">
    <p class='ocr_par' dir='ltr' id='par_1_79' title="bbox 1020 1713 1811 1760">
     <span class='ocr_line' id='line_1_79' title="bbox 1020 1713 1811 1760; baseline -0.015 -8"><span class='ocrx_word' id='word_1_610' title='bbox 1020 1713 1067 1753; x_wconf 74' lang='grc' dir='ltr'>καὶ</span> <span class='ocrx_word' id='word_1_611' title='bbox 1081 1713 1177 1760; x_wconf 75' lang='grc' dir='ltr'>ρἀδος</span> <span class='ocrx_word' id='word_1_612' title='bbox 1195 1723 1340 1758; x_wconf 81' lang='grc' dir='ltr'>εὐθύτητος</span> <span class='ocrx_word' id='word_1_613' title='bbox 1353 1722 1370 1757; x_wconf 83' lang='grc' dir='ltr'>ἡ</span> <span class='ocrx_word' id='word_1_614' title='bbox 1385 1720 1481 1756; x_wconf 77' lang='grc' dir='ltr'>ράὖδος</span> <span class='ocrx_word' id='word_1_615' title='bbox 1497 1718 1547 1753; x_wconf 82' lang='grc' dir='ltr'>τῆς</span> <span class='ocrx_word' id='word_1_616' title='bbox 1564 1716 1705 1752; x_wconf 60' lang='grc' dir='ltr'>βασιλείας</span> <span class='ocrx_word' id='word_1_617' title='bbox 1717 1713 1811 1745; x_wconf 72' lang='grc' dir='ltr'>αὑτοῦ,</span> 
     </span>
    </p>
   </div>
   <div class='ocr_carea' id='block_1_80' title="bbox 1018 1759 1813 1804">
    <p class='ocr_par' dir='ltr' id='par_1_80' title="bbox 1018 1759 1813 1804">
     <span class='ocr_line' id='line_1_80' title="bbox 1018 1759 1813 1804; baseline -0.015 -7"><span class='ocrx_word' id='word_1_618' title='bbox 1018 1759 1111 1797; x_wconf 81' lang='grc' dir='ltr'>τοῦτον</span> <span class='ocrx_word' id='word_1_619' title='bbox 1125 1770 1171 1796; x_wconf 81' lang='grc' dir='ltr'><strong>τὸν</strong></span> <span class='ocrx_word' id='word_1_620' title='bbox 1183 1769 1248 1796; x_wconf 85' lang='grc' dir='ltr'>Θεὸν</span> <span class='ocrx_word' id='word_1_621' title='bbox 1263 1768 1330 1804; x_wconf 78' lang='grc' dir='ltr'>φησὶ</span> <span class='ocrx_word' id='word_1_622' title='bbox 1349 1765 1491 1802; x_wconf 86' lang='grc' dir='ltr'>κεχρῖσθαι</span> <span class='ocrx_word' id='word_1_623' title='bbox 1505 1763 1558 1791; x_wconf 79' lang='grc' dir='ltr'>ὑπὸ</span> <span class='ocrx_word' id='word_1_624' title='bbox 1570 1761 1652 1794; x_wconf 84' lang='grc' dir='ltr'>Θεοῦ,</span> <span class='ocrx_word' id='word_1_625' title='bbox 1670 1761 1702 1793; x_wconf 82' lang='grc' dir='ltr'>ὃς</span> <span class='ocrx_word' id='word_1_626' title='bbox 1717 1759 1752 1796; x_wconf 70' lang='grc' dir='ltr'><strong>ἦν</strong></span> <span class='ocrx_word' id='word_1_627' title='bbox 1767 1760 1813 1786; x_wconf 73' lang='grc' dir='ltr'><strong>αὺ-</strong></span> 
     </span>
    </p>
   </div>
   <div class='ocr_carea' id='block_1_81' title="bbox 1019 1807 1813 1849">
    <p class='ocr_par' dir='ltr' id='par_1_81' title="bbox 1019 1807 1813 1849">
     <span class='ocr_line' id='line_1_81' title="bbox 1019 1807 1813 1849; baseline -0.013 -7"><span class='ocrx_word' id='word_1_628' title='bbox 1019 1815 1065 1842; x_wconf 88' lang='grc' dir='ltr'><strong>τοῦ</strong></span> <span class='ocrx_word' id='word_1_629' title='bbox 1085 1815 1169 1846; x_wconf 64' lang='grc' dir='ltr'><strong>Θεόςθ</strong></span> <span class='ocrx_word' id='word_1_630' title='bbox 1189 1813 1333 1849; x_wconf 85' lang='grc' dir='ltr'>κεχρῖσθαι</span> <span class='ocrx_word' id='word_1_631' title='bbox 1356 1813 1394 1844; x_wconf 83' lang='grc' dir='ltr'><strong>δὲ,</strong></span> <span class='ocrx_word' id='word_1_632' title='bbox 1416 1811 1477 1838; x_wconf 79' lang='grc' dir='ltr'>ἐπεὶ</span> <span class='ocrx_word' id='word_1_633' title='bbox 1497 1809 1573 1845; x_wconf 81' lang='grc' dir='ltr'><strong>παρά</strong></span> <span class='ocrx_word' id='word_1_634' title='bbox 1592 1809 1657 1839; x_wconf 79' lang='grc' dir='ltr'>τοὺς</span> <span class='ocrx_word' id='word_1_635' title='bbox 1681 1807 1813 1842; x_wconf 67' lang='grc' dir='ltr'>μετόχους</span> 
     </span>
    </p>
   </div>
   <div class='ocr_carea' id='block_1_82' title="bbox 1021 1853 1812 1894">
    <p class='ocr_par' dir='ltr' id='par_1_82' title="bbox 1021 1853 1812 1894">
     <span class='ocr_line' id='line_1_82' title="bbox 1021 1853 1812 1894; baseline -0.011 -7"><span class='ocrx_word' id='word_1_636' title='bbox 1021 1860 1103 1888; x_wconf 84' lang='grc' dir='ltr'>αὐτοῦ</span> <span class='ocrx_word' id='word_1_637' title='bbox 1117 1857 1194 1892; x_wconf 76' lang='grc' dir='ltr'>οὗτος</span> <span class='ocrx_word' id='word_1_638' title='bbox 1205 1859 1332 1894; x_wconf 81' lang='grc' dir='ltr'>ἠγάπησε</span> <span class='ocrx_word' id='word_1_639' title='bbox 1345 1858 1529 1892; x_wconf 84' lang='grc' dir='ltr'>δικαιοσύνην,</span> <span class='ocrx_word' id='word_1_640' title='bbox 1542 1855 1589 1882; x_wconf 75' lang='lat' dir='ltr'><strong>xui.</strong></span> <span class='ocrx_word' id='word_1_641' title='bbox 1602 1854 1737 1889; x_wconf 73' lang='grc' dir='ltr'>ἐμίσησεν</span> <span class='ocrx_word' id='word_1_642' title='bbox 1753 1853 1812 1879; x_wconf 72' lang='grc' dir='ltr'>ἀνο-</span> 
     </span>
    </p>
   </div>
   <div class='ocr_carea' id='block_1_83' title="bbox 1023 1898 1810 1942">
    <p class='ocr_par' dir='ltr' id='par_1_83' title="bbox 1023 1898 1810 1942">
     <span class='ocr_line' id='line_1_83' title="bbox 1023 1898 1810 1942; baseline -0.013 -9"><span class='ocrx_word' id='word_1_643' title='bbox 1023 1907 1098 1942; x_wconf 86' lang='grc' dir='ltr'>μίαν.</span> <span class='ocrx_word' id='word_1_644' title='bbox 1115 1906 1171 1932; x_wconf 76' lang='grc' dir='ltr'>Καὶ</span> <span class='ocrx_word' id='word_1_645' title='bbox 1193 1904 1333 1940; x_wconf 83' lang='grc' dir='ltr'>μέμνημαί</span> <span class='ocrx_word' id='word_1_646' title='bbox 1355 1912 1387 1938; x_wconf 88' lang='grc' dir='ltr'><strong>γε</strong></span> <span class='ocrx_word' id='word_1_647' title='bbox 1410 1903 1480 1930; x_wconf 85' lang='grc' dir='ltr'>πάνυ</span> <span class='ocrx_word' id='word_1_648' title='bbox 1501 1901 1598 1936; x_wconf 56' lang='lat' dir='ltr'><strong>enea;</strong></span> <span class='ocrx_word' id='word_1_649' title='bbox 1619 1900 1665 1926; x_wconf 79' lang='grc' dir='ltr'>τὸν</span> <span class='ocrx_word' id='word_1_650' title='bbox 1685 1898 1810 1925; x_wconf 75' lang='grc' dir='ltr'><strong>Ἰουδαῖον</strong></span> 
     </span>
    </p>
   </div>
   <div class='ocr_carea' id='block_1_84' title="bbox 1021 1945 1812 1988">
    <p class='ocr_par' dir='ltr' id='par_1_84' title="bbox 1021 1945 1812 1988">
     <span class='ocr_line' id='line_1_84' title="bbox 1021 1945 1812 1988; baseline -0.011 -10"><span class='ocrx_word' id='word_1_651' title='bbox 1021 1951 1197 1988; x_wconf 80' lang='grc' dir='ltr'>νομιζόμενον</span> <span class='ocrx_word' id='word_1_652' title='bbox 1217 1949 1298 1985; x_wconf 84' lang='grc' dir='ltr'>σοφὸν</span> <span class='ocrx_word' id='word_1_653' title='bbox 1318 1949 1350 1976; x_wconf 79' lang='grc' dir='ltr'>ὲκ</span> <span class='ocrx_word' id='word_1_654' title='bbox 1366 1949 1415 1984; x_wconf 85' lang='grc' dir='ltr'>τῆς</span> <span class='ocrx_word' id='word_1_655' title='bbox 1435 1947 1536 1981; x_wconf 82' lang='grc' dir='ltr'>λέξεως</span> <span class='ocrx_word' id='word_1_656' title='bbox 1556 1946 1674 1981; x_wconf 84' lang='grc' dir='ltr'>ταύτης·</span> <span class='ocrx_word' id='word_1_657' title='bbox 1697 1947 1728 1977; x_wconf 76' lang='grc' dir='ltr'>ὃς</span> <span class='ocrx_word' id='word_1_658' title='bbox 1746 1945 1812 1980; x_wconf 63' lang='grc' dir='ltr'>πρὸς</span> 
     </span>
    </p>
   </div>
   <div class='ocr_carea' id='block_1_85' title="bbox 1020 1990 1812 2032">
    <p class='ocr_par' dir='ltr' id='par_1_85' title="bbox 1020 1990 1812 2032">
     <span class='ocr_line' id='line_1_85' title="bbox 1020 1990 1812 2032; baseline -0.011 -8"><span class='ocrx_word' id='word_1_659' title='bbox 1020 1997 1106 2032; x_wconf 73' lang='grc' dir='ltr'>αὐτὴν</span> <span class='ocrx_word' id='word_1_660' title='bbox 1128 1995 1248 2031; x_wconf 80' lang='grc' dir='ltr'>ἀπορῶν,</span> <span class='ocrx_word' id='word_1_661' title='bbox 1271 1992 1332 2021; x_wconf 82' lang='grc' dir='ltr'>εἷπε</span> <span class='ocrx_word' id='word_1_662' title='bbox 1348 1994 1383 2020; x_wconf 83' lang='grc' dir='ltr'>τὰ</span> <span class='ocrx_word' id='word_1_663' title='bbox 1396 1993 1435 2028; x_wconf 86' lang='grc' dir='ltr'>τῷ</span> <span class='ocrx_word' id='word_1_664' title='bbox 1454 1991 1550 2020; x_wconf 78' lang='grc' dir='ltr'>ἑαυτοῦ</span> <span class='ocrx_word' id='word_1_665' title='bbox 1574 1990 1738 2025; x_wconf 85' lang='grc' dir='ltr'>Ἰουδαϊσμῷ</span> <span class='ocrx_word' id='word_1_666' title='bbox 1752 1990 1812 2016; x_wconf 79' lang='grc' dir='ltr'>ἀκό-</span> 
     </span>
    </p>
   </div>
   <div class='ocr_carea' id='block_1_86' title="bbox 1019 2035 1811 2075">
    <p class='ocr_par' dir='ltr' id='par_1_86' title="bbox 1019 2035 1811 2075">
     <span class='ocr_line' id='line_1_86' title="bbox 1019 2035 1811 2075; baseline -0.01 -7"><span class='ocrx_word' id='word_1_667' title='bbox 1019 2042 1109 2068; x_wconf 84' lang='grc' dir='ltr'>λουθα·</span> <span class='ocrx_word' id='word_1_668' title='bbox 1124 2041 1194 2073; x_wconf 76' lang='grc' dir='ltr'>εἷπε,</span> <span class='ocrx_word' id='word_1_669' title='bbox 1203 2040 1271 2075; x_wconf 77' lang='grc' dir='ltr'>πρὸς</span> <span class='ocrx_word' id='word_1_670' title='bbox 1283 2039 1333 2075; x_wconf 78' lang='grc' dir='ltr'>μὲν</span> <span class='ocrx_word' id='word_1_671' title='bbox 1349 2038 1395 2065; x_wconf 82' lang='grc' dir='ltr'><strong>τὸν</strong></span> <span class='ocrx_word' id='word_1_672' title='bbox 1405 2037 1459 2064; x_wconf 82' lang='grc' dir='ltr'>τῶν</span> <span class='ocrx_word' id='word_1_673' title='bbox 1468 2037 1535 2064; x_wconf 81' lang='grc' dir='ltr'>ὅλων</span> <span class='ocrx_word' id='word_1_674' title='bbox 1550 2036 1618 2063; x_wconf 75' lang='grc' dir='ltr'>Θεὸν</span> <span class='ocrx_word' id='word_1_675' title='bbox 1630 2035 1760 2071; x_wconf 73' lang='grc' dir='ltr'>εἰρῆσθαι</span> <span class='ocrx_word' id='word_1_676' title='bbox 1774 2035 1811 2065; x_wconf 73' lang='grc' dir='ltr'><strong>τὸ,</strong></span> 
     </span>
    </p>
   </div>
   <div class='ocr_carea' id='block_1_87' title="bbox 1021 2080 1814 2122">
    <p class='ocr_par' dir='ltr' id='par_1_87' title="bbox 1021 2080 1814 2122">
     <span class='ocr_line' id='line_1_87' title="bbox 1021 2080 1814 2122; baseline -0.01 -8"><span class='ocrx_word' id='word_1_677' title='bbox 1021 2097 1030 2114; x_wconf 85' lang='grc'><strong><em>‹</em></strong></span> <span class='ocrx_word' id='word_1_678' title='bbox 1050 2088 1079 2114; x_wconf 86' lang='lat'><strong>&#39;0</strong></span> <span class='ocrx_word' id='word_1_679' title='bbox 1093 2087 1187 2122; x_wconf 82' lang='grc' dir='ltr'>θρόνος</span> <span class='ocrx_word' id='word_1_680' title='bbox 1200 2094 1246 2113; x_wconf 87' lang='grc' dir='ltr'>σου</span> <span class='ocrx_word' id='word_1_681' title='bbox 1259 2086 1273 2112; x_wconf 88' lang='lat'><strong>6</strong></span> <span class='ocrx_word' id='word_1_682' title='bbox 1285 2085 1352 2117; x_wconf 82' lang='grc' dir='ltr'>Θεὸς</span> <span class='ocrx_word' id='word_1_683' title='bbox 1365 2085 1405 2115; x_wconf 85' lang='grc' dir='ltr'><strong>εἰς</strong></span> <span class='ocrx_word' id='word_1_684' title='bbox 1415 2083 1460 2110; x_wconf 81' lang='grc' dir='ltr'>τὸν</span> <span class='ocrx_word' id='word_1_685' title='bbox 1468 2083 1554 2109; x_wconf 77' lang='grc' dir='ltr'>αἰῶνα</span> <span class='ocrx_word' id='word_1_686' title='bbox 1567 2082 1614 2109; x_wconf 89' lang='grc' dir='ltr'><strong>τοῦ</strong></span> <span class='ocrx_word' id='word_1_687' title='bbox 1626 2082 1737 2112; x_wconf 86' lang='grc' dir='ltr'>αἰῶνος·</span> <span class='ocrx_word' id='word_1_688' title='bbox 1754 2080 1814 2115; x_wconf 63' lang='grc' dir='ltr'><strong>ῥάϐ-</strong></span> 
     </span>
    </p>
   </div>
   <div class='ocr_carea' id='block_1_88' title="bbox 181 2128 1813 2179">
    <p class='ocr_par' dir='ltr' id='par_1_88' title="bbox 181 2128 1813 2179">
     <span class='ocr_line' id='line_1_88' title="bbox 181 2128 1813 2179; baseline -0.012 -7"><span class='ocrx_word' id='word_1_689' title='bbox 181 2128 389 2179; x_wconf 37' lang='grc' dir='ltr'>δος-εὐθύτητος</span> <span class='ocrx_word' id='word_1_690' title='bbox 409 2143 426 2178; x_wconf 83' lang='grc' dir='ltr'>ὴ</span> <span class='ocrx_word' id='word_1_691' title='bbox 449 2141 544 2178; x_wconf 78' lang='grc' dir='ltr'>ῥάϐδος</span> <span class='ocrx_word' id='word_1_692' title='bbox 559 2141 607 2176; x_wconf 83' lang='grc' dir='ltr'><strong>τῆς</strong></span> <span class='ocrx_word' id='word_1_693' title='bbox 623 2139 759 2175; x_wconf 84' lang='grc' dir='ltr'>βασιλείας</span> <span class='ocrx_word' id='word_1_694' title='bbox 776 2148 822 2165; x_wconf 90' lang='grc' dir='ltr'><strong>σου</strong></span> <span class='ocrx_word' id='word_1_695' title='bbox 836 2147 843 2154; x_wconf 88' lang='grc'>·</span> <span class='ocrx_word' id='word_1_696' title='bbox 865 2148 875 2164; x_wconf 71' lang='grc' dir='ltr'><strong>ι</strong></span> <span class='ocrx_word' id='word_1_697' title='bbox 894 2137 961 2172; x_wconf 76' lang='grc' dir='ltr'>πρὸς</span> <span class='ocrx_word' id='word_1_698' title='bbox 978 2136 1006 2163; x_wconf 84' lang='grc' dir='ltr'>δὲ</span> <span class='ocrx_word' id='word_1_699' title='bbox 1022 2135 1068 2162; x_wconf 83' lang='grc' dir='ltr'>τὸν</span> <span class='ocrx_word' id='word_1_700' title='bbox 1080 2134 1197 2170; x_wconf 80' lang='grc' dir='ltr'>Χριστὸν</span> <span class='ocrx_word' id='word_1_701' title='bbox 1213 2134 1253 2166; x_wconf 77' lang='grc' dir='ltr'><strong>τὸ,</strong></span> <span class='ocrx_word' id='word_1_702' title='bbox 1286 2142 1296 2159; x_wconf 84' lang='grc'><em>‹</em></span> <span class='ocrx_word' id='word_1_703' title='bbox 1318 2132 1478 2167; x_wconf 83' lang='grc' dir='ltr'>Ἠγάπησας</span> <span class='ocrx_word' id='word_1_704' title='bbox 1491 2129 1675 2163; x_wconf 80' lang='grc' dir='ltr'>δικαιοσύνην,</span> <span class='ocrx_word' id='word_1_705' title='bbox 1694 2128 1743 2154; x_wconf 73' lang='grc' dir='ltr'>καὶ</span> <span class='ocrx_word' id='word_1_706' title='bbox 1755 2129 1813 2163; x_wconf 82' lang='grc' dir='ltr'><strong>ὲμί-</strong></span> 
     </span>
    </p>
   </div>
   <div class='ocr_carea' id='block_1_89' title="bbox 184 2180 1284 2226">
    <p class='ocr_par' dir='ltr' id='par_1_89' title="bbox 184 2180 1284 2226">
     <span class='ocr_line' id='line_1_89' title="bbox 184 2180 1284 2226; baseline -0.013 -7"><span class='ocrx_word' id='word_1_707' title='bbox 184 2200 269 2226; x_wconf 86' lang='grc' dir='ltr'>σησας</span> <span class='ocrx_word' id='word_1_708' title='bbox 285 2190 412 2226; x_wconf 86' lang='grc' dir='ltr'>ἀνομίαν·</span> <span class='ocrx_word' id='word_1_709' title='bbox 430 2189 474 2215; x_wconf 80' lang='grc' dir='ltr'><strong>διὰ</strong></span> <span class='ocrx_word' id='word_1_710' title='bbox 488 2188 565 2215; x_wconf 82' lang='grc' dir='ltr'>τοῦτο</span> <span class='ocrx_word' id='word_1_711' title='bbox 590 2187 681 2222; x_wconf 76' lang='grc' dir='ltr'>ἔχρισὲ</span> <span class='ocrx_word' id='word_1_712' title='bbox 697 2196 726 2213; x_wconf 86' lang='grc' dir='ltr'><strong>σε</strong></span> <span class='ocrx_word' id='word_1_713' title='bbox 749 2188 764 2213; x_wconf 87' lang='grc' dir='ltr'><strong>ό</strong></span> <span class='ocrx_word' id='word_1_714' title='bbox 783 2185 877 2218; x_wconf 83' lang='grc' dir='ltr'>Θεὸς,ὁ</span> <span class='ocrx_word' id='word_1_715' title='bbox 891 2184 957 2216; x_wconf 86' lang='grc' dir='ltr'>Θεός</span> <span class='ocrx_word' id='word_1_716' title='bbox 969 2192 1026 2214; x_wconf 85' lang='grc' dir='ltr'>σου,</span> <span class='ocrx_word' id='word_1_717' title='bbox 1042 2192 1051 2208; x_wconf 87' lang='grc'><strong>›</strong></span> <span class='ocrx_word' id='word_1_718' title='bbox 1067 2182 1114 2209; x_wconf 75' lang='grc' dir='ltr'>καὶ</span> <span class='ocrx_word' id='word_1_719' title='bbox 1125 2181 1160 2208; x_wconf 82' lang='grc' dir='ltr'>τὰ</span> <span class='ocrx_word' id='word_1_720' title='bbox 1174 2180 1246 2216; x_wconf 76' lang='grc' dir='ltr'><strong>ἑξῆς.</strong></span> <span class='ocrx_word' id='word_1_721' title='bbox 1282 2183 1284 2185; x_wconf 89' lang='grc'><em>’</em></span> 
     </span>
    </p>
   </div>
   <div class='ocr_carea' id='block_1_90' title="bbox 219 2233 1013 2272">
    <p class='ocr_par' dir='ltr' id='par_1_90' title="bbox 219 2233 1013 2272">
     <span class='ocr_line' id='line_1_90' title="bbox 219 2233 1013 2272; baseline -0.006 -6"><span class='ocrx_word' id='word_1_722' title='bbox 219 2239 264 2267; x_wconf 82' lang='grc'><strong>57.</strong></span> <span class='ocrx_word' id='word_1_723' title='bbox 284 2238 381 2265; x_wconf 73' lang='lat' dir='ltr'><strong>Adhuc</strong></span> <span class='ocrx_word' id='word_1_724' title='bbox 409 2237 479 2272; x_wconf 87' lang='lat' dir='ltr'><strong>apud</strong></span> <span class='ocrx_word' id='word_1_725' title='bbox 493 2236 600 2263; x_wconf 83' lang='lat' dir='ltr'><strong>Celsum</strong></span> <span class='ocrx_word' id='word_1_726' title='bbox 621 2235 729 2262; x_wconf 69' lang='lat' dir='ltr'><strong>Judmus</strong></span> <span class='ocrx_word' id='word_1_727' title='bbox 746 2234 915 2261; x_wconf 85' lang='lat' dir='ltr'><strong>Salvatorem</strong></span> <span class='ocrx_word' id='word_1_728' title='bbox 936 2233 974 2259; x_wconf 89' lang='lat' dir='ltr'><strong>sic</strong></span> <span class='ocrx_word' id='word_1_729' title='bbox 991 2234 1013 2261; x_wconf 94' lang='lat' dir='ltr'><strong>D</strong></span> 
     </span>
    </p>
   </div>
   <div class='ocr_carea' id='block_1_91' title="bbox 185 2277 973 2317">
    <p class='ocr_par' dir='ltr' id='par_1_91' title="bbox 185 2277 973 2317">
     <span class='ocr_line' id='line_1_91' title="bbox 185 2277 973 2317; baseline -0.01 -6"><span class='ocrx_word' id='word_1_730' title='bbox 185 2284 349 2317; x_wconf 73' lang='lat' dir='ltr'><strong>alloquitur:</strong></span> <span class='ocrx_word' id='word_1_731' title='bbox 363 2292 372 2308; x_wconf 88' lang='grc'><strong>‹</strong></span> <span class='ocrx_word' id='word_1_732' title='bbox 386 2282 414 2309; x_wconf 90' lang='lat' dir='ltr'><strong>Si</strong></span> <span class='ocrx_word' id='word_1_733' title='bbox 426 2283 450 2308; x_wconf 89' lang='lat' dir='ltr'><strong>id</strong></span> <span class='ocrx_word' id='word_1_734' title='bbox 459 2282 535 2313; x_wconf 86' lang='lat' dir='ltr'><strong>dicis,</strong></span> <span class='ocrx_word' id='word_1_735' title='bbox 544 2281 690 2317; x_wconf 85' lang='lat' dir='ltr'><strong>quemlibet</strong></span> <span class='ocrx_word' id='word_1_736' title='bbox 701 2277 973 2312; x_wconf 81' lang='lat' dir='ltr'><strong>hominemquijuxta</strong></span> 
     </span>
    </p>
   </div>
   <div class='ocr_carea' id='block_1_92' title="bbox 184 2321 973 2363">
    <p class='ocr_par' dir='ltr' id='par_1_92' title="bbox 184 2321 973 2363">
     <span class='ocr_line' id='line_1_92' title="bbox 184 2321 973 2363; baseline -0.013 -6"><span class='ocrx_word' id='word_1_737' title='bbox 184 2330 303 2357; x_wconf 84' lang='lat' dir='ltr'><strong>divinam</strong></span> <span class='ocrx_word' id='word_1_738' title='bbox 316 2328 513 2363; x_wconf 84' lang='lat' dir='ltr'><strong>providentiam</strong></span> <span class='ocrx_word' id='word_1_739' title='bbox 532 2330 611 2354; x_wconf 83' lang='lat' dir='ltr'><strong>natus</strong></span> <span class='ocrx_word' id='word_1_740' title='bbox 626 2324 716 2357; x_wconf 80' lang='lat' dir='ltr'><strong>fuerit,</strong></span> <span class='ocrx_word' id='word_1_741' title='bbox 732 2330 793 2350; x_wconf 89' lang='lat' dir='ltr'><strong>esse</strong></span> <span class='ocrx_word' id='word_1_742' title='bbox 806 2322 901 2349; x_wconf 84' lang='lat' dir='ltr'><strong>Filium</strong></span> <span class='ocrx_word' id='word_1_743' title='bbox 915 2321 973 2351; x_wconf 85' lang='lat' dir='ltr'><strong>Dei,</strong></span> 
     </span>
    </p>
   </div>
   <div class='ocr_carea' id='block_1_93' title="bbox 184 2369 974 2411">
    <p class='ocr_par' dir='ltr' id='par_1_93' title="bbox 184 2369 974 2411">
     <span class='ocr_line' id='line_1_93' title="bbox 184 2369 974 2411; baseline -0.013 -8"><span class='ocrx_word' id='word_1_744' title='bbox 184 2377 275 2411; x_wconf 85' lang='lat' dir='ltr'><strong>quain</strong></span> <span class='ocrx_word' id='word_1_745' title='bbox 291 2383 320 2402; x_wconf 89' lang='lat' dir='ltr'><strong>re</strong></span> <span class='ocrx_word' id='word_1_746' title='bbox 339 2375 422 2402; x_wconf 79' lang='lat' dir='ltr'><strong>distas</strong></span> <span class='ocrx_word' id='word_1_747' title='bbox 451 2375 529 2402; x_wconf 84' lang='lat' dir='ltr'><strong>aliis?</strong></span> <span class='ocrx_word' id='word_1_748' title='bbox 555 2384 565 2401; x_wconf 83' lang='grc'><strong>›</strong></span> <span class='ocrx_word' id='word_1_749' title='bbox 589 2373 638 2401; x_wconf 87' lang='lat' dir='ltr'><strong>Cui</strong></span> <span class='ocrx_word' id='word_1_750' title='bbox 662 2369 885 2405; x_wconf 79' lang='lat' dir='ltr'><strong>respOndebimus</strong></span> <span class='ocrx_word' id='word_1_751' title='bbox 913 2374 974 2394; x_wconf 92' lang='lat' dir='ltr'><strong>csse</strong></span> 
     </span>
    </p>
   </div>
   <div class='ocr_carea' id='block_1_94' title="bbox 184 2414 975 2459">
    <p class='ocr_par' dir='ltr' id='par_1_94' title="bbox 184 2414 975 2459">
     <span class='ocr_line' id='line_1_94' title="bbox 184 2414 975 2459; baseline -0.013 -9"><span class='ocrx_word' id='word_1_752' title='bbox 184 2424 293 2459; x_wconf 89' lang='lat' dir='ltr'><strong>quidem</strong></span> <span class='ocrx_word' id='word_1_753' title='bbox 317 2422 363 2450; x_wconf 77' lang='lat' dir='ltr'><strong>Dei</strong></span> <span class='ocrx_word' id='word_1_754' title='bbox 393 2423 491 2453; x_wconf 85' lang='lat' dir='ltr'><strong>ﬁlium,</strong></span> <span class='ocrx_word' id='word_1_755' title='bbox 507 2420 641 2456; x_wconf 82' lang='lat' dir='ltr'><strong>quisquis,</strong></span> <span class='ocrx_word' id='word_1_756' title='bbox 665 2422 696 2445; x_wconf 88' lang='lat' dir='ltr'><strong>ut</strong></span> <span class='ocrx_word' id='word_1_757' title='bbox 715 2416 815 2444; x_wconf 86' lang='lat' dir='ltr'><strong>Paulus</strong></span> <span class='ocrx_word' id='word_1_758' title='bbox 834 2415 922 2446; x_wconf 90' lang='lat' dir='ltr'><strong>docet,</strong></span> <span class='ocrx_word' id='word_1_759' title='bbox 938 2414 975 2441; x_wconf 88' lang='lat' dir='ltr'><strong>ti-</strong></span> 
     </span>
    </p>
   </div>
   <div class='ocr_carea' id='block_1_95' title="bbox 185 2460 972 2502">
    <p class='ocr_par' dir='ltr' id='par_1_95' title="bbox 185 2460 972 2502">
     <span class='ocr_line' id='line_1_95' title="bbox 185 2460 972 2502; baseline -0.017 -5"><span class='ocrx_word' id='word_1_760' title='bbox 185 2477 260 2498; x_wconf 86' lang='lat' dir='ltr'><strong>more</strong></span> <span class='ocrx_word' id='word_1_761' title='bbox 276 2477 328 2496; x_wconf 87' lang='lat' dir='ltr'><strong>nen</strong></span> <span class='ocrx_word' id='word_1_762' title='bbox 343 2468 458 2501; x_wconf 86' lang='lat' dir='ltr'><strong>ducitur,</strong></span> <span class='ocrx_word' id='word_1_763' title='bbox 476 2467 556 2502; x_wconf 80' lang='lat'><strong>372</strong></span> <span class='ocrx_word' id='word_1_764' title='bbox 565 2466 612 2492; x_wconf 87' lang='lat' dir='ltr'><strong>sed</strong></span> <span class='ocrx_word' id='word_1_765' title='bbox 626 2464 752 2491; x_wconf 87' lang='lat' dir='ltr'><strong>virtutem</strong></span> <span class='ocrx_word' id='word_1_766' title='bbox 766 2465 874 2496; x_wconf 87' lang='lat' dir='ltr'><strong>propter</strong></span> <span class='ocrx_word' id='word_1_767' title='bbox 885 2460 972 2494; x_wconf 83' lang='lat' dir='ltr'><strong>ipsam</strong></span> 
     </span>
    </p>
   </div>
   <div class='ocr_carea' id='block_1_96' title="bbox 185 2504 972 2550">
    <p class='ocr_par' dir='ltr' id='par_1_96' title="bbox 185 2504 972 2550">
     <span class='ocr_line' id='line_1_96' title="bbox 185 2504 972 2550; baseline -0.015 -8"><span class='ocrx_word' id='word_1_768' title='bbox 185 2515 372 2550; x_wconf 83' lang='lat' dir='ltr'><strong>amplectitur;</strong></span> <span class='ocrx_word' id='word_1_769' title='bbox 389 2514 461 2541; x_wconf 89' lang='lat' dir='ltr'><strong>hunc</strong></span> <span class='ocrx_word' id='word_1_770' title='bbox 476 2519 540 2539; x_wconf 86' lang='lat' dir='ltr'><strong>vero</strong></span> <span class='ocrx_word' id='word_1_771' title='bbox 560 2512 638 2545; x_wconf 78' lang='lat' dir='ltr'><strong>longe</strong></span> <span class='ocrx_word' id='word_1_772' title='bbox 660 2509 814 2542; x_wconf 85' lang='lat' dir='ltr'><strong>discrepare</strong></span> <span class='ocrx_word' id='word_1_773' title='bbox 829 2507 863 2533; x_wconf 83' lang='lat' dir='ltr'><strong>ab</strong></span> <span class='ocrx_word' id='word_1_774' title='bbox 879 2506 912 2532; x_wconf 91' lang='lat' dir='ltr'><strong>iis</strong></span> <span class='ocrx_word' id='word_1_775' title='bbox 925 2504 972 2539; x_wconf 82' lang='lat' dir='ltr'><strong>qui</strong></span> 
     </span>
    </p>
   </div>
   <div class='ocr_carea' id='block_1_97' title="bbox 186 2551 970 2598">
    <p class='ocr_par' dir='ltr' id='par_1_97' title="bbox 186 2551 970 2598">
     <span class='ocr_line' id='line_1_97' title="bbox 186 2551 970 2598; baseline -0.017 -9"><span class='ocrx_word' id='word_1_776' title='bbox 186 2567 295 2598; x_wconf 85' lang='lat' dir='ltr'><strong>propter</strong></span> <span class='ocrx_word' id='word_1_777' title='bbox 316 2562 442 2588; x_wconf 90' lang='lat' dir='ltr'><strong>virtutem</strong></span> <span class='ocrx_word' id='word_1_778' title='bbox 456 2559 502 2585; x_wconf 78' lang='lat' dir='ltr'><strong>lilii</strong></span> <span class='ocrx_word' id='word_1_779' title='bbox 516 2557 563 2584; x_wconf 81' lang='lat' dir='ltr'><strong>Dei</strong></span> <span class='ocrx_word' id='word_1_780' title='bbox 576 2556 760 2585; x_wconf 84' lang='lat' dir='ltr'><strong>nominantur,</strong></span> <span class='ocrx_word' id='word_1_781' title='bbox 775 2556 805 2580; x_wconf 89' lang='lat' dir='ltr'><strong>ut</strong></span> <span class='ocrx_word' id='word_1_782' title='bbox 818 2551 863 2587; x_wconf 87' lang='lat' dir='ltr'><strong>qui</strong></span> <span class='ocrx_word' id='word_1_783' title='bbox 877 2557 970 2578; x_wconf 89' lang='lat' dir='ltr'><strong>eorum</strong></span> 
     </span>
    </p>
   </div>
   <div class='ocr_carea' id='block_1_98' title="bbox 222 2633 823 2672">
    <p class='ocr_par' dir='ltr' id='par_1_98' title="bbox 222 2633 823 2672">
     <span class='ocr_line' id='line_1_98' title="bbox 222 2633 823 2672; baseline -0.017 -3"><span class='ocrx_word' id='word_1_784' title='bbox 222 2641 243 2658; x_wconf 82' lang='lat'><strong>&#39;°</strong></span> <span class='ocrx_word' id='word_1_785' title='bbox 263 2640 336 2668; x_wconf 83' lang='lat' dir='ltr'><strong>Psai.</strong></span> <span class='ocrx_word' id='word_1_786' title='bbox 355 2640 467 2672; x_wconf 78' lang='lat' dir='ltr'><strong>xuv,5,</strong></span> <span class='ocrx_word' id='word_1_787' title='bbox 484 2638 512 2671; x_wconf 81' lang='grc'>4,</span> <span class='ocrx_word' id='word_1_788' title='bbox 525 2638 553 2668; x_wconf 83' lang='grc'>5,</span> <span class='ocrx_word' id='word_1_789' title='bbox 566 2637 593 2664; x_wconf 83' lang='lat'><em>6.</em></span> <span class='ocrx_word' id='word_1_790' title='bbox 632 2635 653 2650; x_wconf 85' lang='grc'><strong>³¹</strong></span> <span class='ocrx_word' id='word_1_791' title='bbox 669 2635 734 2662; x_wconf 83' lang='lat' dir='ltr'><strong>ibid.</strong></span> <span class='ocrx_word' id='word_1_792' title='bbox 752 2634 777 2667; x_wconf 84' lang='grc'>7,</span> <span class='ocrx_word' id='word_1_793' title='bbox 796 2633 823 2660; x_wconf 74' lang='lat'><strong>8.</strong></span> 
     </span>
    </p>
   </div>
   <div class='ocr_carea' id='block_1_99' title="bbox 224 2717 977 2758">
    <p class='ocr_par' dir='ltr' id='par_1_99' title="bbox 224 2717 977 2758">
     <span class='ocr_line' id='line_1_99' title="bbox 224 2717 977 2758; baseline -0.012 -8"><span class='ocrx_word' id='word_1_794' title='bbox 224 2723 279 2758; x_wconf 61' lang='grc'><strong>(64)</strong></span> <span class='ocrx_word' id='word_1_795' title='bbox 303 2721 511 2758; x_wconf 39' lang='grc' dir='ltr'><strong>Οοάίῖηξιθδίιιδ</strong></span> <span class='ocrx_word' id='word_1_796' title='bbox 528 2723 554 2746; x_wconf 85' lang='lat' dir='ltr'><strong>et</strong></span> <span class='ocrx_word' id='word_1_797' title='bbox 574 2718 735 2758; x_wconf 61' lang='lat' dir='ltr'><strong>Basileensis</strong></span> <span class='ocrx_word' id='word_1_798' title='bbox 748 2717 817 2758; x_wconf 40' lang='grc' dir='ltr'><strong>ζ’μὴ</strong></span> <span class='ocrx_word' id='word_1_799' title='bbox 835 2717 977 2758; x_wconf 67' lang='grc' dir='ltr'>πιστεύου-</span> 
     </span>
    </p>
   </div>
   <div class='ocr_carea' id='block_1_100' title="bbox 189 2751 978 2789">
    <p class='ocr_par' dir='ltr' id='par_1_100' title="bbox 189 2751 978 2789">
     <span class='ocr_line' id='line_1_100' title="bbox 189 2751 978 2789; baseline -0.011 -4"><span class='ocrx_word' id='word_1_800' title='bbox 189 2751 241 2785; x_wconf 68' lang='grc' dir='ltr'>σιν.</span> <span class='ocrx_word' id='word_1_801' title='bbox 257 2752 368 2789; x_wconf 77' lang='lat' dir='ltr'><strong>Ibidem,</strong></span> <span class='ocrx_word' id='word_1_802' title='bbox 393 2757 439 2783; x_wconf 80' lang='grc' dir='ltr'><strong>δύο</strong></span> <span class='ocrx_word' id='word_1_803' title='bbox 453 2751 580 2788; x_wconf 74' lang='grc' dir='ltr'>λέγουσιν</span> <span class='ocrx_word' id='word_1_804' title='bbox 602 2751 671 2789; x_wconf 66' lang='grc' dir='ltr'>εἶναι</span> <span class='ocrx_word' id='word_1_805' title='bbox 687 2753 735 2789; x_wconf 62' lang='grc' dir='ltr'><strong>τας</strong></span> <span class='ocrx_word' id='word_1_806' title='bbox 752 2751 869 2787; x_wconf 83' lang='grc' dir='ltr'>Χριστοῦ</span> <span class='ocrx_word' id='word_1_807' title='bbox 880 2751 978 2789; x_wconf 53' lang='grc' dir='ltr'>ἐπιδη-</span> 
     </span>
    </p>
   </div>
   <div class='ocr_carea' id='block_1_101' title="bbox 191 2786 975 2828">
    <p class='ocr_par' dir='ltr' id='par_1_101' title="bbox 191 2786 975 2828">
     <span class='ocr_line' id='line_1_101' title="bbox 191 2786 975 2828; baseline -0.009 -10"><span class='ocrx_word' id='word_1_808' title='bbox 191 2794 264 2828; x_wconf 81' lang='grc' dir='ltr'>μίας.</span> <span class='ocrx_word' id='word_1_809' title='bbox 279 2793 346 2828; x_wconf 73' lang='lat' dir='ltr'><strong>Vide</strong></span> <span class='ocrx_word' id='word_1_810' title='bbox 361 2786 519 2828; x_wconf 57' lang='lat' dir='ltr'><strong>itlfrapunt.</strong></span> <span class='ocrx_word' id='word_1_811' title='bbox 535 2789 580 2816; x_wconf 70' lang='grc'><strong>29.</strong></span> <span class='ocrx_word' id='word_1_812' title='bbox 592 2788 678 2828; x_wconf 48' lang='lat' dir='ltr'><strong>“dust.</strong></span> <span class='ocrx_word' id='word_1_813' title='bbox 693 2788 764 2814; x_wconf 78' lang='lat' dir='ltr'><strong>Dial.</strong></span> <span class='ocrx_word' id='word_1_814' title='bbox 781 2786 975 2828; x_wconf 38' lang='lat' dir='ltr'><strong>&#39;SuntmTrypfj.</strong></span> 
     </span>
    </p>
   </div>
   <div class='ocr_carea' id='block_1_102' title="bbox 191 2817 973 2861">
    <p class='ocr_par' dir='ltr' id='par_1_102' title="bbox 191 2817 973 2861">
     <span class='ocr_line' id='line_1_102' title="bbox 191 2817 973 2861; baseline -0.008 -7"><span class='ocrx_word' id='word_1_815' title='bbox 191 2817 293 2861; x_wconf 51' lang='grc' dir='ltr'>ἶίὶὲιτ,</span> <span class='ocrx_word' id='word_1_816' title='bbox 313 2817 378 2858; x_wconf 24' lang='grc'><strong>⁵268⁷,</strong></span> <span class='ocrx_word' id='word_1_817' title='bbox 399 2825 467 2858; x_wconf 76' lang='grc' dir='ltr'><strong>5Ξ›0;</strong></span> <span class='ocrx_word' id='word_1_818' title='bbox 499 2823 568 2851; x_wconf 86' lang='lat' dir='ltr'><strong>lren.</strong></span> <span class='ocrx_word' id='word_1_819' title='bbox 591 2824 636 2851; x_wconf 90' lang='lat' dir='ltr'><strong>lib.</strong></span> <span class='ocrx_word' id='word_1_820' title='bbox 657 2831 692 2854; x_wconf 79' lang='lat' dir='ltr'><strong>tv,</strong></span> <span class='ocrx_word' id='word_1_821' title='bbox 715 2831 773 2857; x_wconf 82' lang='lat' dir='ltr'><strong>cap.</strong></span> <span class='ocrx_word' id='word_1_822' title='bbox 795 2817 973 2854; x_wconf 67' lang='lat' dir='ltr'><strong>55;Teriull.</strong></span> 
     </span>
    </p>
   </div>
   <div class='ocr_carea' id='block_1_103' title="bbox 1063 2221 1811 2263">
    <p class='ocr_par' dir='ltr' id='par_1_103' title="bbox 1063 2221 1811 2263">
     <span class='ocr_line' id='line_1_103' title="bbox 1063 2221 1811 2263; baseline -0.015 -7"><span class='ocrx_word' id='word_1_823' title='bbox 1063 2230 1124 2255; x_wconf 85' lang='grc' dir='ltr'>Ἔτι</span> <span class='ocrx_word' id='word_1_824' title='bbox 1138 2228 1166 2255; x_wconf 82' lang='grc' dir='ltr'>δὲ</span> <span class='ocrx_word' id='word_1_825' title='bbox 1184 2227 1252 2263; x_wconf 80' lang='grc' dir='ltr'>πρὸς</span> <span class='ocrx_word' id='word_1_826' title='bbox 1265 2227 1310 2253; x_wconf 82' lang='grc' dir='ltr'><strong>τὸν</strong></span> <span class='ocrx_word' id='word_1_827' title='bbox 1325 2224 1439 2261; x_wconf 85' lang='grc' dir='ltr'>Σωτῆρα</span> <span class='ocrx_word' id='word_1_828' title='bbox 1454 2223 1528 2258; x_wconf 83' lang='grc' dir='ltr'>αὐτῷ</span> <span class='ocrx_word' id='word_1_829' title='bbox 1540 2224 1554 2250; x_wconf 91' lang='lat'><strong>6</strong></span> <span class='ocrx_word' id='word_1_830' title='bbox 1572 2221 1699 2253; x_wconf 80' lang='grc' dir='ltr'>Ἰουδαῖός</span> <span class='ocrx_word' id='word_1_831' title='bbox 1717 2229 1811 2255; x_wconf 82' lang='grc' dir='ltr'>φησιν·</span> 
     </span>
    </p>
   </div>
   <div class='ocr_carea' id='block_1_104' title="bbox 1026 2266 1812 2306">
    <p class='ocr_par' dir='ltr' id='par_1_104' title="bbox 1026 2266 1812 2306">
     <span class='ocr_line' id='line_1_104' title="bbox 1026 2266 1812 2306; baseline -0.013 -5"><span class='ocrx_word' id='word_1_832' title='bbox 1026 2276 1066 2302; x_wconf 81' lang='grc' dir='ltr'><strong>ὅτι</strong></span> <span class='ocrx_word' id='word_1_833' title='bbox 1081 2284 1090 2300; x_wconf 75' lang='grc' dir='ltr'><strong>ι</strong></span> <span class='ocrx_word' id='word_1_834' title='bbox 1111 2275 1136 2300; x_wconf 84' lang='grc' dir='ltr'><strong>εί</strong></span> <span class='ocrx_word' id='word_1_835' title='bbox 1149 2273 1228 2300; x_wconf 84' lang='grc' dir='ltr'>τοῦτο</span> <span class='ocrx_word' id='word_1_836' title='bbox 1246 2272 1346 2306; x_wconf 85' lang='grc' dir='ltr'>λέγεις,</span> <span class='ocrx_word' id='word_1_837' title='bbox 1363 2271 1404 2297; x_wconf 78' lang='grc' dir='ltr'><strong>ὅτι</strong></span> <span class='ocrx_word' id='word_1_838' title='bbox 1420 2271 1474 2301; x_wconf 79' lang='grc' dir='ltr'>πᾶς</span> <span class='ocrx_word' id='word_1_839' title='bbox 1491 2269 1632 2304; x_wconf 81' lang='grc' dir='ltr'>ἅνθρωπος</span> <span class='ocrx_word' id='word_1_840' title='bbox 1651 2267 1724 2293; x_wconf 82' lang='grc' dir='ltr'><strong>κατά</strong></span> <span class='ocrx_word' id='word_1_841' title='bbox 1743 2266 1812 2293; x_wconf 76' lang='grc' dir='ltr'>θείαν</span> 
     </span>
    </p>
   </div>
   <div class='ocr_carea' id='block_1_105' title="bbox 1028 2312 1812 2356">
    <p class='ocr_par' dir='ltr' id='par_1_105' title="bbox 1028 2312 1812 2356">
     <span class='ocr_line' id='line_1_105' title="bbox 1028 2312 1812 2356; baseline -0.011 -9"><span class='ocrx_word' id='word_1_842' title='bbox 1028 2321 1155 2356; x_wconf 85' lang='grc' dir='ltr'>πρόνοιαν</span> <span class='ocrx_word' id='word_1_843' title='bbox 1176 2317 1295 2353; x_wconf 85' lang='grc' dir='ltr'>γεγονὼς</span> <span class='ocrx_word' id='word_1_844' title='bbox 1309 2318 1367 2349; x_wconf 88' lang='grc' dir='ltr'>υἱός</span> <span class='ocrx_word' id='word_1_845' title='bbox 1389 2317 1446 2343; x_wconf 74' lang='grc' dir='ltr'>ἐστι</span> <span class='ocrx_word' id='word_1_846' title='bbox 1469 2314 1555 2347; x_wconf 80' lang='grc' dir='ltr'>Θεοῦ,</span> <span class='ocrx_word' id='word_1_847' title='bbox 1573 2313 1599 2340; x_wconf 84' lang='grc' dir='ltr'><strong>τί</strong></span> <span class='ocrx_word' id='word_1_848' title='bbox 1624 2313 1658 2340; x_wconf 81' lang='grc' dir='ltr'>ἂν</span> <span class='ocrx_word' id='word_1_849' title='bbox 1682 2313 1715 2339; x_wconf 76' lang='grc' dir='ltr'><strong>σὺ</strong></span> <span class='ocrx_word' id='word_1_850' title='bbox 1737 2312 1812 2339; x_wconf 71' lang='grc' dir='ltr'>ἄλλον</span> 
     </span>
    </p>
   </div>
   <div class='ocr_carea' id='block_1_106' title="bbox 1027 2358 1814 2402">
    <p class='ocr_par' dir='ltr' id='par_1_106' title="bbox 1027 2358 1814 2402">
     <span class='ocr_line' id='line_1_106' title="bbox 1027 2358 1814 2402; baseline -0.013 -9"><span class='ocrx_word' id='word_1_851' title='bbox 1027 2366 1174 2402; x_wconf 74' lang='grc' dir='ltr'>διαφέρῃςς</span> <span class='ocrx_word' id='word_1_852' title='bbox 1187 2375 1195 2390; x_wconf 74' lang='grc' dir='ltr'><strong>ι</strong></span> <span class='ocrx_word' id='word_1_853' title='bbox 1206 2364 1278 2400; x_wconf 76' lang='grc' dir='ltr'>Πρδς</span> <span class='ocrx_word' id='word_1_854' title='bbox 1286 2364 1314 2390; x_wconf 82' lang='grc' dir='ltr'><strong>ὂν</strong></span> <span class='ocrx_word' id='word_1_855' title='bbox 1323 2362 1448 2399; x_wconf 67' lang='grc' dir='ltr'>ἐροῦμεν,</span> <span class='ocrx_word' id='word_1_856' title='bbox 1461 2362 1501 2388; x_wconf 81' lang='grc' dir='ltr'>ὅτι</span> <span class='ocrx_word' id='word_1_857' title='bbox 1513 2361 1567 2392; x_wconf 82' lang='grc' dir='ltr'>πᾶς</span> <span class='ocrx_word' id='word_1_858' title='bbox 1578 2360 1626 2396; x_wconf 75' lang='grc' dir='ltr'>μὲν</span> <span class='ocrx_word' id='word_1_859' title='bbox 1637 2359 1664 2390; x_wconf 77' lang='grc' dir='ltr'>ὁ,</span> <span class='ocrx_word' id='word_1_860' title='bbox 1680 2358 1814 2390; x_wconf 81' lang='grc' dir='ltr'>ὼςὸΠαῦ-</span> 
     </span>
    </p>
   </div>
   <div class='ocr_carea' id='block_1_107' title="bbox 1027 2405 1810 2446">
    <p class='ocr_par' dir='ltr' id='par_1_107' title="bbox 1027 2405 1810 2446">
     <span class='ocr_line' id='line_1_107' title="bbox 1027 2405 1810 2446; baseline -0.011 -8"><span class='ocrx_word' id='word_1_861' title='bbox 1027 2412 1072 2443; x_wconf 81' lang='grc' dir='ltr'><strong>λος</strong></span> <span class='ocrx_word' id='word_1_862' title='bbox 1080 2412 1106 2445; x_wconf 85' lang='grc'>(6</span> <span class='ocrx_word' id='word_1_863' title='bbox 1111 2412 1136 2446; x_wconf 80' lang='grc'><strong>5)</strong></span> <span class='ocrx_word' id='word_1_864' title='bbox 1142 2411 1279 2446; x_wconf 85' lang='grc' dir='ltr'>ὠνόμασε,</span> <span class='ocrx_word' id='word_1_865' title='bbox 1291 2409 1388 2445; x_wconf 81' lang='grc' dir='ltr'>μηκέτι</span> <span class='ocrx_word' id='word_1_866' title='bbox 1397 2408 1448 2435; x_wconf 84' lang='grc' dir='ltr'><strong>ὑπὸ</strong></span> <span class='ocrx_word' id='word_1_867' title='bbox 1456 2407 1539 2441; x_wconf 80' lang='grc' dir='ltr'>φόὸου</span> <span class='ocrx_word' id='word_1_868' title='bbox 1547 2405 1724 2439; x_wconf 71' lang='grc' dir='ltr'>παιδαγωγοῦ</span> <span class='ocrx_word' id='word_1_869' title='bbox 1729 2413 1810 2439; x_wconf 76' lang='grc' dir='ltr'>μενος,</span> 
     </span>
    </p>
   </div>
   <div class='ocr_carea' id='block_1_108' title="bbox 1028 2451 1811 2490">
    <p class='ocr_par' dir='ltr' id='par_1_108' title="bbox 1028 2451 1811 2490">
     <span class='ocr_line' id='line_1_108' title="bbox 1028 2451 1811 2490; baseline -0.009 -6"><span class='ocrx_word' id='word_1_870' title='bbox 1028 2458 1095 2485; x_wconf 84' lang='grc' dir='ltr'>ἀλλὰ</span> <span class='ocrx_word' id='word_1_871' title='bbox 1111 2458 1143 2483; x_wconf 76' lang='grc' dir='ltr'>δι’</span> <span class='ocrx_word' id='word_1_872' title='bbox 1161 2457 1226 2484; x_wconf 77' lang='grc' dir='ltr'>αὐτὸ</span> <span class='ocrx_word' id='word_1_873' title='bbox 1239 2457 1269 2483; x_wconf 82' lang='grc' dir='ltr'><strong>τὸ</strong></span> <span class='ocrx_word' id='word_1_874' title='bbox 1283 2456 1364 2483; x_wconf 86' lang='grc' dir='ltr'>καλὸν</span> <span class='ocrx_word' id='word_1_875' title='bbox 1380 2454 1552 2490; x_wconf 77' lang='grc' dir='ltr'>αἱρούμενος,</span> <span class='ocrx_word' id='word_1_876' title='bbox 1572 2453 1631 2484; x_wconf 79' lang='grc' dir='ltr'>υἱός</span> <span class='ocrx_word' id='word_1_877' title='bbox 1654 2453 1714 2479; x_wconf 71' lang='grc' dir='ltr'>ἐστι</span> <span class='ocrx_word' id='word_1_878' title='bbox 1733 2451 1811 2478; x_wconf 79' lang='grc' dir='ltr'>Θεοῦ·</span> 
     </span>
    </p>
   </div>
   <div class='ocr_carea' id='block_1_109' title="bbox 1025 2498 1811 2538">
    <p class='ocr_par' dir='ltr' id='par_1_109' title="bbox 1025 2498 1811 2538">
     <span class='ocr_line' id='line_1_109' title="bbox 1025 2498 1811 2538; baseline -0.008 -8"><span class='ocrx_word' id='word_1_879' title='bbox 1025 2501 1103 2536; x_wconf 77' lang='grc' dir='ltr'>οὗτος</span> <span class='ocrx_word' id='word_1_880' title='bbox 1116 2505 1144 2530; x_wconf 78' lang='grc' dir='ltr'><strong>δὲ</strong></span> <span class='ocrx_word' id='word_1_881' title='bbox 1160 2503 1250 2538; x_wconf 83' lang='grc' dir='ltr'>πολλῷ</span> <span class='ocrx_word' id='word_1_882' title='bbox 1270 2502 1316 2529; x_wconf 77' lang='grc' dir='ltr'>καὶ</span> <span class='ocrx_word' id='word_1_883' title='bbox 1332 2501 1430 2537; x_wconf 86' lang='grc' dir='ltr'>μακρῷ</span> <span class='ocrx_word' id='word_1_884' title='bbox 1446 2500 1570 2535; x_wconf 82' lang='grc' dir='ltr'>διαφέρει</span> <span class='ocrx_word' id='word_1_885' title='bbox 1586 2498 1689 2530; x_wconf 75' lang='grc' dir='ltr'>παντὸς</span> <span class='ocrx_word' id='word_1_886' title='bbox 1711 2499 1754 2525; x_wconf 76' lang='grc' dir='ltr'><strong>τοῦ</strong></span> <span class='ocrx_word' id='word_1_887' title='bbox 1772 2498 1811 2524; x_wconf 73' lang='grc' dir='ltr'><strong>6ιᾶ</strong></span> 
     </span>
    </p>
   </div>
   <div class='ocr_carea' id='block_1_110' title="bbox 1025 2544 1810 2585">
    <p class='ocr_par' dir='ltr' id='par_1_110' title="bbox 1025 2544 1810 2585">
     <span class='ocr_line' id='line_1_110' title="bbox 1025 2544 1810 2585; baseline -0.009 -9"><span class='ocrx_word' id='word_1_888' title='bbox 1025 2549 1074 2584; x_wconf 82' lang='grc' dir='ltr'><strong>τὴν</strong></span> <span class='ocrx_word' id='word_1_889' title='bbox 1094 2549 1194 2585; x_wconf 83' lang='grc' dir='ltr'>ἀρετὴν</span> <span class='ocrx_word' id='word_1_890' title='bbox 1205 2547 1418 2584; x_wconf 79' lang='grc' dir='ltr'>χρηματίζοντος</span> <span class='ocrx_word' id='word_1_891' title='bbox 1434 2545 1494 2572; x_wconf 88' lang='grc' dir='ltr'><strong>υἱοῦ</strong></span> <span class='ocrx_word' id='word_1_892' title='bbox 1510 2545 1557 2572; x_wconf 85' lang='grc' dir='ltr'><strong>τοῦ</strong></span> <span class='ocrx_word' id='word_1_893' title='bbox 1580 2544 1662 2576; x_wconf 83' lang='grc' dir='ltr'>Θεοῦ,</span> <span class='ocrx_word' id='word_1_894' title='bbox 1680 2545 1750 2575; x_wconf 79' lang='grc' dir='ltr'>ὅστις</span> <span class='ocrx_word' id='word_1_895' title='bbox 1764 2544 1810 2570; x_wconf 69' lang='lat' dir='ltr'><strong>dn-</strong></span> 
     </span>
    </p>
   </div>
   <div class='ocr_carea' id='block_1_111' title="bbox 1031 2709 1807 2751">
    <p class='ocr_par' dir='ltr' id='par_1_111' title="bbox 1031 2709 1807 2751">
     <span class='ocr_line' id='line_1_111' title="bbox 1031 2709 1807 2751; baseline -0.012 -8"><span class='ocrx_word' id='word_1_896' title='bbox 1031 2717 1142 2751; x_wconf 74' lang='lat' dir='ltr'><strong>Apolog.</strong></span> <span class='ocrx_word' id='word_1_897' title='bbox 1157 2724 1217 2750; x_wconf 84' lang='lat' dir='ltr'><strong>cap.</strong></span> <span class='ocrx_word' id='word_1_898' title='bbox 1234 2715 1279 2751; x_wconf 62' lang='lat'><strong>2!.</strong></span> <span class='ocrx_word' id='word_1_899' title='bbox 1303 2711 1527 2751; x_wconf 41' lang='lat' dir='ltr'><strong>Eumdemjide.</strong></span> <span class='ocrx_word' id='word_1_900' title='bbox 1543 2715 1638 2737; x_wconf 77' lang='lat' dir='ltr'><strong>contra</strong></span> <span class='ocrx_word' id='word_1_901' title='bbox 1659 2709 1770 2741; x_wconf 71' lang='lat' dir='ltr'><strong>ludam,</strong></span> <span class='ocrx_word' id='word_1_902' title='bbox 1785 2714 1807 2735; x_wconf 80' lang='lat' dir='ltr'><strong>et</strong></span> 
     </span>
    </p>
   </div>
   <div class='ocr_carea' id='block_1_112' title="bbox 1031 2747 1564 2779">
    <p class='ocr_par' dir='ltr' id='par_1_112' title="bbox 1031 2747 1564 2779">
     <span class='ocr_line' id='line_1_112' title="bbox 1031 2747 1564 2779; baseline -0.009 -2"><span class='ocrx_word' id='word_1_903' title='bbox 1031 2747 1077 2779; x_wconf 80' lang='lat' dir='ltr'><strong>lib.</strong></span> <span class='ocrx_word' id='word_1_904' title='bbox 1095 2747 1126 2778; x_wconf 80' lang='grc' dir='ltr'>ιιῖ</span> <span class='ocrx_word' id='word_1_905' title='bbox 1139 2747 1229 2777; x_wconf 84' lang='lat' dir='ltr'><strong>conira</strong></span> <span class='ocrx_word' id='word_1_906' title='bbox 1241 2749 1414 2776; x_wconf 72' lang='lat' dir='ltr'><strong>Marcianem.</strong></span> <span class='ocrx_word' id='word_1_907' title='bbox 1431 2747 1564 2774; x_wconf 67' lang='lat' dir='ltr'><strong>Semen.</strong></span> 
     </span>
    </p>
   </div>
   <div class='ocr_carea' id='block_1_113' title="bbox 1068 2779 1790 2822">
    <p class='ocr_par' dir='ltr' id='par_1_113' title="bbox 1068 2779 1790 2822">
     <span class='ocr_line' id='line_1_113' title="bbox 1068 2779 1790 2822; baseline -0.012 -8"><span class='ocrx_word' id='word_1_908' title='bbox 1068 2787 1123 2822; x_wconf 75' lang='lat'><strong>(65)</strong></span> <span class='ocrx_word' id='word_1_909' title='bbox 1141 2785 1309 2814; x_wconf 70' lang='lat' dir='ltr'><strong>Hmschelius</strong></span> <span class='ocrx_word' id='word_1_910' title='bbox 1324 2785 1349 2811; x_wconf 90' lang='lat' dir='ltr'><strong>in</strong></span> <span class='ocrx_word' id='word_1_911' title='bbox 1365 2788 1449 2816; x_wconf 76' lang='lat' dir='ltr'><strong>textu,</strong></span> <span class='ocrx_word' id='word_1_912' title='bbox 1467 2782 1495 2809; x_wconf 73' lang='grc' dir='ltr'><strong>ὂν</strong></span> <span class='ocrx_word' id='word_1_913' title='bbox 1508 2781 1546 2812; x_wconf 86' lang='grc' dir='ltr'>ὼς</span> <span class='ocrx_word' id='word_1_914' title='bbox 1562 2789 1577 2807; x_wconf 91' lang='grc' dir='ltr'>ο</span> <span class='ocrx_word' id='word_1_915' title='bbox 1588 2780 1710 2813; x_wconf 77' lang='grc' dir='ltr'>Παῦλος,</span> <span class='ocrx_word' id='word_1_916' title='bbox 1725 2779 1790 2807; x_wconf 82' lang='lat' dir='ltr'><strong>male.</strong></span> 
     </span>
    </p>
   </div>
  </div>
