1843 3097
189 143 240 172 τη

912 138 976 166 0th

1042 137 1073 165 IS
1748 144 1786 172 771

189 212 251 233 mus
259 203 320 239 fuit,
333 203 466 231 haberent
476 201 603 229 vaticinia
617 209 632 229 a
644 200 736 236 Moyse
746 208 854 236 quoque
863 202 974 236 scriptis

1037 200 1146 235 Ᾰωῡσῆς
1156 199 1304 235 ἀνέγραψε,
1315 200 1489 235 προφητείας,
1500 201 1537 232 ὡς
1552 201 1597 228 καὶ
1609 201 1688 228 αύτοῦ
1702 204 1754 236 περὶ
1763 209 1786 230 τι

191 250 302 282 tradita,
313 253 338 276 ct
352 249 407 276 illic
421 249 455 276 de
465 248 545 275 stella
558 247 686 282 legissent
701 248 789 274 istud:
805 256 814 273 ‹
825 246 971 276 Ostendam

189 297 226 328 ei,
241 301 269 323 et
285 303 336 322 non
353 295 454 327 modo;
472 295 580 322 beatum
598 294 669 320 facio
691 298 719 320 et
734 301 787 320 non
804 294 973 328 propinqua-

188 341 228 368 bit
244 342 285 374 l“’;
305 351 314 367 ι
346 341 523 375 coniecerunt
550 340 691 368 hominem
723 339 820 372 illum,
838 340 884 374 qui
912 347 975 367 cum

188 386 265 414 stella
279 386 478 421 praenuntiatus
491 385 593 418 fuerat,
605 385 630 411 in
646 385 716 411 hanc
729 384 816 411 lucem
831 385 974 419 prodiisse;

188 439 307 467 cumque
322 432 378 466 jam
407 431 470 458 inde
494 430 586 458 animo
610 430 892 465 praecepissentillum
916 438 977 457 esse

188 478 330 505 daemoniis
344 482 372 505 et
395 476 538 511 spiritibus
553 476 600 510 qui
627 475 695 510 ipsis
711 483 842 511 apparere
854 481 881 502 et
897 475 977 502 mitti-

187 529 277 550 strarc
292 523 428 555 solebam,
443 523 673 554 praestantiorem,
690 523 804 549 adorare
823 521 904 557 375
921 527 976 549 sta-

189 574 309 597 tuerunt.
327 569 355 596 In
370 569 490 596 Iudaeam
505 569 589 604 igitur
608 573 752 600 venerunt,
767 576 817 603 pro
837 574 912 596 certo
926 569 975 595 ha-

188 615 286 642 bentes
302 615 457 649 quempiam
476 621 567 649 regem
585 619 678 641 natum
694 621 767 646 esse,
796 614 920 648 quamvis
949 619 976 641 et

189 661 325 694 quodnam
343 660 418 695 regni
444 667 529 694 genus
543 659 698 692 habiturus,
715 665 742 687 et
758 660 802 688 ubi
821 660 976 687 nasciturus

189 709 274 736 esset.
300 705 477 739 ignorarent;
495 704 666 739 sumptisque
691 711 784 732 secum
806 706 974 737 muneribus,

189 757 250 784 quae
261 749 342 776 veluti
357 749 477 784 symbola
493 748 530 776 illi
544 749 589 784 qui
602 756 634 775 ex
645 749 700 776 Deo
711 750 856 776 ethomine
869 748 975 775 mortali

189 800 273 826 esset,
290 800 318 822 ut
334 795 369 821 ita
387 795 485 827 dicam,
501 796 680 829 compositus,
697 796 793 822 darent
807 804 815 828 ;
832 800 975 830 postquam

189 841 344 868 didicerunt
363 840 473 868 ubinam
490 845 570 868 natus
587 840 694 873 fuisset,
710 846 739 868 ut
754 841 810 876 regi
825 849 932 873 aurum,
947 846 976 868 ut

189 887 322 914 morituro
337 887 488 922 myrrham,
511 879 540 913 ut
570 886 625 914 Deo
643 887 706 913 thus
729 885 900 913 obtulerunt.
922 886 975 913 Sed

1024 245 1136 272 τοιαῦτα
1151 246 1295 280 γενομένου
1310 246 1407 278 δεινοῦ,
1419 247 1465 273 καὶ
1479 247 1603 282 εὑρόντες
1617 248 1673 274 ἐκεῖ
1686 250 1742 284 περὶ
1753 251 1787 276 τοῦ

1026 292 1127 327 ἄστρου
1143 292 1189 318 καὶ
1204 292 1234 318 τό
1251 301 1256 306 ·
1277 301 1285 318 ‹
1302 292 1386 325 Δείξω
1401 292 1484 327 αὐτῷ,
1496 293 1545 319 κα)⁸
1557 293 1617 328 οὐχι
1641 294 1685 320 νῦν
1698 303 1705 309 “
1721 304 1787 329 μακα-

1028 336 1094 373 ρίζω
1106 357 1112 369 ,
1131 338 1177 364 καὶ
1195 338 1246 364 οὐκ
1260 338 1360 371 ἐγγιεῖ·
1382 347 1391 363 ι
1408 338 1590 373 ἐστοχάσαντο
1606 339 1650 366 τὸν
1674 339 1735 374 μετὰ
1755 341 1788 367 τοῦ

1026 383 1126 418 ἄστρου
1137 384 1374 419 προφητευόμενον
1386 384 1530 420 ἄνθρωπον
1542 385 1755 420 ἐπιδεδημηκέναι
1763 387 1790 420 τῷ

1028 428 1078 464 βίῳ
1092 430 1139 456 καὶ
1153 429 1190 460 ὡς
1208 430 1317 457 πάντων
1331 430 1467 465 δαιμόνων
1484 431 1531 457 καὶ
1547 430 1601 457 τῶν
1615 431 1643 457 ὲν
1658 431 1709 457 ἔθει
1721 431 1791 464 αὐτοῖς

1028 473 1239 509 φανταζομένων
1256 475 1302 501 καὶ
1315 475 1498 512 ἐνεργούντων
1513 475 1655 510 κρείττονα
1671 476 1791 511 προλαϐόν-

1026 528 1081 551 τες,
1094 521 1281 556 προσκυνῆσαι
1298 521 1443 556 ἠθέλησαν.
1461 518 1548 548 1Ἠκον
1563 518 1609 547 οὖν
1625 522 1670 548 ἐπὶ
1683 522 1727 556 τὴν
1743 522 1791 548 Ἰολ-

1025 566 1103 592 δαίαν
1116 587 1123 597 ,
1140 567 1181 592 ὅτι
1207 567 1255 602 μὲν
1273 567 1398 602 βασιλεύς
1425 576 1466 599 τις
1480 567 1628 602 γεγένηται
1644 568 1791 603 πειθόμενοι,

1027 611 1086 638 τίνα
1102 612 1130 638 δὲ
1145 611 1282 647 βασιλείαν
1300 612 1466 648 βασιλεύσων
1483 613 1551 649 (79),
1567 613 1618 640 οὐκ
1631 614 1791 648 ἐπισταμενοι,

1026 657 1042 692 ἢ
1058 656 1108 683 ποῦ
1123 657 1333 692 γεννηθήσεται,
1349 659 1378 685 οὺ
1394 659 1591 692 γιγνώσκοντες
1603 668 1610 674 ³
1629 660 1746 696 φέροντες
1758 661 1792 695 μὲν

1026 702 1109 738 δῶρα,
1122 702 1139 729 ἃ
1155 703 1163 738 (
1172 703 1204 728 ἵν’
1215 703 1300 735 οὕτως
1315 704 1441 739 ὀνομάσω
1454 704 1462 740 )
1480 705 1600 740 συνθέτῳ
1623 706 1674 732 τινὶ
1698 707 1726 732 ἐκ
1742 706 1792 732 Θειῦ

1027 750 1073 774 καὶ
1089 747 1234 784 ἀνθρώπου
1254 748 1352 784 θνητοῦ
1368 750 1556 785 προσήνεγκαν
1583 750 1701 786 σύμϐολα
1712 752 1793 787 pendi;

1028 794 1130 829 βασιλεὶ
1142 795 1186 821 τὸν
1201 795 1300 830 χρυσὸν
1314 795 1379 830 (80),
1387 796 1424 827 ὼς
1435 796 1462 822 δὲ
1473 796 1661 832 τεθνηξομένῳ
1670 798 1715 832 τὴν
1729 798 1793 833 σμύρ-

1027 849 1085 872 ναν,
1099 841 1137 872 ὡς
1152 840 1180 867 δὲ
1194 840 1252 875 Θεῷ
1264 841 1309 868 τὸν
1326 841 1475 868 λιϐανωτόν
1487 851 1492 857 ·
1507 843 1697 878 προσήνεγκαν
1709 844 1742 875 δὲ,
1757 853 1793 878 μα-

1028 886 1119 918 θόντες
1130 887 1175 913 τὸν
1187 887 1269 914 τόπον
1279 887 1328 922 τῆς
1338 887 1469 921 γενέσεως
1486 888 1577 915 αὐτοῦ.
1601 888 1670 915 Ἀλλ’
1681 889 1735 915 ἐπεὶ
1746 889 1793 920 Θεῦς

189 932 319 967 queniam
344 933 414 960 Deus
434 937 493 959 erat
510 932 644 959 Servator
668 932 713 959 ille
729 932 838 967 generis
852 931 973 964 humani,

1037 931 1070 968 iv,
1098 934 1112 959 ὁ
1137 933 1207 969 ὑπὲρ
1232 934 1296 964 τοὺς
1320 933 1483 968 βοηθοῦντας
1510 934 1665 970 ἀνθρώποις
1689 935 1794 969 ἀγγέλους

189 979 293 1013 angelis
309 981 354 1013 qui
372 978 527 1005 hominibus
542 977 674 1005 auxilium
691 981 821 1012 praestant
838 977 917 1011 longe
931 985 977 1004 su-

188 1024 313 1057 blimior;
327 1025 440 1060 angelus
453 1033 604 1060 magorum,
617 1026 661 1060 qui
674 1024 768 1052 Jesum
781 1026 975 1056 adoraverant,

189 1071 282 1104 pietati
309 1071 450 1105 prtemium
475 1071 567 1098 retulit
593 1071 744 1098 admonens
764 1079 773 1096 ι
805 1078 838 1097 ne
856 1070 976 1097 redirent

188 1116 223 1143 ad
239 1116 384 1150 Herodem,
402 1116 449 1144 sed
464 1124 513 1151 per
533 1117 615 1144 aliam
631 1118 704 1144 viam
720 1121 925 1144 reverterentur
949 1116 976 1143 in

190 1161 330 1197 regionem
345 1169 422 1189 suam
437 1161 472 1188 δι.
490 1171 500 1188 ι

224 1206 271 1234 61.
292 1206 407 1234 Insidias
428 1214 493 1234 vero
510 1207 544 1234 ab
561 1206 666 1235 Herode
683 1207 746 1236 Jesu
765 1212 828 1235 nato
856 1212 976 1235 structas

189 1258 260 1283 esse,
288 1252 395 1279 tametsi
419 1251 446 1278 id
460 1259 513 1279 non
531 1253 625 1280 credat
644 1253 715 1288 apud
730 1253 840 1281 Celsum
854 1253 975 1285 Judaeus.

189 1296 302 1323 minime
320 1296 473 1324 mirandum
490 1302 543 1324 est.
558 1297 638 1325 Caeca
655 1299 727 1326 enim
744 1305 787 1325 res
803 1303 845 1326 est
859 1298 975 1332 malitia,

189 1348 215 1370 et
234 1342 318 1370 latum
334 1343 433 1378 ipsum,
447 1343 525 1378 quasi
544 1344 641 1372 fortior
654 1349 736 1377 esset,
752 1352 885 1380 superare
907 1345 974 1372 vult.

188 1388 248 1422 Quo
265 1397 298 1416 ex
314 1389 408 1416 morbo
421 1389 549 1416 laborans
561 1389 695 1423 Herodes,
707 1395 734 1418 et
747 1390 862 1418 credidit
874 1390 983 1423 Judaeis

189 1439 283 1461 natum
300 1441 360 1462 esse
376 1442 479 1470 regem,
497 1440 524 1462 et
537 1435 680 1462 consilium
698 1435 771 1469 cepit
784 1435 847 1463 huic
863 1443 976 1470 persua—

189 1480 258 1508 sioni
275 1481 346 1508 nullo
359 1481 439 1508 modo
451 1486 673 1508 consentaneum.
691 1479 825 1508 Nimirum
840 1489 893 1509 non
909 1482 977 1508 vidit

188 1533 236 1555 aut
249 1528 359 1555 omnino
383 1536 473 1564 regem
498 1536 571 1560 esse,
595 1532 622 1554 et
641 1533 840 1562 regnaturum;
859 1533 906 1555 aut
922 1536 975 1557 non

190 1577 382 1608 regnaturum,
407 1578 434 1600 et
462 1574 562 1600 frustra
589 1572 764 1600 interfectum
787 1573 831 1600 iri.
856 1573 974 1601 luterlici

191 1619 274 1653 igitur
288 1619 391 1651 voluit,
408 1624 559 1654 pugnantes
577 1619 603 1646 iu
628 1620 778 1646 sententias
803 1619 978 1654 improbitate

194 1669 288 1699 raptus
303 1666 475 1700 agitatusque
490 1673 505 1691 a
520 1672 593 1692 czcco
608 1665 785 1700 improboque
799 1665 921 1698 diabolo,
933 1667 979 1699 qui

191 1711 325 1738 Salvatori
337 1711 393 1745 jam
406 1711 440 1738 ab
453 1711 530 1738 initio
546 1711 691 1739 insidiatus
707 1717 759 1744 est,
774 1712 901 1746 opinatus
916 1720 977 1739 eum

189 1759 217 1782 et
232 1762 292 1782 esse
305 1760 332 1782 et
350 1754 409 1783 fore
427 1763 565 1790 magnum.
585 1756 674 1789 Quare
690 1757 819 1792 angelus,
838 1757 896 1790 qui,
915 1757 980 1784 licet

190 1801 215 1827 id
232 1801 327 1828 Celsus
341 1809 393 1828 non
408 1802 513 1834 credat,
530 1802 619 1829 ordini
638 1810 728 1830 rerum
745 1810 806 1830 sese
823 1810 979 1831 accommo-

188 1847 281 1879 dabat,
306 1845 454 1881 Josephum
480 1848 586 1875 monuit
608 1853 637 1875 ut
653 1856 714 1876 cum
739 1855 823 1882 puero
846 1852 873 1876 et
890 1854 978 1875 matre

187 1891 247 1926 ejus
263 1893 289 1920 iu
302 1892 449 1928 Aﬂgyptum
464 1893 580 1929 fugeret.
591 1894 714 1922 Herodes
727 1899 831 1925 autem,
844 1899 978 1929 quotquot

188 1945 264 1967 erant
277 1941 302 1967 in
315 1940 453 1968 Bethleem
463 1941 563 1976 oppido
572 1941 687 1975 ejusque
702 1941 801 1969 ﬁnibus
813 1948 908 1969 recens
920 1941 976 1968 nati

189 1985 321 2013 trucidari
335 1985 438 2019 jussit,
452 1986 531 2020 quasi
548 1993 610 2013 cum
627 1986 667 2013 eis
691 1985 889 2013 interfecturus
903 1991 976 2012 esset

188 2036 282 2059 natum
298 2031 452 2060 Iudaeorum
475 2039 584 2068 regem:
602 2032 650 2059 sed
676 2040 730 2060 non
746 2032 864 2060 advertit
881 2037 978 2066 poten-

190 2077 255 2104 tiam
269 2085 339 2109 esse,
356 2085 417 2113 qua:
425 2083 557 2112 perpetuo
575 2078 698 2112 invigilat
710 2077 800 2112 dignis
818 2077 864 2112 qui
878 2077 912 2104 ad
926 2077 976 2103 ho-

188 2124 292 2151 minum
307 2123 422 2150 salutem
437 2128 580 2151 serventur
591 2143 599 2157 ,
618 2128 645 2150 et
666 2124 738 2150 inter
755 2131 802 2150 eos
824 2123 974 2158 principem

188 2173 217 2195 et
243 2167 374 2203 dignitate
398 2172 426 2194 et
447 2168 605 2202 praestantia
633 2168 722 2195 locum
746 2173 839 2196 tenere
863 2168 973 2201 Iesum;

190 2213 236 2248 qui
252 2213 360 2248 quidem
376 2221 423 2240 rex
436 2218 496 2240 erat
516 2214 636 2246 futurus,
653 2221 705 2240 non
721 2219 813 2240 tamen
834 2218 864 2240 ut
879 2214 975 2241 existi-

1027 979 1186 1014 ἐνυπάρχων
1204 978 1272 1014 (81)
1287 979 1382 1014 Σωτὴρ
1399 979 1445 1005 τοῦ
1463 980 1559 1013 γένους
1575 980 1631 1006 τῶν
1657 980 1792 1017 ἀνθρώπων,

1027 1024 1141 1059 ἄγγελος
1165 1024 1301 1060 ἠμείψατο
1325 1025 1373 1060 τὴν
1387 1024 1440 1051 τῶν
1456 1026 1551 1060 μάγων
1567 1027 1617 1052 ἐπὶ
1635 1028 1794 1062 προσκυνῆσαι

1026 1071 1071 1097 τὸν
1096 1070 1199 1106 Ἰησοῦν
1226 1070 1370 1097 εὐσέϐειαν
1386 1091 1393 1102 ,
1422 1071 1596 1106 χρηματίσας
1622 1073 1728 1105 αὐτοῖς,
1744 1083 1751 1098 ‹
1769 1073 1794 1108 μὴ

1026 1115 1102 1150 ἥκειν
1116 1115 1184 1150 πρὸς
1197 1114 1242 1142 τὸν
1259 1114 1389 1150 Ἡρώδην,
1401 1114 1456 1142 ἀλλ’
1471 1116 1629 1144 ἐπανελθεῖν
1641 1117 1707 1153 ἄλλῃ
1717 1117 1795 1152 όδῷεὶς

1026 1161 1060 1188 τὰ
1075 1162 1173 1188 οἰκεῖα.
1191 1171 1200 1186 ι

1063 1205 1094 1232 El
1119 1205 1141 1231 δ’
1164 1205 1287 1241 Ἡρώδης
1310 1205 1487 1233 ἐπεϐούλευσε
1508 1206 1546 1241 τῷ
1572 1207 1741 1243 γεννηθέντι,
1759 1208 1796 1234 κᾶν

1028 1251 1065 1287 μὴ
1092 1251 1225 1288 πιστεύσῃ
1250 1252 1359 1287 ἀληθῶς
1379 1252 1457 1279 τοῦτο
1480 1253 1622 1287 γεγονέναι
1648 1255 1663 1281 ό
1683 1254 1751 1289 παρὰ
1770 1253 1795 1287 τῷ

1026 1297 1122 1332 Κέλσῳ
1138 1297 1273 1330 Ἰουδαῖος,
1289 1297 1320 1324 οὺ
1339 1297 1508 1332 θαυμαστόνἈ
1521 1299 1543 1325 Τ
1545 1298 1630 1333 υφλὸν
1646 1299 1700 1335 γάρ
1712 1299 1734 1326 τί
1744 1301 1796 1326 ἐστιν

1027 1344 1044 1379 ὴ
1058 1344 1174 1379 πονηρία
1184 1363 1191 1375 ,
1209 1344 1255 1370 καὶ
1271 1343 1432 1380 βουλομένη,
1441 1345 1478 1376 ὡς
1493 1345 1658 1381 ἰσχυροτέρα
1665 1346 1709 1372 τοῦ
1721 1345 1795 1381 χρεὼι.

1026 1390 1104 1425 νικᾷν
1123 1390 1199 1417 αὑτό.
1218 1391 1307 1426 Ὅπερ
1329 1390 1378 1417 καὶ
1400 1390 1521 1426 Ἡρώδης
1545 1390 1660 1424 παθὼν,
1677 1392 1722 1418 καὶ

1028 1444 1123 1463 στευκε
1138 1435 1250 1471 βασιλέα
1265 1435 1443 1471 γεγεννῆσθαι
1465 1436 1609 1470 Ἰουδαίων,
1635 1438 1682 1464 καὶ
1696 1437 1797 1472 ἀνομολο-

1027 1481 1163 1516 γουμένην
1186 1480 1241 1517 εἶχε
1268 1483 1300 1517 τῇ
1327 1481 1416 1508 πίστει
1437 1482 1523 1519 ταύτῃ
1545 1482 1756 1516 συγκατάθεσιν·
1772 1482 1797 1517 μὴ

1029 1529 1101 1561 ἰδὼν,
1118 1530 1160 1555 ὅτι
1177 1529 1236 1564 ἦτοι
1253 1529 1361 1560 πάντως
1378 1527 1433 1562 (82)
1453 1527 1580 1563 βασιλεύς
1597 1530 1669 1562 ἐστι,
1685 1529 1728 1556 καὶ
1741 1529 1796 1563 βατι-

1028 1575 1133 1607 λεύσει,
1151 1575 1167 1610 ἢ
1185 1575 1215 1601 οὐ
1234 1573 1402 1609 βασιλεύσει,
1420 1576 1467 1602 καὶ
1489 1575 1578 1611 μάτην
1602 1575 1796 1611 ἀναιρεθήσεται

1039 1620 1185 1656 Ἐϐουλήθη
1202 1618 1249 1647 οὖν
1260 1620 1340 1646 αὑτὸν
1356 1620 1524 1653 ἀποκτεῖναι,
1543 1621 1702 1656 μαχομένας
1715 1621 1754 1648 διὰ
1763 1620 1797 1654 τὴν

1032 1666 1129 1692 κακίαν
1151 1665 1220 1701 ἔχων
1236 1666 1355 1701 κρίσεις,
1379 1665 1431 1693 ὑπὸ
1447 1665 1494 1693 τοῦ
1514 1666 1616 1700 τυφλοῦ
1638 1667 1685 1694 καὶ
1704 1664 1798 1702 πονηροῦ

1030 1711 1152 1738 διαϐόλου
1168 1711 1335 1746 κινούμενος,
1352 1711 1381 1743 ὃς
1401 1711 1447 1737 καὶ
1466 1711 1586 1747 ἀρχῆθεν
1606 1712 1761 1738 ἐπεὸούλευε
1772 1711 1798 1744 τῷ

1031 1757 1148 1792 Σωτῆρι,
1165 1756 1328 1791 φαντασθεὶς
1340 1757 1421 1783 αὑτὸν
1437 1754 1505 1783 εἷναί
1519 1765 1579 1783 τινα
1594 1757 1684 1792 μέγαν
1700 1757 1742 1784 καὶ
1755 1756 1798 1782 ἕσι-

1031 1803 1102 1830 σθαι.
1119 1802 1251 1836 Ἀγγελος
1266 1802 1315 1838 μὲν
1332 1800 1378 1829 οὖν
1394 1803 1562 1838 ἐχρημάτισε
1583 1803 1623 1838 τῷ
1647 1803 1753 1839 Ἰωσὴφ,
1764 1802 1797 1835 τὴν

1028 1849 1187 1875 ἀκολουθίαν
1201 1847 1255 1874 τῶν
1270 1847 1441 1883 πραγμάτων
1457 1847 1548 1883 τηρῶν
1558 1868 1565 1880 ,
1584 1848 1638 1874 κᾶν
1656 1848 1694 1884 μὴ
1709 1846 1798 1881 πιστεύῃ

1028 1894 1141 1925 Κέλσος,
1159 1893 1336 1929 ἀναχωρῆσαι
1348 1893 1418 1929 μετὰ
1430 1893 1475 1920 τοῦ
1488 1893 1584 1925 παιδὸς
1596 1894 1646 1920 καὶ
1657 1894 1707 1929 τῆς
1719 1893 1798 1928 μητρὶς

1028 1939 1109 1965 αὐτοῦ
1130 1940 1170 1970 εἰς
1184 1939 1334 1972 Αἴγυπτον·
1356 1937 1404 1964 ὁδ’
1426 1937 1547 1972 Ἡρώδης
1573 1938 1665 1965 ἀνεῖλε
1685 1938 1763 1964 πάντα
1776 1937 1797 1962 τὰ

1027 1986 1056 2012 ἐν
1072 1985 1196 2021 Βηθλεὲμ
1209 1985 1255 2011 καὶ
1265 1986 1321 2015 τοῖς
1330 1984 1414 2020 ὁρίοις
1424 1983 1509 2018 αὐτῆς
1523 1984 1631 2015 παιδίας
1644 1984 1683 2015 ὡς
1697 1991 1797 2010 συναναι-

1028 2032 1119 2066 ρήσων
1144 2031 1189 2057 τὸν
1207 2029 1371 2065 γεννηθέντα
1393 2029 1526 2056 Ἰουδαίων
1557 2029 1683 2064 βασιλέα.
1706 2029 1740 2055 υὺ
1760 2028 1797 2062 γὰρ

1027 2076 1099 2112 ἑώρα
1127 2076 1175 2111 τὴν
1200 2075 1348 2110 ἀκοίμητον
1379 2073 1495 2110 φρουρὸν
1519 2074 1635 2108 δύναμιν
1661 2074 1714 2100 τῶν
1735 2073 1796 2105 ἀξίων

1028 2121 1204 2157 φρουρεῖσθαι
1227 2121 1273 2147 καὶ
1293 2119 1433 2156 τηρεῖσθαι
1456 2121 1488 2155 τῇ
1507 2121 1631 2155 σωτηρίᾳ
1646 2119 1700 2146 τῶν
1715 2117 1797 2153 ἀνθρώ-

1029 2177 1085 2194 πων
1098 2188 1105 2198 .
1122 2164 1160 2195 ὧν
1186 2167 1294 2203 πρῶτος
1311 2166 1419 2193 πάντων
1439 2167 1505 2200 τιμῇ
1529 2165 1576 2192 καὶ
1599 2165 1721 2200 ὑπεροχῇ
1742 2165 1798 2198 πάςῃ

1028 2213 1129 2249 μείζων
1156 2211 1190 2248 ἦν
1215 2214 1228 2239 ό
1254 2212 1367 2248 Ἰησοῦς,
1394 2211 1535 2246 βασιλεὺς,
1557 2211 1608 2246 οὐχ
1631 2211 1671 2243 ὡς
1698 2209 1796 2245 Ἡρώδης

190 2260 282 2288 mabat
295 2259 427 2292 llerodes,
442 2259 490 2286 sed
505 2259 734 2294 quemadmodum
751 2259 867 2286 decebat
884 2268 973 2293 regem

1037 2260 1106 2295 pato,
1118 2260 1256 2294 ἐσόμενος,
1275 2258 1330 2285 ἀλλ’
1348 2258 1386 2289 ὼς
1401 2257 1504 2292 ἔπρεπε
1520 2257 1565 2283 τὸν
1582 2256 1650 2283 Θεὸν
1664 2256 1755 2283 διδόναι
1765 2254 1798 2288 βι-

189 2313 262 2338 esse,
279 2306 321 2333 cui
336 2305 407 2333 Dens
425 2313 536 2341 regnum
552 2306 722 2340 contulerit;
741 2313 838 2340 nempe
851 2307 896 2341 qui
912 2307 975 2334 sub-

190 2353 254 2380 ditis
267 2353 336 2380 bene
349 2352 462 2386 faceret,
477 2360 530 2380 non
544 2353 697 2380 tribuendis
709 2352 805 2378 mediae
818 2357 922 2379 naturae
938 2357 974 2386 et,

189 2403 221 2425 ut
245 2398 280 2425 ita
303 2398 419 2434 loquar,
446 2397 663 2426 iuditferentibus
681 2397 833 2429 beneﬁciis,
849 2397 896 2424 sed
911 2405 975 2425 eru-

189 2445 287 2472 diendo
302 2452 349 2471 cos
369 2445 542 2479 regendaque
562 2444 665 2479 legibus
686 2450 751 2470 vere
766 2443 877 2470 divinis.
898 2444 974 2476 Quod

189 2491 280 2518 sciens
297 2490 375 2518 Jesus
388 2496 543 2525 negansque
557 2498 586 2517 se
601 2497 634 2517 eo
643 2495 725 2517 sensu
738 2496 799 2516 esse
815 2496 905 2523 regem
920 2497 976 2524 quo

188 2537 311 2572 plerique
324 2536 487 2570 intelligunt,
506 2543 537 2563 ac
556 2536 658 2563 docens
672 2538 776 2569 quanto
791 2535 826 2562 sit
840 2535 977 2562 excellen-

189 2584 241 2610 tius
259 2590 371 2617 regnum
382 2581 450 2616 ejus,
464 2582 522 2609 ait:
540 2591 548 2607 ι
570 2581 599 2608 Si
612 2588 645 2608 ex
663 2581 715 2608 hoc
730 2581 831 2607 mundo
845 2585 918 2608 esset
932 2588 975 2608 re‘

187 2636 270 2660 gnum
287 2635 386 2658 meum.
405 2627 523 2654 ministri
548 2626 600 2654 mei
622 2626 717 2661 utique
740 2627 930 2659 decertarent,
947 2632 977 2654 ut

224 2686 341 2713 “Num.
366 2692 439 2718 xxtv,
468 2685 512 2712 l7.
551 2685 573 2700 “
591 2684 686 2712 Matth.
702 2692 734 2717 tt,
758 2684 803 2712 12.

227 2733 308 2776 ,(79)
337 2733 404 2762 Tres
432 2733 575 2768 Anglicani
601 2738 629 2760 et
662 2732 855 2760 Basileensis:

302 2803 350 2836 Ὧς
373 2803 501 2835 βασιλεῖ
521 2803 575 2830 τὸν
600 2803 733 2838 χρυσόν,
761 2807 814 2829 etc.
845 2801 972 2838 Eamdem

192 2837 330 2873 mysticam
353 2846 494 2866 munerum
515 2846 528 2866 a
546 2837 633 2874 magis
654 2838 809 2867 oblaturum
835 2837 973 2872 signiﬁca-

889 2731 951 2766 βασι
961 2747 974 2752 -

1031 2304 1133 2331 σιλείαν
1146 2324 1153 2335 ,
1182 2305 1224 2329 ἐπ’
1240 2302 1384 2337 εὐεργεσίᾳ
1405 2301 1458 2328 τῶν
1481 2300 1699 2336 βασιλευομένων
1712 2320 1719 2332 ,
1733 2299 1764 2334 τῷ
1776 2298 1797 2323 o3

1032 2351 1116 2386 μέσην
1141 2350 1186 2376 καὶ
1202 2349 1345 2384 ἀδιάφορον
1363 2348 1406 2382 (ἶν’
1422 2347 1507 2379 οὕτως
1523 2346 1662 2382 ὀνομάσω)
1678 2344 1799 2382 εὐεργετή-

1031 2405 1102 2423 σοντι
1113 2397 1176 2427 τοὺς
1188 2394 1430 2430 ὑποτεταγμένους,
1443 2393 1510 2420 ἀλλὰ
1525 2394 1618 2428 νόμοις
1635 2392 1739 2427 ἀληθῶς
1747 2388 1797 2416 θεοῦ

1030 2442 1200 2470 παιδεύσοντι
1218 2441 1264 2467 καὶ
1281 2439 1409 2471 ὑπάξοντι
1426 2436 1522 2470 αὐτούς
1533 2446 1540 2453 ⁸
1563 2438 1633 2473 ὅπερ
1653 2438 1700 2465 καὶ
1716 2434 1798 2471 Ἰησοῦς

1030 2488 1224 2523 ἐπιστάμενος,
1245 2487 1291 2513 καὶ
1315 2484 1478 2521 ἀρνούμενος
1501 2484 1551 2519 μὲν
1573 2483 1604 2510 τὸ
1627 2481 1716 2515 εἶναι,
1730 2481 1761 2512 ὡς
1780 2480 1797 2505 οἱ

1030 2534 1121 2560 πολλοὶ
1135 2533 1301 2567 ἐκδέχονται,
1315 2531 1449 2566 βασιλεὺς,
1465 2529 1597 2556 διδάσκων
1612 2529 1644 2555 δὲ
1674 2528 1704 2556 τὺ
1717 2527 1798 2562 ἐξαίρε-

1029 2588 1074 2606 τον
1093 2580 1142 2615 τῆς
1168 2578 1263 2605 ἑαυτοῦ
1282 2577 1433 2612 βασιλείας,
1456 2575 1523 2611 φησι
1537 2575 1584 2602 τό·
1602 2584 1612 2601 ι
1630 2575 1663 2602 Ει
1676 2569 1709 2610 ἦν
1722 2576 1750 2600 ὲκ
1764 2571 1797 2597 τεῦ

1030 2626 1132 2661 κόσμου
1155 2624 1249 2652 τούτου
1274 2624 1291 2659 ἠ
1312 2623 1435 2658 βασιλεία
1463 2623 1479 2657 ἡ
1499 2621 1569 2657 ἐμὴ,
1592 2623 1616 2648 οἱ
1639 2618 1797 2658 ὑπηρέται-οξ

1026 2732 1128 2758 tionem
1153 2729 1233 2756 alit-rt
1247 2728 1318 2756 lrcn.
1332 2727 1350 2754 Ι.
1364 2735 1394 2754 nt
1414 2731 1504 2753 contra
1517 2726 1599 2758 Imm,
1612 2733 1639 2754 c.
1653 2725 1682 2758 9,
1694 2721 1787 2752 aliaslo

1073 2765 1117 2799 81)
1140 2763 1347 2799 'Ervndpxmn
1362 2762 1478 2799 Guictus
1488 2761 1589 2787 mavult
1605 2760 1742 2799 ὑπαρχῳν.

1073 2796 1118 2830 82)
1133 2796 1266 2830 Πάντωςή
1275 2796 1328 2824 εἰς
1341 2801 1414 2825 recte
1427 2797 1513 2824 codex
1526 2800 1643 2830 uterque
1660 2796 1794 2823 Vaticanus.

1026 2833 1100 2864 Librt
1110 2833 1195 2867 'editi,
1211 2833 1329 2860 πάντων.
