1843 3097
58 144 119 172 775

671 151 809 178 CONTRA
827 152 966 180 CELSUM
985 154 1047 182 ΗΒ.
1072 156 1090 183 Ι.

1651 166 1701 192 ’Πι

56 203 130 239 ἐμοὶ
139 203 308 239 ἠγωνίζοντο
323 205 365 237 ἂν,
378 205 420 232 ἵνα
436 206 472 241 μὴ
485 206 628 242 παραδοθῶ
641 209 697 240 τοῖς
715 209 825 234 Ἰουδαίο

941 218 968 237 )n
996 212 1116 239 traderer
1134 212 1234 241 Judieis
1256 224 1261 245 ς
1285 224 1356 245 nunc
1376 223 1465 248 autem
1482 228 1593 255 regnum
1611 230 1699 251 meum

55 251 126 277 νυνὶ
144 250 175 277 δὲ
192 251 242 277 οὐκ
259 251 333 278 ἐστιν
349 253 381 278 ὲκ
395 251 441 278 τοῦ
463 253 565 288 κόσμου
586 253 680 280 τούτου
699 255 714 289 ἡ
742 254 862 289 βασιλεία

54 296 74 331 ἡ
92 297 167 332 ἐμή.
190 306 199 322 ι
215 296 308 323 Ταῦτα
325 297 347 323 δ’
362 298 385 323 εἰ
399 298 517 332 ἑωράκει
531 299 545 324 ό
561 298 673 330 Κέλσος,
688 300 738 325 οὐκ
754 300 787 326 ἂν
805 300 862 326 ἔλε-

52 349 128 375 γεν-
152 351 161 367 ι
179 343 210 368 El
224 342 247 368 δ’
263 343 336 374 ὅπως
353 342 389 378 μὴ
406 344 438 370 σὺ
451 343 579 378 αὐξηθεὶς
593 345 650 371 ἀντ’
665 345 768 372 ἐκείνου
790 345 862 379 βασι-

53 387 167 423 λεύσῃς
181 388 246 423 (85),
256 388 282 414 τί
292 388 383 424 ἐπειδή
397 397 429 422 γε
443 389 572 424 ηὺξήθης,
584 390 614 416 ού
631 390 790 424 βασιλεύεις,
804 391 861 418 ἀλλ’

52 433 69 458 ὁ
99 433 153 459 τοῦ
173 433 241 460 Θεοῦ
264 435 328 466 παῖς
347 433 433 466 οὕτως
448 435 568 469 ἀγεννῶς
598 436 733 472 ἀγείρεις,
756 437 860 463 κυπτά-

53 477 119 509 ζων
131 479 190 514 (84)
203 479 255 505 ὑπὸ
266 479 346 513 φόϐου
356 480 403 507 καὶ
420 480 660 516 περιφθειρόμενος
673 482 729 509 ἂνω
743 482 817 508 κάτω
828 491 834 514 ;
849 492 857 508 ι

53 524 122 551 Οὐκ
138 525 199 551 ἐστι
221 525 244 551 δ’
261 525 371 559 ἀγεννὲς
389 525 419 551 τὸ
431 546 437 557 ,
464 527 522 561 μετ’
545 527 698 561 οἰκονομίας
721 529 861 562 περιιστὰ-

54 578 148 605 μενον
165 571 230 602 τοὺς
252 571 399 602 κινδύνους,
419 571 455 607 μὴ
481 572 562 606 ὁμόσε
590 572 681 604 αὐτοῖς
697 573 811 608 χωρεῖνθ
829 574 858 599 οὐ

51 616 104 643 διὰ
124 617 211 650 φόϐον
226 617 351 648 θανάτου,
363 617 419 644 ἀλλ’
431 618 500 652 ὑπὲρ
511 617 557 644 τοῦ
571 618 713 654 χρησίμως
727 619 806 645 αὐτὸν
821 618 859 654 τῷ

55 662 114 698 βίῳ
148 662 335 699 ἐπιδημοῦντα
361 663 471 698 ἑτέρους
499 663 635 698 ὠφελεῖν,
674 663 726 695 ἕως
761 666 857 700 ἐπιστῇ

50 709 68 736 ὁ
107 709 266 744 ἐπιτήδειος
298 709 391 744 καιρὸς
419 709 466 736 τοῦ
496 710 540 736 τὸν
568 710 730 746 ἀνειληφότα
755 711 860 747 ἀνθρώ-

52 763 114 781 που
136 754 194 790 (85)
209 754 289 789 φύσιν
301 754 446 790 ἀνθρώπου
465 755 579 782 θάνατον
591 756 746 788 ἀποθανεῖν,
763 757 859 791 ἔχοντά

50 809 82 826 τι
119 801 259 835 χρήσιμον
293 802 348 832 τοῖς
380 800 540 836 ἀνθρώποις.
575 802 662 837 Ὅπερ
695 803 773 838 δῆλόν
799 805 856 830 ἐστι

50 846 96 881 τῷ
113 847 246 881 νοήσαντι
266 846 310 872 τὸν
332 846 435 880 Ἰησοῦν
451 847 519 882 ὑπὲρ
531 848 681 883 ἀνθρώπων
694 848 837 876 ἀποθανεῖν
848 859 854 865 ι

51 892 127 927 περὶ
143 888 175 918 οὗ
193 891 263 918 κατὰ
276 891 388 926 δύναμιν
404 893 432 918 ὲν
448 894 504 923 τοῖς
517 892 568 927 πρὸ
582 893 683 919 τούτων
696 893 818 929 εἴπομεν.

91 937 179 964 Μετὰ
194 937 279 964 ταῦτα
294 938 316 963 δ’
331 937 390 964 ἐπεὶ
407 937 473 973 μηδὲ
489 938 534 964 τὸν
546 938 661 973 ἀριθμὸν
675 939 728 966 τῶν
741 940 854 967 ἀποστό-

49 983 114 1010 λων
142 983 326 1019 ἐπιστάμενος
351 993 360 1008 ι
379 983 444 1010 δέκα
469 993 477 1009 ι
503 982 578 1010 εἶπεν
606 994 614 1009 ι
635 984 651 1020 ἦ
669 985 764 1013 ἕνδεκά
779 995 854 1018 τινας

48 1029 286 1065 ἐξαρτησάμενον
300 1030 345 1056 τὸν
356 1030 458 1066 Ἰησοῦν
472 1030 560 1066 ἑαυτῷ
572 1031 736 1066 ὲπιρῥήτους
750 1031 855 1068 ἀνθρώ-

49 1083 140 1106 πους,
160 1073 280 1106 τελώνας
296 1075 343 1102 καὶ
360 1076 460 1107 ναύτας
477 1077 541 1108 τοὺς
555 1077 763 1112 πονηροτάτους,
786 1077 854 1112 μετὰ

46 1120 165 1146 τούτων
186 1121 250 1156 τῇδε
270 1121 382 1148 κάκεῖσε
401 1121 482 1148 αὐτὸν
495 1122 715 1158 ἀποδεδρακέναι,
734 1123 854 1158 αἰσχρῶς

47 1167 103 1193 καὶ
129 1167 270 1202 γλίσχρως
285 1167 387 1203 τροφὰς
406 1168 573 1202 συνάγοντα”
595 1177 605 1194 ι
626 1167 691 1204 φέρε
713 1169 760 1195 καὶ
790 1169 853 1204 περὶ

44 1211 164 1237 τούτων
175 1231 182 1243 ,
206 1212 277 1238 κατά
299 1212 329 1238 τὸ
344 1212 470 1245 δυνατὸν,
485 1212 665 1248 διαλάϐωμεν.
688 1213 806 1248 Φανερὺν
824 1213 852 1240 δέ

45 1258 115 1283 ἐστι
132 1259 191 1289 τοῖς
207 1258 418 1293 ἐντυγχάνουσιν
432 1258 619 1292 εὐαγγελικοῖς
630 1258 728 1292 λόγοις,
739 1258 785 1290 οὒς
797 1258 851 1285 οὐδ’

46 1304 244 1337 ἀνεγνωκέναι
258 1305 272 1330 ὁ
286 1304 390 1336 Κέλσος
406 1304 540 1339 φαίνεται,
555 1305 596 1330 ὅτι
620 1304 722 1331 δώδεκα
741 1305 853 1331 ἀποστό-

44 1351 118 1382 λους
135 1352 151 1377 ὁ
167 1351 272 1386 Ἰησοῦς
283 1351 437 1384 ἐπελέξατο,
452 1351 571 1387 τελώνην
585 1351 634 1387 μὲν
649 1351 693 1377 τὸν
702 1351 849 1378 Ματθαίον·

44 1395 99 1426 οὓς
125 1396 150 1422 δ’
169 1393 230 1421 εἶπε
247 1396 453 1431 συγκεχυμένως
470 1396 586 1429 ναύτας,
603 1396 673 1430 τάχα
687 1396 732 1422 τὸν
758 1396 850 1423 Ἰάκω-

44 1441 99 1468 ϐον
121 1440 180 1476 (86)
193 1442 239 1468 καὶ
252 1442 297 1467 τὸν
319 1441 443 1477 Ἰωάννην
457 1442 548 1477 φησὶν,
566 1442 637 1473 ἐπεὶ,
657 1441 850 1473 καταλιπόντες

43 1488 78 1513 τὸ
94 1487 194 1513 πλοῖον
214 1487 261 1513 καὶ
276 1487 320 1513 τὸν
335 1488 438 1523 πατέρα
455 1487 545 1514 αὐτῶν
560 1487 699 1514 Ζεϐεδαῖον
709 1507 717 1519 ,
735 1487 849 1522 ¹ἠκολού-

42 1533 142 1568 Θησαν
158 1533 199 1568 τῷ
219 1534 319 1568 Ἰησοῦ·
336 1534 382 1560 τὸν
406 1534 459 1569 γὰρ
476 1534 579 1569 Πέτρον
602 1534 648 1560 καὶ
667 1533 713 1559 τὸν
735 1533 848 1568 ἀδελφὸν

42 1579 138 1606 αὑτοῦ
171 1579 314 1615 Ἀνδρέαν,
340 1579 538 1615 ἀμφιϐλήστρῳ
563 1579 718 1614 χρωμένους
739 1578 782 1605 διὰ
797 1578 847 1611 τὰς

42 1625 212 1659 ἀναγκαίας
226 1625 337 1660 τροφὰς,
353 1626 402 1652 οὐκ
419 1626 447 1652 ἐν
461 1625 582 1656 ναύταις,
597 1624 653 1651 ἀλλ’
672 1624 719 1658 (ὼς
731 1624 847 1659 ἀνέγρα-

42 1670 99 1703 ψεν
117 1671 136 1706 ἡ
152 1671 271 1706 Γραφῇ)
289 1672 317 1697 ὲν
328 1671 448 1698 ἁλιεῦσιν
460 1671 634 1707 ἀριθμητέον.
652 1670 741 1696 Ἔστω
756 1669 784 1696 δὲ
799 1669 846 1696 καὶ

40 1717 56 1742 ὀ
75 1715 177 1750 Λεὸὴς
189 1715 307 1752 τελώνης
326 1716 510 1752 ἀκολουθήσας
531 1715 569 1750 τῷ
589 1715 692 1751 Ἰησοῦ”
714 1714 770 1741 ἀλλ’
787 1715 844 1742 οὔτι

41 1771 76 1796 γε
93 1761 148 1790 τοῦ
163 1762 279 1798 ἀριθμοῦ
297 1763 350 1789 τῶν
364 1762 519 1789 ἀποστόλων
534 1762 615 1788 αὐτοῦ
631 1760 675 1797 ἦν,
686 1762 758 1797 εἰμὴ
775 1763 845 1789 κατά

39 1818 110 1836 τινα
128 1808 188 1836 τῶν
211 1809 384 1845 ἀντιγράφων
401 1809 455 1844 (87)
479 1809 525 1835 τοῦ
539 1808 609 1836 κατὰ
628 1808 740 1843 Μάρκον
756 1809 844 1842 Εὐαγ-

40 1854 159 1888 γελίου.
175 1853 236 1880 Τῶν
249 1854 278 1880 δὲ
290 1854 390 1880 λοιπῶν
404 1855 433 1881 οὑ
447 1854 646 1890 μεμαθήκαμεν
657 1853 691 1880 τὰ
703 1853 772 1889 ἔργα
783 1854 843 1880 ὃθεν

39 1901 103 1935 πρὸ
126 1900 181 1935 τῆς
205 1900 350 1935 μαθητείας
369 1900 415 1927 τοῦ
444 1900 530 1935 Ἰησοῦ
547 1900 720 1935 περιεποίουν
739 1900 843 1930 ἑαυτοῖς

36 1948 96 1978 τὰς
110 1947 229 1981 τροφάς.
244 1947 316 1982 Φημὶ
328 1945 373 1974 οὖν
390 1947 436 1973 καὶ
452 1947 520 1982 πρὸς
534 1946 631 1978 ταῦτα,
642 1947 681 1972 ὅτι
694 1947 749 1977 τοῖς
764 1946 842 1972 δυνα-

78 1993 108 2009 δ¹
134 1992 217 2019 Joan.
234 2000 311 2025 xvut,
330 1992 373 2020 56.
410 1993 433 2008 ⁵³
449 1992 542 2019 Matth.
557 2000 586 2023 ι,
600 1993 608 2018 l
624 2000 631 2022 ;
649 1991 731 2018 Marc.
750 1999 791 2024 ut,
806 1993 839 2018 M

38 2036 84 2060 ιγ,
104 2028 160 2059 Ι8;
176 2027 259 2054 Marc.
274 2036 306 2059 ιι,
321 2028 364 2055 M.
404 2028 426 2043 “
438 2028 522 2055 Marc.
544 2035 583 2059 ιιι,
600 2026 641 2054 18.

79 2073 146 2109 (83)
157 2074 364 2109 Βασιλεύσῃς.
382 2073 450 2100 Tres
463 2073 613 2107 Anglicani,
630 2073 729 2106 Regius
743 2076 769 2100 et
785 2073 838 2100 Ba-

35 2107 190 2144 siiéensis,
207 2107 360 2144 βασιλεύῃς.

81 2143 146 2177 (84)
171 2143 304 2177 Ἀγείρεις
321 2142 493 2173 ’κυπτάζωη
516 2142 553 2169 Ita
581 2142 659 2170 codd.
689 2142 790 2176 Regius
810 2147 837 2170 et

36 2178 229 2209 Basileensis,
245 2183 273 2205 et
290 2179 325 2204 ita
342 2178 551 2205 liteseheliusin
570 2183 664 2210 textu;
682 2178 836 2210 Speucerus

35 2220 114 2240 vero
129 2212 254 2248 ἀγξίρεις
267 2213 440 2248 κρυπτάζων.

79 2248 144 2282 (85)
173 2246 347 2280 Ἀνθρώπου.
374 2249 410 2274 Ita
431 2247 509 2274 codd.
529 2246 594 2281 Reg.
619 2251 645 2274 et
661 2246 835 2275 Basilecnsis.

34 2283 121 2310 Libri
132 2288 236 2317 autem
252 2283 328 2314 editi,
342 2282 525 2317 ἀνθρωπίνην.

77 2316 142 2352 (86)
175 2316 254 2352 Τάχα
269 2317 322 2343 τὸν
341 2316 483 2348 Ἰάκωϐον,
499 2317 613 2352 ειεμΕο
632 2316 683 2343 loci
702 2317 787 2351 magis
802 2324 836 2343 ex

34 2357 140 2380 mente
156 2352 226 2379 Celsi
244 2359 397 2379 sermonem
416 2352 534 2378 instituit
552 2351 682 2383 Origenes
700 2359 778 2384 quam
801 2359 835 2378 ex

34 2396 105 2414 sua.
123 2387 232 2413 Etenim
251 2387 331 2420 paulo
345 2392 406 2420 post
426 2394 487 2413 cum
515 2386 576 2413 aliis
597 2386 723 2413 Ecclesia:
740 2386 835 2412 docto-

34 2423 124 2449 ribus
148 2429 244 2448 omnes
262 2422 397 2455 apostolos
420 2422 516 2448 dividit
536 2423 562 2448 in
582 2422 730 2456 piscatores
746 2426 771 2447 et
787 2429 836 2454 pu-

33 2458 181 2484 blicanos.
197 2457 277 2484 Certe
290 2456 359 2483 lilios
373 2456 495 2483 Zehedazi
509 2454 639 2483 Jacobum
650 2461 677 2483 et
690 2454 833 2488 Joannem,

32 2492 163 2525 perinde
177 2495 260 2526 atque
275 2491 383 2518 Petrum
398 2495 426 2518 et
440 2491 574 2526 Andream
593 2491 767 2526 piscatoriam
790 2498 833 2526 ar-

33 2524 98 2553 tem
123 2524 293 2558 exercuisse,
317 2531 391 2559 patet
410 2533 442 2553 ex
467 2525 562 2553 Matth.
580 2524 640 2560 cap.
659 2533 696 2558 νι,
714 2524 794 2552 Marci
812 2532 832 2557 ι,

30 2568 63 2589 et
82 2560 167 2588 Luca":
182 2568 208 2592 ν,
223 2566 250 2588 et
264 2569 296 2588 ex
315 2561 439 2594 plurimis
450 2560 562 2587 Patrum
579 2561 752 2588 testimoniis.

74 2596 135 2631 (87)
164 2595 246 2623 Κατά
275 2604 341 2623 τινα
369 2595 429 2622 τῶν
457 2595 653 2630 ἀντιγράφων.
681 2594 832 2631 inquibus

31 2629 129 2658 Marc;
147 2638 177 2657 ιιι
192 2650 199 2662 ,
222 2632 255 2657 18
266 2651 274 2664 ,
293 2639 340 2666 pro
352 2631 478 2657 Θαδδαῖον
505 2629 619 2665 legitur,
638 2629 768 2666 Λεϐϐαῖον
785 2635 832 2656 aut

31 2667 135 2702 potius
160 2663 271 2702 Λεδήν,
293 2663 574 2702 ’ᾳυοιιιοιιιιιρειιιιηίιι
596 2666 713 2702 editione
737 2663 831 2702 Ggeea

30 2698 335 2735 ‘l‘heodorcti,'qita:st.
354 2700 387 2727 l6
402 2701 427 2726 in
445 2699 591 2735 Numeros,
612 2701 741 2735 habetur,
763 2698 832 2735 Θαδτ

27 2737 111 2767 δαῖος
124 2737 140 2762 ὁ
152 2736 201 2762 καὶ
212 2733 286 2767 tia—6i,
301 2735 345 2762 ubi
362 2736 388 2762 in
402 2734 604 2761 Graeco-Latina
617 2734 744 2765 Θαδδαῖος
759 2735 773 2759 ὁ
784 2733 830 2759 καὶ

26 2771 186 2802 Λεϐϐαῖος.
204 2770 290 2798 Graeci
311 2771 477 2804 p051eriores
493 2769 606 2796 Λευαίον
621 2771 724 2796 dicunt.
744 2769 771 2804 Si
791 2769 830 2794 di-

29 2814 84 2834 cas
100 2806 200 2832 Matth.
214 2814 247 2838 x,
266 2805 298 2838 5,
311 2802 445 2839 scriptum
461 2805 542 2830 etiam
559 2813 618 2831 csee
639 2804 684 2830 καὶ
699 2802 829 2834 Λεδὸαῖος

27 2843 44 2868 ὀ
63 2840 229 2876 ἐπικληθεὶς
251 2839 389 2876 Θαδδαῖος,
417 2844 507 2876 monet
526 2839 629 2876 Miluus
652 2839 828 2876 ltaeohverba,

20 2873 365 2910 ι’·,εϐϐαἰοςόὲπικληοείς,
375 2875 469 2902 deesse
487 2875 512 2900 in
526 2874 599 2908 Vulg.
612 2875 688 2907 (lopt.
704 2873 828 2905 llicrun.,

915 262 967 282 non
993 261 1034 283 est
1059 265 1090 284 cx
1118 258 1168 285 hoc
1188 261 1288 286 mundo
1301 261 1332 287 δ’.
1353 272 1362 287 ι
1387 263 1448 291 llrec
1463 265 1486 291 si
1509 266 1603 294 Celsus
1620 268 1701 295 intel-

914 300 1035 334 lexissct,
1051 310 1104 329 non
1120 303 1252 331 dixisset:
1270 315 1278 331 ι
1297 306 1342 333 Sin
1360 308 1436 342 ideo,
1462 319 1494 337 ne
1512 317 1537 337 tu
1552 312 1613 339 loco
1627 313 1702 341 illius

913 352 1041 379 regnares
1054 354 1196 383 postquam
1212 351 1245 377 ad
1260 353 1379 379 adultam
1392 359 1499 382 inlatam
1513 358 1700 391 pervenisses;

912 398 972 423 cur,
986 398 1127 427 postquam
1143 396 1305 428 pervenisti,
1323 405 1376 425 non
1399 406 1495 434 regnas
1507 421 1514 433 ,
1529 404 1577 429 sed
1591 403 1637 431 ille
1654 405 1700 432 Dei

911 435 993 471 376
1007 437 1092 465 Filius
1107 440 1285 467 mendicando
1301 443 1407 476 vagaris
1421 451 1475 478 prae
1494 452 1564 473 metu
1581 449 1697 483 supplex

911 486 939 529 et
953 484 1070 511 miseriis
1087 487 1256 519 oppressus?
1274 496 1283 513 ι
1304 488 1339 514 At
1356 489 1483 522 ignavum
1508 500 1560 519 non
1575 499 1616 521 est
1632 503 1698 529 pru«

912 527 1008 555 denter
1021 529 1158 556 declinare
1183 532 1320 565 pericula,
1340 541 1393 560 non
1420 537 1514 564 mortis
1539 527 1698 571 metm-sed

911 573 971 600 aliis
987 574 1012 600 in
1031 574 1083 601 vita
1102 576 1230 607 prodesse
1244 578 1378 606 desiderio
1394 588 1400 609 ;
1416 581 1502 608 donec
1524 583 1566 615 ei,
1587 585 1632 618 qui
1649 593 1698 612 na-

912 624 999 645 turam
1025 620 1170 647 humanam
1188 621 1285 655 induit,
1301 630 1451 658 opportuna
1477 634 1506 654 se
1527 628 1574 655 det
1588 630 1697 656 occasio

910 665 1055 692 humanam
1083 671 1196 694 mortem
1225 671 1370 704 oppetendi
1397 679 1456 706 qua:
1479 673 1617 708 quidpiam
1645 676 1697 702 uti-

910 711 992 738 litatis
1032 712 1185 740 hominibus
1227 715 1332 742 alierat.
1374 716 1450 750 Quod
1490 719 1599 752 quidem
1639 729 1697 747 Ina-

909 757 1040 785 nifestum
1070 765 1112 786 est
1140 761 1299 797 intelligenti
1331 761 1424 790 Jesnm
1449 764 1586 792 hominum
1610 774 1695 793 causa

908 807 1023 870 :iortem
1044 805 1160 833 subiisse
1183 816 1188 832 :
1205 807 1238 834 de
1261 815 1312 842 qua
1332 815 1360 835 re
1378 816 1427 843 pro
1448 810 1551 838 viribus
1566 814 1696 846 superius

927 851 1037 870 minus.

927 851 1037 872 IXIIHUS.

941 934 986 961 62.
1003 934 1125 963 Posthmc
1138 937 1266 971 quoniam
1282 946 1313 964 ne
1326 946 1468 966 numerum
1484 940 1592 974 quidem
1603 942 1693 970 sciens

906 981 1090 1014 apostolorum
1103 982 1150 1014 ait,
1164 993 1171 1007 ι
1182 982 1275 1010 Iesum
1290 984 1382 1010 ascitis
1396 985 1487 1012 decem
1504 990 1550 1012 aut
1564 987 1690 1015 undecim

906 1025 1062 1054 hominibus
1080 1027 1209 1060 famosis,
1228 1028 1381 1062 publicanis
1397 1032 1540 1066 nautisque
1558 1033 1692 1067 nequissi-

905 1072 968 1104 mis,
985 1072 1038 1100 huc
1058 1074 1121 1101 illuc
1136 1082 1198 1101 cum
1213 1074 1267 1102 illis
1292 1075 1423 1109 fugitasse
1447 1078 1562 1111 turpiter
1578 1085 1606 1106 et
1619 1087 1691 1114 aegre

904 1117 981 1145 cibos
995 1118 1176 1153 colligentem,
1195 1129 1205 1146 ι
1222 1127 1272 1154 age
1289 1124 1317 1147 et
1332 1120 1365 1147 de
1383 1121 1425 1148 his
1442 1129 1492 1155 pro
1511 1123 1580 1151 virili
1603 1125 1691 1153 disse-

903 1172 1007 1192 ramus.
1020 1165 1072 1198 Qui
1090 1166 1236 1201 Evangelia
1249 1173 1443 1200 versaverunt,
1458 1176 1518 1203 qua:
1537 1170 1633 1198 Celsus
1650 1172 1691 1198 vi-

903 1210 980 1237 detur
1005 1219 1038 1238 ne
1063 1211 1161 1246 legisse
1177 1212 1297 1246 quidem,
1322 1213 1340 1240 ii
1357 1218 1460 1241 norunt
1476 1215 1618 1243 duodecim
1633 1217 1689 1245 ele-

903 1261 962 1283 ctos
977 1263 992 1282 a
1012 1255 1075 1283 Jesu
1089 1257 1172 1284 fuisse
1185 1257 1322 1290 apostolos
1332 1256 1355 1273 ⁸³
1367 1266 1374 1289 ;
1393 1258 1565 1292 publicanum
1579 1261 1687 1296 quidem

903 1301 987 1328 fuisse
1001 1301 1156 1329 Mattlneum
1174 1303 1300 1330 nomine:
1319 1311 1389 1337 quos
1412 1311 1478 1333 vero
1503 1311 1601 1335 nautas
1624 1315 1689 1343 pro-

902 1348 1006 1375 miscue
1022 1354 1121 1380 vocat,
1135 1349 1264 1383 intelligit
1283 1349 1397 1377 fortasse
1419 1350 1549 1379 Jacobum
1565 1358 1591 1380 et
1605 1353 1688 1382 Joan-

901 1401 974 1427 nem,
989 1394 1052 1428 quia
1068 1394 1173 1422 relictis
1188 1402 1256 1421 nave
1270 1399 1297 1421 et
1310 1399 1386 1430 patre
1398 1403 1447 1423 suo
1460 1397 1588 1426 Zebedreo
1600 1399 1688 1429 secuti

901 1444 964 1467 sunt
981 1439 1073 1467 Jesum
1086 1439 1119 1467 “.
1132 1439 1200 1467 Nam
1219 1441 1316 1468 Petrus
1331 1441 1444 1476 ejusque
1457 1443 1540 1470 frater
1551 1445 1685 1478 Andreas.

900 1485 947 1519 qui
960 1485 1063 1512 retibus
1074 1487 1257 1512 necessarium
1267 1486 1317 1513 sibi
1328 1487 1430 1514 victum
1445 1490 1614 1523 quaerebant,
1630 1499 1684 1519 non

901 1530 972 1557 inter
985 1535 1093 1562 nautas,
1108 1531 1167 1562 sed,
1187 1536 1214 1557 ut
1227 1532 1357 1566 scriptum
1379 1537 1432 1563 est,
1447 1534 1520 1561 inter
1535 1535 1685 1569 piscatores

900 1576 1060 1603 numerandi
1073 1581 1136 1603 sunt
1146 1577 1179 1604 “.
1194 1577 1233 1604 Sil
1248 1583 1274 1604 ct
1284 1578 1347 1605 Levi
1361 1579 1522 1612 publicanus
1533 1581 1578 1615 qui
1590 1580 1683 1609 Jesum

900 1626 1009 1649 secutus
1033 1623 1068 1648 sit
1090 1631 1097 1654 ;
1125 1627 1153 1649 at
1178 1631 1231 1650 non
1256 1624 1306 1650 l'uit
1324 1624 1368 1651 ille
1386 1632 1418 1652 ex
1434 1626 1616 1660 apostolorum
1633 1636 1684 1655 nu-

898 1674 985 1698 mero,
1000 1667 1050 1694 nisi
1063 1667 1139 1702 juxta
1153 1669 1274 1703 quaedam
1292 1669 1427 1704 Evangelii
1447 1671 1594 1698 secundum
1610 1672 1685 1700 Mar-

898 1719 959 1739 cum
971 1712 1136 1746 exemplaria
1146 1713 1178 1739 “.
1194 1714 1251 1746 Qua
1264 1721 1326 1741 vero
1338 1718 1397 1741 arte‘
1411 1717 1514 1747 caeteri,
1526 1717 1682 1752 priusquam

898 1759 1024 1793 discipuli
1048 1758 1111 1786 Jesu
1138 1761 1242 1791 tierent,
1261 1760 1363 1786 victum
1385 1761 1435 1788 sibi
1452 1765 1681 1798 comparaverint,

898 1804 976 1831 nobis
1002 1805 1198 1839 incompertum
1222 1809 1272 1831 est.
1289 1805 1359 1840 Ergo
1383 1806 1416 1832 ad
1440 1807 1497 1834 tunc
1518 1810 1680 1842 respondeo,

897 1850 942 1883 qui
959 1850 1106 1884 prudenter
1122 1855 1149 1876 et
1164 1850 1278 1876 candide
1299 1858 1340 1877 res
1355 1851 1388 1877 ab
1411 1852 1540 1884 apostolis
1557 1852 1620 1880 Jesu
1634 1861 1681 1888 ge-

896 1902 954 1923 stas
977 1900 1090 1930 possuut
1112 1896 1288 1929 examinare,
1308 1897 1342 1923 iis
1357 1897 1530 1932 manifestum
1553 1899 1611 1927 fieri
1629 1900 1680 1927 llos

896 1944 986 1970 divina
1005 1943 1106 1970 virtute
1126 1943 1267 1970 rohoratos
1283 1943 1365 1970 fuisse
1387 1949 1513 1978 oportere
1535 1951 1564 1972 nt
1579 1947 1678 1973 edoce~

849 2000 856 2024 ;
872 1991 935 2018 Luc.
953 1999 990 2024 vt,
1006 1991 1050 2018 15.
1088 1989 1111 2006 ⁵⁵
1126 1989 1222 2017 Matth.
1240 1998 1266 2022 x,
1279 1989 1310 2022 5;
1323 1989 1407 2017 Marc.
1426 1999 1445 2023 ι,
1461 1991 1506 2018 20.
1545 1992 1568 2008 "
1578 1992 1674 2021 Matth.

893 2076 920 2096 et
935 2071 960 2097 in
976 2070 1167 2101 Prolegomen.
1183 2067 1234 2094 586
1246 2087 1253 2100 ,
1269 2069 1406 2095 contendit
1426 2079 1436 2094 ι
1457 2070 1588 2097 insertttm
1607 2071 1675 2098 Λεϐ-

893 2107 967 2137 ϐαῖος
1007 2106 1022 2131 ό
1061 2103 1244 2140 ἐπικληθείς,
1271 2104 1347 2140 ‘haud
1389 2104 1461 2132 aliud
1498 2112 1557 2132 csse
1594 2113 1675 2140 quam

892 2141 1005 2167 studiosi
1035 2139 1174 2174 cujusdam
1203 2137 1341 2174 scholion,
1366 2139 1411 2172 qui
1439 2147 1455 2166 e
1481 2141 1591 2174 regione
1602 2137 1672 2173 ὀποῦ,

890 2176 1046 2206 Ματθαῖος,
1069 2174 1212 2200 adnotarat
1236 2173 1261 2199 in
1287 2174 1408 2208 margine
1427 2173 1583 2208 ἐπικληθεὶς
1604 2177 1673 2202 Λεϐ-

891 2211 976 2243 ϐαῖος,
989 2218 1042 2244 quo
1054 2208 1234 2242 signiﬁcatum
1247 2208 1362 2240 volebat,
1371 2208 1530 2244 Matthaeum
1543 2210 1613 2237 hunc
1625 2219 1674 2244 pn-

852 2234 874 2261 D
889 2234 1023 2273 ὦῖῶἶυῖίί
1037 2234 1111 2270 ιιίέιῖη
1131 2234 1217 2277 ipsum
1235 2234 1295 2270 esse
1311 2234 1501 2277 quiMarcoret
1512 2234 1673 2273 Lucis-xm}!

887 2288 934 2307 seu
962 2279 1093 2310 Λεϐϐαῖος
1114 2279 1222 2305 dicitur.
1243 2278 1269 2304 ln
1289 2279 1339 2305 hoc
1354 2278 1477 2306 incidens
1492 2279 1593 2312 scriba,
1610 2288 1670 2307 cum

887 2320 990 2349 partem
1010 2318 1098 2341 textus
1111 2321 1171 2340 csse
1188 2312 1322 2346 crederet,
1345 2321 1432 2347 neque
1452 2321 1516 2341 vero
1533 2315 1617 2341 sciret
1637 2316 1672 2343 ad

886 2357 967 2384 quam
986 2349 1101 2384 praecise
1113 2352 1216 2382 partem
1231 2353 1376 2384 spectaret,
1392 2356 1471 2375 voces
1485 2349 1565 2376 hasce
1580 2355 1671 2376 trans-

887 2385 988 2418 positas
1000 2383 1116 2416 coniecit
1126 2384 1151 2409 in
1168 2389 1267 2418 corpus
1281 2383 1342 2409 libri
1358 2383 1416 2410 loco
1430 2391 1481 2410 non
1493 2391 1554 2410 suo.
1574 2393 1584 2409 ›
1602 2384 1670 2411 Hine

886 2417 1015 2454 Origenes
1040 2418 1138 2445 asserit
1160 2417 1305 2454 nulltbijn
1322 2420 1445 2454 catalogo
1470 2419 1668 2454 apostolorum,

886 2451 947 2481 nisi—
955 2454 1024 2481 forte
1036 2454 1062 2479 in
1075 2453 1236 2487 quibusdam
1250 2451 1331 2479 Marci
1345 2460 1384 2482 ιιι,
1400 2451 1445 2484 18,
1456 2453 1668 2487 exemplaribus,

885 2489 996 2523 reperiri
1017 2488 1110 2515 Levim
1127 2487 1418 2523 publicanum,_Marc.
1440 2495 1477 2520 ιι,
1495 2487 1538 2517 14,
1553 2491 1580 2513 et
1593 2488 1667 2523 illnc.

885 2521 966 2555 v,27,
977 2528 1166 2554 memoratum,
1179 2529 1258 2556 quem
1274 2529 1289 2548 a
1306 2521 1431 2549 Matthan
1446 2522 1558 2556 proinde
1572 2522 1669 2548 distin-

884 2559 993 2592 guebat,
1006 2558 1068 2584 licet
1081 2557 1206 2585 eumdem
1222 2564 1334 2590 prorsus
1350 2557 1487 2584 hominem
1502 2564 1562 2592 esse
1575 2557 1669 2584 videa~

885 2591 928 2619 tur
940 2593 1042 2620 sentire
1057 2593 1082 2619 in
1097 2592 1255 2627 praefatione
1268 2592 1469 2625 explanationis
1480 2591 1506 2618 in
1520 2591 1666 2625 Epistolqu

884 2629 917 2654 ad
930 2628 1076 2655 Romanos.
1090 2626 1174 2654 Levin
1191 2634 1204 2661 ιι
1219 2626 1346 2661 Matth-alo
1359 2626 1502 2661 distinguit
1516 2627 1598 2653 etiam
1614 2626 1668 2653 lle.

884 2663 992 2690 racleon
1018 2663 1161 2689 haereticus
1183 2660 1385 2688 Valentinianus
1407 2660 1477 2695 apud
1499 2661 1666 2688 Clementem

882 2697 1092 2724 Alexandrinum
1110 2704 1136 2723 tv
1152 2696 1299 2726 Stramat.,
1318 2703 1379 2730 pag.
1406 2696 1458 2724 502
1470 2717 1477 2729 ,
1492 2702 1520 2723 et
1538 2697 1609 2723 inter
1624 2704 1667 2723 rc-

882 2733 1016 2760 eentiores
1042 2731 1116 2766 Hugo
1143 2731 1266 2766 Grotius,
1281 2731 1328 2766 cui
1347 2731 1408 2757 vide
1431 2739 1492 2765 quae
1521 2732 1666 2766 respondet

880 2767 1032 2794 Cotelerius
1069 2764 1096 2794 in
1131 2766 1203 2792 notis
1235 2765 1269 2792 ad
1308 2764 1495 2794 Constitution.
1526 2764 1663 2800 apostolis.

881 2810 939 2832 \‘lll,
961 2803 988 2835 2,
1006 2808 1033 2829 et
1060 2801 1212 2830 Dodwellus
1235 2800 1426 2828 dissertatione
1452 2801 1538 2834 prima
1559 2802 1586 2828 in
1607 2801 1666 2828 Ire-

882 2845 978 2870 nxudt,
994 2838 1007 2872 §
1023 2837 1068 2863 54.
