1843 3097
67 165 116 192 ’157

690 159 754 188 (1οΝ
761 158 830 186 TBA
846 157 984 186 CELSUM
1000 157 1064 186 LIB.
1078 157 1099 184 Ι.

1640 151 1692 180 758

66 224 170 257 αὑτοῦ,
182 223 269 260 ἡμῶν
284 223 472 259 κοιμωμένων
479 223 599 256 νυκτὸς,
616 221 752 256 ἔκλεψαν
764 219 924 252 acrba-mal.
932 218 979 246 ἔὰν
992 217 1111 253 ἀκουσθῇ
1123 216 1201 244 τοῦτο
1213 215 1258 242 ἐπὶ
1270 214 1326 252 (50)
1334 212 1380 241 τοῦ
1392 210 1621 249 ἡγεμόνος,ἠμεῖς
1633 211 1693 237 πεί-

66 281 158 308 σομεν,
174 272 221 298 καὶ
235 272 306 307 ὑμᾶς
323 271 491 307 ἀμερίμνους
506 272 665 307 ποιήσομεν.
684 279 693 295 ι

99 303 226 349 Χαλεπὸν
247 303 302 356 γὰρ
327 303 476 354 φιλονεικία
503 320 549 346 καὶ
564 303 706 354 γπράληψις
736 317 804 354 πρὸς
827 315 858 342 τὸ

955 312 991 340 ἰδὲ.
1008 311 1112 345 Quippe
1127 309 1199 336 hanc
1213 307 1269 335 vim
1283 306 1382 334 habent
1409 303 1591 334 contentionis
1617 309 1695 330 amor

64 370 177 404 ποιῆσαι
198 369 245 395 καὶ
263 369 318 399 τοῖς
337 366 477 403 ἐναργέσιν
502 366 671 401 ἀντιϐλέψαι,
696 366 740 393 ἵνα
757 366 793 402 μὴ
809 374 859 392 κα-

65 415 212 449 ταλείψωσι
230 413 354 448 δόγματα.
368 412 599 447 δευσοποιήσαντα
609 409 649 443 οἷς
663 412 787 447 συνήθεις
798 411 858 446 ὲγέ-

64 461 141 488 νοντό
168 468 236 491 πως,
263 458 310 485 καὶ
333 457 488 485 ποιώσαντα
506 457 562 493 (51)
585 456 674 485 αὐτῶν
690 457 738 492 τὴν
757 457 856 493 ψυχήν.

65 507 120 534 Καὶ
135 505 328 542 εὑχερέστερόν
341 513 372 539 γε
391 503 533 539 ἄνθρωπος
547 503 596 535 τὰς
610 504 674 539 περὶ
693 503 760 531 ἄλλα
778 512 859 540 συνη-

66 553 152 585 θείας,
162 552 214 580 κᾶν
222 550 452 581 δυσαποσπάστως
466 549 554 576 αὐτῶν
567 549 625 585 ἔχῃ,
638 549 797 584 καταλείψαι
813 549 856 582 ἂν,

66 602 81 636 ῆ
95 600 146 632 τὰς
161 608 194 626 πε
200 599 226 634 pl
240 598 273 624 τὰ
290 597 422 632 δόγματα.
435 596 508 631 Πλὴν
526 596 580 622 οὐδ’
593 590 684 622 ἐκεῖνα
702 595 821 631 εὐχερῶς
833 597 857 622 οἱ

67 646 193 681 συνήθεις
206 643 371 679 παρορῶσιν·
384 642 469 674 οὕτως
481 641 533 668 οὐδ’
547 641 643 674 οἰκίας,
655 642 714 669 οὐδὲ
729 642 829 675 πόλεις,
840 642 856 677 ἢ

66 690 173 726 κώμας,
188 689 249 716 οὐδὲ
261 688 385 724 συνήθεις
404 687 563 723 ἀνθρώπους
584 686 703 722 εὐχερῶς
721 686 858 722 βούλονται

66 735 226 763 καταλιπεῖν
236 735 260 761 οἱ
273 733 472 770 προληφθέντες
492 733 592 764 αὐτοῖς.
608 732 687 759 Τοῦτ’
706 731 752 760 οὖν
772 733 858 760 αἴτιον

65 781 212 816 γεγένηται
225 780 272 808 καὶ
296 778 428 806 Ἰουδαίων
447 778 554 810 πολλοῖς
566 778 626 804 τότε
640 777 687 805 τοῦ
703 779 859 815 ἀντιϐλέψαι

63 830 126 860 ταῖς
150 827 304 863 ὲναργείαις
330 825 384 852 τῶν
404 833 434 851 τε
454 824 626 860 προφητειῶν
646 826 692 852 καὶ
713 825 766 852 τῶν
778 834 859 861 τερα-

66 876 159 906 στίων,
173 871 211 901 ὧν
224 873 334 908 ἐποίησε
344 893 352 906 ,
374 873 422 899 καὶ
439 872 600 900 πεπονθέναι
623 873 829 908 ἀναγέγραπται
845 875 860 901 ὁ

71 919 186 956 Ἰησοῦς.
206 921 266 946 Ὀτι
285 919 313 946 δὲ
331 918 449 946 τοιοῦτόν
466 927 492 945 τι
515 918 647 946 πέπονθεν
664 921 680 955 ἠ
703 920 858 956 ἀνθρωπίνη

66 966 147 1002 φύσις
158 966 238 1001 δῆλον
261 965 337 992 ἐσται
349 967 405 997 τοῖς
419 964 653 998 κατανοοῦσιν,ὅτι
666 967 689 993 oi
703 966 775 999 ἅπαξ
791 976 859 1003 προ-

65 1013 213 1049 ληφθέντες
230 1012 276 1039 uel.
288 1013 317 1039 ὲν
331 1012 483 1047 αἰσχίσταις
495 1011 542 1038 κα)⁸
559 1012 676 1044 είκαίαις
694 1013 749 1049 (52)
769 1023 857 1050 παρα-

65 1060 153 1086 δόσεσι
172 1059 297 1094 πατέρων
311 1061 357 1087 καὶ
373 1064 499 1095 πολιτῶν,
513 1061 563 1089 οὐκ
574 1062 693 1098 εὐχερῶς
707 1061 859 1096 μετατίθεν-

64 1114 120 1132 ται.
133 1106 171 1132 Οὐ
183 1107 287 1141 ταχέως
301 1107 366 1142 γοῦν
388 1108 536 1142 Αίγύπτιον
559 1109 651 1135 πείσαι
665 1108 697 1135 ἄν
714 1116 755 1139 τις
777 1115 860 1134 κατα-

65 1152 199 1187 φρονῆσαι
212 1149 248 1179 ὧν
263 1154 294 1180 ὲκ
310 1154 435 1189 πατέρων
449 1155 625 1192 παρείληφεν,
642 1154 712 1181 ὥστε
730 1155 767 1190 μὴ
782 1153 859 1189 νομί-

65 1198 166 1225 σασθαι
180 1199 236 1234 (55)
253 1199 319 1226 Θεὸν
336 1199 439 1228 τόδετὸ
458 1202 554 1237 ἄλογον
577 1202 655 1236 ζῶον,
674 1203 691 1238 ἦ
711 1202 791 1238 μέχρι
811 1201 860 1228 θα-

63 1245 146 1271 νάτου
163 1246 401 1280 φυλάξασθαι,ὰπὸ
415 1248 492 1275 τοῦδε
505 1249 552 1275 τοῦ
568 1248 636 1281 ζώου
657 1249 744 1285 κρεῶν
760 1248 860 1283 γεύσα-

64 1292 138 1318 σθαι.
154 1293 186 1319 Εἰ
201 1294 247 1320 καὶ
261 1295 306 1321 ἐπὶ
319 1294 408 1323 πλεῖον
423 1294 469 1322 οὖν
483 1297 527 1323 τὸν
539 1297 657 1323 τοιοῦτον
672 1297 749 1331 λόγον
770 1296 861 1329 ἐξετά-

63 1336 160 1369 ζοντες
172 1358 179 1370 ν
193 1339 227 1365 τὰ
239 1341 303 1376 περὶ
318 1341 440 1377 Βηθλεὲμ
451 1343 497 1369 καὶ
510 1342 557 1377 τῆς
576 1343 638 1378 περὶ
652 1343 735 1378 αὐτῆς
756 1351 860 1378 προφη-

62 1384 140 1416 τείας
167 1385 410 1422 διεξεληλύθαμεν,
437 1388 583 1423 νομίζομεν
605 1389 761 1424 ἀναγκαίως
785 1390 863 1416 τοῦτο

63 1432 260 1467 πεποιηκέναι,
273 1434 486 1470 ἀπολογούμενοι
500 1436 567 1470 πρὸς
583 1436 646 1467 τοὺς
665 1438 801 1472 φήσαντας
819 1435 862 1468 ἂν,

63 1477 119 1509 ὅτι,
133 1479 158 1504 εἰ
171 1478 258 1511 οὕτως
272 1481 395 1516 ἐναργεῖς
412 1479 482 1517 ἦσαν
496 1482 523 1508 al
537 1482 602 1517 περὶ
616 1482 662 1508 τοῦ
681 1482 766 1518 Ἰησοῦ
789 1482 864 1518 παρὰ

69 1522 212 1555 Ἰουδαίοις
235 1528 411 1560 προφητεῖαι,
435 1527 460 1553 τί
474 1527 574 1563 δήποτε
593 1527 714 1558 ἐλθόντος
735 1527 818 1554 αὑτοῦ
833 1528 863 1554 ού

64 1569 268 1602 συγκατέθεντο
288 1573 322 1607 τῇ
343 1572 501 1608 διδασκαλίᾳ
524 1573 606 1600 αὑτοῦ
621 1593 627 1605 ,
652 1574 699 1600 καὶ
724 1573 865 1609 μετέθεντο

64 1615 114 1641 ἐπὶ
136 1615 173 1642 τὰ
197 1616 248 1642 ὑπὸ
270 1617 316 1643 τοῦ
337 1619 423 1653 Ἰησοῦ
447 1619 608 1655 δεικνύμενα
631 1621 791 1656 κρείττονα;
817 1628 866 1655 μη-

63 1661 122 1692 δεὶς
140 1661 164 1687 δ’
184 1662 263 1697 ἡμῶν
287 1663 346 1700 ,(54)
370 1666 425 1696 τοῖς
448 1665 603 1692 πιστεύουσι
625 1666 656 1692 τὸ
675 1665 863 1701 παραπλήσιον

63 1706 232 1740 ὀνειδιζὲτω,
245 1708 325 1743 ὀρῶν,
338 1710 378 1736 ὅτι
399 1711 448 1737 οὑκ
469 1712 700 1747 εὐκαταφρόνητοι
714 1711 786 1745 λόγοι
811 1711 863 1737 ὑπὸ
876 1703 897 1731 (ἶ

63 1751 122 1778 τῶν
142 1753 340 1788 μεμαθηκότων
359 1756 456 1788 αὐτοὺς
480 1757 640 1793 πρεσϐεύειν
658 1758 784 1793 φέρονται
800 1758 864 1794 περὶ

63 1799 119 1834 τῆς
132 1800 174 1831 εἰς
187 1800 231 1826 τὸν
251 1800 354 1835 Ἰησοῦν
370 1802 497 1834 πίστεως.

102 1855 137 1881 Εἰ
150 1855 179 1881 δὲ
195 1857 242 1882 καὶ
257 1856 384 1892 δευτέρας
402 1859 567 1894 προφητείας
579 1859 710 1896 ἐναργοῦς
720 1861 785 1895 ἡμῖν
796 1858 864 1887 εἶναι

64 1901 237 1936 φαινομένης
251 1902 372 1937 περὶτοῦ
396 1903 482 1938 Ἰησοῦ
497 1904 575 1939 χρεία
592 1905 675 1936 ἐστὶν,
693 1905 865 1940 ἐκθησόμεθα

63 1947 118 1982 τὴν
131 1947 335 1982 ἀναγραφεῖσαν
353 1948 406 1984 πρὸ
420 1949 554 1976 πλείστων
570 1951 640 1978 ὅσων
655 1950 724 1977 ἐτῶν
738 1952 788 1986 τῆς
814 1952 866 1986 Ἰη-

65 1992 116 2019 σοῦ
136 1993 284 2028 ἐπιδημίας
301 1994 353 2020 ὑπὸ
375 1995 527 2027 Μωῦσέως,
541 1996 674 2031 φήσαντος
694 1997 740 2024 τὸν
757 1997 864 2029 Ἰακὼϐ,

65 2037 310 2074 ἀπαλλασσόμενοι)
325 2039 371 2066 τοῦ
389 2040 457 2074 βίου,
479 2042 734 2076 πεπροφητευκέναι
759 2042 866 2078 ἑκάστῳ

64 2083 126 2110 τῶν
140 2083 219 2115 υἱῶν,
245 2084 342 2120 καὶτῷ
365 2086 449 2121 Ἰούδᾳ
472 2087 610 2122 εἰρηκέναι
626 2087 695 2122 μετὰ
714 2088 760 2114 καὶ
780 2088 866 2116 ἄλλων

65 2129 119 2155 τό·
135 2139 144 2154 ι
163 2130 220 2156 Οὐκ
243 2130 361 2164 ἐκλείψει
387 2131 477 2166 ἄρχων
503 2132 533 2164 ἐξ
552 2132 635 2159 Ἰούδα
647 2152 655 2166 ,
676 2133 721 2159 καὶ
749 2133 867 2169 ἡγούμε-

65 2183 119 2206 νος-
128 2175 161 2200 ὲκ
173 2171 227 2200 τῶν
244 2175 338 2210 μηρῶν
351 2176 442 2208 αὐτοῦ,
456 2176 508 2208 ἓως
523 2176 554 2203 ἂν
570 2177 633 2214 ἔλθῃ
652 2178 686 2204 τὰ
699 2178 867 2213 ἀποκείμενα

65 2219 146 2254 αὐτῷ
164 2219 232 2255 (55).
249 2231 258 2246 ι
279 2221 461 2256 Ἑντυγχὰνων
474 2222 502 2248 δέ
512 2231 553 2254 τις
563 2224 595 2258 τῇ
608 2223 759 2259 προφητείᾳ
769 2223 866 2260 ταύτῃ,

65 2265 143 2292 κατὰ
168 2266 218 2300 μὲν
232 2266 262 2292 τὸ
274 2266 372 2301 ἀληθὲς
391 2267 480 2302 πολλῷ
500 2268 670 2304 πρεσϐυτέρᾳ
698 2269 868 2306 τυγχανούσῃ

66 2311 233 2343 Μωῦσέως.
252 2311 290 2344 ὡς
312 2312 333 2338 δ’
356 2313 388 2340 ἂν
410 2314 555 2348 ὑπονοῆσαι
576 2323 617 2346 τις
633 2314 686 2341 τῶν
699 2315 728 2341 οὐ
752 2315 865 2347 πιστῶν,

910 366 938 390 et
950 362 1134 396 praeconcepta
1166 354 1267 390 opinio,
1293 357 1338 387 ut,
1360 352 1404 386 qui
1425 353 1459 380 iis
1481 350 1583 380 assueti
1612 349 1696 385 368

908 395 984 439 sunt,
998 405 1017 432 ii
1034 403 1116 432 rebus
1131 400 1213 429 etiam
1230 399 1383 434 perspicuis
1399 397 1569 432 refragentur
1592 395 1694 431 potius,

908 460 988 490 quam
1005 450 1146 486 opiniones
1162 451 1265 482 ponant
1293 446 1392 481 quibus
1407 452 1502 473 eorum
1529 444 1621 472 anima
1644 444 1695 471 im-

908 501 972 527 buta
988 500 1041 525 est.
1057 495 1096 523 Ac
1111 493 1193 522 multo
1207 491 1313 520 facilius
1328 492 1361 519 de
1373 491 1436 518 aliis
1451 491 1533 518 rebus
1546 493 1693 517 consuetu-

908 534 1150 577 dines‘reliquerit
1169 538 1319 574 quispiam,
1343 536 1467 571 quamvis
1490 536 1524 563 ab
1552 535 1605 562 illis
1625 534 1698 562 diffi~

908 591 961 620 cile
985 588 1130 617 admodum
1154 584 1296 616 avellatur,
1327 589 1407 617 quam
1434 588 1494 616 qua:
1511 581 1545 608 ad
1570 581 1696 615 dogmata

909 637 1059 673 pertinent.
1071 634 1127 662 Nec
1145 638 1235 660 tamen
1252 630 1312 658 illas
1328 629 1404 661 alias,
1418 628 1462 655 ubi
1481 626 1565 655 semel
1580 626 1699 654 inoleve-

910 671 974 717 rint,
986 681 1066 710 facile
1082 679 1213 708 excutiat.
1231 676 1307 705 Unde
1322 675 1368 703 vix
1392 673 1490 702 adduci
1520 675 1635 707 possunt
1648 671 1700 717 ho-

909 715 1007 760 mines,
1024 730 1114 754 utaut
1130 725 1239 756 domos,
1253 727 1300 750 aut
1314 721 1407 754 urbes,
1423 723 1470 747 aut
1487 719 1573 750 vicos,
1586 721 1633 745 aut
1651 715 1700 743 ho-

910 774 996 802 mines
1009 774 1148 804 deserant,
1162 770 1323 805 quibuscum
1335 767 1451 802 iunxere
1463 764 1697 794 consuetudinem.

910 821 968 849 Hoc
983 819 1067 854 igitur
1083 818 1110 845 in
1134 823 1217 845 causa
1233 815 1295 847 fuit,
1311 821 1361 842 cur
1374 821 1389 841 e
1407 812 1507 841 Judazis
1520 811 1603 839 etiam
1619 809 1697 838 multi

911 865 1102 894 vaticiniorum
1116 869 1148 890 ac
1161 861 1356 890 miraculorum
1381 867 1441 894 quae
1460 858 1539 886 Jesus
1555 857 1618 885 fecit
1642 855 1700 884 evi-

911 912 1010 941 dentiae
1026 910 1196 941 resisterent,
1211 915 1262 935 nee
1278 905 1493 934 circumstantiis
1513 902 1698 939 percelleren-

912 963 954 985 Illl‘
966 963 1059 985 eorum
1078 962 1137 989 qua:
1153 961 1215 981 eum
1243 958 1402 988 perpessum
1427 957 1487 978 esse
1501 949 1631 983 scriptum
1646 951 1699 975 est.

913 1002 960 1030 His
975 1005 1065 1028 autem
1082 998 1223 1027 affectibus
1248 996 1392 1026 obnoxiam
1410 1002 1470 1022 esse
1484 994 1629 1022 humanam
1651 999 1701 1020 na-

912 1052 1010 1079 turam,
1027 1044 1140 1073 evidens
1163 1044 1209 1071 flet
1228 1041 1370 1078 cogitanti,
1386 1047 1468 1075 quam
1490 1038 1603 1067 difficile
1620 1038 1653 1065 ab
1667 1037 1702 1065 iis

911 1100 971 1127 qua:
994 1091 1044 1120 sibi
1061 1098 1074 1118 a
1093 1089 1252 1125 parentibus
1280 1087 1492 1121 concivibusque
1522 1085 1619 1113 tradita
1644 1084 1702 1112 fue-

911 1142 984 1170 runt,
1001 1136 1153 1164 avellantur
1176 1135 1222 1169 qui
1253 1133 1338 1161 semel
1363 1133 1397 1160 iis
1427 1132 1537 1159 fuerunt
1561 1131 1700 1166 occupati,

911 1182 1064 1219 quamlibet
1074 1180 1261 1209 erubescenda
1280 1184 1306 1206 et
1322 1178 1402 1206 stulta
1418 1177 1482 1205 sint.
1503 1177 1596 1212 ltaque
1611 1177 1654 1204 vix
1667 1177 1703 1203 ab

912 1227 1041 1263 Egyptio
1057 1227 1162 1261 eripere
1177 1225 1275 1260 possis,
1291 1229 1320 1251 ut
1336 1228 1445 1258 spernat
1457 1230 1489 1251 ea
1504 1230 1563 1258 quae
1576 1230 1591 1250 a
1604 1229 1701 1257 paren-

914 1273 985 1300 tibus
999 1270 1115 1306 accepit,
1131 1276 1160 1298 ut
1176 1278 1210 1298 ne
1221 1271 1290 1297 hanc
1301 1269 1467 1296 animantem
1480 1268 1594 1296 rationis
1604 1275 1702 1303 exper-

914 1322 966 1344 tem
980 1325 1030 1353 pro
1047 1317 1102 1344 Deo
1129 1316 1238 1348 habeat,
1255 1319 1282 1342 et
1297 1322 1330 1341 ne
1347 1314 1415 1340 mori
1439 1313 1532 1346 malit,
1555 1320 1636 1347 quam
1652 1313 1702 1340 ltu-

912 1364 993 1398 jusce
1010 1362 1137 1397 animalis
1147 1369 1243 1390 carnes
1261 1361 1414 1396 degustare.
1426 1360 1484 1388 Etsi
1497 1367 1561 1387 vero
1575 1361 1634 1388 hth
1659 1359 1702 1386 fu-

914 1410 970 1437 sius
987 1408 1124 1443 persecuti
1151 1407 1308 1441 diutiusque
1324 1407 1350 1433 in
1374 1405 1502 1433 vaticinio
1516 1406 1549 1433 de
1562 1404 1700 1432 Bethleem

913 1454 987 1481 edito
1003 1451 1140 1480 immorati
1154 1458 1258 1483 smnus,
1282 1455 1408 1484 putamus
1422 1449 1448 1476 id
1464 1449 1564 1477 factum
1576 1456 1702 1476 necessa-

915 1499 956 1526 rio
976 1502 1004 1526 ut
1025 1498 1065 1525 eis
1080 1497 1293 1532 respondeamus
1307 1497 1353 1530 qui
1370 1495 1441 1523 forte
1454 1495 1553 1523 dicturi
1566 1500 1629 1523 sunt
1647 1504 1654 1522 :
1671 1495 1702 1523 Si

916 1551 969 1572 tam
986 1544 1059 1572 clara
1075 1543 1186 1570 fuerunt
1209 1542 1281 1576 apud
1301 1541 1410 1569 Iudaeos
1423 1541 1455 1569 de
1471 1541 1534 1569 Jesu
1564 1541 1701 1572 vaticinia.

914 1599 973 1623 cur,
990 1594 1132 1625 postquam
1142 1589 1176 1616 ad
1197 1587 1257 1615 illos
1273 1588 1356 1620 venit,
1377 1594 1429 1614 non
1449 1587 1539 1614 statim
1573 1587 1632 1622 ejus
1655 1588 1704 1615 do-

916 1637 1011 1663 ctrina:
1026 1638 1232 1667 consenserunt,
1246 1641 1295 1661 nec
1307 1635 1339 1660 ad
1354 1634 1465 1660 meliora
1479 1640 1538 1667 quae
1559 1633 1611 1661 illis
1622 1640 1703 1661 com-

915 1682 1095 1714 monstrabat,
1113 1680 1238 1708 conversi
1253 1679 1331 1707 sunt?
1353 1678 1436 1706 Nobis
1454 1686 1518 1706 vero
1530 1679 1704 1706 credentibus

916 1735 995 1756 nemo
1008 1727 1062 1754 tale
1078 1726 1226 1762 quidquam
1243 1724 1401 1759 exprobret,
1423 1731 1485 1750 cum
1507 1724 1597 1751 videat
1623 1724 1703 1751 fidem

916 1772 1048 1800 inlesum
1071 1771 1165 1799 solidis
1180 1770 1266 1799 astrui
1285 1770 1438 1797 rationibus
1452 1770 1487 1797 ab
1511 1770 1544 1797 iis
1571 1770 1618 1804 qui
1644 1770 1705 1798 illas

915 1818 1049 1852 explicare
1065 1817 1224 1845 didicerunt.

951 1863 994 1889 55.
1015 1862 1062 1888 Sin
1076 1863 1158 1889 etiam
1174 1868 1242 1895 opus
1255 1865 1297 1888 est
1313 1860 1399 1888 altero
1415 1860 1554 1892 vaticinio,
1566 1860 1639 1895 quod
1654 1867 1715 1887 non

917 1908 958 1935 bis
969 1908 1002 1934 ad
1015 1907 1106 1934 Jesum
1125 1906 1265 1933 manifeste
1290 1905 1427 1940 pertinere
1459 1905 1592 1937 videatur,
1621 1912 1705 1939 expo-

918 1961 1012 1980 nemus
1029 1952 1093 1980 illud
1108 1953 1179 1986 quod
1196 1951 1288 1978 multis
1300 1951 1378 1978 annis
1389 1955 1534 1985 antequam
1557 1950 1636 1978 Jesus
1655 1952 1704 1978 ad-

917 1999 1032 2031 veniret,
1049 1998 1179 2033 scriptum
1208 2002 1276 2024 csta
1292 1996 1393 2031 Moyse,
1418 1997 1462 2030 qui
1490 2001 1583 2023 narrat
1606 1995 1703 2025 Jacob.

917 2050 978 2069 cum
990 2042 1051 2069 vita:
1064 2042 1125 2069 linis
1142 2041 1306 2072 immineret,
1326 2040 1440 2075 singulis
1451 2040 1513 2067 filiis
1528 2041 1702 2069 vaticinatum

917 2095 987 2119 esse,
1012 2092 1038 2114 et
1049 2087 1119 2114 inter
1134 2087 1184 2113 alia
1212 2086 1290 2114 .ludte
1304 2087 1405 2113 dixisse
1430 2087 1509 2114 haec:
1529 2097 1537 2113 t
1559 2087 1616 2114 Non
1639 2087 1702 2115 deti~

918 2134 970 2160 ciet
984 2134 1109 2168 princeps
1121 2141 1155 2161 ex
1168 2133 1235 2160 Juda
1248 2137 1276 2160 et
1304 2132 1360 2159 dux
1374 2140 1389 2159 e
1404 2132 1551 2161 femoribus
1570 2134 1638 2169 ejus,
1655 2134 1704 2161 do—

919 2189 968 2207 nec
983 2180 1107 2206 venerint
1123 2187 1183 2214 qua).
1208 2179 1325 2213 reposita
1345 2179 1487 2207 sunt'ei".
1504 2189 1513 2205 ι
1529 2179 1586 2207 Hoc
1607 2179 1704 2207 vatici-

919 2225 1113 2260 uium_legenti,
1126 2227 1197 2260 quod
1208 2227 1270 2254 licet
1284 2234 1377 2254 revera
1393 2227 1430 2254 sit
1446 2225 1583 2260 antiquius
1602 2225 1704 2261 Moyse,

919 2278 933 2297 ιι
952 2270 1043 2305 Moyse
1058 2271 1148 2297 tamen
1168 2272 1271 2298 editum
1293 2271 1443 2299 infidelium
1457 2271 1557 2306 aliquis
1573 2270 1642 2298 forte
1657 2278 1704 2298 su-

919 2317 1082 2351 spicabitur,
1101 2319 1151 2345 hoc
1171 2318 1286 2351 primum
1299 2317 1473 2345 admirationi
1493 2319 1555 2351 erit,
1569 2318 1707 2353 quomodo

65 2357 123 2383 ὑπὸ
137 2357 277 2389 Μωῦσὲως
291 2358 425 2394 λεχθείσῃ,
450 2359 589 2394 θαυμάσαι
607 2360 650 2391 ἂν,
667 2360 726 2392 πῶς
746 2361 863 2395 Μωῦσῆς

955 2370 1035 2399 tyses,
1050 2372 1111 2391 cum
1131 2365 1284 2392 Judzcorum
1297 2365 1351 2392 sint
1367 2365 1507 2392 duodecim
1525 2365 1619 2396 tribus,
1633 2371 1704 2399 pra:-

65 2403 215 2438 δεδύνηται
224 2405 373 2439 προειπεῖν,
382 2405 421 2431 ὅτι
431 2406 455 2431 οἱ
463 2405 516 2432 τῶν
531 2406 663 2432 Ἰουδαίων
671 2406 867 2441 βασιλεύοντες,

65 2449 177 2475 δώδεκα
192 2449 279 2475 οὐσῶν
295 2450 384 2484 φυλῶν
395 2451 423 2478 ἐν
434 2452 534 2484 αὐτοῖς,
551 2453 604 2479 ἀπὸ
620 2453 668 2488 τῆς
686 2453 768 2480 Ἰούδα
784 2453 869 2488 φυλῆς

109 2508 132 2523 ²¹
150 2507 220 2534 Gen.
243 2516 317 2540 xux,
337 2509 381 2536 l0.

109 2567 170 2602 (50)
193 2568 265 2594 Ἐπί.
280 2568 393 2595 Guietus
415 2570 516 2595 mavult
532 2570 584 2596 ὑπό
596 2578 602 2584 ·
619 2570 666 2596 sed
682 2570 739 2603 ἐπί,
757 2571 863 2603 reclitts,

69 2607 102 2629 ut
126 2604 267 2629 adnotavit
283 2603 382 2630 Millins
399 2604 430 2630 ad
446 2605 539 2631 Matth.
555 2613 650 2634 xxviii,
667 2605 709 2632 l3.

109 2637 169 2674 (51)
191 2638 377 2670 Ilmscltelius,
393 2639 557 2674 ποιήσαντα,
581 2639 748 2673 Spencerus,
771 2641 863 2667 δευσο-

70 2673 484 2713 ποιήσανταχεοιίυιιιιιεςλιιβὲ..
501 2674 664 2713 ποιῲσαντα,
681 2680 763 2702 recte.
774 2676 864 2710 Neque

69 2708 147 2734 cuiu.
164 2708 378 2745 verisimileest
392 2708 536 2743 Origenem
553 2710 588 2736 ita
604 2711 645 2738 bis
666 2712 793 2737 continue
817 2708 863 2745 p0-

73 2744 167 2768 suisse
187 2743 427 2778 δευσοποιήσαντα.

111 2777 170 2809 (52)
179 2778 379 2814 Eigzalathic
388 2783 501 2814 uterque
509 2780 668 2811 Vaticanus,
680 2781 732 2807 duo
745 2779 864 2813 Auglic..

72 2814 171 2849 sicque
180 2812 404 2849 habentlibb.ed.
414 2814 438 2840 iu
450 2812 547 2848 marg”-
558 2815 603 2841 sed
614 2816 638 2841 in
650 2820 732 2849 textu,
741 2812 864 2847 οἰκείαις.

113 2847 170 2879 (53)
186 2847 266 2875 Libb.
281 2848 344 2875 editi
358 2849 390 2875 ad
408 2850 566 2885 marginem,
588 2851 705 2885 νομίσαι.

921 2409 1011 2437 dicere
1028 2411 1145 2444 potuerit
1161 2420 1223 2444 eos,
1241 2414 1286 2448 qui
1311 2413 1439 2448 populum
1463 2412 1657 2447 gubernarent.
1670 2417 1705 2437 ex

924 2456 996 2483 tribu
1009 2455 1077 2483 Juda
1094 2457 1248 2485 exorituros
1264 2465 1334 2490 esse,
1352 2458 1422 2485 unde
1436 2456 1590 2483 Iud-"eorum
1608 2461 1705 2482 nomen

956 2571 1011 2607 (5t)
1029 2570 1191 2607 §pencerus,
1210 2571 1303 2606 μηδεὶς
1318 2571 1339 2597 δ’
1357 2569 1443 2607 ἡμῶν.
1461 2569 1634 2607 [λοεοιὴμῖν.

955 2601 1011 2639 (55)
1029 2601 1070 2633 Τᾶ
1091 2601 1272 2640 ἀποκείιὶείια
1294 2601 1387 2638 αὐτῷ.
1419 2601 1512 2633 (Ζοιίθιὶ
1539 2601 1662 2640 Regius,

919 2636 1072 2668 ἀπόκειται.
1089 2636 1267 2673 Basileensis,
1282 2641 1296 2666 ὃ
1319 2636 1471 2667 ἀπόκειται.
1495 2636 1592 2666 Lectid
1600 2636 1623 2672 ᾧ
1640 2639 1708 2666 ἁπό-

918 2684 1007 2703 κειται
1024 2681 1065 2702 est
1077 2675 1178 2709 Aquilae
1187 2680 1214 2702 et
1229 2675 1399 2710 Symmachi;
1416 2675 1463 2702 sed
1476 2683 1535 2701 eum
1548 2674 1581 2710 in
1594 2674 1709 2710 quibus-

918 2713 977 2738 dam
993 2710 1045 2738 τῶν
1063 2712 1090 2736 0'
1107 2708 1271 2737 editionibus
1285 2711 1459 2743 reperiretur.
1474 2711 1536 2736 hinc
1545 2708 1595 2735 SS.
1611 2708 1710 2735 Patres

919 2747 997 2773 modo
1015 2746 1048 2772 τὰ
1066 2744 1232 2779 ἀποκείμενα
1247 2742 1330 2779 αὐτῷ.
1352 2742 1460 2778 madet}:
1471 2745 1613 2771 ἀπόκειται
1630 2751 1709 2771 usur-

919 2787 994 2815 pant.
1013 2778 1267 2815 (Ioutenditlautent
1282 2778 1403 2815 Justinus
1430 2785 1534 2814 martyr
1549 2780 1576 2806 in
1594 2779 1708 2815 Diu/ouo

921 2810 978 2842 cum
1005 2812 1141 2850 Trypltoue
1161 2814 1223 2840 illttd
1238 2810 1260 2847 ᾧ
1282 2813 1422 2850 ἀπόκειται
1443 2810 1615 2850 vera'tn‘esse
1637 2810 1708 2840 LXX

923 2848 1080 2883 lectionem,
1094 2857 1145 2877 non
1160 2853 1248 2877 autem
1260 2849 1292 2875 τὰ
1305 2848 1472 2882 ἀποκείμενα
1488 2848 1569 2883 αὐτῷ.
