1843 3097
149 126 200 156 739

875 125 1036 153 ORIGENIS

1722 123 1771 150 ’160

145 192 236 213 natum
259 191 299 212 est
313 195 319 212 :
335 185 368 212 ab
381 193 432 211 Ilua
448 185 519 211 tribu
538 193 620 217 pertus
637 193 716 217 quam
733 192 842 218 regnum
856 191 919 211 erat.

1014 182 1168 217 ννηθέντες,
1193 182 1302 218 ἄρξουσι
1319 181 1366 208 τοῦ
1380 180 1459 207 λαοῦ·
1476 180 1514 207 διὸ
1527 181 1573 207 καὶ
1593 182 1608 207 ὀ
1628 182 1684 212 πᾶς
1709 181 1772 214 λαὸς

145 231 316 259 denominata
325 235 404 265 gente
411 230 494 265 369
503 231 637 257 universa.
654 230 709 257 lloc
722 231 802 257 etiam
812 231 913 257 admira
921 245 929 250 -

145 275 217 303 bitur
246 275 377 302 candidus
392 275 463 301 illius
477 275 661 308 praedictionis
674 275 768 308 lector,
783 275 929 310 quomodo,

143 316 284 355 postquam
299 320 432 347 dixerate
448 320 519 347 tribu
543 319 611 347 Juda
638 320 769 348 oriundos
799 321 857 348 fore
882 321 927 355 qui

142 367 232 401 populi
248 366 385 400 principes
398 370 488 392 essent
505 372 535 392 ac
550 365 648 397 duces,
666 365 837 393 constituerit
857 366 928 394 illius

142 413 284 446 potestatis
309 411 388 439 finem
417 412 458 438 his
487 411 598 438 verbis:
616 420 624 436 ι
647 411 705 439 Non
731 411 838 440 deficiet
855 413 929 446 prin-

139 466 204 493 ceps
220 466 252 485 ex
272 457 339 486 Juda
353 462 379 484 et
394 458 446 484 dux
464 465 478 483 e
500 457 647 484 femoribus
672 457 741 492 ejus,
773 458 859 487 donec
883 466 928 485 ve-

140 505 231 531 nerint
257 512 316 538 qua;
338 503 453 538 reposita
481 508 545 530 sunt
561 504 603 535 ei;
630 508 657 530 et
681 505 736 538 ipse
762 505 927 537 exspectatio

139 550 259 583 gentium
269 549 301 575 ".
318 558 326 573 ι
345 548 422 574 Venit
437 548 509 574 enim
525 548 569 575 cui
585 548 700 582 reposita
715 553 787 580 sunt,
801 549 927 576 Christus

140 595 198 627 Dei,
212 595 421 630 promissionum
439 595 482 622 Dei
501 594 634 628 princeps.
654 594 734 622 Solus
760 595 804 621 ille
824 603 876 622 non
893 603 926 622 ex

140 642 174 668 iis
189 643 323 669 duntaxat
349 641 394 675 qui
422 645 486 667 ante
511 639 661 671 illum,sed
678 642 769 673 etiam,
796 643 927 670 audacter

140 688 240 717 dicam,
260 695 292 713 ex
316 687 349 714 iis
374 687 421 721 qui
435 691 493 720 post
518 687 654 719 vixerunt,
673 686 734 718 fuit,
756 693 785 714 ut
814 688 927 716 manife-

139 740 212 762 stum
224 739 275 766 est,
291 743 301 759 ‹
318 734 483 767 exspectatio
499 734 628 768 gentium.
645 743 654 759 ι
671 733 793 761 Fuerunt
807 735 879 762 enim
892 743 924 762 ex

138 781 266 807 omnibus
283 780 418 815 gentibus,
437 779 482 814 qui
497 782 550 815 per
562 780 635 807 illum
660 780 714 808 Deo
726 781 878 814 crederent,
900 786 926 808 et

138 830 233 859 gentes
250 826 274 852 in
289 825 348 860 ejus
363 825 471 852 nomine
495 832 570 859 spem
591 833 667 854 suam
694 826 898 854 collocaverunt
916 835 923 854 :

987 228 1107 254 Ἰουδαῖοι
1124 227 1309 262 ὀνομάζονται,
1323 227 1374 262 τῆς
1388 226 1579 262 βασιλευούσης
1596 226 1685 262 φυλῆς
1698 226 1772 259 ὅντες

981 273 1127 308 ἐπώνυμοι.
1145 272 1199 298 Καὶ
1213 271 1338 307 δεύτερον
1351 271 1373 298 δ’
1384 271 1417 298 ἂν
1430 271 1566 307 θαυμάσαι
1586 272 1638 308 τὴν
1663 281 1773 308 προφη-

980 318 1054 345 τείαν
1067 319 1081 345 ὁ
1095 317 1272 352 εὐγνωμόνως
1292 318 1360 352 αὐτῇ
1374 317 1557 352 ἐντυγχάνων,
1574 318 1636 345 τίνα
1658 319 1774 354 τρόπον,

979 364 1063 391 εἰπὼν
1074 364 1126 391 ἀπὸ
1137 364 1186 399 τῆς
1194 364 1277 390 Ἰούδα
1304 363 1389 398 φυλῆς
1400 363 1506 390 ἔσεσθαι
1517 364 1578 394 τοὺς
1587 364 1776 399 ἄρχονταςκαὶ

978 410 1112 445 ἡγεμόνας
1130 410 1176 436 τοῦ
1195 409 1269 442 λαοῦ,
1290 409 1386 444 ἔστησε
1403 410 1449 435 καὶ
1468 410 1499 436 τὸ
1518 409 1594 441 τέλος
1614 409 1666 444 τῆς
1689 410 1776 445 αὐτῆς

978 456 1074 491 ἀρχῆς,
1092 455 1195 487 εἰπών,
1224 465 1233 482 ι
1257 456 1307 481 οὐκ
1328 455 1462 489 ἐκλείψειν
1487 455 1604 490 ἄρχοντα
1616 453 1647 487 ἐξ
1676 455 1775 486 Ἰούδα,

978 503 1022 528 καὶ
1035 502 1184 537 ἡγούμενον
1195 502 1228 527 ὲκ
1240 501 1293 528 τῶν
1310 501 1404 536 μηρῶν
1425 500 1506 527 αὑτοῦ
1518 521 1526 532 ,
1541 500 1594 531 ἓως
1609 500 1643 527 ἂν
1657 500 1723 536 ἔλθῃ
1741 500 1776 526 τὰ

978 547 1144 582 ἀποκείμενα
1226 546 1314 581 αὐτῷ’
1329 547 1375 573 καὶ
1391 546 1472 578 αὖτὸς
1488 546 1635 582 προσδοκία
1651 546 1751 572 ἐθνῶν.
1763 555 1774 571 ι

977 589 1061 617 Ἶιλθε
1075 590 1128 626 γὰρ
1139 587 1161 625 ᾧ
1174 592 1230 617 ἐστι
1243 591 1276 617 τὰ
1293 591 1470 626 ἀποκείμενα,
1479 592 1493 617 ό
1506 591 1621 625 Χριστὸς
1634 591 1683 617 τοῦ
1693 591 1774 622 θεοῦ,

976 636 990 661 ὁ
1005 635 1095 671 ἄρχων
1109 635 1162 662 τῶν
1181 635 1351 670 ἐπαγγελιῶν
1370 635 1417 662 τοῦ
1436 635 1514 662 θεοῦ.
1533 636 1587 662 Καὶ
1615 635 1714 670 σαφῶς
1730 636 1775 670 γέ-

976 691 1053 716 γονεν
1067 679 1142 713 οὗτος
1158 681 1237 717 μόνος
1251 681 1326 718 παρᾶ
1339 682 1403 713 τοὺς
1415 682 1467 718 πρὸ
1478 681 1561 708 αὑτοῦ
1575 683 1694 713 πάντας,
1713 682 1775 718 θαρ-

977 728 1030 764 ρὧ
1049 728 1070 754 δ’
1086 727 1117 754 ἂν
1135 727 1239 762 εἴποιμι
1260 728 1307 754 καὶ
1329 727 1392 760 τοὺς
1411 728 1469 762 μετ’
1484 728 1581 760 αὐτὸν,
1596 737 1605 753 ι
1622 728 1774 763 προσδοκία

975 773 1075 800 ἐθνῶν·
1100 782 1108 799 ν
1125 772 1191 799 Ἀπὸ
1207 772 1262 808 γὰρ
1272 772 1380 799 πάντων
1395 773 1450 799 τῶν
1472 773 1555 799 ἐθνῶν
1569 773 1773 800 πεπιστεύκασι

975 819 1013 854 τῷ
1033 819 1091 854 Θεῷ
1106 819 1139 845 δι’
1157 818 1254 851 αὐτοῦ,
1279 820 1339 853 καὶ,
1354 819 1424 846 κατὰ
1443 819 1473 845 τὸ
1486 819 1631 854 εἰρημένον
1656 820 1711 847 ὑπὸ
1727 820 1772 846 τοῦ

138 870 210 904 quod
227 871 261 896 ab
284 870 353 897 Isaia
383 871 541 905 prasdictutn
558 871 647 898 fuerat
669 871 711 898 bis
733 871 822 900 verbis
839 880 847 899 :
863 881 872 898 ι
894 872 919 899 ln

1017 865 1102 897 σαῖου,
1128 865 1175 892 ἐπὶ
1192 865 1230 900 τῷ
1251 865 1363 900 ὀνόματι
1386 864 1465 892 αὐτοῦ
1491 864 1554 899 ἔθνη
1570 865 1709 900 ἤλπισαν,
1736 866 1774 891 εί-

138 914 247 940 nomine
263 913 322 947 ejus
337 920 431 948 gentes
450 916 596 949 sperabunt
607 915 639 942 “.
658 925 667 941 ι
690 915 748 950 Ipse
770 921 811 944 est
826 917 871 951 qui
887 917 925 944 tli-

137 960 176 986 xit
191 960 224 986 iis
238 961 283 993 qui
304 960 331 986 in
350 959 466 988 vinculis
488 965 567 987 erant
582 960 655 994 (nam
680 968 760 988 nemo
780 967 833 994 est,
858 962 922 996 quin

136 1006 192 1031 ruis
205 1007 324 1040 peccatis
335 1006 407 1033 velut
423 1007 527 1034 catenis
535 1008 747 1043 constringatur)
761 1015 768 1034 :
787 1017 796 1033 ι
810 1008 886 1035 Exite
899 1017 921 1041 »ς

136 1057 163 1078 et
188 1052 231 1083 iis,
251 1052 338 1086 quiin
360 1053 511 1087 ignorantia
532 1063 538 1080 :
557 1062 566 1079 ι
587 1053 684 1081 Venite
707 1054 739 1081 ad
768 1054 895 1082 lucem".
911 1064 921 1080 ι

137 1097 199 1124 llaec
213 1098 286 1125 enim
302 1099 482 1132 praenuntiata
500 1098 609 1126 fuerant
623 1099 675 1126 hoc
701 1101 781 1127 modo
800 1108 807 1127 :
827 1109 836 1125 ι
855 1100 921 1127 Dedi

137 1149 163 1170 te
181 1145 207 1170 in
224 1144 313 1171 foedus
329 1145 461 1179 gentium,
487 1150 517 1171 ut
529 1145 677 1172 suscitares
692 1150 794 1172 terram
819 1151 847 1173 et
863 1153 922 1180 pos-

137 1190 242 1218 sideres
259 1191 431 1218 haereditates
459 1190 620 1225 dissipatas.
640 1195 668 1218 ut
684 1191 790 1218 diceres
813 1192 854 1218 his
876 1193 922 1227 qui

137 1236 221 1262 vincti
241 1241 325 1263 sunt:
342 1236 433 1268 Exite;
448 1241 475 1263 et
495 1236 537 1263 his
556 1237 601 1271 qui
625 1237 650 1263 iu
677 1237 796 1264 tenebris
811 1247 817 1264 :
834 1238 920 1265 Reve-

136 1280 271 1307 lamiui“.
288 1290 297 1306 ι
313 1281 346 1308 Ει
358 1282 449 1308 videre
472 1287 514 1309 est
530 1282 555 1308 in
575 1283 653 1316 hujus
671 1283 785 1310 adventu
811 1288 922 1318 propter

135 1334 182 1354 eos
207 1326 253 1360 qui
270 1327 369 1361 ubique
388 1332 521 1354 terrarum
539 1328 699 1363 simpliciter
713 1329 836 1361 credunt,
863 1329 920 1356 exi-

136 1377 191 1399 tum
208 1373 335 1399 habuisse
350 1372 413 1398 illud
428 1381 434 1398 :
452 1382 462 1397 ι
479 1373 567 1407 Super
588 1380 682 1401 omnes
695 1374 753 1401 vias
766 1374 926 1408 pascentur,’

135 1423 162 1444 et
176 1418 204 1445 in
217 1418 341 1445 omnibus
357 1419 461 1445 semitis
477 1426 576 1452 pascua
597 1420 731 1447 eorum".
751 1429 760 1446 ι

169 1505 214 1531 54.
235 1505 302 1537 Quia
329 1512 394 1532 vero
416 1503 526 1537 Celsus,
548 1505 594 1539 qui
619 1510 739 1533 nostram
771 1507 920 1534 doctrinam

135 1550 185 1577 sibi
202 1551 309 1584 penitus
326 1555 496 1584 perspectam
517 1558 578 1577 esse
597 1552 757 1585 profitetur,
776 1553 922 1586 exprobrat

136 1595 282 1628 Salvatori,
295 1597 374 1630 quod,
390 1595 453 1623 dum
471 1601 621 1631 pateretur,
635 1596 684 1631 ipsi
697 1596 778 1625 Pater
788 1605 839 1626 non
853 1599 922 1626 tule-

136 1642 173 1668 rit
187 1641 328 1674 auxilium,
346 1646 393 1668 aut
405 1642 462 1675 ipse
479 1642 530 1669 sibi
546 1642 648 1669 auxilio
666 1650 725 1670 esse
748 1651 802 1671 nou
832 1650 922 1678 potue-

135 1687 194 1718 rit;
229 1686 444 1721 respondendum
469 1687 622 1720 passionem
653 1686 711 1720 ejus
742 1686 824 1714 fuisse
851 1695 920 1722 pm-

136 1732 253 1764 djctam,
274 1739 324 1758 nec
341 1733 367 1759 id
386 1733 489 1765 solum,
515 1733 562 1760 sed
592 1733 674 1760 etiam
699 1733 832 1767 passionis
858 1742 922 1761 cau-

135 1786 194 1805 sam
218 1787 225 1805 :
246 1785 343 1813 nempe
359 1780 422 1812 quia
441 1779 541 1806 iurem
564 1779 702 1807 hominum
725 1785 795 1813 erat,
818 1786 846 1807 ut
873 1788 921 1814 pro

136 1821 190 1850 illis
205 1827 319 1850 mortem
336 1824 452 1856 subiret,
467 1829 494 1851 et
516 1825 660 1852 damnatus
686 1824 796 1853 vulnera
818 1826 921 1860 perfer-

137 1871 189 1893 ret.
212 1867 374 1896 Praadictum
394 1876 500 1903 quoque
521 1873 563 1896 est
589 1868 656 1901 fore,
679 1873 707 1895 ut
730 1877 764 1897 ex
786 1869 920 1904 gentibus,

136 1913 207 1947 apud
220 1921 289 1948 quas
302 1921 353 1941 non
371 1914 478 1941 fuerant
502 1915 650 1949 prophetae,
670 1919 761 1942 essent
787 1916 831 1949 qui
847 1915 920 1942 illum

136 1965 327 1994 agnoscerent,
342 1961 471 1995 illumque
489 1963 560 1988 inter
575 1961 699 1990 homines
710 1962 797 1989 visum
811 1963 844 1990 iri
859 1969 921 1997 spe-

134 2006 178 2032 cie
192 2013 253 2039 qum
266 2005 318 2033 illis
333 2007 530 2033 contcumeuda
545 2008 693 2035 videretur.
718 2007 763 2035 Sic
775 2009 848 2035 enim
871 2009 921 2035 ha-

135 2051 200 2078 bent
237 2052 386 2085 prophetim
414 2053 495 2079 verba
524 2061 531 2080 :
565 2062 574 2078 ι
600 2053 670 2080 Ecce
694 2053 828 2088 intelliget
853 2062 920 2089 puer

135 2103 221 2127 meus,
246 2100 273 2122 et
297 2096 472 2129 exaltabitur,
487 2102 514 2124 et
531 2097 737 2132 glorificabitur,
756 2103 784 2125 et
796 2098 920 2127 sublimis

135 2141 187 2168 erit
198 2140 283 2167 valde.
302 2140 379 2168 Sicut
389 2142 536 2176 stupebant
560 2150 641 2176 super
655 2148 681 2170 te
698 2143 786 2175 multi,
810 2144 851 2171 sic
877 2144 919 2171 in-

975 911 1069 942 πόντος
1145 920 1151 926 ·
1167 921 1175 936 ι
1195 911 1255 937 Ἐπὶ¹
1265 911 1303 946 τῷ
1313 910 1425 946 ὀνόματι
1435 909 1518 936 αὑτοῦ
1527 910 1590 945 ἔθνη
1599 910 1753 938 ἐλπιοῦσιν.
1760 921 1768 937 ι

974 952 1057 987 Οὗτος
1068 955 1095 982 δὲ
1108 956 1155 982 καὶ
1170 953 1228 982 εἷπε
1244 957 1300 987 τοῖς
1315 956 1343 981 ὲν
1357 955 1482 990 δεσμοῖς,
1502 955 1570 981 καθὸ
1591 957 1701 990 σειραῖς
1718 955 1772 983 τῶν

974 1001 1068 1027 ἑαυτοῦ
1075 1001 1216 1036 ἁμαρτιῶν
1225 1001 1338 1032 ἕκαστος
1346 1001 1500 1036 σφίγγεται,
1512 1001 1551 1033 τὺ,
1563 1010 1572 1026 ι
1593 1001 1746 1034 Ἐξέλθετε,
1759 1011 1768 1026 ι

974 1046 1019 1072 καὶ
1033 1047 1088 1077 τοῖς
1102 1047 1130 1072 ὲν
1143 1047 1175 1081 τῇ
1197 1046 1308 1081 ἀγνοίᾳ,
1321 1046 1367 1076 τὸ,
1385 1055 1393 1070 ι
1414 1046 1460 1077 Εἰς
1490 1046 1547 1080 φῶς
1573 1047 1664 1081 ἣκειν.
1690 1056 1700 1072 ι
1717 1047 1770 1073 Καὶ

972 1091 1073 1119 τούτων
1087 1091 1158 1118 οὕτω
1179 1092 1421 1128 προφητευθέντων
1434 1100 1441 1107 ⁸
1464 1101 1473 1117 ‹
1489 1092 1544 1118 Καὶ
1566 1092 1657 1119 ἔδωκά
1674 1100 1705 1119 σε
1731 1093 1771 1123 είς

972 1138 1103 1173 διαθήκην
1116 1137 1216 1169 ἐθνῶν,
1231 1136 1278 1163 τοῦ
1294 1138 1462 1172 καταστῆσαι
1478 1137 1527 1172 τὴν
1547 1132 1616 1172 γῆν,
1635 1138 1686 1164 καὶ
1706 1138 1771 1172 κλη-

973 1184 1120 1220 ρονομῆσαι
1142 1183 1323 1219 κληρονομίαν
1345 1184 1449 1218 ἐρήμου
1459 1203 1467 1214 ,
1484 1183 1597 1217 λέγοντα
1609 1185 1669 1215 τοῖς
1685 1183 1716 1209 ἐν
1729 1184 1769 1210 δε-

973 1232 1060 1264 σμοῖς,
1082 1229 1217 1262 Ἐξέλθετε
1239 1230 1304 1265 (58),
1323 1230 1368 1256 καὶ
1380 1231 1436 1260 τοῖς
1448 1230 1477 1256 ὲν
1499 1230 1600 1261 σκότει,
1621 1230 1770 1256 Ἀνακαλύ-

973 1277 1068 1312 φθητε.
1090 1286 1099 1302 ›
1118 1276 1173 1302 Καὶ
1187 1275 1259 1302 ἔστιν
1277 1275 1339 1302 ίδεῖν
1350 1275 1396 1302 ἐπὶ
1405 1276 1438 1310 τῇ
1449 1274 1543 1300 τούτου
1559 1276 1716 1310 παρουσίᾳ,
1728 1275 1770 1302 διὰ

972 1322 1035 1353 τοὺς
1053 1319 1190 1356 πανταχοῦ
1212 1320 1261 1355 τῆς
1275 1319 1435 1354 οίκουμένης
1456 1318 1639 1354 ἁπλούστερον
1662 1320 1771 1346 πιστεύ-

972 1376 1060 1400 οντας,
1077 1367 1261 1402 πληρούμενον
1281 1366 1325 1392 τό·
1347 1375 1356 1391 ί
1376 1366 1430 1393 Καὶ
1449 1367 1477 1392 ὲν
1496 1366 1595 1397 πάσαις
1617 1367 1680 1397 ταῖς
1701 1366 1771 1397 ὁδοῖς

974 1413 1186 1449 βοσκηθήσονται
1198 1432 1205 1442 .
1220 1412 1266 1438 καὶ
1283 1412 1312 1438 ἐν
1329 1412 1428 1443 πάσαις
1460 1413 1520 1443 ταῖς
1536 1411 1640 1447 τρίϐοις
1658 1413 1676 1446 ἡ
1699 1411 1769 1446 νομὴ

973 1458 1071 1485 αὐτῶν.
1089 1469 1098 1484 ι

1014 1504 1090 1530 Ἐπεὶ
1104 1503 1133 1530 δὲ
1156 1504 1170 1529 ὁ
1191 1503 1421 1538 ἐπαγγελλόμενος
1442 1503 1541 1530 εἰδέναι
1561 1502 1596 1529 τὰ
1615 1502 1665 1529 τοῦ
1686 1503 1768 1537 λόγου

973 1551 1062 1578 πάντα
1076 1550 1178 1581 Κέλσος
1189 1549 1310 1582 ὀνειδίζει
1331 1549 1369 1584 τῷ
1382 1550 1486 1585 Σωτῆρι
1500 1549 1546 1575 ἐπὶ
1558 1549 1597 1584 τῷ
1615 1549 1712 1580 πάθει,
1731 1549 1769 1580 ὡς

974 1596 1011 1632 μὴ
1024 1595 1182 1631 βοηθηθέντι
1195 1596 1246 1622 ὑπὸ
1258 1595 1303 1622 τοῦ
1317 1595 1432 1631 Πατρὸς,
1446 1595 1461 1631 ἢ
1475 1595 1513 1630 μὴ
1524 1595 1665 1630 δυνηθέντι
1677 1594 1769 1629 ἑαυτῷ

973 1641 1120 1677 βοηθῆσαι,
1152 1641 1333 1677 παραθετέον,
1357 1641 1397 1668 ὃτι
1418 1641 1448 1668 τὺ
1464 1641 1549 1672 πάθος
1577 1640 1662 1667 αὑτοῦ
1685 1649 1768 1675 προε-

972 1687 1103 1723 φητεύετο
1123 1688 1190 1722 μετὰ
1210 1688 1258 1722 τῆς
1280 1687 1378 1718 αἰτίας,
1395 1687 1436 1713 ὅτι
1455 1687 1588 1722 χρήσιμον
1606 1683 1640 1721 ἦν
1661 1685 1769 1720 ἀνθρὼ-

972 1742 1033 1765 ποις
1045 1733 1075 1759 τὸ
1098 1733 1198 1760 ἐκεῖνον
1221 1733 1290 1768 ὑπὲρ
1306 1732 1393 1759 αὐτῶν
1406 1733 1561 1763 ἀποθανεῖν,
1575 1732 1623 1757 καὶ
1643 1731 1767 1766 μώλωπα

972 1779 1015 1806 τὸν
1035 1780 1080 1806 ἐπὶ
1095 1779 1133 1813 τῷ
1145 1778 1371 1805 καταδεδικάσθαι
1386 1778 1490 1805 παθεῖν.
1507 1777 1659 1812 Προείρητο
1675 1777 1705 1803 δὲ
1720 1777 1767 1802 καὶ

971 1827 1012 1852 ὃτι
1031 1826 1189 1862 συνήσουσιν
1205 1825 1285 1852 αὑτὸν
1302 1825 1326 1850 οἱ
1341 1825 1394 1851 ἀπὸ
1413 1824 1465 1851 τῶν
1480 1823 1575 1855 ὲθνῶν,
1593 1824 1660 1858 παρ’
1675 1819 1718 1854 οἷς
1735 1822 1766 1848 οὑ

972 1872 1112 1906 γεγόνασιν
1125 1873 1149 1897 οι
1163 1871 1311 1906 προφῆται,
1326 1870 1372 1896 καὶ
1388 1870 1497 1896 λέλεκτο
1519 1869 1560 1895 ὅτι
1582 1866 1653 1899 εἶδος
1666 1868 1766 1902 ἄτιμον

972 1919 1000 1944 ὲν
1020 1917 1172 1953 ἀνθρώποις
1193 1917 1352 1951 φαινόμενον
1368 1916 1436 1950 ἔχων
1458 1915 1616 1951 ὀφθήσεται.
1638 1913 1719 1941 Οὕτω
1741 1913 1766 1939 δ’

971 1965 1027 2000 ἔχει
1041 1966 1058 2000 ἡ
1075 1964 1163 1997 λέξις⁸
1183 1973 1190 1989 ι
1218 1963 1283 1990 Ἰδοὺ
1302 1964 1411 1998 συνήσει
1425 1963 1439 1988 ὁ
1459 1963 1523 1993 παῖς
1545 1969 1606 1996 μου,
1628 1960 1677 1986 καὶ
1691 1960 1765 1994 ὑψω-

971 2011 1097 2046 θήσεται,
1127 2009 1172 2036 καὶ
1195 2008 1404 2044 δοξασθήσεται,
1433 2009 1480 2034 καὶ
1513 2006 1764 2042 μετεωρίσθήσεται

972 2056 1081 2092 σρόδρα.
1101 2056 1149 2081 Ὃν
1171 2055 1268 2090 τρόπον
1287 2055 1465 2089 ἐκστήσονται
1482 2053 1528 2079 ἐπὶ
1548 2053 1577 2078 σὲ
1597 2052 1701 2084 πολλοὶ,
1716 2051 1763 2078 οῦ-

971 2110 1024 2132 τως
1037 2101 1160 2136 ἀδοξήσει
1176 2101 1229 2126 ἀπὸ
1244 2099 1393 2135 ἀνθρώπων
1406 2099 1435 2126 τὸ
1448 2098 1517 2130 εἶδός
1529 2107 1588 2131 σου,
1603 2099 1651 2125 καὶ
1666 2100 1683 2134 ἡ
1701 2099 1765 2131 δόξα

972 2155 1018 2172 σου
1032 2147 1086 2172 ἀπὸ
1096 2145 1150 2172 τῶν
1167 2145 1214 2171 ἀνο
1220 2145 1317 2180 ρώπων
1331 2145 1396 2179 (59).
1409 2143 1485 2171 Οὕτω
1498 2144 1683 2179 θαυμάσονται
1698 2144 1764 2180 ἔθνη

135 2186 220 2220 gloria
234 2186 287 2213 erit
300 2185 334 2214 ab
346 2187 498 2214 hominibus
512 2189 614 2221 species
635 2193 690 2221 tua,
705 2193 730 2216 et
746 2189 829 2223 gloria
843 2195 887 2217 tua
903 2197 918 2217 ι

1014 2192 1056 2218 Ιιλὰ
1065 2192 1108 2218 ἐπ’
1119 2191 1201 2227 αὐτῷ,
1215 2191 1260 2218 καὶ
1277 2190 1415 2222 συνέξουσι
1431 2190 1550 2225 βασιλεῖς
1563 2191 1593 2217 τὸ
1607 2190 1697 2225 στόμα
1711 2191 1763 2216 αὺ-

135 2232 199 2258 liliis
210 2232 361 2258 hominum.
377 2232 423 2259 Sic
444 2233 613 2260 mirabuntur
627 2239 720 2267 gentes
734 2235 823 2262 multa;
838 2243 919 2270 super

135 2283 179 2308 eo,
194 2281 220 2304 et
233 2284 310 2310 reges
324 2278 501 2304 conliuehunl
513 2286 544 2305 os
562 2287 639 2306 suum
652 2288 658 2311 ;
675 2281 738 2313 quia
752 2281 850 2314 quibus
863 2289 916 2307 non

135 2327 176 2349 est
192 2322 380 2350 aunuuliatum
396 2323 428 2349 tle
439 2331 482 2354 eo,
497 2323 642 2357 videbunt;
657 2329 685 2352 et
698 2326 743 2359 qui
760 2333 811 2352 non
825 2326 920 2352 audie-

136 2373 216 2398 runt.
256 2368 416 2402 intelligent.
450 2369 574 2401 Domine,
599 2370 659 2404 quis
671 2371 787 2398 credidit
816 2372 918 2399 auditui

134 2415 248 2440 nostro?
269 2414 302 2441 Et
328 2414 469 2442 brachium
501 2415 605 2442 Domini
628 2418 670 2443 cui
696 2417 842 2444 revelatum
858 2419 920 2446 est?

134 2461 362 2488 Annuntiavimus
377 2461 454 2496 quasi
478 2462 618 2496 parvulum
632 2463 656 2489 in
669 2469 815 2497 conspectu
837 2464 894 2498 ejus
909 2474 916 2497 ;

171 2540 193 2555 ⁸³
209 2539 275 2567 Gen.
293 2548 367 2574 XLIX,
380 2540 424 2567 10.
462 2540 484 2556 ¹⁶
501 2540 562 2568 lsai.
575 2549 640 2573 tht,
654 2541 681 2568 4.
720 2542 742 2557 ’δ
760 2542 810 2569 lsa.
829 2550 902 2575 xux,
919 2545 944 2571 9.

170 2623 227 2658 (56)
241 2623 326 2651 Codd.
342 2623 409 2656 Reg.
421 2627 448 2651 et
464 2623 636 2652 Basileensis.
655 2627 684 2649 ut
700 2630 792 2657 supra.

171 2659 227 2694 (5‘1)
257 2658 425 2694 licesclielius
452 2659 480 2686 in
508 2663 592 2694 textu,
613 2658 731 2690 εἰπόντι,
753 2658 824 2692 quod
848 2664 920 2687 recte

136 2692 289 2726 Speticerus
302 2693 397 2727 reiecit
410 2694 443 2720 ad
460 2692 620 2728 marginem.

172 2727 226 2762 (58)
242 2727 319 2755 Libb.
343 2727 456 2764 editirad
474 2727 634 2764 marginem,
650 2727 786 2764 ἐξέλθατε,
803 2727 873 2762 quod
891 2728 918 2756 in

137 2762 241 2789 duobus
261 2769 327 2789 mss.
343 2762 497 2796 Anglicanis
514 2762 600 2796 primo
612 2768 637 2789 et
654 2763 771 2789 sci-nudo
796 2767 823 2789 et
845 2767 918 2790 utro-

136 2804 190 2829 que
202 2797 330 2823 Vaticano
342 2797 448 2831 legitur.
470 2798 569 2823 ibidem
586 2798 664 2824 codd.
686 2797 784 2831 Regius
799 2803 826 2824 et
840 2797 916 2824 Basi-

137 2831 235 2858 leeusis
251 2835 332 2861 recte,
350 2832 564 2863 eammeam.
589 2832 665 2860 Libb.
684 2832 757 2860 editi.
782 2831 917 2859 ἀνακαλύ-

973 2238 1042 2264 τῶνσ
1058 2238 1097 2263 ὃτι
1113 2234 1153 2268 οἷς
1170 2238 1219 2263 οὐκ
1233 2236 1368 2271 ἀνηγγέλη
1389 2236 1453 2271 περὶ
1467 2235 1559 2267 αὑτοῦ,
1576 2235 1699 2270 ὃψονται,
1714 2235 1764 2262 καὶ

973 2284 997 2310 οἳ
1012 2283 1062 2309 οὐκ
1075 2283 1219 2318 ἀκηκόασι,
1238 2284 1391 2317 συνήσουσι.
1406 2281 1502 2316 Κύριε,
1516 2281 1557 2312 τίς
1569 2282 1714 2308 ἐπίστευσε
1727 2283 1762 2316 τῇ

973 2330 1040 2364 ἀκοῇ
1053 2328 1149 2364 ἡμῶν;
1162 2329 1217 2354 Καὶ
1228 2329 1243 2354 ό
1255 2328 1373 2363 βραχίων
1388 2328 1488 2363 Κυρίου
1498 2328 1551 2353 τίνι
1562 2327 1742 2361 ἀπεκαλύφθη
1754 2336 1761 2359 ;

980 2374 1190 2410 ’Λνηγγείλαμεν
1202 2374 1239 2405 ὡς
1251 2374 1355 2400 παιδίον
1368 2373 1487 2400 ἐναντίον
1499 2373 1592 2405 αὐτοῦ,
1603 2373 1642 2404 ὡς
1658 2373 1720 2408 ῥίζα
1733 2374 1761 2399 ὲν

973 2420 1007 2453 γῇ
1021 2419 1134 2455 διψώσῃ.
1148 2420 1204 2446 Οὐκ
1217 2419 1289 2445 ἔστιν
1301 2416 1370 2450 εἶδος
1383 2419 1457 2454 αὐτῷ
1470 2419 1535 2454 (60),
1549 2419 1610 2445 οὐδὲ
1621 2419 1681 2452 δόξα
1694 2428 1702 2435 ·
1715 2419 1761 2446 καὶ

972 2465 1078 2499 εἴδομεν
1089 2465 1179 2496 αὑτὸν,
1192 2465 1237 2491 καὶ
1249 2466 1298 2491 οὐκ
1311 2463 1383 2499 εἶχεν
1395 2464 1474 2497 εἶδος,
1491 2465 1550 2491 οὐδὲ
1564 2465 1663 2497 κάλλος
1672 2474 1678 2480 ·
1694 2466 1758 2492 ἀλλὰ

985 2545 1006 2559 ’θ
1019 2543 1084 2572 ibid.
1097 2543 1124 2577 8,
1141 2544 1167 2571 9.
1206 2544 1226 2559 ⁵⁷
1242 2543 1293 2571 lsa.
1310 2551 1382 2576 ηυξ,
1394 2544 1420 2571 9.

968 2625 1210 2720 :OgghVulgatus
1239 2659 1385 2688 Bibliorum
1410 2663 1516 2693 textus,
1537 2660 1592 2687 ἀπὸ
1622 2661 1690 2688 υίῶν
1714 2663 1758 2690 ἁν-

987 2703 1093 2720 οωπων.

986 2703 1168 2792 ρίίὶθῗᾍὺτῷ.
1185 2730 1268 2770 Recte
1283 2730 1367 2758 codex
1391 2729 1566 2757 Basileensis.
1584 2730 1678 2771 Minus
1693 2732 1756 2759 bene

987 2765 1002 2791 b
1025 2766 1122 2792 .editi.
1139 2766 1231 2792 αὐτου.
1257 2765 1337 2792 Paulo
1363 2770 1421 2792 post
1450 2765 1579 2792 Vulgatus
1609 2767 1754 2792 Bibhorum

966 2763 1031 2808 libb.
1047 2763 1123 2808 editi,
1139 2765 1337 2808 αὐτοςικιξιυιο
1362 2770 1422 2808 post
1450 2765 1594 2808 Vulgants‘
1609 2767 1754 2808 Bibliormn

966 2805 1055 2861 sextus
1082 2802 1179 2834 habet,
1207 2800 1330 2828 ἐκλεῖπον
1355 2800 1428 2836 παρὰ
1455 2800 1516 2831 τοὺς
1543 2801 1619 2832 υἱοὺς
1638 2801 1692 2828 τῶν
1712 2803 1752 2827 ἀνι

983 2843 1089 2866 ρωπων.
