1843 3097
82 148 118 174 itii
679 147 819 175 CONTRA
837 147 975 176 CELSUM
993 149 1057 176 LIB.
1076 149 1096 176 Ι.

1631 148 1682 176 7(Ὶὲ

79 207 102 231 τὸ
114 202 174 234 εἶδος
188 203 269 230 αὐτοῦ
283 204 378 239 ἄτιμον
395 205 441 231 καὶ
455 205 578 231 ἐκλεῖπον
594 206 668 241 παρὰ
681 206 784 237 πάντας
799 207 832 232 ἀν

923 211 970 232 cut
987 207 1063 233 radix
1080 207 1105 233 in
1125 213 1196 233 terra
1209 206 1322 234 sitienti.
1336 206 1394 233 Non
1406 210 1447 234 est
1463 196 1567 241 species
1582 206 1619 239 ei,
1634 215 1682 234 ne-

79 249 193 285 Θρώπους.
211 248 368 284 Ἀνθρωπος
385 250 414 276 ὲν
427 250 517 286 πληγῇ
532 249 579 282 ὢν,
598 246 643 277 καὶ
659 250 737 282 εἰδὼς
752 251 844 285 φέρειν

79 297 204 334 μαλακίαν·
220 297 260 323 ὅτι
268 297 463 332 ἀπέστραπται
477 298 508 324 τὸ
521 298 666 333 πρόσωπον
680 297 772 330 αὐτοῦ,
787 299 845 333 ἠτι-

78 343 163 380 μάσθη,
177 342 222 369 καὶ
233 343 283 370 οὐκ
300 343 436 379 ἐλογίσθη.
451 340 536 376 Οὗτος
551 344 601 376 τὰς
616 335 752 381 ἁμαρτίας
764 344 843 384 μῶν

76 391 149 424 φέρει,
157 389 201 415 καὶ
210 389 272 424 περὶ
285 389 362 424 ήμῶν
369 389 494 417 ὀδυνᾶται
503 398 510 405 ·
522 391 568 416 καὶ
575 391 654 425 ἡμεῖς
664 390 844 425 ἐλογισάμεθα

76 436 141 462 αὑτὸν
154 433 220 461 εἶναι
232 435 260 461 ὲν
272 435 345 469 πόνῳ
353 436 401 462 καὶ
412 437 439 462 ὲν
449 435 539 471 πληγῇ
550 435 597 462 καὶ
607 436 635 462 ἐν
645 435 780 461 κακώσει·
793 435 842 462 αὺ-

75 481 111 512 ςὸς
123 481 147 507 δὲ
158 480 356 516 ὲτραυματίσθη
367 481 410 507 διὰ
423 480 473 512 τὰς
486 481 624 517 ἁμαρτίας
636 482 724 517 ήμῶν,
739 481 784 508 καὶ
796 489 843 516 με-

76 527 220 562 μαλακισται
238 526 282 553 διὰ
298 526 347 558 τὰς
361 527 476 561 ἀνομίας
493 527 582 562 ἡμῶν.
604 527 716 554 Παιδεία
731 527 842 563 εἰρήνης

73 572 138 607 ἡμῶν
153 573 193 598 ἐπ’
213 572 304 604 αὑτὸν,
320 572 359 607 τῷ
382 571 495 607 μώλωπι
516 573 599 599 αὐτοῦ
617 574 696 608 ἡμεῖς
717 573 839 608 ίάοημεν.

73 618 160 648 Πάντες
170 617 206 649 ὡς
221 617 345 653 πρόϐατα
358 617 493 653 ἐπλανήθη
498 626 556 653 μεν.
573 619 732 654 Ἀνθρωπος
745 620 777 654 τῇ
791 619 842 654 ὁδῷ

72 662 140 688 αὑτοῦ
157 661 304 697 ἐπλανήθη,
323 662 370 688 καὶ
387 662 488 697 Κύριος
508 663 666 698 παρέδωκεν
684 664 764 690 αὐτὸν
783 666 841 696 ταῖς

72 707 198 742 ἁμαρτίαις
217 707 306 742 ήμῶν,
326 708 373 734 καὶ
389 708 469 739 αὐτὸς
485 708 529 735 διὰ
549 709 580 735 τὸ
601 709 773 737 κεκακῶσθαι
791 711 840 737 οὐκ

70 752 156 786 ἀνοίγει
173 752 201 778 τὸ
223 753 310 787 στόμα
328 753 420 780 αὑτοῦ.
439 753 500 788 [Ὠς
517 754 651 789 πρόϐατον
668 755 714 781 ἐπὶ
735 756 840 791 σφαγὴν

70 798 137 832 ἤχθη,
151 797 195 824 καὶ
204 798 242 829 ὡς
257 798 341 832 ἀμνὸς
352 799 408 833 (61)
424 799 544 826 ἐναντίον
558 799 605 826 τοῦ
618 800 753 836 κείροντος
767 801 840 835 ἄφω-

69 851 113 875 νος,
129 843 207 874 οὕτως
225 844 274 869 οὐκ
288 844 389 878 ἀνοίγει
406 844 436 870 τὸ
448 845 534 880 στόμα
548 845 662 881 αὐτοῦ]
680 846 723 873 Ἐν
743 848 775 882 τῇ
792 855 839 873 τα-

69 888 178 915 πεινώσει
195 889 277 915 αὑτοῦ
294 890 310 925 ὴ
328 890 417 926 κρίσις
432 890 514 917 αὐτοῦ
530 891 610 927 ἤρθη.
630 891 685 927 Τὴν
702 892 730 918 δὲ
743 892 838 926 γενεὰν

67 932 137 959 αὺτοῦ
148 933 186 965 τίς
197 934 373 969 διηγήσεται;
387 935 448 961 Ὅτι
458 935 563 970 αἴρεται
573 936 626 962 ἀπὸ
638 936 686 971 τῆς
694 936 745 971 γῆς
755 937 770 971 ἡ
782 937 837 971 ζωὴ

67 979 146 1010 αὐτοῦ,
159 979 212 1006 ἀπὸ
226 979 280 1006 τῶν
294 980 412 1016 ἀνομιῶν
422 981 468 1008 τοῦ
481 981 545 1008 λαοῦ
561 990 609 1017 μου
623 982 693 1017 ἤχθη
705 984 744 1014 είς
755 982 837 1009 Θάνα-

65 1032 110 1051 τον.
124 1034 134 1051 1

93 1113 233 1149 Μέμνημαι
253 1114 282 1141 δέ
297 1123 371 1147 ποτε,
387 1115 415 1141 ἐν
434 1123 487 1142 τινι
507 1115 575 1150 πρὸς
595 1115 657 1146 τοὺς
676 1114 838 1150 λεγομένους

63 1159 127 1193 παρὰ
144 1159 277 1191 Ἰουδαίοις
298 1161 393 1196 σοφοὺς
411 1159 563 1196 ἐνζητήσει,
577 1161 637 1192 ταῖς
660 1160 837 1196 προφητείαις

62 1204 161 1236 ταύταις
184 1206 369 1242 χρησάμενος·
399 1207 442 1242 ἐφ’
470 1205 510 1238 οἷς
535 1206 627 1241 ἔλεγεν
653 1207 667 1232 ό
700 1207 835 1238 Ἰουδαῖος,

61 1249 135 1275 ταῦτα
151 1251 390 1286 πεπροφητεῦσθαι
405 1251 442 1283 ὡς
461 1252 524 1286 περὶ
544 1251 602 1283 ἑνὸς
619 1251 666 1278 τοῦ
682 1251 743 1278 ὅλου
759 1251 835 1284 λαοῦ,

62 1294 100 1319 καὶ
117 1297 258 1330 γενομένου
281 1297 310 1322 ἐν
329 1298 361 1332 τῇ
381 1297 525 1332 διασπορᾷ,
548 1297 594 1323 καὶ
611 1297 767 1332 πληγέντος,
793 1298 836 1325 ἵνα

60 1339 140 1366 πολλοὶ
161 1342 325 1377 προσήλυτοι
342 1342 483 1376 γένωνται,
504 1344 536 1378 τῇ
553 1343 687 1378 προφάσει
703 1343 749 1369 τοῦ
773 1344 836 1370 ἐπε-

61 1385 166 1420 σπάρθαι
185 1387 397 1419 Ἰουδαίουςτοῖς
409 1387 515 1418 πολλοῖς
525 1387 579 1422 (62)
592 1386 689 1418 ἔθνεσι,
703 1387 750 1413 καὶ
766 1387 836 1415 οὕτω

58 1429 164 1465 διηγεῖτο
174 1431 213 1463 τὸ,
226 1441 235 1457 ί
260 1431 395 1466 Ἀδοξήσει
407 1432 461 1458 ἀπὸ
473 1431 621 1467 ἀνθρώπων
630 1431 660 1458 τὸ
672 1429 740 1464 εἶδός
754 1440 810 1458 σου·
824 1442 833 1458 ι

59 1476 98 1501 καὶ
114 1476 151 1508 τὺ,
168 1486 176 1502 ι
196 1475 244 1508 Οἷς
261 1477 311 1503 οὐκ
326 1477 462 1512 ἀνηγγέλη
480 1477 543 1511 περὶ
559 1476 652 1508 αὑτοῦ,
672 1476 781 1511 ὒψονται
792 1484 798 1489 ·
823 1485 834 1502 ι

57 1521 97 1546 καὶ
113 1521 147 1552 τὸ,
167 1531 176 1547 ι
198 1522 358 1558 Ἄνθρωπος
374 1523 402 1549 ἐν
418 1522 508 1557 πληγῇ
523 1522 568 1548 ὥν.
589 1532 598 1548 ι
613 1522 702 1549 Πολλὰ
721 1523 771 1558 μὲν
787 1520 834 1549 οὖν

55 1566 102 1591 τότ’
117 1567 144 1593 ἐν
158 1569 190 1603 τῇ
211 1567 325 1603 ζητήσει
340 1568 474 1600 λέλεκται,
490 1568 524 1595 τὰ
541 1568 694 1603 ἐλέγχοντα,
711 1569 752 1595 ὅτι
770 1568 833 1605 περί

55 1618 117 1642 τινος
132 1612 188 1644 ἑνὸς
201 1613 290 1640 ταῦτα
306 1613 530 1649 προφητευόμενα
541 1614 590 1640 οὐκ
603 1614 721 1648 εὐλόγως
736 1615 833 1641 ἐκεῖνοι

55 1655 188 1690 ἀνάγουσιν
203 1659 250 1685 ἐπὶ
262 1658 321 1685 ὅλον
336 1658 381 1684 τὸν
394 1658 467 1684 λαόν.
489 1658 692 1694 Ἐπυνθανόμην
708 1658 747 1691 δὲ,
764 1659 834 1691 τίνος

53 1700 82 1727 ἂν
98 1703 137 1738 εἴη
155 1704 303 1740 πρόσωπον
320 1705 350 1731 τὸ
365 1705 458 1739 λέγον·
487 1714 496 1730 ι
521 1701 606 1737 Οὗτος
627 1704 675 1736 τὰς
697 1705 833 1740 ἁμαρτίας

53 1746 123 1781 ἡμῶν
146 1748 233 1784 φέρει,
258 1750 306 1776 καὶ
329 1750 393 1786 περὶ
416 1751 493 1786 ήμῶν
517 1751 657 1778 ὀδυνᾶται·
687 1760 696 1776 ι
724 1752 770 1777 καὶ
791 1751 832 1783 τὺ,

55 1801 62 1817 t
81 1793 162 1826 Αὐτὸς
177 1795 206 1821 δὲ
226 1796 432 1831 ἑτραυματίσοη
454 1796 497 1823 διὰ
520 1797 570 1829 τὰς
590 1797 727 1832 ἁμαρτίας
742 1796 831 1832 ἡμῶν,

53 1838 92 1864 7.11
107 1840 308 1875 μεμαλάκισται
323 1841 367 1867 διὰ
378 1841 427 1873 τὰς
440 1842 554 1877 ἀνομίας
566 1842 653 1877 ἡμῶν·
673 1851 682 1867 ι
703 1842 748 1868 καὶ
763 1841 834 1873 τίνος

51 1884 186 1918 πρόσωπον
201 1884 236 1922 ἦν
250 1886 282 1912 τὸ
299 1886 412 1920 φάσκον,
432 1896 441 1912 ε
462 1887 507 1922 Τῴ
526 1887 639 1922 μώλωπι
652 1887 734 1914 αὐτοῦ
753 1889 834 1923 ἡμεῖς

51 1930 165 1966 ἰάοημεν.
185 1941 195 1957 ι
215 1932 316 1966 Σαφῶς
329 1932 383 1968 γὰρ
396 1933 420 1959 οἱ
437 1933 465 1959 ἐν
478 1935 537 1965 ταῖς
553 1933 701 1968 ἁμαρτίαις
720 1933 835 1968 γενόμε-

50 1985 92 2008 νοι,
106 1978 150 2003 καὶ
165 1978 288 2009 ωοὲντες
301 1978 333 2004 ὲκ
347 1978 393 2004 τοῦ
407 1978 451 2005 τὸν
465 1978 579 2014 Σωτῆρα
591 1979 766 2011 πεπονοέναι,
784 1978 832 2005 εἴτ’

47 2022 96 2048 ἀπὸ
117 2023 163 2049 τοῦ
186 2023 254 2051 λαοῦ
274 2024 388 2056 ἐκείνου,
413 2024 467 2050 εἴτε
493 2024 540 2050 καὶ
556 2024 581 2050 οἱ
600 2024 654 2050 ἀπὸ
673 2023 726 2050 τῶν
738 2023 832 2056 ἐθνῶν,

48 2067 126 2094 ταῦτα.
140 2069 251 2104 λέγουσι
271 2070 345 2105 παρά
361 2069 401 2105 τῷ
425 2070 551 2106 προφήτῃ
573 2070 770 2106 προεωρακότι,
788 2070 834 2096 καὶ

47 2112 96 2138 ἀπὸ
111 2113 155 2139 τοῦ
172 2114 254 2148 ἁγίου
277 2113 434 2150 Πνεύματος
448 2114 534 2141 ταῦτα
551 2115 832 2150 προσωποποιήσαντι.

48 2158 165 2186 Μάλιστα
178 2161 201 2187 δ’
217 2160 349 2196 ἐδόξαμεν
363 2160 463 2187 θλίϐειν
480 2160 534 2187 ἀπὸ
549 2161 599 2196 τῆς
614 2161 771 2197 φασκούσης
789 2162 833 2188 λέ-

895 259 948 286 que
963 251 1064 286 gloria;
1083 258 1110 278 et
1125 252 1240 279 vidimus
1263 259 1337 284 eutn,
1355 257 1383 279 et
1404 260 1458 280 non
1489 252 1604 280 habebat
1616 259 1676 288 spe-

895 297 974 328 ciem,
991 304 1078 331 neque
1090 297 1231 331 decorem;
1246 299 1293 325 sed
1313 300 1416 332 species
1435 298 1517 333 370
1532 298 1590 333 ejus
1603 298 1681 326 inho-

895 348 989 370 norata
1005 347 1033 370 et
1045 343 1174 371 deficiens
1187 351 1242 377 pra;
1264 345 1390 371 omnibus
1414 337 1579 372 hominibus.
1593 344 1680 372 Homo

895 389 921 416 in
937 388 1014 423 plaga
1028 389 1145 424 positus,
1165 393 1191 415 et
1205 389 1294 416 sciens
1306 389 1378 416 ferre
1398 389 1581 417 inﬁrmitatem
1594 399 1602 423 ;
1615 390 1678 425 quia

893 441 988 460 aversa
1008 437 1050 460 est
1075 433 1158 460 facies
1181 433 1257 468 ejus,
1283 434 1408 468 despecta
1431 436 1457 460 et
1471 441 1521 460 non
1543 437 1678 467 reputata.

893 480 947 506 Iste
960 484 1071 514 peccata
1099 483 1194 506 nostra
1211 483 1312 514 portat,
1331 485 1359 506 et
1381 486 1430 514 pro
1449 479 1526 507 nobis
1546 479 1633 512 dolet;
1650 483 1678 506 et

893 533 940 552 nos
956 525 1142 560 reputavimus
1155 532 1217 552 eum
1233 531 1294 552 esse
1308 525 1334 551 in
1346 524 1446 554 labore,
1464 528 1491 551 et
1508 524 1532 550 in
1549 524 1637 559 plaga,
1651 527 1679 551 et

892 573 918 598 in
935 571 1099 604 afﬂictione;
1122 572 1180 605 ipse
1200 575 1292 597 autem
1319 570 1480 598 vulneratus
1504 574 1546 596 est
1569 574 1679 604 propter

892 622 1002 652 peccata
1018 622 1120 649 nostral
1136 622 1163 644 et
1176 616 1330 643 inﬁrmatus
1343 619 1383 643 est
1397 619 1509 650 propter
1521 615 1678 649 iniquitates

893 668 1006 689 nosrras.
1029 661 1175 696 Disciplina
1193 662 1268 696 pacis
1285 666 1385 688 nostra:
1404 667 1486 694 super
1497 667 1569 693 eum,
1593 659 1678 687 livore

890 708 948 740 ejus
964 708 1051 735 sanati
1071 715 1175 736 sumus.
1195 707 1296 735 Omnes
1320 707 1398 741 quasi
1421 713 1485 734 oves
1515 705 1675 733 erravimus.

890 752 1012 780 llomoin
1027 753 1069 779 via
1083 760 1132 780 sua
1145 752 1258 785 erravit,
1277 756 1305 780 el
1326 752 1457 779 Dominus
1475 750 1588 778 tradidit
1613 757 1676 777 eum

889 800 999 830 propter
1015 795 1172 830 iniquitates
1185 800 1302 829 nostras,
1316 800 1343 823 et
1356 795 1412 829 ipse
1428 799 1538 830 propter
1552 794 1677 822 aﬂlictio-

891 849 950 868 nem
965 848 1018 867 non
1035 842 1123 876 aperit
1135 849 1166 868 os
1179 850 1269 870 suum.
1281 841 1423 869 Sicutovis
1431 841 1463 868 ad
1478 841 1612 868 victimam
1627 841 1678 868 du-

891 894 951 915 ctus
967 894 1018 919 est,
1032 893 1059 915 et
1076 889 1153 922 quasi
1166 896 1251 922 agnus
1270 896 1362 916 coram
1380 888 1507 916 tondente
1522 892 1623 920 mutus,
1638 887 1677 914 sic

892 941 945 960 non
963 935 1046 968 aperit
1055 942 1086 961 os
1095 942 1183 960 suum.
1198 934 1224 960 In
1238 934 1388 961 humilitate
1398 934 1530 968 judicium
1542 932 1599 967 ejus
1611 932 1677 960 sub-

892 978 974 1006 latum
987 985 1038 1006 est.
1053 979 1264 1006 Generationetn
1281 979 1340 1014 ejus
1355 979 1417 1014 quis
1431 978 1571 1006 enarrabit
1581 977 1593 1004 ‘P
1605 977 1676 1010 Quia

891 1024 996 1050 tollitur
1007 1025 1040 1050 tle
1052 1028 1123 1051 terra
1139 1024 1193 1051 vita
1206 1024 1282 1058 ejus;
1306 1028 1416 1059 propter
1445 1023 1600 1058 iniquitates
1628 1029 1676 1058 p0-

891 1069 946 1104 pi:li
964 1069 1016 1096 mei
1031 1069 1129 1096 ductus
1147 1074 1188 1096 est
1200 1070 1232 1096 ad
1246 1073 1359 1096 mortem
1367 1069 1399 1096 ’³.
1415 1077 1424 1094 ι

925 1114 969 1141 55.
984 1113 1094 1141 Memini
1108 1122 1150 1141 me
1165 1114 1241 1146 olim,
1266 1122 1327 1141 cum
1354 1114 1521 1149 disputarem
1545 1114 1677 1142 adversus

891 1161 952 1187 illos
963 1167 996 1187 ex
1011 1159 1111 1187 Judatis
1127 1161 1172 1195 qui
1200 1161 1336 1195 sapientes
1358 1165 1500 1193 vocantur,
1514 1168 1591 1188 usum
1613 1168 1675 1188 esse

892 1206 944 1233 illis
961 1206 1110 1233 vaticiniis.
1135 1206 1239 1239 Quibus
1265 1214 1335 1234 unus
1359 1214 1393 1234 ex
1416 1207 1457 1234 eis
1481 1207 1612 1241 reposuit,
1629 1206 1674 1233 illa

890 1254 1062 1289 intelligenda
1076 1261 1136 1281 esse
1152 1255 1186 1281 de
1205 1262 1260 1282 uno
1275 1262 1362 1290 eoque
1382 1255 1488 1289 integro
1508 1253 1616 1289 populo,
1634 1254 1675 1281 di-

889 1307 982 1334 sperso
994 1303 1022 1326 et
1034 1307 1175 1334 percusso,
1188 1304 1218 1326 ut
1228 1300 1373 1327 occasione
1384 1299 1561 1334 dispersionis
1571 1298 1676 1325 Iudaeo-

890 1352 949 1372 rum
961 1344 1034 1372 inter
1051 1344 1181 1379 plurimas
1195 1350 1290 1378 gentes
1304 1344 1378 1372 multi
1394 1344 1522 1379 proselyti
1553 1343 1648 1370 ﬁerent
1665 1351 1672 1375 ;

891 1395 974 1423 atque
998 1389 1033 1415 ita
1060 1389 1292 1423 interpretabatur
1312 1388 1377 1415 illud
1392 1395 1399 1414 :
1414 1397 1423 1414 ι
1438 1388 1554 1422 ingloria
1572 1387 1625 1414 erit
1640 1387 1675 1414 ab

890 1435 1043 1461 hominibus
1064 1435 1168 1469 species
1183 1439 1245 1464 tua;
1263 1444 1272 1460 ι
1287 1440 1315 1462 et
1330 1434 1435 1461 illudzc
1452 1434 1554 1467 Quibus
1567 1441 1619 1460 non
1631 1438 1675 1460 est

889 1481 1077 1507 annuntiatum
1090 1481 1123 1506 de
1132 1488 1174 1512 eo.
1191 1480 1332 1513 videbunt;
1350 1489 1359 1505 ι
1376 1484 1402 1507 et
1418 1480 1481 1506 illud
1496 1489 1502 1507 :
1521 1489 1530 1505 ι
1549 1472 1634 1506 llomo
1647 1479 1674 1506 in

889 1524 966 1559 plaga
983 1525 1094 1558 positus.
1115 1534 1124 1550 ι
1141 1524 1189 1550 Hic
1207 1524 1290 1551 multa
1303 1524 1412 1558 quidem
1429 1524 1485 1550 dixi
1500 1529 1529 1550 ut
1543 1524 1674 1551 ostende-

887 1578 942 1598 rem
955 1578 1035 1605 quam
1049 1570 1197 1603 innuerito,
1210 1577 1270 1604 quae
1282 1569 1315 1596 de
1333 1577 1387 1596 uno
1402 1569 1527 1603 quopiam
1548 1569 1675 1603 praedicta

885 1617 1001 1648 fuerant,
1021 1616 1054 1642 ad
1070 1616 1227 1642 universum
1240 1615 1367 1649 populum
1381 1616 1525 1642 referrent.
1536 1614 1675 1648 Rogabam

885 1662 944 1696 quis
963 1666 1035 1688 esset
1057 1660 1102 1687 ille
1128 1660 1173 1695 qui
1199 1661 1307 1688 dicebat
1325 1671 1331 1688 :
1350 1669 1359 1686 ι
1375 1659 1427 1687 Iste
1447 1664 1558 1694 peccata
1581 1665 1675 1687 nostra

885 1708 936 1735 fert
957 1713 985 1735 et
1008 1714 1056 1741 pro
1077 1708 1155 1734 nobis
1173 1707 1262 1740 dolet;
1282 1716 1292 1732 ι
1309 1711 1337 1734 et
1359 1706 1451 1734 istud:
1471 1715 1482 1732 ε
1503 1706 1562 1741 Ipse
1584 1711 1674 1733 autem

885 1753 1042 1780 vulneratus
1057 1757 1099 1779 est
1110 1757 1220 1786 propter
1234 1756 1343 1785 peccata
1363 1756 1468 1783 nostra,
1482 1756 1509 1777 et
1521 1751 1675 1777 inﬁrmatus

884 1803 926 1825 est
944 1802 1055 1832 propter
1082 1797 1239 1831 iniquitates
1263 1801 1386 1828 nostras;
1413 1805 1422 1822 ι
1444 1801 1472 1823 et
1499 1796 1550 1824 hoc
1578 1796 1674 1824 aliud:

887 1853 897 1869 ‹
914 1843 1010 1870 Livore
1022 1843 1081 1877 ejus
1096 1842 1186 1869 sanati
1203 1849 1309 1869 sumus.
1330 1851 1339 1868 ι
1358 1843 1467 1870 Clarum
1481 1846 1522 1869 est
1533 1842 1604 1869 enim
1615 1849 1674 1874 eos,

884 1889 928 1922 qni
943 1888 1012 1922 apud
1028 1888 1185 1922 prophetam
1202 1894 1246 1914 res
1259 1886 1367 1914 futuras
1397 1887 1533 1914 videntem
1548 1887 1675 1921 ,taliaque

886 1935 960 1962 velut
972 1935 1096 1969 personis
1117 1933 1208 1960 alIlatu
1222 1934 1310 1961 sancti
1328 1933 1449 1968 Spiritus
1463 1933 1674 1961 accommodan-

886 1985 939 2010 tem
957 1981 1015 2008 haec
1033 1980 1188 2015 loquuntur,
1209 1986 1269 2007 esse
1292 1979 1416 2006 homines
1437 1980 1496 2007 sive
1516 1987 1550 2006 ex
1577 1979 1675 2014 populo

884 2026 997 2054 Iudaico
1013 2027 1070 2053 sive
1094 2033 1126 2052 ex
1140 2025 1284 2060 gentibus,
1303 2025 1347 2058 qui
1370 2025 1490 2058 peccatis
1509 2024 1610 2051 dudum
1623 2025 1674 2050 ob-

885 2073 958 2100 noxii
972 2072 1122 2100 Salvatoris
1140 2071 1267 2106 passione
1277 2071 1367 2097 sanati
1380 2075 1454 2098 sunt.
1472 2070 1525 2098 Sed
1542 2070 1601 2097 illos
1615 2076 1674 2096 ma-

885 2121 956 2146 xime
971 2126 1098 2153 premere
1117 2118 1204 2145 visum
1230 2122 1273 2145 est
1285 2118 1375 2145 istud:
1393 2126 1403 2143 ι
1421 2117 1533 2150 Propter
1545 2115 1674 2151 iniquita-

886 2170 926 2191 tes
948 2164 1038 2199 populi
1068 2165 1122 2192 mei
1147 2164 1247 2191 ductus
1267 2168 1308 2192 est
1327 2164 1361 2191 ad
1380 2167 1505 2190 mortem.
1521 2171 1532 2188 ›
1548 2162 1577 2190 Si
1602 2161 1675 2189 enim

46 2203 108 2236 ξεως
119 2206 158 2238 τὸ,
179 2215 189 2232 ι
210 2207 279 2233 Ἀπὸ
294 2207 348 2233 τῶν
365 2206 483 2242 ἀνομιῶν
499 2206 545 2233 τοῦ
563 2206 626 2233 λαοῦ
648 2216 697 2242 μου
714 2207 783 2243 ἤχθη
795 2209 833 2240 εἰς

924 2211 1001 2245 pulus
1026 2215 1077 2244 est,
1098 2215 1127 2238 ut
1154 2210 1264 2243 volunt,
1287 2209 1320 2237 de
1342 2217 1395 2244 quo
1418 2209 1605 2244 prophetatum
1628 2208 1674 2242 sit,

47 2248 160 2277 θάνατον.
179 2260 188 2277 ι
208 2252 242 2278 El
259 2251 316 2287 γὰρ
330 2253 344 2278 ὁ
357 2252 420 2283 λαὸς
436 2252 496 2278 κατ’
514 2251 632 2283 ἐκείνους
647 2253 714 2279 εἰσὶν
728 2253 753 2278 οἱ
767 2261 834 2288 προ-

46 2297 228 2332 φητευόμενοι,
257 2297 318 2329 πῶς
342 2298 395 2324 ἀπὸ
419 2297 471 2323 τῶν
492 2297 611 2332 ἀνομιῶν
633 2297 679 2324 τοῦ
698 2297 763 2324 λαοῦ
785 2298 832 2325 τοῦ

45 2340 105 2367 θεοῦ
120 2342 230 2377 λέγεται
250 2341 334 2379 ἦχθαι
351 2344 390 2374 είς
411 2343 524 2369 θάνατον
541 2340 628 2375 οὗτος,
646 2345 670 2370 εἰ
687 2344 724 2380 μὴ
740 2344 832 2379 ἕτερος

44 2386 76 2412 ὢν
88 2389 161 2424 παρᾶ
176 2390 224 2416 τὸν
241 2389 307 2416 λαὸν
323 2389 369 2416 τοῦ
386 2388 468 2421 Θεοῦ;
485 2389 532 2420 Τίς
547 2389 569 2414 δ’
586 2386 672 2422 οὗτοςν
685 2391 710 2416 ει
725 2390 762 2425 μὴ
781 2390 832 2426 Ἰη-

45 2432 101 2463 σοῦς
113 2434 231 2469 Χριστός
241 2443 249 2466 ;
261 2443 272 2460 ‹
290 2430 320 2461 οὗ
333 2434 372 2470 τῷ
385 2434 498 2470 μώλωπι
510 2433 624 2469 ἱάθημεν
639 2444 649 2460 ›
664 2436 688 2461 οἱ
702 2436 742 2471 είς
752 2435 831 2462 αὑτὸν

43 2479 222 2513 πιστεύοντες,
239 2490 250 2506 ι
265 2481 489 2516 ἀπεκδυσαμένου
504 2480 554 2511 τὰς
567 2480 595 2507 ὲν
606 2481 671 2516 ἡμῖν
684 2481 771 2516 ἀρχὰς
785 2482 833 2508 καὶ

44 2522 169 2558 ἐξουσίας,
186 2527 236 2553 καὶ
256 2526 557 2562 παραδειγματίσαντος
575 2526 629 2562 (63)
646 2527 731 2558 αὑτὰς
751 2529 780 2554 ὲν
794 2528 833 2563 τῷ

44 2567 115 2605 ξύλῳ.
133 2581 142 2597 ›
161 2572 302 2599 Ἕκαστον
315 2572 343 2598 δὲ
355 2571 408 2598 τῶν
422 2573 450 2598 ἐν
461 2573 493 2607 τῇ
508 2571 660 2607 προφητείᾳ
672 2572 833 2607 σαφηνίσαι,

75 2640 95 2654 ’⁸
109 2640 159 2666 lsa.
176 2647 227 2673 ιιι,
247 2639 283 2666 13
304 2647 380 2674 seqq.
419 2639 441 2654 ’θ
456 2639 562 2666 (Ioloss.
580 2645 610 2671 ιι,
627 2637 672 2665 13.

73 2720 127 2755 (6|)
145 2721 197 2755 Ὠς
215 2721 372 2756 πρόϐατον
387 2725 414 2748 et
429 2724 525 2747 caetera
542 2728 603 2755 qua:
618 2725 673 2748 tum
692 2721 718 2747 in
738 2726 830 2748 nostra

41 2760 90 2782 tum
103 2757 129 2783 in
146 2757 292 2790 prioribus
308 2756 473 2782 editionibus
485 2756 562 2783 uncis
579 2756 681 2782 inclusa
697 2761 769 2788 sunt,
786 2757 832 2783 tle-

40 2791 192 2818 siderantur
210 2793 238 2819 in
255 2791 386 2818 omnibus
399 2799 464 2817 mss.

71 2827 123 2861 (ϋῖ)
142 2826 211 2860 Reg.
232 2831 263 2853 et
284 2825 455 2858 Basilecusis,
471 2825 517 2852 τοῦ
532 2825 667 2861 ἐσπάρθαι
691 2825 832 2861 Ἰουδαίους

39 2864 89 2887 τοῖς
99 2863 210 2894 λοιποῖς.
228 2862 291 2888 Duo
304 2861 437 2894 Vaticani,
449 2861 494 2888 τοῦ
506 2860 676 2896 ἑπεστιάρθαι
693 2860 832 2892 Ἰουδαίους

887 2257 1021 2291 quomodo
1057 2260 1167 2291 propter
1205 2256 1360 2290 iniquitates
1385 2255 1474 2290 populi
1505 2255 1550 2282 Dei
1574 2255 1619 2281 hic
1640 2253 1676 2280 ad

888 2307 1000 2329 mortem
1016 2303 1112 2329 ductus
1129 2303 1238 2334 dicitur,
1260 2302 1312 2329 nisi
1327 2302 1364 2328 sit
1379 2301 1448 2328 alius
1462 2309 1476 2327 ιι
1493 2301 1538 2328 Dei
1553 2299 1676 2335 populo?

886 2348 952 2381 Quis
968 2348 1067 2375 ille.est
1083 2353 1184 2380 autem,
1208 2348 1259 2375 nisi
1281 2348 1361 2375 .Iesus
1374 2347 1508 2376 Christus,
1525 2355 1533 2371 ι
1551 2346 1628 2379 cujus
1645 2345 1676 2372 ii-

886 2401 950 2420 vore
975 2394 1065 2421 sanati
1089 2401 1183 2420 sumus
1209 2403 1218 2418 ι
1249 2398 1381 2428 quotquot
1398 2393 1425 2419 in
1443 2400 1504 2418 eum
1526 2391 1676 2422 credimus,

889 2448 898 2464 ι
913 2439 957 2472 qui
971 2438 1125 2472 exspolians
1140 2438 1305 2472 principatus
1320 2443 1345 2465 et
1357 2442 1505 2472 potestates
1516 2436 1607 2470 371,
1621 2440 1677 2461 tra-

887 2483 963 2510 duxit
984 2491 1032 2510 eos
1054 2483 1225 2511 conﬁdenter
1250 2482 1275 2508 in
1297 2482 1408 2517 ligno".
1428 2491 1437 2506 ι
1457 2481 1583 2515 Singulas
1598 2480 1677 2513 hujus

888 2529 1035 2564 prophetia:
1061 2534 1153 2564 partes
1179 2529 1325 2562 explanare
1353 2528 1474 2561 nihilque
1497 2528 1675 2554 indiscussuin

890 2575 1110 2608 praetermittere,
1124 2582 1176 2601 non
1195 2579 1236 2601 est
1250 2574 1329 2608 hujus
1355 2573 1491 2608 temporis.
1507 2571 1570 2599 llaec
1584 2576 1675 2598 tamen

885 2723 942 2753 τοῖς
957 2721 1069 2754 λοιποῖς.

922 2757 977 2792 (βό)
991 2755 1326 2792 Ιιαραδειγμαῖἶσαι-τος.
1356 2754 1438 2781 Recte
1461 2753 1675 2792 omninocodcx

889 2788 988 2826 Regius
1004 2788 1225 2823 tat—Basileeisis;
1242 2790 1306 2817 libb.
1328 2795 1417 2816 autent
1443 2789 1519 2822 editi,
1535 2788 1675 2824 παρρησίᾳ

886 2827 913 2853 δε
918 2836 942 2861 ιγ
947 2827 1115 2862 ματίσαντος.
