1843 3097
179 112 231 140 165

179 225 240 252 quae
250 216 358 246 Judzeus
372 217 441 251 apud
457 215 565 244 Celsum
578 215 655 246 dicit,
671 212 870 240 refellerentur.

213 349 258 377 56.
273 349 301 376 ld
315 352 406 376 autem
421 351 449 375 et
463 345 570 373 Celsum
581 348 608 372 et
624 343 696 371 illius
711 342 834 370 Judaeum
848 345 876 369 et
887 345 965 376 quot-

177 398 244 428 quot
255 393 319 421 Jesu
333 400 385 420 non
403 391 518 420 credunt
530 389 619 422 latuit,
634 390 700 416 duos
714 397 728 415 a
743 388 880 424 prophetis
897 393 965 421 prte-

179 440 266 467 dictos
286 445 345 466 esse
373 437 474 465 Christi
488 437 617 464 adventus
641 444 647 462 ς
665 435 780 469 priorem
796 433 923 460 humilem
939 436 966 459 et

179 483 306 511 humanis
320 481 525 510 inﬁrmitatibus
546 480 706 512 obnoxium,
730 483 758 505 ut
773 485 832 505 cum
850 477 966 505 homini-

180 531 230 557 lms
243 530 344 563 degens
363 535 409 556 eos
423 528 532 555 doceret
549 527 618 554 viam
640 533 700 560 qua:
723 524 797 551 ducit
814 524 846 552 ad
870 523 964 556 Deum,

180 574 301 608 nullique
324 574 461 600 hominum
487 563 649 606 relinqueret
662 571 750 597 locum
765 569 910 597 excusandi
938 576 966 596 se

181 619 264 645 futuri
275 618 368 652 judicii
383 618 551 652 ignoratione
567 627 572 644 :
592 617 706 644 alterum
721 616 881 649 gloriosum,
894 614 966 641 divi<

181 669 245 692 num
258 664 453 696 tantummodo,
467 668 494 690 et
511 664 554 690 ubi
570 662 699 690 divinitas
714 662 779 688 nihil
792 661 967 688 humauaain-

182 711 320 738 ﬁrmitatis
350 710 494 737 admistum
515 714 555 737 est
580 709 718 736 habitura.
746 707 867 742 Longum
893 711 967 735 esset

182 758 338 791 prophetias
353 757 379 782 in
399 757 515 783 medium
531 755 662 790 proferre.
680 754 753 781 Satis
769 754 813 781 hic
836 753 918 780 fuerit
933 760 966 779 ex

183 801 287 835 psalmo
327 801 533 834 quadragesimo
573 804 691 834 quarto,
720 800 797 833 cujus
829 799 855 825 in
889 799 967 826 titulo

182 847 238 873 haec
259 846 330 873 inter
349 846 400 872 alia
416 846 562 880 leguntur:
578 845 716 871 Canticum
728 853 776 877 pro
790 844 897 875 dilecto,
913 844 970 871 hznc
985 847 1006 874 B

181 891 264 918 verba
278 891 428 924 adducere,
442 891 486 918 ubi
507 891 551 918 ille
566 892 706 918 evidenter
727 890 797 917 Deus
810 890 968 924 pronuntia-

182 941 268 964 turzt
287 936 388 963 Ditfusa
407 940 448 963 est
469 937 557 971 gratia
578 937 604 963 in
625 936 702 962 labiis
730 935 799 968 tuis,
825 940 966 970 propterea

180 981 319 1008 benedixit
347 986 374 1008 te
399 981 470 1008 Deus
491 982 517 1008 in
540 985 682 1008 :cternnm.
706 980 855 1015 Accingere
878 979 966 1014 gladio

181 1032 226 1053 tuo
241 1034 321 1061 super
329 1025 417 1054 femur
429 1031 514 1060 tuum,
528 1031 634 1061 potens.
648 1027 738 1062 specie
750 1032 794 1053 tua
807 1030 834 1053 et
849 1026 968 1060 pulchri-

181 1073 273 1100 tudine
297 1078 342 1100 tua
370 1073 493 1105 intende,
525 1080 654 1107 prospere
674 1073 791 1108 procede
814 1077 841 1099 et
874 1079 965 1106 regna.

180 1117 295 1153 Propter
316 1120 460 1146 veritatem
485 1123 511 1146 et
529 1119 764 1146 mansuetudinem
777 1125 806 1146 et
819 1119 965 1154 justitiam,

180 1168 208 1191 et
218 1164 333 1191 deducet
351 1168 375 1190 te
389 1164 551 1191 mirabiliter
573 1165 684 1192 dextera
707 1169 762 1192 tua.
778 1164 891 1198 Sagitta:
917 1169 968 1191 tua:

181 1214 279 1241 acutae,
296 1213 401 1243 potens,
419 1209 510 1244 populi
522 1211 570 1237 sub
583 1215 608 1238 te
621 1210 718 1237 cadent
733 1211 758 1236 in
773 1211 854 1237 corde
879 1210 967 1236 inimi-

180 1261 274 1280 corum
286 1254 402 1288 ltegis".
415 1264 425 1280 ι
437 1255 554 1282 Advertc
565 1256 683 1283 animum
693 1255 726 1282 ad
736 1263 766 1282 ea
776 1263 836 1290 quae
851 1263 967 1289 sequun-

182 1305 236 1333 tur,
253 1305 280 1326 et
302 1307 361 1334 qum
387 1300 460 1328 illum
492 1301 575 1328 Deum
591 1301 735 1329 enuntiant
752 1310 759 1328 :
777 1310 786 1327 ι
809 1301 893 1329 Sedes
908 1305 966 1335 tu,

181 1347 263 1378 Dens,
278 1345 303 1373 in
313 1346 438 1374 ste-culum
454 1347 554 1379 smculi,
573 1347 648 1382 virga
660 1347 817 1374 directionis
832 1347 907 1382 virga
922 1355 967 1375 re-

181 1392 226 1426 gni
242 1391 290 1420 tui.
302 1391 567 1426 Dilexistijustitiam
579 1397 607 1419 et
617 1392 699 1419 odisti
714 1392 895 1426 iniquitatem;
905 1399 967 1427 pro-

180 1443 273 1472 pterea
293 1438 370 1465 unxit
393 1443 418 1465 te
436 1438 517 1470 Deus,
534 1437 605 1465 Deus
635 1442 706 1472 tuus,
722 1438 781 1466 oleo
796 1438 896 1466 laetitia:
911 1445 966 1473 pra

181 1484 355 1511 consortibus
380 1484 474 1510 tuis“.
496 1493 506 1509 ι
522 1484 713 1511 Animadverte
734 1484 807 1518 quod
835 1484 965 1518 propheta

180 1529 265 1556 Deum
281 1528 430 1563 alloquens,
443 1529 518 1563 cujus
532 1529 610 1556 sedes
626 1534 669 1556 est
684 1529 709 1556 in
725 1529 853 1556 sarculum
866 1529 967 1562 saeculi,

180 1572 257 1605 cujus
272 1573 347 1608 virga
369 1573 527 1600 directionis
540 1578 582 1601 est
603 1573 678 1607 virga
704 1575 778 1608 regni
801 1574 873 1609 ejus,
893 1574 966 1601 hunc

180 1617 268 1651 ipsum
284 1617 367 1646 Deum
379 1619 418 1646 ait
432 1619 515 1646 fuisse
526 1623 636 1646 unctum
650 1627 664 1646 a
680 1619 746 1651 Deo,
760 1620 806 1654 qui
819 1625 878 1646 erat
894 1620 966 1647 illius

180 1662 268 1696 Deus;
282 1669 391 1691 unctum
407 1665 489 1692 fuisse
514 1670 616 1697 autem,
630 1665 693 1699 quia
717 1672 774 1699 pra:
793 1665 967 1692 consortibus

180 1710 240 1737 suis
254 1710 493 1745 dilexitjustitiam
506 1716 533 1738 et
544 1711 714 1746 iniquitatem
729 1711 792 1739 odio
803 1712 906 1739 habuit.
920 1711 966 1739 llis

181 1757 270 1784 verbis
296 1758 405 1784 memini
421 1765 463 1785 me
480 1758 544 1785 olim
575 1758 687 1785 multum
718 1758 850 1786 molestia:
872 1765 966 1785 creare

178 1802 272 1830 Judwo
287 1803 333 1838 qui
351 1803 460 1838 sapiens
477 1803 628 1830 habebatur
653 1804 723 1838 apud
742 1811 806 1831 suos
822 1812 829 1835 ;
845 1803 889 1838 qui
904 1811 965 1830 cum

179 1856 207 1876 se
221 1849 366 1876 admodum
380 1849 511 1882 torsisset,
538 1849 609 1876 dixit
634 1850 741 1877 tandem
765 1857 825 1884 qua:
843 1858 857 1876 a
871 1849 965 1876 11111ωο

178 1900 337 1930 exspectare
347 1896 437 1928 debui,
451 1903 546 1931 nempe
557 1905 564 1922 :
575 1896 608 1923 de
623 1896 677 1923 Deo
695 1897 886 1923 universorum
895 1895 965 1922 seri-

178 1946 252 1976 ptum
264 1948 325 1968 esse
340 1950 346 1968 :
364 1951 373 1967 ι
391 1942 474 1970 Sedes
488 1946 543 1974 tua,
562 1941 644 1974 Deus,
663 1941 689 1968 in
709 1939 941 1970 sreculumsmculi
957 1952 965 1976 ;

178 1988 251 2022 virga
269 1988 425 2015 directionis
447 1987 522 2022 virga
545 1987 620 2022 regni
637 1987 693 2021 tui;
713 1996 723 2013 ›
740 1988 773 2015 de
786 1987 895 2016 Christo
917 1997 966 2016 au-

178 2039 230 2061 tem
253 2041 261 2060 :
283 2042 292 2060 ι
320 2033 443 2061 Dilexisti
469 2033 600 2068 justitiam
621 2039 648 2060 et
670 2034 752 2061 odisti
781 2035 962 2069 iniquitatem,

177 2084 317 2114 propterea
344 2080 420 2107 unxit
435 2083 462 2106 te
478 2079 558 2112 Deus,
577 2079 646 2106 Deus
665 2084 737 2112 tuus,
756 2089 767 2106 ι
784 2084 811 2107 et
829 2081 943 2115 reliqua.

906 100 1068 130 ORIGENIS

179 171 259 206 paulo
269 171 380 199 uberius
391 170 544 204 disceptare
563 167 745 195 necessarium
761 165 847 192 visum
867 169 919 196 est,

1055 162 1064 187 ἱ
1093 159 1175 195 μηδὲν
1202 158 1381 186 ἀϐασάνιστον
1406 156 1494 183 αὐτῶν
1522 153 1698 190 παραλιπεῖν,

1751 91 1806 119 766

1726 151 1807 177 ἄλλον

1016 206 1111 240 καιροῦ
1130 206 1198 232 ἐστι.
1223 205 1278 231 Καὶ
1298 203 1383 230 ταῦτα
1407 202 1429 229 δ’
1450 202 1496 228 ἐπὶ
1517 201 1607 227 πλεῖον
1627 199 1748 234 εἴρηται,
1772 197 1808 228 ὡς

1016 252 1127 287 νομίζω,
1144 250 1298 284 ἀναγκαίως
1311 248 1355 276 διὰ
1369 246 1419 281 τὴν
1435 246 1596 286 ὲκκειμέντιν
1611 244 1659 271 τοῦ
1678 242 1755 276 παρὰ
1771 243 1808 276 τῷ

1017 297 1113 331 Κέλσῳ
1132 295 1256 322 Ἰουδαίου
1272 294 1352 327 λέξιν.

1054 351 1153 378 Ἔλαθε
1171 351 1199 378 δὲ
1221 351 1267 378 τὸν
1291 351 1403 383 Κέλσον,
1421 351 1467 378 καὶ
1487 350 1532 376 τὸν
1553 348 1618 384 παρ’
1641 347 1718 382 αὐτῷ
1747 346 1811 372 Ἰου-

1017 397 1100 429 δαῖον,
1123 397 1169 423 καὶ
1187 397 1290 428 πάντας
1305 397 1362 424 ὅσοι
1383 396 1423 432 τῷ
1453 394 1540 430 Ἰησοῦ
1561 394 1598 430 μὴ
1622 392 1813 420 πεπιστεύκα-

1019 451 1060 470 σιν
1074 443 1143 478 (64),
1160 443 1202 469 ὅτι
1227 443 1254 469 αἱ
1272 443 1436 478 προφητεῖαι
1457 441 1504 468 δύο
1525 441 1652 475 λέγουσιν
1668 436 1739 465 εἶναι
1762 437 1813 468 τὰς

1018 489 1137 525 Χριστοῦ
1160 489 1322 523 ἐπιδημίας·
1347 487 1396 523 τὴν
1423 487 1473 522 μὲν
1495 485 1643 522 προτέραν,
1668 483 1813 520 ἀνθρωπο-

1019 535 1188 570 παθεστέραν
1201 534 1248 560 καὶ
1263 533 1466 568 ταπεινοτέραν,
1482 533 1524 558 ἵνα
1537 532 1585 558 σὺν
1597 529 1756 566 ἀνθρώποις
1773 528 1813 554 ὢν

1019 581 1033 607 ὁ
1050 581 1177 616 Χριστὸς,
1190 580 1283 616 διδάξῃ
1299 580 1347 614 τὴν
1362 579 1496 615 φέρουσαν
1513 576 1665 613 πρδςνΘεὸν
1680 575 1751 607 ὁδὸν,
1765 575 1813 601 καὶ

1021 627 1114 662 μηδενὶ
1126 626 1180 652 τῶν
1197 626 1280 661 ἐν’τῷ
1295 626 1344 661 βίῳ
1360 625 1412 651 τῶν
1429 623 1581 660 ἀνθρώπων
1596 622 1750 656 ἀπολογίας
1767 630 1814 647 κα-

1019 673 1119 709 ταλίπῃ
1135 673 1227 703 τόπον,
1248 672 1286 703 ὡς
1301 672 1351 698 οὐκ
1373 671 1502 705 ἐγνωκότι
1519 671 1582 706 περὶ
1604 669 1656 704 τῆς
1677 668 1811 703 ἐσομένης

1020 719 1136 753 κρίσεως
1146 726 1152 732 ·
1167 718 1215 753 τὴν
1227 717 1248 744 δ’
1263 717 1367 752 ἐτέρανν
1383 716 1486 748 ἔνδοξον
1499 716 1547 742 καὶ
1563 715 1645 750 μόνον
1659 714 1810 749 θειοτέραν.

1020 763 1094 789 οὐδὲν
1108 762 1342 797 ἐπιπεπλεγμένον
1359 763 1392 798 τῇ
1408 761 1524 796 θειότητι
1537 761 1653 796 ἔχουσαν
1670 760 1813 796 ἀνθρωπο-

1021 808 1114 840 παθές.
1130 808 1303 844 Παραθέσθαι
1318 809 1346 834 δὲ
1357 808 1404 835 καὶ
1422 808 1471 839 τὰς
1497 807 1668 843 προφητείας
1688 806 1757 833 πολὺ
1780 806 1812 832 ἂν

1021 855 1077 890 εἴη·
1091 855 1171 890 ἀρκεῖ
1186 855 1208 881 δ’
1226 854 1272 880 ἐπὶ
1285 854 1332 880 τοῦ
1352 854 1484 890 παρόντος
1496 854 1526 880 τὺ
1539 853 1592 880 ἀπὸ
1608 853 1658 880 τοῦ
1674 861 1810 887 τεσσαρα-

1021 900 1119 927 κοστοῦ
1141 901 1187 927 καὶ
1208 900 1336 935 τετάρτου
1353 899 1471 935 ψαλμοῦ,
1491 900 1520 931 ὃς
1542 899 1590 925 καὶ
1607 898 1810 934 ἐπιγέγραπται

1021 947 1089 982 πρὸς
1100 946 1190 978 ἄλλοις
1199 944 1268 973 εἶναι
1278 946 1324 972 καὶ
1338 945 1405 980 ᾩδὴ
1415 945 1490 980 ὑπὲρ
1502 944 1555 972 τοῦ
1564 943 1735 979 ἀγαπητοῦ,
1749 943 1811 970 ἔνθα

1021 992 1066 1018 καὶ
1079 991 1145 1023 Θεὸς
1159 991 1337 1026 ἀνηγόρευται
1349 990 1442 1025 σαφῶς
1454 990 1499 1016 διὰ
1511 990 1612 1016 τούτων
1623 998 1629 1003 ·
1645 999 1654 1014 ι
1680 988 1809 1023 Ἐξεχύθη

1021 1038 1037 1073 ἡ
1054 1038 1133 1073 χάρις
1148 1038 1177 1064 ὲν
1192 1037 1292 1072 χείλεσι
1310 1045 1367 1067 σου,
1381 1037 1425 1063 διὰ
1440 1036 1518 1063 τοῦτο
1531 1036 1662 1071 εὑλόγησέ
1675 1044 1706 1062 σε
1720 1037 1735 1062 ὁ
1746 1035 1811 1067 Θεὸς

1021 1083 1061 1114 είς
1075 1083 1123 1109 τὸν
1136 1082 1230 1109 αἰῶνα.
1249 1082 1402 1118 Περίζωσαι
1419 1081 1467 1117 τὴν
1484 1081 1621 1118 ῥομφαίαν
1639 1089 1687 1108 σου
1703 1082 1751 1107 ἐπὶ
1766 1081 1810 1106 τὸν

1023 1128 1108 1162 μηρόν
1126 1136 1184 1160 σου⁷
1201 1127 1308 1159 δυνατὲ,
1324 1129 1357 1162 τῇ
1373 1126 1519 1162 ὡραιότητί
1537 1135 1584 1153 σου
1601 1127 1647 1152 καὶ
1660 1126 1700 1161 τῷ
1718 1125 1809 1152 κάλλει

1021 1182 1079 1205 σου,
1091 1174 1138 1200 καὶ
1151 1174 1266 1199 ἕντεινον
1277 1173 1323 1200 καὶ
1335 1172 1479 1199 κατευοδοῦ
1492 1172 1538 1198 καὶ
1548 1171 1684 1207 βασίλευε.
1698 1171 1809 1197 Ἕνεκεν

1021 1220 1147 1254 ἀληθείας
1160 1219 1207 1245 καί⁷
1223 1219 1378 1255 πραότητος
1391 1219 1438 1245 καὶ
1448 1217 1631 1252 δικαιοσύνης,
1647 1218 1694 1244 καὶ
1711 1217 1808 1253 ὁδηγή-

1021 1275 1062 1292 σει
1079 1275 1109 1292 σε
1126 1265 1289 1300 θαυμαστῶς
1307 1266 1323 1300 ἡ
1341 1264 1414 1296 δεξιά
1431 1273 1487 1290 σου.
1503 1263 1544 1290 Τὰ
1561 1263 1625 1298 βέλη
1644 1271 1692 1289 σου
1709 1264 1806 1298 ἠκονη-

1022 1310 1100 1346 μένα,
1117 1310 1222 1336 δυνατέ·
1241 1309 1300 1336 λαοὶ
1317 1309 1445 1336 ὑποκάτω
1467 1317 1514 1335 σου
1529 1307 1677 1334 πεσοῦνται
1695 1309 1725 1334 ὲν
1743 1315 1806 1341 καρ-

1019 1356 1064 1390 δίᾳ
1079 1355 1133 1382 τῶν
1156 1355 1260 1391 ὲχθρῶν
1277 1354 1324 1381 τοῦ
1342 1354 1484 1390 βασιλέως.
1503 1363 1513 1380 ι
1533 1354 1657 1389 Πρός-χες
1670 1354 1693 1379 δ’
1714 1354 1808 1387 smps-

1020 1400 1074 1432 λῶς
1084 1401 1139 1431 τοῖς
1156 1400 1228 1436 ἑξῆς,
1241 1400 1304 1427 ἔνθα
1313 1400 1380 1431 Θεὸς
1398 1400 1520 1435 εἴρηται·
1545 1408 1554 1425 ι
1581 1399 1610 1426 ’0
1624 1399 1722 1434 θρόνος
1734 1407 1779 1424 σου
1795 1408 1804 1423 ι

1019 1446 1073 1481 γάρ
1086 1455 1166 1481 φησιν
1182 1455 1191 1472 ι
1203 1447 1217 1472 ὁ
1230 1445 1296 1477 Θεὸς
1310 1446 1349 1477 εἰς
1366 1445 1410 1472 τὸν
1423 1445 1510 1472 αἰῶνα
1519 1444 1566 1472 τοῦ
1583 1444 1693 1475 αἰῶνος·
1713 1443 1807 1479 ῥάϐδος

1021 1491 1165 1527 εὐθύτητος
1182 1492 1199 1527 ή
1225 1490 1320 1526 ῥάϐδος
1339 1490 1389 1526 τῆς
1405 1489 1545 1525 βασιλείας
1562 1499 1619 1516 σου.
1649 1490 1808 1524 Ἠγάπησας

1019 1536 1201 1572 δικαιοσύνην,
1213 1537 1264 1564 καὶ
1273 1537 1407 1573 ἐμίσησας
1420 1535 1534 1570 ἀνομίαν
1544 1544 1551 1551 ·
1564 1535 1609 1562 διὰ
1624 1535 1705 1562 τοῦτο
1719 1534 1808 1570 ἕχρισί

1021 1591 1050 1608 σε
1064 1583 1079 1608 ὁ
1098 1581 1196 1614 Θεὸς,ό
1213 1582 1279 1614 Θεός
1292 1590 1339 1608 σου
1357 1581 1444 1609 ἔλαιον
1458 1581 1644 1616 ἀγαλλιάσεως
1660 1580 1739 1616 παρὰ
1748 1581 1807 1611 τοὺς

1021 1627 1150 1662 μετόχους
1162 1636 1220 1654 σου.
1238 1637 1249 1654 ι
1264 1627 1319 1654 Καὶ
1332 1627 1467 1660 κατανόει,
1479 1627 1520 1653 ὅτι
1534 1626 1593 1661 θεῷ
1604 1625 1708 1661 ὁμιλῶν
1722 1626 1738 1652 ό
1750 1633 1809 1660 προ-

1021 1673 1119 1708 φήτης,
1134 1670 1164 1700 οὗ
1183 1673 1198 1699 ὁ
1217 1673 1311 1708 θρόνος
1327 1673 1401 1700 ἐστὶν
1415 1673 1455 1704 είς
1470 1672 1516 1699 τὸν
1532 1671 1618 1699 αἰῶνα
1630 1671 1680 1698 τοῦ
1703 1671 1807 1704 αἰῶνος,

1020 1719 1067 1745 καὶ
1081 1718 1178 1754 ράΰδος
1195 1719 1341 1754 εὐθύτητος
1354 1720 1370 1755 ὴ
1385 1718 1482 1754 ῥάϐδος
1497 1718 1548 1753 τῆς
1565 1717 1706 1753 βασιλείας
1717 1717 1806 1747 αὑτοῦ,

1018 1763 1111 1790 τοῦτον
1125 1765 1171 1790 τὸν
1183 1764 1248 1791 Θεὸν
1263 1765 1330 1800 φησι
1349 1764 1492 1800 κεχρῖσθαι
1505 1764 1558 1790 ὑπὸ
1569 1763 1652 1795 Θεοῦ,
1670 1763 1702 1795 ὃς
1717 1762 1751 1799 ἦν
1766 1764 1808 1790 αὺ-

1018 1808 1065 1835 τοῦ
1085 1809 1168 1840 Θεός·
1189 1810 1332 1844 κεχρῖσθαι
1356 1811 1393 1842 δὲ,
1415 1810 1476 1837 ἐπεὶ
1496 1810 1572 1846 παρὰ
1592 1810 1656 1841 τοὺς
1681 1810 1807 1844 μετόχους

1019 1853 1101 1880 αὑτοῦ
1115 1851 1193 1886 οὗτος
1203 1855 1331 1891 ἠγάπησε
1344 1856 1528 1891 δικαιοσύνην,
1541 1856 1587 1883 καὶ
1600 1855 1736 1890 ἐμίσησεν
1752 1857 1806 1882 ἀνο-

1021 1900 1096 1935 μίαν.
1114 1900 1169 1927 Καὶ
1190 1900 1331 1936 μέμνημαί
1352 1910 1385 1936 γε
1407 1902 1478 1929 πάνυ
1499 1901 1596 1936 θλίψας
1615 1901 1663 1927 τὸν
1685 1901 1805 1928 Ἰουδαῖον

1019 1944 1195 1981 νομιζόμενον
1215 1946 1296 1980 σοφὸν
1315 1947 1348 1973 ὲκ
1363 1946 1413 1982 τῆς
1432 1946 1533 1980 λέξεως
1553 1947 1671 1982 ταύτης·
1695 1950 1726 1979 ὃς
1745 1948 1806 1983 πρὸς

1016 1991 1103 2025 αὐτὴν
1125 1990 1245 2026 ἀπορῶν,
1268 1989 1328 2018 εῐπε
1345 1991 1380 2018 τὰ
1393 1991 1432 2027 τῷ
1450 1992 1546 2018 ἑαυτοῦ
1571 1992 1735 2028 Ἰουδαϊσμῷ
1750 1993 1805 2019 ἀκό-

1015 2034 1105 2061 λουθα·
1120 2035 1190 2069 εἷπε,
1199 2036 1268 2070 πρὸς
1279 2035 1329 2071 μὲν
1345 2036 1391 2063 τὸν
1401 2036 1456 2063 τῶν
1464 2036 1532 2063 ὅλων
1546 2036 1613 2063 Θεὸν
1625 2037 1757 2073 εἰρῆσθαι
1770 2038 1804 2067 τὸ,

1016 2090 1026 2106 ι
1045 2081 1075 2108 Ὀ
1089 2080 1183 2116 θρόνος
1196 2090 1242 2108 σου
1254 2083 1268 2108 ό
1280 2081 1347 2114 Θεὸς
1360 2082 1401 2113 είς
1411 2082 1455 2108 τὸν
1464 2082 1549 2109 αἰῶνα
1562 2082 1609 2109 τοῦ
1620 2083 1733 2115 αἰῶνος·
1750 2083 1806 2117 ῥάϐ-

175 2127 220 2159 δος
239 2126 384 2162 εὐθύτητος
403 2128 420 2162 ἡ
443 2127 538 2163 ῥάϐδος
553 2128 602 2163 τῆς
618 2127 754 2162 βασιλείας
771 2137 817 2154 σου
830 2137 838 2144 ·
860 2137 870 2154 ι
888 2129 956 2164 πρὸς
973 2128 1001 2155 δὲ
1017 2128 1063 2155 τὸν
1075 2128 1192 2164 Χριστὸν
1208 2129 1247 2161 τὸ,
1281 2139 1290 2155 ι
1312 2129 1473 2165 Ἦγάπησας
1486 2129 1670 2164 δικαιοσύνην,
1689 2131 1739 2157 καὶ
1752 2131 1805 2166 ἐμί-

178 2182 263 2208 σησας
279 2174 406 2209 ἀνομίαν⁶
424 2174 468 2200 διὰ
482 2174 560 2200 τοῦτο
583 2174 676 2209 ἐχρισέ
691 2183 721 2201 σε
743 2177 757 2202 ὁ
777 2175 871 2208 Θεὸς,ό
885 2175 951 2207 Θεός
963 2184 1020 2206 σου,
1036 2185 1045 2201 ›
1061 2175 1154 2202 καὶτὰ
1168 2175 1240 2211 ἑξῆς.
1276 2180 1279 2181 ⁷

212 2221 257 2248 57.
278 2221 374 2248 Adhuc
402 2222 473 2256 apud
487 2221 594 2248 Celsum
614 2221 722 2250 Judwus
740 2223 908 2250 Salvatorem
929 2224 968 2251 sic
985 2226 1006 2253 D

177 2265 342 2299 alloquitur:
356 2275 365 2291 ι
379 2265 406 2292 Si
418 2267 443 2292 id
452 2267 528 2298 dicis,
538 2267 683 2302 quemlibet
694 2267 965 2303 hominemquijuxta

175 2311 295 2338 divinam
308 2312 505 2345 providentiam
524 2316 603 2339 natus
617 2312 708 2345 fuerit,
724 2319 784 2340 esse
797 2313 893 2340 Filium
907 2313 966 2343 Dei,

175 2358 267 2392 quain
282 2365 312 2384 re
330 2358 413 2385 disias
443 2359 521 2386 aliis?
547 2369 557 2386 ι
580 2360 629 2387 Cui
654 2359 876 2394 respondebimus
904 2365 965 2386 esse

174 2405 283 2439 quidem
307 2405 353 2432 Dei
384 2406 482 2438 illium,
498 2407 631 2441 quisquis.
656 2411 686 2434 ut
705 2405 805 2434 Paulus
824 2406 913 2437 docet,
928 2406 965 2433 ti-

175 2458 250 2479 more
266 2459 319 2478 non
334 2452 449 2485 ducitur,
466 2452 546 2487 372
556 2453 602 2479 sed
615 2452 741 2479 virtutem
755 2455 865 2486 propter
875 2451 962 2484 ipsam

174 2497 361 2531 amplectitur;
378 2498 450 2524 hunc
465 2505 528 2525 vero
550 2498 627 2533 longe
648 2498 803 2531 discrepare
819 2497 852 2524 ab
869 2496 901 2523 iis
915 2495 962 2530 qui

175 2549 284 2578 propter
304 2545 430 2571 virtutem
445 2544 490 2570 lilii
505 2543 551 2571 Dei
565 2544 748 2574 nominantur,
764 2546 793 2569 ut.
807 2542 852 2577 qui
866 2549 959 2568 eorum

209 2623 231 2639 ³⁸
251 2623 323 2651 Psal.
342 2631 415 2656 xuv,
427 2624 454 2657 3,
471 2624 499 2656 4,
512 2624 540 2655 5,
553 2624 580 2651 6.
619 2623 640 2638 ³¹
657 2623 722 2650 ibid.
740 2623 765 2656 7,
783 2622 810 2650 8.

210 2704 277 2741 (64),
289 2705 374 2733 Codd.
398 2705 497 2739 Regius
513 2710 540 2733 et
559 2705 722 2741 Basileensis
735 2725 742 2735 .
767 2706 804 2741 μὴ
821 2707 964 2734 πιστεύου-

175 2747 227 2778 σιν.
243 2740 354 2778 Ibidem,
378 2741 424 2778 δύο
441 2740 565 2778 λέγουσιν
587 2739 656 2778 εἶναι
673 2741 721 2778 τὰς
736 2739 855 2778 Χριστοῦ
866 2742 964 2778 -έπιδη-

176 2774 331 2811 μίαςδῗνίᾳο
347 2775 504 2811 infrarnuin.
519 2776 565 2803 ‘29.
593 2776 663 2803 Just.
679 2776 749 2802 Dial.
767 2774 838 2801 'rum
865 2774 961 2811 Trypii.

176 2815 192 2841 p
215 2809 278 2840 2H,
297 2809 361 2841 ‘26s,
384 2810 452 2842 550;
484 2809 553 2837 lren.
576 2811 621 2838 lih.
642 2819 677 2841 iv,
700 2818 759 2844 cap.
780 2809 958 2843 55;'l‘crtull.

1057 2223 1117 2249 Ἔτι
1132 2222 1160 2249 δὲ
1177 2223 1245 2258 πρὸς
1258 2223 1303 2250 τὸν
1319 2222 1433 2259 Σωτῆρα
1447 2223 1522 2258 αὐτῷ
1534 2224 1548 2250 ὁ
1566 2223 1693 2255 Ἰουδαῖός
1711 2231 1802 2258 φησιν·

1019 2268 1059 2294 ὅτι
1075 2278 1083 2293 ι
1104 2269 1128 2294 εἰ
1143 2268 1220 2294 τοῦτο
1239 2268 1338 2302 λέγεις,
1357 2269 1397 2295 ὅτι
1414 2269 1467 2300 πᾶς
1483 2269 1625 2304 ἄνθρωπος
1644 2269 1718 2295 κατὰ
1737 2269 1803 2295 θείαν

1019 2314 1147 2349 πρόνοιαν
1168 2313 1287 2348 γεγονὼς
1302 2315 1359 2346 υἱός
1381 2315 1438 2341 ἐστι
1461 2314 1547 2347 Θεοῦ,
1565 2315 1591 2341 τί
1616 2314 1650 2341 ἂν
1672 2316 1708 2342 σὺ
1730 2314 1802 2341 ἄλλον

1019 2360 1166 2395 διαφέρῃς;
1178 2369 1186 2385 ι
1198 2360 1269 2396 Πρὸς
1277 2360 1306 2387 ὃν
1315 2360 1440 2396 ἐροῦμεν,
1452 2361 1493 2387 ὅτι
1505 2361 1558 2392 πᾶς
1569 2361 1617 2396 μὲν
1628 2361 1654 2392 ὁ,
1670 2361 1732 2392 ὼςό
1740 2360 1804 2387 Παῦ-

1018 2404 1063 2437 λος
1071 2408 1078 2439 (
1082 2406 1097 2431 6
1102 2405 1127 2439 5)
1134 2405 1270 2441 ὠνόμασε,
1281 2406 1379 2441 μηκέτι
1388 2406 1440 2433 ὑπὸ
1448 2406 1530 2440 φόὸου
1538 2415 1576 2433 πα
1580 2406 1715 2440 ιδαγωγού
1719 2415 1800 2441 μενος,

1018 2451 1086 2478 ἀλλὰ
1101 2451 1134 2477 δι’
1151 2452 1217 2479 αὐτὸ
1229 2453 1259 2479 τὸ
1274 2453 1354 2479 καλὸν
1371 2453 1542 2488 αἱρούμενος,
1563 2453 1620 2485 υίός
1643 2455 1703 2480 ἐστι
1723 2453 1800 2481 Θεοῦ·

1015 2494 1092 2529 οὗτος
1105 2498 1134 2524 δὲ
1150 2498 1240 2534 πολλῷ
1260 2499 1306 2525 καὶ
1321 2499 1420 2535 μακρῷ
1436 2499 1559 2535 διαφέρει
1575 2499 1676 2531 παντὸς
1699 2501 1746 2527 τοῦ
1763 2500 1800 2526 διὰ

1014 2542 1063 2577 τὴν
1083 2543 1183 2579 ἀρετὴν
1193 2544 1408 2580 χρηματίζοντος
1424 2544 1483 2571 υἱοῦ
1499 2545 1546 2572 τοῦ
1568 2545 1648 2576 Θεοῦ,
1666 2546 1740 2577 ὅστις
1755 2546 1799 2572 ὡπ-

1017 2710 1128 2745 Apolog.
1144 2718 1204 2745 cap.
1220 2710 1265 2737 2t.
1290 2710 1420 2738 Eumdem
1443 2710 1513 2736 vide.
1529 2716 1621 2737 contra
1641 2710 1759 2743 Juda‘os,
1773 2715 1794 2736 et

1017 2744 1063 2772 lib.
1081 2753 1109 2772 Ill
1124 2744 1214 2772 contra
1227 2745 1400 2774 Marciorum.
1417 2746 1549 2773 SPENcsh.

1054 2780 1109 2815 (65)
1127 2780 1294 2809 Hmschelius
1309 2781 1335 2808 in
1351 2786 1435 2814 textu,
1452 2781 1481 2807 ὃν
1493 2781 1531 2812 ὼς
1547 2789 1561 2807 ο
1572 2780 1691 2814 Παῦλος,
1708 2781 1777 2808 male.
