1843 3097
183 141 235 170 πί

906 137 967 165 ΟΜ

1029 137 1067 164 ilS
1741 144 1779 172 779.

184 210 245 231 mus
253 201 314 236 fuit,
328 201 460 229 haberent
469 200 598 227 vaticinia
611 208 626 227 a
639 199 730 235 Moyse
741 207 849 235 quoque
858 201 967 234 scriptis

1029 199 1140 234 Ηωῡσῆς
1150 198 1298 234 ἀνέγραψε,
1310 200 1483 234 προφητείας,
1494 200 1531 232 ὡς
1546 200 1592 228 καὶ
1604 200 1681 228 αύτοῦ
1695 204 1747 236 περὶ
1756 206 1779 230 τὰ

185 249 297 281 tradita,
307 251 333 274 et
347 247 401 274 illic
416 247 449 274 de
460 247 539 274 stella
552 246 680 280 legissent
695 246 783 273 istud:
800 255 809 271 ι
819 245 965 274 Ostendam

183 295 221 327 ei,
235 299 262 321 et
279 301 330 320 non
347 293 448 326 modo;
466 293 574 320 beatum
592 292 663 319 facio
685 297 713 319 et
729 300 781 319 non
799 292 967 327 propinqua-

183 340 223 367 bit
238 340 279 372 “;
299 349 308 366 ι
340 339 518 373 coniecerunt
544 338 685 367 hominem
718 338 814 370 illum,
832 339 878 373 qui
907 346 969 366 cum

182 385 260 412 stella
273 385 472 419 przenuntiatus
484 383 587 416 fuerat,
599 383 625 410 in
640 383 711 410 hanc
723 382 811 410 lucem
825 383 968 417 prodiissc;

182 437 301 465 cumque
316 430 372 464 jam
402 429 465 456 inde
488 429 579 456 animo
604 428 798 463 pratcepissent
813 429 886 456 illum
910 436 971 456 esse

182 476 324 503 daemoniis
338 480 366 503 et
389 474 533 510 spiritibus
547 475 595 508 qui
622 474 689 508 ipsis
705 482 837 509 apparere
848 480 875 501 et
891 474 971 501 mini-

181 527 271 549 strare
286 521 422 553 solebant,
437 521 667 553 prmstantiorem,
684 521 799 547 adorare
817 520 898 556 375
915 525 971 548 sta-

184 572 303 595 tuerunt.
321 568 349 594 In
364 567 484 594 Iudaeam
499 567 583 602 igitur
601 571 746 599 venerunt,
761 575 811 602 pro
831 572 906 594 certo
920 568 969 593 lia-

183 613 280 640 bcntes
296 613 451 647 quempiam
471 619 561 647 regem
579 617 672 639 natum
688 620 761 644 esse,
791 613 915 647 quamvis
943 617 971 640 et

183 659 319 692 quodnam
337 658 412 693 regni
437 665 522 692 genus
537 658 692 691 habiturus,
709 663 736 686 et
752 659 795 686 ubi
815 659 970 686 nasciturus

183 707 268 733 esset.
294 703 471 737 ignorarent;
489 703 660 737 sumptisque
685 710 778 731 secum
800 704 968 736 muneribus,

183 755 244 782 quae
255 747 335 774 veluti
351 747 471 782 symbola
487 746 524 774 illi
538 747 583 782 qui
596 754 628 774 ex
639 747 694 775 Deo
704 752 732 775 et
740 748 850 774 homine
863 747 969 774 mortali

183 798 266 825 esset,
284 798 312 820 ut
327 793 363 819 ita
381 793 479 825 dicam,
494 794 673 828 compositus,
690 794 809 826 darent;
826 798 969 828 postquam

183 839 337 866 didicerunt
356 839 467 866 ubinam
484 844 564 866 natus
581 839 688 872 fuisset,
704 844 733 866 ut
747 840 803 874 regi
819 847 926 871 aurum,
941 845 969 867 ut

183 885 316 912 morituro
331 885 481 920 myrrham,
505 878 534 911 ut
563 885 618 912 Deo
637 885 699 912 titus
723 884 893 911 obtulerunl.
916 885 969 912 Sed

184 930 313 965 qubniam
338 931 408 958 Deus
428 935 487 958 erat
504 930 637 957 Servator
661 930 706 957 ille
723 931 832 965 generis
846 930 966 963 humani,
986 924 1005 953 Β

183 977 287 1012 angelis
303 979 348 1011 qui
366 976 521 1004 hominibus
536 976 668 1003 auxilium
685 980 815 1010 praestant
832 975 910 1010 longe
925 984 971 1004 su-

182 1022 307 1056 blimior;
321 1023 433 1058 angelus
447 1031 597 1058 magorum,
610 1024 654 1058 qui
668 1022 761 1050 Iesum
775 1025 969 1054 adoravcrant,

183 1068 275 1102 pietati
303 1069 443 1103 praemium
468 1069 561 1096 retulit
587 1069 737 1096 admonens
758 1078 767 1095 ι
798 1077 832 1096 ne
850 1069 969 1096 redirent

182 1114 217 1141 ad
232 1114 378 1148 Herodem,
395 1115 442 1142 sed
458 1121 507 1149 per
527 1115 608 1142 aliam
625 1116 698 1142 viam
714 1119 918 1142 reverterentur
942 1115 969 1141 in

183 1159 323 1195 regionem
339 1167 416 1187 suam
431 1159 466 1187 δι.
484 1170 493 1186 ι

217 1204 263 1232 6L
286 1204 401 1232 insidias
421 1212 486 1232 vero
503 1205 537 1232 ab
554 1205 660 1234 Herode
677 1205 740 1234 Jesu
759 1210 822 1234 nato
849 1211 969 1234 structas

182 1256 253 1281 esse,
282 1250 389 1277 tametsi
412 1249 439 1277 id
453 1258 506 1278 non
524 1251 619 1278 credat
638 1252 709 1286 apud
724 1251 834 1280 Celsum
847 1251 968 1284 Judieus,

183 1294 296 1322 minime
313 1295 466 1322 mirandum
483 1300 536 1322 est.
552 1296 631 1323 Caeca
648 1297 721 1324 enim
737 1304 781 1324 res
796 1301 838 1324 est
853 1297 968 1330 malitia,

182 1347 208 1368 et
227 1340 311 1368 fatum
327 1341 427 1376 ipsum,
441 1342 519 1377 quasi
537 1342 635 1370 fortior
647 1347 730 1376 esset,
745 1351 879 1378 superare
901 1344 967 1371 vult.

182 1387 241 1420 Quo
258 1395 292 1415 ex
307 1387 401 1414 morbo
414 1387 542 1415 laborans
554 1388 688 1422 Herodes,
700 1393 728 1417 et
741 1389 856 1416 credidit
868 1389 977 1422 ludatis

182 1437 276 1459 natum
293 1439 353 1460 esse
369 1441 472 1468 regem,
490 1438 517 1460 et
530 1433 674 1461 consilium
692 1434 764 1468 cepit
778 1434 841 1461 huic
856 1441 969 1469 persna-

181 1478 251 1506 sioni
267 1479 339 1506 nullo
352 1480 431 1506 modo
444 1484 666 1507 consentaneum.
684 1478 818 1507 Nimirum
833 1487 886 1507 non
903 1480 969 1507 vidit

181 1531 228 1553 aut
241 1527 352 1553 omnino
376 1534 466 1562 regem
490 1534 563 1558 esse,
588 1531 615 1553 Θῐ
634 1531 833 1561 regnaturum;
852 1531 899 1554 aut
915 1535 968 1555 non

183 1575 375 1607 regnaturum,
400 1577 427 1599 et
454 1572 554 1599 frustra
582 1571 757 1599 interfectum
780 1572 824 1599 iri.
849 1572 967 1600 luterfici

184 1617 266 1652 igitur
281 1617 384 1649 voluit,
401 1622 552 1652 pugnantes
570 1617 596 1644 in
621 1618 771 1645 sententias
796 1618 971 1652 improbitate

187 1667 280 1697 raptus
296 1664 468 1698 agitatusque
483 1671 498 1690 a
513 1671 586 1691 cmco
601 1663 779 1699 improboquc
792 1664 914 1697 diabolo,
926 1665 972 1698 qui

183 1709 318 1736 Salvatori
330 1709 386 1743 jam
398 1709 433 1736 ab
446 1710 523 1736 initio
539 1709 684 1737 insidiatus
700 1715 752 1743 est,
768 1710 894 1744 opinatus
909 1719 970 1738 eum

181 1757 210 1780 et
225 1760 285 1780 esse
298 1758 325 1780 et
343 1752 402 1781 fore
420 1761 558 1789 maguum.
577 1755 667 1788 Quare
683 1755 813 1790 angelus,
831 1755 890 1789 qui,
908 1755 973 1783 licet

182 1799 208 1825 id
225 1799 320 1826 Celsus
333 1807 386 1826 non
401 1800 505 1833 credat,
523 1801 612 1828 ordini
631 1809 721 1828 rerum
738 1808 799 1829 sese
817 1809 972 1829 accommo-

181 1844 274 1877 dabat,
299 1843 446 1879 Josephunt
473 1847 579 1874 monuit
601 1851 630 1873 ut
646 1854 707 1874 cum
732 1854 816 1881 puero
839 1851 866 1874 et
883 1852 971 1874 matre

180 1890 240 1924 ejus
255 1891 282 1917 iu
294 1891 441 1926 Aﬂgyptum
457 1892 573 1927 fugeret.
584 1893 706 1920 Herodes
720 1898 824 1924 autem,
837 1897 971 1928 quotquot

181 1943 257 1965 erant
270 1939 295 1965 in
308 1938 446 1966 Bethleem
456 1939 556 1974 oppido
565 1939 680 1974 ejusque
695 1940 794 1967 finibus
806 1947 901 1967 recens
913 1940 969 1966 nati

183 1983 314 2011 trucidari
328 1983 430 2018 jussit,
445 1984 523 2019 quasi
540 1991 602 2012 cum
621 1984 660 2011 eis
685 1984 882 2012 interfecturus
896 1989 969 2011 esset

181 2034 274 2057 natum
290 2029 445 2058 Iudaeorum
468 2038 577 2066 regem:
595 2031 643 2058 sed
670 2038 723 2058 non
738 2030 856 2058 advertit
873 2035 971 2065 poten-

183 2075 248 2102 tiam
261 2083 332 2108 esse,
349 2083 410 2111 quae
418 2081 550 2110 perpetuo
568 2076 691 2110 invigilat
704 2075 793 2110 dignis
811 2076 856 2110 qui
871 2075 904 2102 ad
919 2075 969 2102 ho-

181 2122 284 2148 minum
300 2121 415 2149 salutem
430 2126 573 2149 serventur
584 2142 592 2155 ,
611 2127 638 2149 et
659 2122 731 2149 inter
747 2129 795 2149 eos
816 2121 967 2156 principem

181 2171 210 2194 et
236 2166 367 2201 dignitate
390 2170 418 2193 et
439 2166 598 2201 praestantia
626 2166 715 2194 locum
739 2172 831 2195 tenere
856 2166 966 2199 Jesnm;

182 2211 228 2246 qui
245 2211 353 2247 quidem
369 2219 415 2240 rex
428 2217 489 2239 erat
508 2213 628 2245 futurus,
645 2219 698 2240 non
714 2217 805 2240 tamen
826 2217 856 2239 ut
871 2213 968 2239 existi-

183 2259 274 2286 mabat
287 2258 420 2291 llerodes,
435 2259 482 2286 sed
498 2259 726 2293 quemadmodum
744 2258 860 2286 decebat
876 2267 966 2292 regem
986 2270 1005 2297 ι)

182 2312 253 2337 esse,
272 2305 314 2332 cui
328 2305 399 2332 Deus
417 2312 528 2340 regnum
544 2305 714 2339 contulerit;
733 2313 830 2340 nempe
843 2306 889 2340 qui
904 2306 968 2333 sub-

182 2352 246 2379 ditis
260 2351 328 2378 bene
341 2351 454 2385 faceret,
469 2359 522 2379 non
536 2351 690 2379 tribuendis
702 2351 798 2377 mediae
810 2356 915 2378 natura:
930 2356 966 2385 et,

182 2401 214 2424 ut
237 2397 272 2424 ita
295 2397 411 2432 loquar,
438 2397 655 2425 iudiﬂ‘erentibus
673 2396 826 2428 beneﬁciis,
841 2396 889 2423 sed
904 2404 967 2423 eru-

181 2443 280 2470 diendo
294 2450 341 2470 cos
361 2444 534 2478 regendaque
554 2443 657 2478 legibus
679 2449 743 2469 vere
759 2442 869 2469 divinis.
890 2443 966 2475 Quod

181 2489 272 2516 sciens
289 2489 368 2516 Jesus
381 2495 535 2524 negansque
549 2497 579 2515 se
593 2495 627 2515 eo
635 2494 717 2516 sensu
731 2495 792 2515 esse
807 2495 898 2522 regem
913 2495 968 2523 quo

180 2535 303 2571 plerique
316 2535 480 2569 intelligunt.
498 2541 530 2561 ac
549 2534 651 2561 docens
665 2537 768 2568 quanto
783 2533 818 2561 sit
832 2534 969 2561 excellen-

181 2582 233 2608 tius
251 2588 363 2615 regnum
375 2579 442 2614 ejus,
457 2580 496 2607 ait
509 2589 515 2606 :
532 2589 541 2605 ι
563 2579 592 2607 Si
605 2587 637 2606 ex
655 2580 708 2606 hoc
723 2580 822 2606 mundo
837 2584 910 2607 esset
924 2587 967 2607 ιο·

179 2634 263 2658 gnum
279 2633 378 2656 meum,
397 2625 516 2653 ministri
541 2625 593 2652 mei
615 2625 709 2660 utique
732 2626 922 2658 decertarent,
939 2630 969 2652 ut

217 2684 239 2700 “
255 2683 333 2711 Num.
358 2690 432 2715 xxiv,
461 2683 505 2711 l7.
544 2683 565 2699 “
584 2683 678 2711 Matth.
694 2691 727 2716 ιι,
750 2683 795 2711 η.

220 2732 301 2774 '(79)
329 2732 396 2760 Tres
424 2732 567 2767 Anglicani
593 2736 621 2759 et
654 2731 847 2758 Basileensis:
881 2730 966 2765 βασι-

294 2801 342 2834 Ὠς
366 2801 493 2833 ,ϐασιλεῖ
513 2802 568 2829 τὸν
593 2802 726 2836 χρυσόν,
753 2804 807 2827 etc.
837 2799 964 2836 Eamdem

185 2835 323 2870 mysticam
345 2844 487 2864 munerum
507 2844 521 2863 a
538 2835 625 2871 magis
647 2836 802 2864 oblatorum
827 2835 965 2870 significa-

1019 244 1130 270 τοιαῦτα
1146 245 1290 280 γενομένου
1304 245 1401 278 δεινοῦ,
1413 246 1459 272 καὶ
1473 246 1597 281 εὑρόντες
1612 248 1666 274 ἐκεῖ
1679 249 1734 284 περὶ
1746 250 1780 275 τοῦ

1021 291 1121 326 ἄστρου
1137 291 1184 317 καὶ
1198 291 1229 317 τό
1245 299 1251 305 '
1271 301 1280 316 (
1297 291 1380 324 Δεὶξω
1395 292 1478 326 αὐτῷ,
1491 293 1537 318 καὶ
1551 293 1611 328 οὐχ).
1634 293 1678 320 νῦν
1691 302 1697 308 “
1713 303 1779 329 μακα-

1022 335 1089 371 ρίζω
1100 356 1107 368 ,
1125 337 1172 364 καὶ
1190 337 1240 362 οὐκ
1255 337 1355 371 ὲγγιεῖ”
1376 347 1385 363 ι
1403 338 1584 372 ὲστοχάσαντο
1600 339 1643 365 τὸν
1667 339 1727 373 μετὰ
1748 341 1781 366 τοῦ

1021 382 1120 417 ἄστρου
1131 383 1369 418 προφητευόμενον
1380 383 1524 419 ἄνθρωπον
1535 384 1747 420 ἐπιδεδημηκέναι
1755 387 1782 420 τῷ

1022 427 1072 463 βίῳ
1087 429 1134 455 καὶ
1148 429 1185 460 ὠς
1202 429 1311 456 πάντων
1326 429 1461 464 δαιμόνων
1478 430 1524 456 καὶ
1541 429 1594 456 τῶν
1608 431 1636 456 ὲν
1651 430 1701 457 ἔθει
1713 431 1783 463 αὐτοῖς

1022 472 1233 508 φανταζομένων
1250 475 1296 500 καὶ
1309 474 1492 510 ἐνεργούντων
1507 474 1648 509 κρείττονα
1663 475 1784 510 προλααν-

1020 527 1076 550 τες,
1089 520 1275 555 προσκυνῆσαι
1292 520 1437 555 ἠθέλησαν.
1455 517 1542 546 Ἧκον
1556 518 1603 547 οὗν
1619 521 1662 547 ἐπὶ
1675 521 1719 556 τὴν
1735 522 1784 547 Ἰου-

1020 565 1098 591 δαίαν
1110 585 1117 596 ,
1134 565 1175 592 ὅτι
1202 566 1249 600 μὲν
1267 566 1392 601 βασιλεύς
1418 575 1460 598 τις
1474 566 1621 601 γεγένηται
1636 567 1784 602 πειθόμενοι,

1021 611 1080 636 τίνα
1097 611 1124 637 δὲ
1139 610 1276 646 βασιλείαν
1294 611 1460 646 βασιλεύσων
1477 612 1545 648 (79),
1561 613 1611 639 οὑκ
1625 613 1784 648 ἐπιστάμενοι,

1021 656 1036 690 ἢ
1052 655 1102 682 ποῦ
1117 656 1327 692 γεννηθήσεται,
1343 658 1372 684 οὐ
1388 657 1584 692 γιγνώσκοντες
1596 667 1603 673 ·
1622 659 1738 695 φέροντες
1750 661 1786 695 μὲν

1020 701 1103 736 δῶρα,
1116 700 1133 728 ἃ
1148 702 1157 737 (
1166 702 1199 728 ἵν’
1209 702 1294 734 οὓτως
1309 703 1434 738 ὀνομάσω
1447 704 1456 739 )
1474 704 1593 739 συνθέτῳ
1616 705 1666 731 τινὶ
1689 706 1718 732 ἐκ
1734 706 1785 732 Θεοῦ

1021 749 1068 773 καὶ
1082 747 1228 783 ἀνθρώπου
1248 748 1346 783 θνητοῦ
1361 750 1550 784 προσήνεγκαν
1576 750 1693 785 σύμϐολα
1704 751 1786 786 μὲν,ὠς

1022 793 1124 828 βασιλεὶ
1135 793 1180 820 τὸν
1195 794 1294 829 χρυσὸν
1308 794 1417 829 (80),ὼς
1428 795 1456 820 δὲ
1467 795 1654 832 τεθνηξομένῳ
1663 797 1706 832 τὴν
1721 797 1787 832 σμύρ-

1020 847 1079 871 ναν,
1093 840 1130 870 ὡς
1146 839 1174 865 δὲ
1187 839 1246 874 Θεῷ
1258 840 1303 867 τὸν
1320 840 1468 867 λιϐανωτόν
1480 850 1486 856 ”
1501 843 1688 878 προσήνεγκαν
1701 843 1734 875 δὲ,
1749 852 1787 878 μα-

1022 885 1113 917 θόντες
1124 885 1169 912 τὸν
1181 886 1263 912 τόπον
1273 887 1321 921 τῆς
1331 886 1463 920 γενέσεως
1479 887 1571 914 αὑτοῦ.
1594 888 1662 914 Ἀλλ’
1673 889 1726 915 ἐπεὶ
1738 889 1786 919 Θεὸς

1019 929 1063 967 ἦν,
1092 933 1105 958 6
1131 932 1201 968 ὑπὲρ
1226 933 1290 964 τοὺς
1313 931 1476 968 βοηθοῦντας
1503 933 1657 970 ἀνθρώποις
1681 935 1787 968 ἀγγέλους

1021 977 1180 1013 ἐνυπάρχων
1197 977 1266 1013 (81)
1281 978 1376 1013 Σωτὴρ
1392 977 1438 1004 τοῦ
1457 979 1552 1013 γένους
1568 979 1624 1006 τῶν
1650 980 1786 1016 ἀνθρώπων,

1021 1024 1135 1058 ἄγγελος
1158 1024 1294 1059 ἠμείψατο
1318 1024 1366 1059 τὴν
1380 1024 1434 1050 τῶν
1450 1024 1545 1059 μάγων
1561 1026 1610 1052 ἐπὶ
1628 1027 1787 1062 προσκυνῆσαι

1019 1070 1064 1096 τὸν
1089 1069 1193 1104 Ἰησοῦν
1220 1069 1364 1096 εὐσέϐειαν
1379 1089 1386 1100 ,
1415 1071 1588 1106 χρηματίσας
1615 1072 1720 1104 αὐτοῖς,
1736 1082 1743 1097 ι
1761 1072 1787 1107 μὴ

1019 1114 1095 1149 ἥκειν
1109 1114 1177 1148 πρὸς
1190 1113 1236 1141 τὸν
1252 1113 1383 1149 Ἡρώδην,
1395 1113 1450 1140 ἀλλ’
1465 1115 1622 1143 ἐπανελθεῖν
1634 1116 1699 1153 ἄλλῃ
1709 1117 1788 1152 ὀδῷείς

1019 1159 1054 1186 τὰ
1068 1161 1166 1187 οἰκεῖα.
1184 1169 1193 1185 ι

1057 1205 1087 1231 Εἰ
1112 1204 1134 1229 δ’
1158 1203 1280 1240 Ἡρώδης
1303 1205 1480 1232 ἐπεϐούλευσε
1501 1205 1540 1241 τῷ
1564 1206 1733 1242 γεννηθέντι,
1752 1207 1789 1234 κᾶν

1021 1249 1059 1286 μὴ
1085 1250 1218 1287 πιστεύσῃ
1244 1251 1352 1286 ἀληθῶς
1372 1251 1450 1278 τοῦτο
1473 1252 1615 1286 γεγονέναι
1641 1254 1655 1280 ὁ
1675 1253 1742 1289 παρὰ

1020 1296 1116 1331 Κέλσῳ
1131 1296 1267 1328 Ἰουδαῖος,
1282 1297 1313 1323 οὐ
1333 1296 1502 1331 θαυμαστόνε
1515 1298 1536 1324 Τ
1538 1298 1623 1333 υφλὺν
1638 1298 1692 1334 γάρ
1703 1298 1725 1325 τί
1735 1300 1790 1325 ἐστιν

1020 1343 1037 1378 ἡ
1052 1343 1168 1378 πονηρία
1178 1363 1185 1374 ,
1202 1344 1248 1370 καὶ
1265 1343 1472 1380 βουλομένη.ὠς
1485 1344 1650 1380 ἰσχυροτέρα.
1657 1345 1700 1372 τοῦ
1713 1345 1789 1380 χρεὼν,

1019 1389 1097 1424 νικᾷν
1116 1389 1192 1416 αὑτό.
1211 1390 1300 1425 Ὅπερ
1323 1389 1371 1416 καὶ
1393 1389 1514 1426 Ἡρώδης
1538 1390 1652 1423 παθὼν,
1669 1391 1713 1418 καὶ
1730 1390 1790 1417 πεπί-

1021 1443 1116 1462 στευκε
1131 1434 1243 1469 βασιλέα
1258 1435 1436 1470 γεγεννῆσθαι
1458 1436 1602 1468 Ἰουδαίων,
1628 1437 1674 1464 καὶ
1687 1436 1790 1471 ἀνομολο-

1020 1480 1156 1516 γουμένην
1179 1479 1234 1516 εἶχε
1261 1482 1293 1516 τῇ
1320 1481 1409 1507 πίστει
1430 1481 1516 1518 ταύτῃ
1538 1482 1748 1516 συγκατάθεσιν”
1764 1480 1790 1516 μὴ

1022 1527 1094 1560 ἰδὼν,
1111 1528 1152 1554 ὅτι
1170 1529 1229 1563 ἦτοι
1246 1528 1354 1559 πάντως
1371 1526 1426 1561 (82)
1445 1527 1571 1562 βασιλεύς
1589 1529 1661 1561 ἐστι,
1677 1529 1720 1555 καὶ
1732 1528 1791 1563 βασιν

1021 1573 1126 1606 λεύσει,
1144 1574 1160 1608 ἢ
1178 1574 1208 1600 οὐ
1227 1573 1396 1608 βασιλεύσει,
1413 1575 1460 1601 καὶ
1482 1574 1570 1609 μάτην
1594 1575 1789 1610 ἀναιρεθήσεται.

1031 1619 1178 1654 Ἐὁουλήθη
1195 1618 1242 1646 οὖν
1253 1619 1333 1646 αὐτὸν
1349 1619 1517 1652 ἀποκτεῖναι,
1536 1621 1694 1656 μαχομένας
1707 1620 1746 1647 διὰ
1755 1620 1791 1653 τὴν

1025 1665 1122 1691 κακίαν
1143 1664 1212 1700 ἔχων
1229 1665 1347 1701 κρίσετς,
1372 1665 1424 1692 ὑπὸ
1440 1665 1487 1692 τοῦ
1506 1665 1609 1700 τυφλοῦ
1630 1666 1677 1693 καὶ
1696 1663 1792 1701 πονηροῦ

1023 1710 1145 1737 διαϐόλου
1161 1710 1328 1745 κινούμενος,
1345 1710 1374 1742 ὃς
1394 1710 1440 1736 καὶ¹
1459 1710 1578 1746 ἀρχῆθεν
1599 1711 1753 1738 ἐπεϐούλευε
1764 1710 1791 1743 τῷ

1024 1756 1140 1791 Σοτῆρι,
1158 1755 1321 1790 φαντασθεὶς
1333 1756 1413 1782 αὐτὸν
1429 1753 1498 1782 εἷναί
1511 1764 1571 1782 τινα
1587 1756 1676 1791 μέγαν
1692 1756 1734 1782 καὶ
1747 1755 1791 1781 ἑστ-

1024 1801 1095 1828 σθαι.
1112 1801 1243 1835 ΙἈγγελος
1259 1801 1308 1836 μὲν
1325 1798 1371 1827 οὖν
1387 1801 1554 1837 ἐχρημάτισε
1575 1802 1616 1837 τῷ
1640 1801 1791 1837 Ἰωσὴφ,τὴν

1022 1847 1180 1874 ἀκολουθίαν
1193 1846 1248 1873 τῶν
1263 1846 1433 1882 πραγμάτων
1450 1846 1540 1882 τηρῶν
1551 1867 1557 1879 ,
1576 1847 1631 1874 κᾶν
1649 1847 1686 1883 μὴ
1701 1845 1791 1880 πιστεύῃ

1021 1893 1133 1924 Κέλσος,
1152 1892 1329 1928 ἀναχωρῆσαι
1341 1892 1410 1927 μετὰ
1423 1892 1467 1919 τοῦ
1481 1892 1576 1924 παιδος
1589 1893 1638 1919 καὶ
1649 1893 1699 1928 τῆς
1712 1892 1791 1927 μητρὶς

1021 1938 1102 1964 αὐτοῦ
1123 1939 1163 1970 εἰς
1177 1937 1327 1971 Αἰγυπτονδ
1349 1938 1363 1963 6
1375 1936 1396 1962 δ’
1418 1936 1539 1972 Ἡρώδης
1565 1937 1657 1964 ἀνεῖλε
1677 1937 1756 1963 πάντα
1769 1936 1790 1961 τὰ

1020 1985 1048 2011 ὲν
1065 1984 1188 2020 Βηθλεὲμ
1201 1983 1247 2009 καὶ
1258 1985 1313 2014 τοῖς
1323 1983 1406 2018 ὁρίοις
1416 1981 1502 2017 αὐτῆς
1516 1983 1624 2015 παιδία,
1636 1983 1675 2015 ὡς
1689 1990 1791 2009 συναναι-

1021 2031 1111 2065 ρήσων
1137 2030 1182 2055 τὸν
1200 2029 1364 2064 γεννηθέντα
1386 2027 1519 2054 Ἰουδαίων
1550 2028 1675 2063 βασιλέα.
1698 2028 1732 2054 υὺ
1752 2026 1791 2060 γὰρ

1020 2075 1092 2110 ἑώρα
1119 2074 1168 2109 τὴν
1193 2074 1341 2109 ἀκοίμητον
1371 2073 1487 2109 φρουρὸν
1512 2073 1628 2107 δύναμιν
1653 2073 1707 2099 τῶν
1728 2072 1791 2104 ἀξίων

1020 2120 1196 2156 φρουρεῖσθαι
1219 2120 1265 2146 καὶ
1285 2118 1426 2154 τηρεῖσθαι
1448 2120 1480 2154 τῇ
1500 2120 1624 2154 σωτηρίᾳ
1639 2119 1692 2145 τῶν
1707 2116 1791 2152 ἀνθρώ-

1021 2175 1078 2193 πων
1090 2187 1098 2196 ,
1114 2163 1152 2193 ὧν
1179 2165 1287 2201 πρῶτος
1303 2165 1411 2192 πάντων
1431 2166 1498 2200 τιμῇ
1521 2165 1568 2191 καὶ
1591 2165 1713 2200 ὑπεροχῇ
1735 2164 1792 2197 πάσῃ

1021 2211 1122 2248 μείζων
1148 2210 1182 2247 ἦν
1207 2213 1221 2238 6
1246 2211 1359 2246 Ἰησοῦς,
1387 2209 1528 2245 βασιλεὺς,
1550 2210 1601 2245 οὐχ
1624 2210 1663 2242 ὡς
1690 2207 1790 2244 Ἡρώδης

1020 2259 1098 2294 ᾤετο,
1111 2258 1248 2292 ἐσόμενος,
1267 2257 1322 2283 ἀλλ’
1341 2257 1378 2288 ὡς
1394 2256 1497 2292 ἔπρεπε
1513 2256 1558 2282 τὸν
1574 2255 1643 2282 Θεὸν
1657 2255 1748 2282 διδόναι
1757 2254 1791 2287 βι-

1024 2303 1125 2330 σιλείαν
1139 2322 1145 2334 ,
1174 2303 1216 2328 ἐπ’
1232 2301 1376 2336 εὐεργεσίᾳ
1398 2300 1451 2327 τῶν
1474 2299 1692 2335 βασιλευομένων
1705 2319 1712 2331 ,
1725 2298 1758 2333 τῷ
1769 2297 1791 2323 οὐ

1024 2350 1108 2385 μέσην
1133 2349 1178 2375 καὶ
1194 2347 1338 2382 ἀδιάφορον
1356 2347 1398 2381 (ἶν’
1414 2345 1500 2378 οὕτως
1515 2346 1655 2381 ὀνομάσω)
1671 2344 1793 2381 εὐεργετή-

1023 2404 1094 2422 σοντι
1105 2396 1168 2426 τοὺς
1180 2394 1423 2428 ὑποτεταγμένους,
1436 2392 1502 2419 ἀλλά
1518 2393 1611 2427 νόμοις
1629 2391 1732 2426 ἀληθῶς
1739 2387 1790 2415 Θεοῦ

1023 2441 1192 2468 παιδεύσοντι
1210 2440 1256 2466 καὶ
1273 2438 1402 2470 ὑπάξοντι
1418 2437 1514 2469 αὐτούς
1526 2446 1532 2452 ·
1556 2438 1626 2473 ὅπερ
1646 2437 1694 2464 καὶ
1709 2433 1792 2470 Ἰησοῦς

1022 2487 1217 2522 ἐπιστάμενος,
1236 2485 1283 2511 κα)⁹
1308 2483 1471 2519 ἀρνούμενος
1494 2484 1543 2518 μὲν
1566 2482 1597 2509 τὸ
1621 2481 1709 2514 εἶναι,
1723 2481 1754 2511 ὡς
1773 2478 1791 2504 οἱ

1022 2532 1113 2559 πολλοὶ
1127 2532 1293 2566 ἐκδέχονται,
1307 2529 1441 2565 βασιλεὺς,
1457 2528 1589 2556 διδάσκων
1606 2528 1637 2555 δὲ
1667 2527 1696 2555 τὸ
1710 2526 1792 2561 ἐξαίρει

1021 2587 1066 2605 τον
1086 2578 1134 2613 τῆς
1160 2577 1255 2604 ἑαυτοῦ
1274 2576 1425 2612 βασιλείας,
1448 2575 1516 2610 φησὶ
1530 2574 1576 2600 τό’
1595 2583 1606 2600 ‹
1624 2575 1656 2601 Et
1669 2572 1702 2609 ἦν
1715 2575 1743 2600 ὲκ
1757 2571 1790 2596 τοῦ

1022 2625 1124 2659 κόσμου
1147 2623 1241 2650 τούτου
1266 2623 1283 2658 ἡ
1304 2621 1427 2657 βασιλεία
1455 2622 1471 2656 ὴ
1491 2620 1562 2656 ἐμὴ,
1584 2621 1610 2648 οἱ
1633 2618 1790 2657 ὑπηρέται·οὶ

1019 2731 1121 2757 tionem
1145 2728 1225 2754 atl'ert
1240 2726 1310 2754 lren.
1324 2726 1341 2753 l.
1356 2734 1386 2752 Ill
1406 2730 1497 2752 contra
1509 2725 1592 2756 Imm,
1607 2732 1632 2753 c.
1647 2725 1676 2757 9.
1688 2720 1780 2751 alittle

1065 2764 1109 2796 81)
1132 2761 1339 2796 Ἐνυπάρχων.
1354 2761 1466 2788 Guietus
1480 2760 1581 2786 mavult
1599 2760 1736 2796 ὑπάρχων.

1065 2765 1095 2790 81
1132 2765 1339 2796 Ἐνυπάρχων.
1354 2765 1466 2788 tiuietus
1480 2765 1581 2786 mavult
1599 2765 1736 2794 ὑπάρχων.

1065 2765 1110 2834 8ἳέ
1126 2798 1258 2834 Πάντως.
1275 2797 1320 2823 Sic
1334 2800 1406 2824 recte
1419 2796 1506 2823 codex
1518 2799 1637 2830 uterque
1653 2793 1787 2822 Vaticanus.

1018 2832 1092 2862 Libri
1102 2832 1187 2866 'editi,
1204 2832 1320 2858 πάντων.
