1843 3097
76 147 135 175 773

74 206 144 242 ἐμοὶ
153 205 318 241 ἠγωνίζοντο
333 207 375 239 ἂν,
388 207 430 234 ἵνα
446 207 482 243 μὴ
495 208 638 244 παραδοθῶ
651 212 707 241 τοῖς
725 211 835 237 Ἰουδαίο

951 220 978 240 )n
1006 215 1126 242 traderer
1144 215 1244 244 Judtnis
1266 228 1272 249 ;

73 254 140 280 νυνὶ
158 252 187 279 δὲ
203 253 254 279 οὐκ
269 253 343 280 ἔστιν
360 255 391 280 ἐκ
405 253 451 280 τοῦ
473 254 575 289 κόσμου
596 255 690 282 τούτου
709 257 724 291 ὴ
752 257 872 291 βασιλεία

73 299 93 333 ἡ
112 299 178 334 ἐμή.
201 308 210 324 ι
226 298 318 325 Ταῦτα
335 299 357 325 δ’
372 300 395 325 εἰ
409 299 527 334 ἑωράκει
541 302 554 326 ὸ
571 300 683 332 Κέλσος,
698 302 748 328 οὐκ
764 302 797 329 ἂν
815 303 872 328 ἐλε-

71 351 142 377 γεν·
165 353 173 369 ι
189 344 220 370 Εἰ
235 344 257 370 δ’
273 345 346 376 ὅπως
363 344 399 380 μὴ
416 346 448 372 σὺ
461 345 589 381 αὐξηθεὶς
603 347 660 373 ἀντ’
675 347 778 374 ἐκείνου
799 347 872 382 βασι-

71 389 178 425 λεύσῃς
191 390 256 425 (85),
266 390 291 416 τί
302 390 393 426 ἐπειδή
407 399 438 424 γε
453 391 582 426 ηὺξήθης,
593 392 624 417 οὑ
641 392 800 427 βασιλεύεις,
814 393 870 420 ἀλλ’

70 436 87 461 ὁ
116 435 166 461 τοῦ
184 435 251 461 Θεοῦ
274 437 338 467 παῖς
356 435 443 468 οὕτως
458 437 578 471 ἀγεννῶς
608 439 743 474 ἁγεῖρεις,
766 439 870 466 κυπτά-

71 479 134 511 Cum
145 481 199 516 (84)
213 481 264 507 ὑπὸ
276 481 357 515 φόϐου
365 482 413 508 καὶ
429 483 670 518 περιφθειρόμενος
683 484 738 511 ἄνω
753 485 844 517 κάτω;
859 495 867 510 ι

70 526 136 552 Οὐκ
151 526 209 553 ἐστι
231 527 254 553 δ’
271 527 381 561 ἀγεννὲς
399 527 429 553 τὺ
441 548 448 559 ,
474 528 531 563 μετ’
555 529 708 563 οἰκονομίας
730 531 870 565 περιιστά-

71 580 160 606 μενον
176 573 240 604 τοὺς
262 572 408 604 κινδύνους,
429 573 465 609 μὴ
490 574 572 608 ὁμόσε
600 574 691 606 αὐτοῖς
707 576 820 610 χωρεῖν·
838 576 868 602 οὐ

68 618 119 645 διὰ
138 618 221 652 φόϐον
236 619 361 650 θανάτου,
373 619 429 646 ἀλλ’
440 620 510 654 ὑπὲρ
521 620 567 646 τοῦ
581 621 722 656 χρησίμως
736 621 816 647 αὐτὸν
831 621 869 656 τῷ

71 663 129 699 βίῳ
160 664 344 700 ἐπιδημοῦντα
371 665 481 700 ἐτέρους
509 665 644 699 ὠφελεῖν,
684 665 736 698 ἕως
771 668 867 703 ἐπιστῇ

66 711 84 737 ὸ
121 711 276 746 ἐπιτήδειος
307 711 401 747 καιρὸς
429 711 475 738 τοῦ
506 712 550 738 τὸν
578 713 739 748 ἀνειληφότα
765 713 869 749 ἀνθρὼ-

68 765 127 783 mu
148 756 203 792 (85)
219 756 299 790 φύσιν
311 756 456 792 ἀνθρώπου
474 757 588 784 θάνατον
601 758 756 790 ἀποθανεῖν,
773 759 868 794 ἔχοντά

66 810 97 828 τι
131 803 268 837 χρήσιμον
302 804 358 834 τοῖς
389 802 550 838 ἀνθρώποις.
584 804 672 839 Ὅπερ
705 805 782 840 δῆλόν
809 807 866 832 ἐστι

65 848 111 883 τῷ
127 848 255 883 νοήσαντι
275 849 320 874 τὸν
341 849 444 883 Ἰησοῦν
461 849 528 884 ὑπὲρ
541 850 690 885 ἀνθρώπων
703 851 847 878 ἀποθανεῖν
857 861 864 867 ·

66 894 140 928 περὶ
153 889 184 920 οὗ
202 893 272 920 κατὰ
286 894 398 928 δύναμιν
414 895 442 920 ὲν
458 896 513 925 τοῖς
526 894 578 929 πρὸ
592 895 693 922 τούτων
706 896 828 931 εἴπομεν.

105 939 189 966 Μετά
203 938 288 966 ταῦτα
303 939 325 966 δ’
340 940 399 966 ἐπεὶ
416 940 482 975 μηδὲ
498 940 543 966 τὸν
556 940 670 976 ἀριθμὸν
685 941 738 968 τῶν
751 943 863 970 ἀποστό-

63 984 126 1012 λων
153 985 335 1020 ἐπιστάμενος
360 995 369 1011 ι
388 985 453 1012 δέκα
478 995 487 1011 ι
512 984 588 1012 εἶπεν
615 997 624 1011 ι
644 986 660 1022 ἢ
679 987 773 1015 ἕνδεκά
788 997 864 1020 τινας

63 1031 295 1067 ὲξαρτησάμενον
309 1031 354 1059 τὸν
365 1032 467 1068 Ἰησοῦν
481 1033 570 1068 ἑαυτῷ
581 1033 745 1068 ὲπιρρήτους
759 1034 864 1070 ἀνθρώ-

63 1084 150 1108 πους,
170 1075 289 1108 τελώνας
305 1077 352 1103 καὶ
369 1078 469 1109 ναύτας
486 1079 550 1110 τοὺς
564 1079 772 1114 πονηροτάτους,
795 1080 863 1115 μετά

61 1122 174 1148 τούτων
195 1123 259 1158 τῇδε
279 1123 391 1150 κάκεῖσε
410 1123 491 1150 αὐτὸν
503 1124 724 1160 ἀποδεδρακέναι,
743 1125 863 1161 αἰσχρῶς

60 1168 115 1194 καὶ
139 1169 279 1204 γλίσχρως
295 1169 396 1205 τροφὰς
415 1170 582 1204 συνάγοντα·
604 1180 614 1196 ι
634 1170 700 1206 φέρε
723 1171 769 1197 καὶ
799 1171 861 1206 περὶ

58 1212 191 1245 τούτων,
216 1214 286 1240 κατά
308 1214 338 1240 τὸ
354 1214 479 1247 δυνατὸν,
494 1215 674 1250 διαλάϐωμεν.
697 1216 815 1250 Φανερδν
833 1216 861 1242 δέ

59 1259 126 1285 ἐστι
143 1261 201 1290 τοῖς
217 1260 426 1295 ἐντυγχάνουσιν
441 1260 628 1294 εὐαγγελικοῖς
639 1261 737 1295 λόγοις,
748 1260 794 1292 οὓς
806 1261 860 1287 οὐδ’

60 1306 253 1339 ἀνεγνωκέναι
267 1307 281 1332 ὁ
295 1306 398 1338 Κέλσος
415 1306 549 1341 φαίνεται,
564 1307 605 1333 ὅτι
629 1306 731 1333 δώδεκα
750 1307 862 1333 ἀποστό-

58 1352 129 1384 λους
145 1353 161 1379 ὁ
176 1353 280 1388 Ἰησοῦς
292 1353 446 1386 ἐπελέξατο,
461 1353 580 1389 τελώνην
594 1354 643 1389 μὲν
657 1354 702 1380 τὸν
711 1353 858 1381 Ματθαῖον·

57 1396 110 1428 οὓς
136 1398 159 1423 δ’
178 1395 239 1423 εἶπε
256 1398 462 1433 συγκεχυμένως
478 1398 594 1431 ναύτας,
611 1399 681 1433 τάχα
696 1398 741 1424 τὸν
767 1398 858 1425 Ἰάκω-

57 1442 110 1469 ϐον
131 1442 190 1478 (86)
202 1443 248 1470 καὶ
261 1443 306 1469 τὸν
328 1443 452 1479 Ἰωάννην
465 1444 557 1479 φησὶν,
575 1444 646 1475 ἐπεὶ,
666 1443 859 1476 καταλιπόντες

55 1489 90 1514 τὸ
105 1488 203 1514 πλοῖον
223 1489 269 1515 καὶ
285 1489 329 1515 τὸν
343 1490 447 1525 πατέρα
464 1489 553 1517 αὐτῶν
569 1489 708 1516 Ζεϐεδαῖον
718 1509 725 1521 ,
743 1489 857 1524 ἠκολού-

55 1535 152 1569 θησαν
167 1535 208 1570 τῷ
228 1535 328 1570 Ἰησοῦ·
345 1536 390 1562 τὸν
414 1536 468 1571 γὰρ
485 1535 587 1571 Πέτρον
611 1536 657 1562 καὶ
676 1535 721 1561 τὸν
744 1535 856 1570 ἀδελφὸν
870 1546 892 1577 c

55 1580 147 1607 αὐτοῦ
179 1581 323 1616 ’Δνδρέαν,
349 1581 547 1617 ἀμφιϐλήστρῳ
572 1581 727 1616 χρωμένους
748 1580 791 1606 διὰ
806 1580 856 1613 τὰς

54 1626 221 1660 ἀναγκαίας
235 1627 346 1662 τροφὰς,
362 1628 411 1654 οὐκ
428 1628 456 1654 ἐν
470 1627 591 1658 ναύταις,
605 1626 662 1653 ἀλλ’
680 1627 727 1660 (ὡς
740 1626 855 1662 ἀνέγρα-

53 1671 110 1705 ψεν
127 1673 145 1707 ἠ
161 1672 280 1708 Γραφῇ)
298 1674 326 1698 ὲν
337 1673 456 1700 ἁλιεῦσιν
468 1673 642 1709 ἀριθμητέον.
660 1672 749 1698 Ἔστω
765 1671 793 1698 δὲ
807 1672 854 1698 καὶ

52 1718 67 1743 ὁ
86 1717 186 1752 Λεϐὴς
198 1717 316 1753 τελώνης
334 1718 518 1754 ἀκολουθήσας
539 1717 577 1752 τῷ
597 1717 699 1752 Ἰησοῦ·
722 1716 778 1743 ἀλλ’
796 1717 852 1744 οὔτι

52 1772 86 1797 γε
103 1762 156 1790 τοῦ
172 1763 288 1799 ἀριθμοῦ
306 1764 359 1791 τῶν
372 1765 527 1791 ἀποστόλων
542 1764 624 1790 αὑτοῦ
640 1762 683 1799 ἦν,
694 1764 766 1799 εἰμὴ
783 1765 853 1791 κατά

50 1819 119 1837 τινα
137 1810 197 1836 τῶν
220 1810 392 1846 ἀντιγράφων
409 1811 464 1846 (87)
487 1811 534 1838 τοῦ
547 1810 617 1838 κατά
637 1810 748 1845 Μάρκον
764 1811 852 1844 Εὐαγ-

51 1856 166 1889 γελίου.
184 1855 244 1882 Τῶν
258 1856 287 1882 δὲ
298 1856 399 1882 λοιπῶν
412 1857 442 1882 οὺ
456 1856 654 1892 μεμαθήκαμεν
665 1856 698 1882 τὰ
711 1856 780 1891 ἔργα
791 1855 851 1882 ὅθεν

50 1902 111 1937 πρὸ
135 1902 190 1937 τῆς
214 1901 360 1936 μαθητείας
378 1902 423 1929 τοῦ
452 1902 538 1937 Ἰησοῦ
556 1902 728 1937 περιεποίουν
747 1902 850 1933 ἑαυτοῖς

47 1948 103 1979 τὰς
118 1948 238 1982 τροφάς.
252 1949 324 1983 Φημὶ
337 1947 382 1976 οὖν
398 1949 444 1975 καὶ
461 1949 529 1984 πρὸς
543 1948 639 1980 ταῦτα,
650 1949 689 1975 ὅτι
702 1949 757 1980 τοῖς
772 1948 850 1975 δυνα-

86 1995 114 2011 δ⁸
143 1993 226 2021 Joan.
243 2002 320 2027 xvttl,
339 1994 381 2021 56.
419 1995 442 2010 ⁸³
457 1994 550 2022 Matth.
565 1995 639 2025 L1;
657 1994 739 2021 Marc.
758 2001 799 2026 nl,
813 1995 848 2021 M

48 2037 90 2062 Iv,
110 2029 169 2061 18;
185 2029 267 2056 Marc.
282 2037 314 2060 lt,
330 2030 373 2056 M.
413 2029 435 2045 “
446 2030 530 2057 Marc.
552 2037 591 2061 ιιι,
608 2029 649 2056 18.

85 2074 154 2110 (85)
166 2075 373 2110 Βασιλεύσῃς.
391 2075 458 2102 Tres
472 2075 621 2109 Anglicani,
638 2075 737 2108 Regius
751 2078 777 2102 et
793 2075 847 2102 Ba-

46 2108 198 2146 silegnsis,
216 2108 368 2146 βασιλεύῃς.

86 2145 153 2179 (84)
180 2144 313 2178 Ἁγείρεις
330 2144 501 2175 ’κυπτάζὶον.
523 2144 561 2171 Ita
589 2144 666 2173 codd.
697 2144 797 2178 Regius
818 2149 845 2172 et

46 2179 237 2211 Basileensis,
254 2185 281 2206 et
299 2181 333 2206 ita
352 2179 559 2207 Huaseheliusin
579 2185 671 2212 textu;
689 2180 844 2213 Spencerus

45 2222 128 2250 vero,
137 2214 262 2250 ἀγείρεις
276 2215 449 2250 κρυπτάζων.

84 2249 152 2283 (85)
182 2248 355 2282 Ἀνθρώέιου.
383 2250 418 2276 Ita
440 2249 517 2275 codd.
537 2248 602 2283 Reg.
626 2253 653 2276 et
668 2248 842 2276 Basileensis.

43 2284 129 2312 Libri
140 2318 143 2319 ν
151 2289 244 2319 autem
261 2284 336 2316 editi,
351 2284 533 2319 ἀνθρωπίνην.

81 2318 149 2354 (86)
178 2318 263 2354 Τάχα
278 2319 331 2345 τὸν·
350 2318 492 2350 Ἰάκωϐον,
507 2324 570 2354 etc,
583 2319 620 2345 Eo
640 2318 690 2345 l0ci
709 2319 794 2353 magis
809 2326 843 2345 ex

43 2353 147 2382 mente
163 2353 234 2380 Celsi
253 2361 406 2381 sermonem
425 2353 542 2380 instituit
560 2353 690 2385 Origenes
707 2361 786 2386 quam
809 2361 843 2380 ex

43 2397 108 2416 sua.
131 2389 241 2415 Etenim
260 2389 339 2422 paulo
354 2394 414 2421 post
435 2396 495 2414 cum
523 2388 584 2415 aliis
604 2388 730 2415 Ecclesia:
748 2389 843 2414 docto—

43 2425 131 2451 ribus
155 2431 253 2450 omnes
271 2423 406 2456 apostolos
429 2423 523 2449 dividit
544 2424 570 2450 in
589 2423 738 2457 piscatores
754 2429 779 2449 et
795 2431 843 2456 pu-

42 2459 189 2486 blicanos.
205 2458 286 2485 Certe
298 2458 367 2484 lilios
382 2458 504 2484 Zehedtei
517 2456 646 2485 Jacobum
658 2462 685 2485 et
697 2456 841 2490 Joannem,

41 2495 170 2527 perinde
186 2497 268 2527 atque
284 2493 391 2520 Petrum
407 2497 434 2520 et
448 2493 582 2520 Andream
601 2493 775 2527 piscatoriam
797 2500 840 2518 ar-

42 2526 100 2555 tem
127 2526 301 2559 exercuisse,
325 2532 399 2561 patet.
418 2535 451 2554 ex
474 2527 570 2555 Matth.
587 2526 647 2561 cap.
666 2535 704 2560 νι,
721 2526 801 2554 Marci
820 2535 839 2560 ι,

39 2569 69 2590 et
86 2563 176 2590 Luca:
191 2569 216 2593 V,
231 2567 258 2589 et
272 2571 304 2590 cx
324 2563 447 2596 plurimis
459 2562 569 2589 Patrum
587 2562 759 2589 testimoniis.

78 2598 140 2633 (87)
172 2596 254 2624 Κατά
282 2606 349 2624 τινα
377 2597 436 2633 τῶν
465 2597 661 2632 ἀντιγράφων.
688 2596 716 2633 in
742 2597 840 2631 quibus

41 2631 133 2660 Marc.
153 2640 207 2664 ιιι,
231 2633 263 2659 18
275 2653 282 2665 ,
301 2640 348 2667 pro
359 2632 486 2659 Θαδδαῖον
513 2632 626 2667 legitur,
645 2631 776 2667 Λεϐϐαῖον
793 2637 840 2658 aut

40 2669 141 2703 potius
168 2667 274 2703 Λεβὴν,
302 2666 581 2703 ψιοιιιιιᾴιιιοιιιιιιιίιι
604 2667 721 2694 editione
745 2666 838 2703 Graeca

39 2700 343 2736 ‘l‘heodorcti,'Qii:eSt.
362 2702 394 2728 16
410 2702 435 2727 in
453 2701 598 2734 Numeros,
620 2703 748 2731 habetur,
771 2700 839 2726 Θαδ⁴

36 2738 115 2769 δαῖος
129 2738 146 2763 ὁ
158 2737 208 2764 καὶ
220 2736 294 2768 Aetii,
309 2737 353 2763 ubi
370 2737 396 2763 in
410 2736 611 2763 Graeco-Latina
625 2736 751 2767 Θαδδαῖος
767 2737 781 2762 ὁ
792 2736 838 2761 καὶ

37 2773 193 2804 Λεϐϐαῖος.
211 2771 298 2799 (ἰταιοί
320 2772 485 2806 posteriores
501 2771 613 2798 Λευαίον
629 2772 732 2798 dicunt.
751 2770 779 2806 Si
798 2771 838 2796 «ιι-

38 2817 88 2835 eas
104 2808 207 2834 Matth.
221 2815 254 2840 ι,
274 2806 306 2839 5,
324 2807 453 2840 scriptum
469 2806 550 2832 etiam
566 2814 625 2833 esse
646 2806 692 2832 καὶ
706 2805 837 2836 Λεϐϐαῖος

37 2846 50 2870 ὁ
67 2841 236 2878 ἐπικληθεὶς
259 2841 396 2878 Θαδβοιῖοςἵ
424 2845 515 2878 monet
533 2840 637 2878 _li_iillins
659 2841 835 2878 lliBt'.“VCl‘l)tI,

31 2875 373 2911 Αε-ἓϐειῐοςοὲπικληθείς,
383 2877 476 2904 deesse
495 2876 519 2902 in
533 2875 606 2910 Vulg.
619 2876 696 2909 Copi.
712 2875 835 2906 Ilicron.,

681 153 819 181 CONTRA
837 155 976 183 CELSUM
995 157 1057 184 ΗΒ.
1082 158 1099 185 1.

1662 169 1711 196 771

1295 227 1366 248 nunc
1386 226 1475 251 autem
1493 231 1603 258 regnum
1620 234 1710 254 meum

925 265 977 284 non
1003 263 1045 286 est
1069 267 1100 286 ex
1128 260 1178 287 hoc
1198 264 1298 289 mundo
1311 264 1342 290 δ’.
1363 275 1371 290 ι
1398 266 1458 294 llam
1474 268 1496 294 si
1520 269 1613 297 Celsus
1630 271 1710 299 intel-

924 303 1045 336 lexisset,
1061 312 1114 332 non
1130 305 1242 334 dixisset
1256 317 1261 334 :
1280 318 1289 334 ι
1306 309 1352 336 Sin
1369 311 1428 338 ideo
1439 333 1447 345 ,
1472 321 1505 340 ne
1522 320 1548 341 tu
1563 315 1623 343 loco
1638 317 1712 344 illius

923 355 1051 382 regnares
1063 356 1206 385 postquam
1222 354 1254 380 ad
1270 356 1389 382 adultam
1402 362 1510 385 tetatem
1523 361 1710 395 pervenisses;

922 400 982 425 cur,
996 400 1137 430 postquam
1154 399 1315 431 pervenisti,
1333 408 1386 428 non
1410 409 1505 437 regnas
1517 424 1524 436 ,
1540 406 1586 432 sed
1601 407 1647 434 ille
1664 408 1710 435 Dei

921 438 1003 474 376
1017 439 1102 467 Filius
1117 442 1295 470 mendicando
1311 446 1417 479 vagaris
1431 455 1485 480 pne
1504 455 1574 476 metu
1591 452 1707 486 supplex

921 489 948 532 et
962 486 1080 513 miseriis
1096 489 1266 521 oppressus?
1284 499 1293 516 ι
1314 490 1350 516 At
1366 492 1493 526 ignavum
1517 503 1570 522 non
1585 502 1627 524 est
1642 506 1708 532 pru<

922 530 1017 557 denter
1031 532 1167 559 declinare
1193 535 1330 567 pericula,
1350 543 1403 564 non
1430 540 1524 567 mortis
1549 547 1631 574 metu,
1642 530 1649 532 Ἴ
1660 545 1708 571 sed

920 575 980 603 aliis
996 576 1021 602 in
1040 577 1093 604 vita
1112 579 1240 610 prodesse
1254 581 1388 609 desiderio
1403 590 1410 612 :
1426 584 1513 611 donec
1534 586 1558 612 ci
1569 607 1576 618 ,
1596 588 1642 621 qui
1659 596 1708 615 na-

921 626 1008 648 turam
1034 623 1180 649 humanam
1198 624 1295 658 induit,
1310 633 1461 661 opportuna
1487 637 1516 657 se
1537 631 1584 658 det
1598 634 1707 659 Occasio

920 667 1064 694 humanam
1092 674 1206 697 mortem
1235 674 1380 706 appetendi
1407 681 1466 708 qua:
1489 676 1626 710 quidpiam
1654 679 1707 705 uti-

919 714 1002 741 litatis
1041 715 1195 743 hominibus
1237 718 1341 745 ali'erat.
1383 720 1460 752 Quod
1500 722 1608 756 quidem
1648 732 1706 750 n.a-

918 760 1049 788 nifestnm
1079 767 1121 789 est
1149 763 1308 800 intelligenti
1341 764 1433 792 Jesnm
1458 767 1595 795 hominum
1620 776 1705 796 causa

917 809 1032 872 glorier“
1054 807 1169 836 subiisse
1192 818 1198 835 :
1215 810 1248 837 de
1270 818 1322 845 qua
1341 818 1370 838 re
1388 819 1437 845 pro
1458 813 1560 841 viribus
1576 817 1705 849 superius

936 854 1046 872 txttuus.

936 854 1046 874 mutus.

951 936 995 964 62.
1012 937 1134 965 Posthatc
1148 940 1276 973 quoniam
1291 949 1323 967 ne
1336 949 1477 968 numerum
1494 943 1602 976 quidem
1613 945 1703 974 sciens

916 983 1099 1016 apostolorum
1112 984 1159 1016 ait,
1173 995 1180 1010 ι
1192 984 1285 1013 Jesum
1300 987 1392 1013 ascitis
1405 987 1496 1014 decem
1514 993 1560 1015 aut
1573 990 1700 1018 undecim

915 1028 1071 1057 hominibus
1089 1029 1199 1057 famosis
1211 1050 1219 1062 ,
1238 1031 1391 1065 publicanis
1408 1035 1550 1068 nautisqne
1568 1037 1701 1070 nequissi<

914 1074 976 1107 mis,
994 1075 1046 1102 huc
1067 1076 1130 1104 illuc
1146 1084 1207 1104 eum
1223 1077 1277 1104 illis
1302 1077 1433 1112 fugitasse
1456 1081 1571 1114 turpiter
1587 1087 1616 1109 et
1628 1090 1700 1117 aegre

913 1120 989 1148 cibos
1003 1121 1185 1155 colligentem,
1205 1131 1215 1148 ι
1232 1130 1282 1157 age
1299 1127 1326 1149 et
1342 1122 1375 1150 de
1392 1124 1435 1151 his
1452 1132 1502 1158 pro
1520 1126 1590 1154 virili
1612 1128 1700 1156 disse-

912 1175 1015 1195 ramus.
1029 1168 1081 1201 Qui
1098 1168 1246 1204 Evangelia
1259 1176 1453 1203 versaverunt,
1467 1179 1527 1206 quae
1547 1172 1642 1200 Celsus
1659 1175 1700 1201 vi—

912 1212 989 1239 detur
1013 1221 1046 1240 ne
1071 1214 1170 1248 legisse
1185 1215 1307 1249 quidem,
1332 1215 1350 1242 ii
1367 1221 1469 1244 norunt
1485 1218 1628 1246 duodecim
1642 1221 1698 1248 ele-

911 1263 970 1285 ctos
986 1266 1001 1285 a
1021 1257 1084 1285 Jesu
1098 1259 1181 1287 fuisse
1194 1259 1331 1292 apostolos
1341 1259 1384 1292 ”;
1402 1261 1574 1294 publicanum
1588 1265 1696 1299 quidem

912 1304 996 1331 fuisse
1010 1303 1166 1331 Matthaeum
1183 1305 1310 1332 nomine:
1329 1313 1400 1340 quos
1421 1314 1486 1336 vero
1512 1314 1610 1338 nautas
1633 1319 1698 1346 pro~

910 1351 1014 1377 miscue
1031 1356 1130 1383 vocat,
1144 1351 1273 1385 intelligit
1292 1351 1407 1380 fortasse
1428 1353 1558 1382 Jacolium
1574 1361 1601 1383 et
1614 1356 1697 1385 Joan-

909 1404 982 1429 nem,
998 1397 1061 1431 quia
1077 1397 1182 1424 relictis
1197 1404 1265 1423 naVe
1279 1401 1306 1424 et
1319 1402 1396 1432 patre
1407 1406 1456 1426 suo
1469 1399 1598 1429 Zebedaao
1609 1403 1697 1432 secuti

910 1447 973 1469 sunt
989 1442 1082 1469 Jesum
1095 1441 1128 1469 ⁸⁸.
1141 1442 1209 1469 Nam
1228 1443 1325 1471 Petrus
1340 1444 1453 1479 ejusque
1466 1445 1549 1473 frater
1560 1447 1694 1481 Andreas,

909 1487 955 1521 qui
968 1487 1072 1514 retibus
1082 1489 1266 1515 necessarium
1276 1489 1326 1516 sibi
1337 1490 1439 1516 victum
1454 1493 1623 1525 quaerebant,
1639 1502 1693 1522 non

910 1532 980 1559 inter
993 1537 1101 1564 nautas,
1116 1533 1176 1565 sed,
1195 1539 1223 1560 ut
1235 1534 1366 1568 scriptum
1388 1540 1441 1566 est,
1456 1536 1529 1564 inter
1544 1537 1694 1571 piscatores

908 1579 1068 1606 numerandi
1081 1583 1144 1606 sunt
1155 1580 1187 1606 "‘.
1202 1579 1242 1606 Sit
1257 1584 1283 1607 cl
1293 1580 1356 1607 Levi
1370 1581 1530 1614 publicanus
1542 1583 1587 1617 qui
1599 1583 1693 1612 Jesum

908 1628 1018 1652 secutus
1041 1626 1076 1650 sit
1099 1633 1106 1657 ;
1133 1630 1162 1651 at
1186 1633 1239 1653 non
1264 1626 1314 1652 fuit
1334 1626 1377 1653 ille
1395 1634 1427 1654 ex
1443 1629 1625 1662 apostolorum
1642 1639 1693 1658 nu-

907 1676 993 1700 mero,
1009 1669 1058 1696 nisi
1071 1669 1147 1704 juxta
1161 1671 1283 1705 quaedam
1300 1671 1436 1706 Evangelii
1456 1674 1603 1701 secundum
1619 1675 1694 1703 Mar-

907 1721 967 1741 cum
979 1715 1144 1749 exemplaria
1154 1715 1186 1741 “.
1202 1716 1259 1749 Qua
1272 1724 1335 1743 vero
1347 1721 1406 1744 arte
1420 1719 1522 1750 ueteri,
1535 1720 1692 1755 priusquam

907 1761 1033 1795 discipuli
1057 1760 1119 1788 Jesu
1146 1763 1251 1794 lierenl,
1270 1763 1372 1790 victum
1393 1764 1444 1791 sibi
1461 1768 1690 1801 comparaverinl,

907 1806 985 1833 nobis
1010 1807 1206 1842 incompertum
1230 1812 1280 1834 est.
1298 1808 1367 1843 Ergo
1393 1809 1424 1835 ad
1448 1810 1505 1837 haec
1527 1813 1688 1845 respondeo.

905 1851 950 1885 qui
968 1852 1114 1886 prudenter
1130 1857 1157 1878 et
1172 1853 1286 1879 candide
1307 1861 1349 1880 res
1364 1854 1397 1880 ab
1420 1855 1549 1887 apostolis
1566 1855 1629 1883 Jesu
1643 1864 1690 1891 ge-

904 1904 963 1925 stas
985 1902 1098 1932 possunt
1121 1899 1297 1932 examinare,
1317 1900 1350 1926 iis
1365 1900 1539 1934 manifestum
1562 1902 1620 1930 ﬁeri
1638 1903 1690 1931 hos

904 1946 994 1973 divina
1014 1946 1114 1972 virtute
1134 1946 1275 1973 rolioratos
1292 1945 1373 1973 fuisse
1395 1952 1521 1981 oportere
1543 1954 1573 1975 ut
1587 1950 1687 1977 edoce~

857 2002 864 2026 ;
880 1994 944 2021 Luc.
962 2002 998 2027 ιιι,
1014 1993 1058 2021 15.
1096 1991 1119 2008 ⁸⁸
1134 1992 1230 2020 Matth.
1247 2001 1274 2025 π,
1287 1993 1318 2025 5;
1332 1993 1415 2020 Mare.
1435 2002 1454 2026 ι,
1470 1994 1514 2021 20.
1553 1995 1577 2011 "
1586 1995 1684 2024 Matth.

901 2079 928 2099 et
944 2073 969 2100 in
985 2072 1175 2104 Prolegomen.
1191 2070 1243 2097 586
1255 2090 1262 2103 ,
1277 2072 1414 2098 contendit
1434 2081 1444 2097 ‹
1465 2073 1596 2100 insertum
1616 2074 1684 2101 Λεσ-

901 2109 975 2140 ϐαῐος
1007 2109 1030 2144 γὸ
1069 2105 1252 2144 ἐπικληθείς)
1279 2107 1355 2144 haud
1397 2107 1470 2144 aliud
1506 2115 1565 2135 esse
1603 2116 1683 2144 quam

900 2143 1013 2169 studiosi
1043 2142 1182 2176 cujusdam
1211 2141 1350 2173 scholion,
1374 2143 1418 2176 qui
1447 2150 1463 2169 e
1489 2144 1600 2176 regione
1611 2141 1681 2176 τεοῦ,

898 2178 1054 2208 Ματθαῖος,
1077 2177 1220 2212 aduolaret
1244 2177 1269 2202 in
1292 2177 1416 2212 margine
1435 2177 1592 2212 ἐπικληθεὶς
1612 2179 1682 2206 Λεϐ-

899 2213 984 2245 ϐαῖος,
997 2211 1242 2248 ιιιιοξῑςιιὶῌοηιιιιιι
1255 2211 1371 2248 volebat,
1380 2211 1537 2248 _li_latth:eurn
1551 2213 1622 2240 hunc
1634 2223 1682 2248 pu-

861 2236 882 2263 Ῐ)
897 2236 1031 2275 ιζῇὲῇἲῖιῦἧῆ
1038 2236 1119 2272 indixi
1126 2236 1130 2237 ⁷
1136 2236 1226 2280 ipsum
1237 2236 1310 2272 esse
1319 2236 1371 2280 qui
1378 2236 1509 2275 imitati
1515 2236 1603 2275 ita;
1610 2236 1682 2276 λ’ὲῦτ

895 2291 942 2309 seu
970 2281 1101 2313 Λεϐϐαῖος
1122 2282 1230 2307 dicitur.
1251 2281 1278 2306 In
1297 2282 1347 2308 hoc
1362 2281 1485 2309 incidens
1501 2282 1601 2315 scriba,
1618 2291 1678 2310 eum

895 2322 998 2351 partem
1018 2320 1107 2343 textus
1120 2323 1180 2342 esse
1196 2315 1329 2348 crederet,
1353 2324 1440 2350 neque
1460 2324 1524 2344 vero
1542 2318 1625 2345 sciret
1645 2319 1680 2346 ad

894 2359 976 2385 quam
994 2351 1107 2385 przecise
1121 2354 1224 2385 partem
1239 2356 1384 2383 spectaret,
1400 2359 1479 2378 voces
1493 2352 1574 2379 hasce
1588 2358 1679 2380 trans-

895 2387 996 2420 positas
1009 2385 1124 2419 conjecit
1134 2386 1160 2412 in
1176 2392 1275 2418 corpus
1289 2385 1350 2412 libri
1365 2386 1424 2413 loco
1438 2394 1489 2413 non
1502 2395 1562 2414 suo.
1583 2396 1592 2412 ι
1610 2387 1678 2414 Hinc

893 2419 1023 2456 Origenes
1048 2421 1146 2447 asserit
1168 2419 1313 2456 nulhbi__in
1329 2423 1453 2456 catalogo
1478 2422 1676 2455 apostolorum,

894 2454 954 2483 nisi
964 2457 1032 2483 forte
1044 2456 1070 2482 in
1083 2456 1244 2489 quibusdam
1257 2454 1339 2481 Marci
1353 2463 1392 2486 ιιι,
1408 2454 1453 2488 18,
1464 2457 1676 2490 exemplaribus,

893 2491 1005 2525 reperiri
1026 2490 1118 2517 Levim
1135 2489 1426 2525 publicanum,VMarc.
1448 2498 1485 2523 ιι,
1503 2489 1550 2521 14,⁷
1562 2495 1589 2517 et
1610 2492 1675 2518 Luc.

893 2524 974 2558 v.27,
985 2531 1175 2556 memoratum,
1187 2532 1265 2559 quem
1282 2533 1296 2551 a
1313 2524 1439 2552 Matlhzeo
1454 2525 1566 2559 proinde
1580 2526 1677 2552 distin-

891 2561 1001 2594 guebat,
1014 2561 1076 2587 licet
1089 2560 1213 2587 enuntiem
1230 2567 1342 2593 prorsus
1358 2559 1495 2586 hominem
1510 2567 1570 2587 esse
1583 2560 1677 2587 videa-

893 2601 936 2622 tur
948 2596 1051 2623 sentire
1066 2595 1091 2622 in
1105 2595 1263 2629 prmfatione
1276 2595 1476 2628 explanationis
1488 2595 1514 2621 in
1528 2595 1674 2628 Epistulam

891 2632 924 2657 ad
937 2631 1084 2657 Romanos.
1099 2628 1181 2656 Levin
1191 2637 1212 2664 κει
1228 2628 1354 2664 Μοιιιιίιιο
1367 2630 1510 2664 distinguit
1524 2630 1606 2656 etiam
1622 2629 1675 2657 lle-

892 2665 999 2692 racleon
1026 2665 1169 2692 haereticus
1191 2662 1393 2691 Valentinianus
1415 2662 1484 2698 apud
1507 2664 1674 2691 Clementem

890 2700 1100 2727 Alexandrinum
1118 2707 1143 2725 IV
1160 2698 1306 2729 Stromat.,
1326 2705 1386 2733 pag.
1414 2699 1466 2727 5υὲ
1477 2720 1485 2732 ,
1500 2704 1528 2726 et
1547 2700 1616 2726 inter
1631 2707 1674 2726 re-

889 2736 1023 2762 centiores
1049 2734 1124 2768 Hugo
1151 2733 1335 2769 Grotius,cui
1355 2734 1415 2769 vide
1439 2741 1500 2767 qua)
1528 2735 1673 2769 respondet

888 2769 1039 2797 Cotelerius
1077 2766 1104 2796 in
1139 2768 1210 2795 notis
1243 2767 1276 2795 ad
1315 2766 1503 2796 Constitution.
1534 2766 1670 2803 apostolic.

889 2812 947 2835 vni,
968 2806 995 2837 2,
1013 2810 1040 2831 et
1067 2804 1219 2832 Dodwellus
1243 2803 1434 2830 dissertatione
1459 2804 1546 2837 prima
1566 2805 1592 2831 in
1615 2803 1673 2831 lrc-

889 2847 985 2873 meum,
1002 2840 1014 2874 §
1030 2839 1075 2866 54.
