1843 3097
183 148 234 175 775

910 136 1072 166 ORIGENIS
1753 133 1791 161 '76

184 207 244 232 rent
257 202 439 231 Christianam
456 199 615 234 religionem
627 203 655 227 et
677 198 803 226 homines
822 197 906 224 verbo
922 196 967 223 Dei

1045 194 1112 225 ένοις
1129 192 1268 229 φρονίμως
1287 191 1334 226 καὶ
1347 191 1524 226 εὐγνωμόνως
1546 182 1683 225 ἐξετάζειν
1699 192 1731 218 τὰ
1744 192 1794 228 περὶ

183 250 355 283 subjicerent.
367 247 425 275 Non
437 247 509 274 enim
519 247 558 274 eis
567 245 716 273 secundum
727 250 799 271 artes
814 242 969 271 Grazcornin

183 295 338 324 dialecticas
348 297 395 321 aut
402 293 554 321 rhetoricas
562 292 670 319 dicendi
680 289 796 317 fueultas
803 293 829 316 et
839 288 971 315 dissert-n-

183 341 209 369 di
226 341 295 369 ratio
305 341 394 368 inerat
405 346 457 374 qua
467 339 605 366 auditores
617 337 668 365 sibi
678 336 869 364 conciliarem.
883 335 970 369 Atque

182 387 307 420 etiam,si
319 385 399 414 Jesus
419 384 546 418 elegisset
564 388 591 410 et
607 383 740 410 doctrina:
754 389 810 409 sua:
831 381 970 408 ministros

182 431 349 459 adhibuisset
362 436 425 462 eos,
445 428 491 463 qui
514 427 662 454 multorum
685 425 816 460 opinione
832 424 969 458 sapientes

181 477 263 513 377
284 476 430 507 habentur,
460 478 487 501 et
514 478 561 500 aut
583 472 720 507 cogitandi
749 471 900 498 subtilitate
923 475 970 496 aut

181 522 319 550 sermonis
347 519 475 548 facundia
505 518 688 546 multitudinis
716 516 829 551 plausus
856 519 970 550 captare

182 571 298 603 possunt
312 576 319 599 ;
334 566 407 601 justa
422 573 483 594 meo
499 565 609 600 quidem
623 563 724 598 judicio
739 562 857 596 suspicio
872 560 970 588 fuisset

183 612 265 639 simili
279 619 342 639 eum
361 611 467 638 ratione
481 615 563 646 atque
577 610 620 636 via
637 616 715 636 usuin
731 607 826 639 fuisse,
844 613 895 640 qua
910 605 970 640 phi-

183 657 287 692 losophi
304 661 385 684 sectae
399 656 549 691 cuiuspiam
566 658 692 682 auctores
717 652 758 680 usi
783 656 858 682 sunt.
884 658 969 685 neque

182 705 254 739 quod
277 703 439 739 promissutn
457 707 498 730 est
514 702 548 729 de
577 701 707 728 doctrinae
734 699 793 734 ejus
817 698 968 730 divinitate,

181 749 319 776 videretur
343 747 531 782 adimpletum.
558 745 625 773 Nam
644 752 735 772 sermo
757 748 786 771 et
815 743 969 778 praedicatio

181 794 297 822 fuissent
313 795 339 821 in
353 793 530 829 persuasione
542 792 617 819 illius
631 790 783 825 sapientiae,
799 797 859 823 quae
873 788 969 816 verbo-

181 848 241 868 rum
277 840 411 867 lenocinia
439 843 467 866 et
492 843 563 874 aptm
589 836 796 872 compositionis
825 835 969 863 blanditias

180 885 292 914 aﬂ'ectat
308 894 315 912 :
338 890 366 913 et
381 885 445 912 fides
460 884 518 911 hare
542 888 636 910 nostra
652 882 764 916 perinde
781 889 812 909 ac
827 888 870 914 ea,
888 887 967 914 quant

179 933 236 961 suis
252 931 387 967 dogmatis
405 930 505 957 habent
516 928 597 962 hujus
610 928 702 956 mundi
721 926 886 969 philosophi,
900 924 969 952 fuis-

180 981 222 1005 set
239 986 248 1003 ι
265 977 292 1004 in
310 976 445 1009 sapientia
461 976 601 1002 hominum
621 979 649 1002 et
661 981 715 1001 non
731 974 829 1001 virtute
847 972 892 1000 Dei
906 971 939 999 ⁵⁷.
957 981 966 998 ι

180 1022 257 1050 Nunc
271 1026 360 1050 autem
375 1021 470 1056 ecquis
487 1026 539 1054 est,
569 1021 627 1055 qui,
644 1027 707 1047 cum
730 1019 803 1048 videt
818 1019 969 1054 piscatores

180 1073 208 1096 et
222 1067 382 1102 publicanos
394 1067 436 1094 vel
450 1067 601 1102 primorum
617 1066 814 1093 elementorum
831 1064 970 1099 imperitos

181 1113 221 1150 (id
238 1114 311 1140 enim
326 1113 360 1141 de
371 1113 426 1140 illis
440 1113 583 1146 Scriptura
598 1115 725 1143 testatur,
744 1115 771 1138 et
782 1110 880 1138 Celsus
903 1109 969 1144 ipsis

181 1159 356 1187 inscientiam
372 1166 449 1186 suam
465 1165 529 1185 vere
542 1158 761 1185 describentibus
778 1156 889 1192 credit),
905 1164 970 1183 con-

182 1205 298 1233 fidenter
321 1204 354 1232 de
371 1204 423 1232 fide
446 1203 509 1231 Jesu
533 1204 703 1239 adjungenda
722 1210 773 1230 non
796 1202 875 1230 modo
899 1202 969 1237 apud

181 1250 290 1277 Judaeos
302 1249 452 1284 disputare,
474 1248 520 1276 sed
534 1249 621 1275 etiam
639 1248 708 1282 apud
735 1247 855 1281 reliquas
875 1251 970 1282 gentes

182 1301 313 1330 prospere
339 1292 430 1321 Iesum
457 1293 633 1325 annuntiare,
664 1300 717 1319 non
736 1291 875 1327 qumsierit
896 1291 969 1318 unde

183 1341 238 1368 illis
251 1341 352 1367 inesset
362 1338 547 1374 persuadendi
565 1337 703 1364 facultas?
720 1344 808 1371 neque
822 1337 893 1364 enim
909 1339 970 1363 erat

179 1384 310 1420 vulgaris.
339 1383 441 1418 Ecquis
468 1391 520 1410 non
547 1382 648 1410 dixerit
671 1382 763 1409 Jesum
786 1382 811 1409 in
840 1381 970 1416 apostolis

181 1431 272 1459 divina
289 1431 407 1467 quadam
426 1430 529 1457 virtute
548 1433 707 1456 exsecutum
731 1428 814 1456 fuisse
832 1428 904 1463 quod
929 1428 970 1455 his

183 1476 403 1512 promiserathis
413 1475 503 1502 verbis
517 1483 524 1501 :
539 1484 548 1500 ι
561 1474 660 1501 Venite
673 1478 733 1508 post
747 1481 799 1505 me,
814 1473 911 1500 faciam
923 1481 971 1501 vos

1021 239 1083 271 τοὺς
1105 238 1270 269 ἀποστόλους
1291 237 1338 264 τοῦ
1362 237 1448 272 Ἰησοῦ
1461 258 1468 270 ,
1489 238 1629 272 φαίνεται,
1646 238 1688 264 ὅτι
1701 238 1796 273 δυνάμει

1020 284 1080 320 θείᾳ
1104 284 1242 311 ἐδίδασκον
1265 281 1337 311 οὖτοι
1359 284 1403 311 τὸν
1431 284 1664 319 Χριστιανισμδν,
1689 283 1735 310 καὶ
1748 284 1786 310 ἐπε

1019 330 1153 365 τύγχανον
1190 330 1341 364 ὑπάγοντες
1379 329 1540 364 ἀνθρώπους
1577 329 1617 364 τῷ
1657 329 1728 364 λόγῳ
1760 329 1795 356 τοῦ

1019 377 1097 403 Θεοῦ.
1120 376 1158 403 Οὐ
1178 376 1232 412 γὰρ
1253 377 1269 410 ἡ
1293 377 1333 407 είς
1350 375 1380 401 τὸ
1403 375 1492 409 λέγειν
1516 375 1644 410 δύναμις,
1672 375 1719 401 καὶ
1736 375 1798 407 τάξις

1020 422 1189 456 ἀπαγγελίας
1200 441 1208 453 ,
1231 421 1301 448 κατά
1320 420 1370 453 τὰς
1391 419 1524 455 Ἑλλήνων
1539 420 1714 451 διαλεκτικὰς
1728 420 1743 455 ἢ
1758 421 1796 455 ρη-

1019 468 1131 503 τορικὰς
1166 467 1281 502 τέχνας,
1309 465 1342 502 ἦν
1375 467 1403 493 ὲν
1435 467 1525 498 αὺτοῖς
1560 467 1721 501 ὑπαγομένη
1748 467 1798 498 τοὺς

1020 512 1178 544 ἀκούοντας.
1209 514 1289 539 Δοκεῖ
1318 512 1346 538 δέ
1378 520 1442 546 μοι,
1472 512 1513 538 ὅτι
1550 513 1648 548 σοφοὺς
1676 512 1732 548 (88)
1759 512 1798 547 μέν

1019 566 1095 590 τινας
1109 558 1146 590 ὡς
1163 559 1231 594 πρὸς
1251 557 1299 593 τὴν
1317 557 1372 584 τῶν
1393 557 1497 584 πολλῶν
1521 558 1666 593 ὑπόληψιν,
1684 558 1732 584 καὶ
1752 558 1801 584 ικα-

1019 603 1084 635 νοὺς
1101 603 1169 640 πρὸς
1183 604 1214 630 τὸ
1230 605 1299 630 νοεῖν
1316 603 1487 638 ἀρεσκόντως
1508 603 1623 638 πλήθεσι
1643 603 1693 629 καὶ
1714 602 1800 636 λέγειν,

1019 651 1221 685 ἐπιλεξάμενος,
1242 650 1288 677 καὶ
1306 651 1476 686 χρησάμενος
1500 650 1591 681 αὐτοῖς
1613 649 1747 680 διακόνοις
1760 650 1801 684 τῆς

1019 698 1191 730 διδασκαλίας
1219 700 1232 725 ὁ
1264 698 1382 733 Ἰησοῦς·
1416 697 1576 732 εὐλογιὶιτιιτ⁹
1607 699 1641 724 ἂν
1675 698 1800 732 ὑπενοήθη

1019 745 1100 780 ὁμοίᾳ
1109 744 1262 779 φιλοσόφοις
1274 743 1423 780 κεχρῆσθαι
1433 743 1488 779 (89)
1502 744 1608 779 ἀγωγῇ,
1623 743 1800 779 αἱρέσεώςςτι-

1019 798 1063 822 νος
1078 790 1302 825 προϊσταμένοις⁵
1329 789 1374 816 καὶ
1388 790 1478 816 οὐκέτι
1505 789 1537 815 ἂν
1556 791 1572 825 ἡ
1593 789 1659 825 περὶ
1679 789 1727 816 τοῦ
1742 789 1801 816 θεῖον

1019 832 1088 860 εἷναι
1101 833 1147 860 τὸν
1163 833 1241 867 λόγον
1254 833 1404 867 ἐπαγγελία
1418 833 1590 867 ἀνεφαίνετο·
1605 834 1653 860 ὅιτε
1672 833 1721 860 τοῦ
1734 833 1802 867 λόγου

1019 881 1095 912 δντος
1108 881 1156 907 καὶ
1170 879 1217 906 τοῦ
1234 880 1410 916 κηρύγματος
1423 882 1451 907 ὲν
1463 881 1551 908 πειθοί
1567 881 1622 917 (90)
1637 881 1689 916 τῆς
1704 883 1733 908 ὲν
1746 882 1801 916 φρά-

1021 935 1062 952 σει
1075 927 1122 952 καὶ
1139 925 1263 952 συνθέσει
1281 925 1337 951 τῶν
1363 925 1460 958 λέξεων
1488 925 1598 960 σοφίας·
1625 927 1674 952 καὶ
1697 925 1732 962 ἦν
1748 927 1801 962 ἆ·ιῄ

1020 972 1122 1004 πίστις,
1138 972 1240 1007 ὁμοίως
1253 973 1285 1007 τῇ
1302 971 1356 998 τῶν
1382 971 1430 998 τοῦ
1447 971 1549 1007 κόσμου
1571 972 1730 1006 φιλοσόφων
1750 973 1803 1007 περὶ

1019 1018 1073 1045 τῶν
1087 1018 1230 1053 δογμάτων
1248 1018 1350 1049 πίστει,
1367 1018 1396 1044 ὲν
1413 1017 1494 1053 σοφίᾳ
1522 1017 1688 1053 ἀνθρώπων,
1703 1019 1749 1045 κα)⁵
1764 1020 1803 1045 οὐκ

1020 1066 1049 1092 ὲν
1063 1064 1178 1100 δυνάμει
1201 1062 1278 1090 Θεοῦ.
1299 1064 1365 1090 Νυνὶ
1376 1064 1403 1090 δὲ
1421 1064 1471 1095 τίς,
1490 1063 1596 1099 βλέπων
1613 1064 1702 1096 ἁλιεῖς
1714 1065 1759 1091 καὶ
1771 1074 1805 1090 τε-

1019 1111 1116 1143 λώνας,
1147 1110 1214 1146 μηδὲ
1245 1110 1280 1136 τὰ
1309 1110 1405 1144 πρῶτα
1437 1110 1588 1146 γράμματα
1619 1111 1804 1146 μεμαθηκότας

1020 1157 1068 1191 (ὡς
1097 1156 1128 1183 τὸ
1154 1155 1319 1190 Εὑαγγέλισν
1348 1156 1501 1191 ἀναγράφει
1527 1156 1591 1191 περὶ
1612 1156 1719 1188 αὐτῶν,
1741 1157 1805 1183 καὶὸ

1020 1202 1125 1233 Κέλσος
1142 1201 1213 1228 κατὰ
1237 1201 1323 1228 ταῦτα
1340 1201 1396 1236 (91)
1417 1202 1598 1229 πεπίστευκεν
1618 1203 1728 1234 αὐτοῖς,
1750 1203 1805 1237 άλη-

1021 1246 1129 1274 θεύουσι
1153 1248 1218 1283 περὶ
1247 1247 1296 1282 τῆς
1324 1247 1456 1278 ἰδιωτείας
1475 1247 1574 1282 αὐτῶν)
1600 1248 1806 1283 τεθαρρηκότως

1021 1294 1050 1320 οὑ
1067 1294 1146 1329 μόνον
1169 1293 1307 1325 Ἰουδαίοις
1322 1293 1482 1328 ὁμιλοῦντας
1503 1294 1566 1329 περὶ
1579 1294 1629 1329 τῆς
1646 1295 1688 1326 εἰς
1703 1295 1748 1320 τὸν
1764 1295 1806 1327 Ἰηο

1023 1338 1085 1366 σοῦν
1107 1339 1235 1371 πίστεως,
1254 1339 1321 1366 ἀλλὰ
1346 1339 1392 1366 καὶ
1409 1341 1437 1366 ὲν
1462 1341 1518 1372 τοῖς
1542 1340 1645 1372 λοιποῖς
1664 1340 1758 1367 ἔθνεσι
1772 1349 1808 1374 κη-

1025 1385 1173 1421 ρύσσοντας
1188 1385 1269 1412 αὐτὸν
1286 1386 1332 1412 καὶ
1353 1385 1493 1418 ἀνύοντας,
1510 1386 1559 1412 οὐκ
1572 1386 1605 1412 ἂν
1622 1386 1754 1422 ζητήσαι,
1771 1387 1801 1411 πά

1021 1433 1067 1459 θεν
1084 1431 1118 1468 ἦν
1135 1433 1227 1464 αὐτοῖς
1237 1431 1351 1466 δύναμις
1372 1432 1500 1466 πειστικὴ
1516 1431 1581 1466 (92);
1602 1431 1632 1458 οὐ
1644 1431 1704 1467 γὰρ
1717 1433 1734 1467 ἡ
1750 1440 1808 1457 νενο-

1024 1478 1142 1514 μισμένη
1153 1479 1210 1509 τοῖς
1223 1477 1339 1508 πολλοῖς.
1357 1477 1410 1503 Kal.
1422 1477 1465 1508 τίς
1487 1477 1537 1503 οὐκ
1556 1477 1590 1503 ἂν
1606 1476 1695 1510 λέγοι,
1724 1477 1764 1503 ὃτι
1778 1477 1807 1507 τὲ,

185 1524 340 1558 piscatores
352 1523 491 1550 hominum
510 1521 553 1548 ⁵³2
571 1531 581 1546 ι
602 1521 678 1549 lianc
692 1521 814 1548 eamdem
841 1521 967 1547 virtutev-

1055 1524 1137 1550 Δεῦτε
1158 1523 1246 1550 ὀπίσω
1261 1531 1323 1558 μου,
1338 1523 1384 1550 καὶ
1400 1524 1505 1558 ποιήσω
1521 1523 1594 1558 ὑμᾶς
1609 1523 1701 1555 ἁλιεῖς
1719 1522 1809 1558 ἀνθρώ-

181 1569 379 1597 commendans
394 1568 504 1599 Paulus,
522 1572 551 1595 ut
576 1575 657 1602 supra
671 1567 800 1599 diximus,
820 1566 859 1593 ait
877 1575 884 1592 :
904 1575 914 1591 ι
937 1565 971 1593 Et

182 1622 272 1642 sermo
287 1622 363 1642 meus
374 1618 401 1641 et
415 1614 573 1649 prtedicatio
589 1620 648 1640 mea
667 1620 720 1639 non
741 1612 768 1639 in
784 1612 971 1647 persnasibili~

181 1660 233 1687 bus
256 1661 380 1686 humanae
405 1659 544 1693 sapientia:
561 1658 664 1689 verbis,
686 1657 735 1685 sed
760 1657 788 1684 in
812 1657 971 1685 ostensione

185 1704 307 1739 Spiritus
322 1708 349 1731 et
363 1703 482 1735 virtutis,
505 1708 534 1730 ut
557 1703 623 1730 lides
638 1708 730 1730 nostra
752 1709 805 1729 non
826 1703 860 1730 sit
882 1702 909 1729 in
926 1710 972 1729 sa-

181 1750 284 1785 pientia
299 1749 450 1783 hominum,
466 1749 512 1776 sed
528 1749 553 1776 in
568 1749 670 1776 virtute
686 1748 732 1775 Dei
748 1748 782 1775 "°.
812 1757 822 1774 ι
843 1749 922 1781 Nam,
942 1754 972 1775 ut

180 1795 338 1830 praedictum
356 1795 443 1822 fuerat
459 1803 473 1821 a
492 1795 631 1830 prophetis
645 1795 866 1831 praedicationem
882 1794 971 1822 Evan-

179 1841 243 1877 gelii
269 1841 527 1876 prmnuntiantihus,
556 1851 566 1867 ι
596 1841 729 1869 Dominus
756 1841 832 1868 dedit
859 1842 971 1868 verbum

180 1887 433 1921 evangelizantibus
460 1887 562 1914 virtute
582 1887 678 1919 multa,
692 1895 740 1914 rex
770 1887 902 1914 virtutum
929 1887 972 1913 di-

181 1933 245 1961 lecti
265 1934 306 1966 ";
326 1942 337 1960 ι
355 1938 384 1960 ιιι
398 1933 558 1968 impleretur
571 1938 598 1961 et
613 1934 685 1961 istud
702 1934 860 1961 vaticinium
878 1942 908 1961 ιι
926 1933 974 1960 Vc-

182 1979 280 2007 lociter
293 1980 380 2006 currit
395 1986 484 2008 sermo
496 1981 554 2013 eius
569 1979 603 2006 ⁸¹.
628 1989 637 2005 ι
656 1979 690 2006 Ει
707 1979 816 2014 quidem
827 1979 883 2014 jam
899 1979 974 2006 vitie-

181 2033 244 2054 mus
259 2035 268 2052 ι
288 2027 314 2053 in
330 2033 439 2054 omnem
455 2030 558 2054 terram
576 2026 696 2054 exivisse
718 2032 815 2053 sonum
832 2034 842 2051 ι
861 2029 972 2060 aposto-

182 2072 270 2100 lorum
294 2071 368 2105 Jcsu,
388 2081 397 2098 ι
416 2076 444 2100 et
469 2072 496 2099 in
523 2072 590 2099 fines
617 2073 693 2099 orbis
722 2076 803 2099 terra:
821 2072 904 2099 verba
923 2079 972 2098 co-

181 2124 242 2144 rum
255 2117 289 2144 ".
304 2126 314 2143 ι
334 2117 469 2150 Quocirca
497 2119 543 2151 qui
560 2117 675 2144 audiunt
697 2118 811 2144 verbum
836 2126 898 2145 cum
916 2119 972 2144 vir-

183 2166 243 2189 tute
270 2163 459 2197 praedicatum,
480 2163 620 2198 replentur
644 2168 671 2190 et
698 2163 747 2198 ipsi
774 2164 883 2195 virtute,
907 2171 972 2198 quae

1024 1579 1092 1599 πων,
1118 1579 1127 1594 ι
1147 1569 1259 1604 δυνάμει
1275 1569 1330 1595 τινὶ
1341 1569 1400 1604 θείᾳ
1417 1569 1446 1595 ὲν
1471 1569 1527 1600 τοῖς
1544 1568 1709 1601 ἀποστόλοις
1737 1568 1807 1595 αὑτοῦ

1022 1615 1180 1650 ἐπλήρωσεν
1203 1616 1217 1642 ό
1235 1615 1483 1650 ’1ησοῦς;“Ηντινα
1498 1615 1545 1642 καὶ
1569 1616 1584 1641 ό
1604 1614 1717 1647 Παῦλος
1743 1623 1811 1649 παρι-

1024 1659 1088 1692 στάς
1104 1660 1151 1695 (ὡς
1166 1660 1212 1686 καὶ
1243 1660 1272 1687 ἐν
1295 1660 1352 1691 τοῖς
1373 1659 1502 1694 ἀνωτέρω
1526 1660 1704 1695 εἰρήκαμεν)
1736 1661 1810 1695 φησί’

1026 1715 1035 1731 ι
1054 1706 1107 1732 Καὶ
1122 1707 1136 1732 ὁ
1148 1705 1225 1739 λόγος
1243 1714 1294 1741 μου
1309 1705 1357 1732 καὶ
1371 1705 1402 1731 τὸ
1416 1706 1546 1741 κήρυγμά
1563 1713 1614 1740 μου
1638 1706 1694 1731 οὐκ
1718 1706 1747 1732 ὲν
1763 1713 1812 1731 πει-

1023 1752 1079 1784 θοῖς
1110 1752 1284 1788 ἀνθρωπίνης
1315 1753 1411 1787 σοφίας
1421 1753 1520 1787 λόγοις,
1544 1752 1601 1779 ἀλλ’
1629 1753 1659 1778 ὲν
1686 1752 1811 1783 ἀποδείξει

1023 1797 1180 1833 Πνεύματος
1205 1799 1252 1825 καὶ
1274 1798 1424 1833 δυνάμεως,
1446 1799 1489 1825 ἵνα
1514 1800 1530 1833 ἡ
1552 1799 1645 1828 πίστις
1669 1799 1753 1834 ἡμῶν
1767 1799 1811 1833 (95:

1025 1843 1061 1878 μὴ
1121 1845 1150 1870 ὲν
1173 1844 1253 1880 σοφίᾳ
1269 1844 1431 1880 ἀνθρώπων,
1453 1845 1512 1871 ἀλλ’
1534 1846 1562 1871 ὲν
1576 1845 1696 1879 δυνάμει
1712 1844 1787 1871 Θεοῦ.
1804 1854 1809 1867 ι

1024 1889 1101 1915 Κατά
1119 1890 1174 1925 γὰρ
1185 1889 1218 1916 τὰ
1232 1890 1366 1925 εἰρημένα
1383 1891 1411 1916 ὲν
1435 1892 1490 1921 τοῖς
1506 1891 1672 1925 προφήταις,
1698 1899 1812 1924 προγνιιι-

1024 1934 1123 1967 στικῶς
1134 1935 1335 1969 ἀπαγγέλλουσι
1348 1936 1470 1971 περὶτῆς
1482 1935 1622 1970 κηρύξεως
1635 1935 1687 1962 τοῦ
1700 1936 1812 1968 Εὑαγτε-

1023 1981 1100 2014 λίου,
1122 1990 1131 2006 ι
1155 1980 1258 2015 Κύριος
1280 1981 1363 2008 ἔδωκε
1389 1982 1464 2016 ῥῆμα
1485 1982 1541 2012 τοῖς
1560 1980 1812 2015 εὐαγγελιζομένοῑς

1023 2026 1136 2063 δυνάμει
1152 2028 1248 2062 πολλῇ,
1257 2028 1271 2053 ό
1284 2027 1409 2062 βασιλεὺς
1423 2027 1477 2053 τῶν
1492 2026 1634 2061 δυνάμεων
1647 2026 1699 2052 τοῦ
1715 2027 1814 2059 chum;-

1023 2073 1080 2106 τοῦ,
1101 2084 1109 2099 ι
1121 2074 1164 2100 ἵνα
1178 2075 1224 2100 καὶ
1241 2075 1257 2110 ἡ
1282 2074 1398 2108 λέγουσα
1417 2073 1578 2108 προφητεία,
1599 2082 1608 2099 ι
1630 2073 1709 2105 Ἕως
1725 2073 1813 2107 τάχους

1023 2119 1166 2155 δραμεῖται
1182 2120 1196 2145 ὁ
1210 2119 1288 2153 λόγος
1304 2119 1397 2151 αὑτοῦ,
1416 2128 1424 2144 ι
1443 2119 1583 2154 πληρωθῇ.
1607 2118 1665 2144 Καὶ
1685 2117 1814 2153 βλέπομέν

1023 2174 1065 2199 γε,
1077 2166 1118 2192 ὅτι
1137 2175 1146 2191 ι
1168 2167 1208 2196 εἰς
1224 2166 1314 2192 πᾶσαν
1335 2165 1384 2199 τὴν
1397 2165 1449 2200 γῆν
1466 2163 1576 2199 ἐξῆλθεν
1592 2164 1606 2190 ό
1622 2163 1680 2190 τῶν
1706 2163 1814 2190 ἀποστό-

184 2216 246 2236 cum
274 2208 301 2235 in
326 2216 419 2235 eorum
442 2208 583 2236 affectibus
597 2210 769 2244 actibusque,
787 2214 841 2242 tum
857 2210 885 2237 in
901 2218 968 2237 con-

1045 2220 1076 2237 ον
1095 2210 1181 2246 Ἰησοῦ
1208 2210 1338 2245 φθόγγος,
1354 2210 1401 2236 καὶ
1417 2210 1458 2240 είς
1480 2208 1515 2235 τά
1531 2208 1637 2243 πέρατα
1658 2209 1715 2243 τῆς
1735 2209 1815 2234 oblat

183 2254 285 2282 stantia
301 2254 335 2280 ad
359 2258 474 2282 mortem
493 2262 542 2288 pro
558 2255 681 2282 veritatis
700 2255 857 2283 defensione
884 2257 968 2290 perfe-

1045 2258 1109 2292 ένης
1123 2257 1156 2283 τὰ
1171 2258 1279 2292 ῥήματα
1294 2255 1382 2282 αὐτῶν
1402 2255 1467 2291 (94).
1492 2264 1502 2280 ι
1521 2254 1570 2280 Διὰ
1581 2253 1660 2280 τοῦτο
1676 2253 1814 2288 δυνάμεως

184 2300 296 2327 rendam
312 2300 416 2334 elucet;
436 2301 547 2336 quidam
564 2306 656 2329 autem
671 2301 749 2328 vacui
766 2306 842 2334 sunt,
858 2302 966 2329 etiamsi

1045 2305 1072 2330 ὲν
1085 2303 1250 2339 πληροῦνται
1274 2303 1299 2328 οἱ
1325 2302 1405 2335 λόγου
1426 2300 1472 2326 τοῦ
1489 2300 1557 2335 μετὰ
1569 2299 1720 2334 δυνάμεως
1735 2299 1816 2329 ἀπατ-

184 2345 242 2374 Deo
261 2355 309 2382 per
331 2346 425 2374 Jesum
450 2349 563 2376 credere
582 2348 772 2380 profiteantur,
796 2347 841 2382 qui
866 2348 968 2375 virtute

1045 2349 1181 2385 ελλομὲνου
1198 2349 1351 2379 ἀκούοντες,
1368 2348 1400 2382 ἢν
1419 2345 1620 2373 ἐπιδείκνυνται
1638 2346 1672 2380 τῇ
1687 2353 1722 2371 τε
1735 2343 1817 2371 διαθέ-

215 2451 239 2468 ⁴⁷
250 2451 262 2480 l
274 2452 337 2481 Cor.
349 2461 380 2486 ιι,
395 2453 422 2481 5.
464 2452 488 2468 ”
499 2452 594 2479 Matth.
607 2452 696 2485 tv,l9.
734 2452 757 2469 "
770 2453 779 2480 l
791 2453 852 2481 Cor.
862 2462 892 2486 ιι,
904 2454 931 2482 4.
969 2453 1070 2483 “Psal.
1083 2454 1220 2487 van,12.
1259 2453 1280 2469 ⁵¹
1292 2452 1362 2480 Psal.
1377 2458 1478 2482 cxtvn.
1490 2449 1532 2477 l5.
1571 2448 1682 2475 "Psal.
1699 2455 1780 2479 mn,
1794 2446 1817 2474 5.

216 2547 273 2581 (88)
290 2546 376 2574 Codd.
400 2545 498 2580 Rogitls
515 2552 544 2572 et
558 2545 738 2576 Basileensis.
754 2545 794 2572 ὅτι
815 2547 839 2572 εί
857 2545 966 2581 σοφούς.

180 2580 265 2610 Paulo
280 2587 340 2615 post
355 2581 513 2617 Philocalia,
529 2581 597 2617 πρὸς
611 2580 641 2607 τὸ
655 2582 725 2608 νοεῖν
740 2581 788 2607 καὶ
801 2580 891 2615 λέγειν
906 2580 969 2616 ἀρέ-

181 2625 296 2648 σκοντας
309 2616 450 2652 πλήθεσιν.

217 2673 273 2710 (89)
287 2673 468 2709 Κεχρῆσθαι.
485 2673 530 2701 Sic
543 2677 618 2710 recte
630 2672 789 2710 Philoealia.
803 2671 971 2710 ilmsciiclius

182 2707 273 2744 autem
288 2715 315 2736 et
328 2707 491 2744 Spencerus',
510 2708 692 2744 κεκηρῦχθαι.
713 2708 795 2744 Paulo
818 2713 881 2744 post
908 2707 972 2744 Phi-

185 2743 294 2773 localia.
324 2741 409 2772 codex
435 2743 537 2778 Regius
565 2741 591 2771 ei
617 2741 795 2774 Basileensis,
822 2741 972 2778 έπαγγελξα

185 2777 353 2811 ἀνεφαίνετο.
381 2776 550 2806 Ηιεεοιιὶιὶυε
573 2782 601 2806 et
625 2778 789 2813 Spencerus,
817 2776 972 2811 ἀπαγγελία

185 2813 354 2845 ἀνεφαίνετο,
365 2814 444 2841 male.

223 2858 279 2893 (90)
303 2859 385 2887 Cod-1.
413 2858 478 2893 Reg.
509 2858 680 2892 Basilcensis,
708 2857 760 2885 duo
776 2856 913 2890 Vaticani,
941 2860 968 2885 et

1022 2543 1193 2572 liteschelius
1205 2543 1230 2568 in
1245 2547 1330 2572 textu,
1342 2542 1370 2567 ἐν
1382 2539 1496 2570 πειθοῖς.
1506 2537 1666 2569 Philocalia.
1680 2537 1714 2564 ἐν
1722 2535 1817 2564 πειθοῖ.

1058 2588 1114 2659 (91)
1131 2588 1236 2614 Ταῦτα.
1249 2587 1347 2614 Gnieto
1364 2585 1541 2612 scribendum
1557 2584 1677 2615 videtur,
1695 2584 1720 2608 τ’
1740 2583 1815 2609 αὐτὰ.

1059 2625 1103 2659 (92
1135 2622 1292 2651 l’hiloraiiu.
1309 2621 1433 2656 πιστική.

1059 2621 1113 2660 (92)
1135 2622 1292 2651 l’hiloraiiu.
1309 2621 1433 2656 πιστική.

1056 2669 1112 2705 (93)
1130 2667 1239 2702 ἹῙμῶν.
1266 2667 1343 2702 Apud
1366 2665 1478 2692 Paulum
1503 2663 1616 2698 legitur,
1633 2661 1730 2697 ὑμῶν,
1747 2662 1815 2697 qqu

1055 2708 1145 2730 :estat.

1042 2712 1145 2730 rzesuu.

1021 2712 1037 2739 ρ
1057 2748 1112 2784 (94)
1131 2746 1295 2784 Τὰρήμςζτα
1311 2745 1421 2784 αὐτῶν.
1452 2744 1496 2771 δερ
1522 2751 1614 2784 ῡιιιιιθε
1639 2743 1727 2770 codd.
1750 2750 1815 2784 .mss:

1022 2788 1050 2810 et
1061 2779 1225 2810 'l‘hilooaiial
1240 2781 1412 2808 llmschelius
1428 2787 1491 2806 vero
1507 2784 1532 2806 et
1550 2779 1728 2813 Spencerns,
1746 2779 1760 2804 ό
1776 2784 1816 2813 τοι

1022 2818 1177 2844 ἀποστόλων
1191 2818 1279 2851 λόγος.
1297 2816 1396 2842 Ibidem
1412 2812 1661 2851 Philoralia’male,
1678 2812 1812 2851 πληροῦν-

1021 2862 1066 2880 ται
1082 2854 1106 2879 οἱ
1119 2853 1192 2887 λόγοι
1207 2847 1340 2886 τοῦμετὰ
1358 2850 1497 2884 δυνάμεως
1510 2847 1770 2882 ἐπαγγελλομένου.
