1843 3097
56 127 108 154 τει

668 125 808 154 CONTRA
825 124 962 153 CELSUM
982 124 1046 153 LIB.
1066 125 1088 152 Ι.

1635 125 1688 152 ἿΒΞ.

54 185 195 222 πειρᾶται
226 186 295 221 ὑπὲρ
325 185 372 212 τοῦ
392 186 566 213 καταστεῖλαι
589 185 625 213 τὰ
647 187 676 213 ὲν
699 186 852 222 ἀνθρώποις

946 186 971 212 iii
983 185 1137 212 hominibus
1152 186 1306 214 animarum
1315 185 1428 213 affectus
1443 185 1580 218 cohibeat,
1592 193 1689 220 parum

54 231 136 267 πάθη
154 232 211 258 τῶν
230 231 333 267 ψυχῶν,
356 233 392 268 μὴ
416 234 670 269 προσποιησάμενος
683 233 720 268 (6)
733 234 807 259 ποῖον
823 233 853 258 τὸ

53 277 114 312 τῆς
131 277 263 312 ἀληθείας
284 279 342 304 ἐστὶ
358 278 455 313 δόγμα,
472 279 633 314 θεραπεύειν
645 280 715 305 κατὰ
730 279 779 310 τὰς
798 279 854 305 δια-

54 323 164 358 φόρους
180 323 302 358 αἱρέσεις
317 324 380 354 τοὺς
394 325 424 350 ὲν
440 325 496 355 τοῖς
510 324 606 350 πάθεσι
624 323 854 358 προκατειλημμέ-

53 376 134 400 νους,
157 368 205 394 καί
223 376 314 402 φησιν’
336 369 376 394 ὅτι
394 378 412 401 _t
440 368 500 395 Κᾶν
521 368 600 404 ἡδονὴ
616 368 691 400 τέλος
704 366 736 405 ᾖ,
755 369 854 394 οὑτωσὶ

54 414 246 448 θεραπευτέον
261 413 296 440 τὰ
316 414 401 447 πάθη’
428 413 478 440 κᾶν
495 414 558 449 τρία
574 415 639 449 γένη
660 414 714 440 τῶν
733 414 852 447 ἀγαθῶν,

53 461 139 488 οὐδὲν
166 459 247 497 ἦττον
272 460 319 486 καὶ
346 459 415 486 κατὰ
438 459 484 486 τὸν
505 459 582 493 λόγον
598 459 701 491 τοῦτον,
723 460 776 486 τῶν
800 468 853 486 πα-

55 505 113 532 θῶν
207 504 293 535 οὕτως
315 504 501 530 ἀπαλλακτέον
521 504 584 535 τοὺς
610 504 785 540 ἐνεχομένους
805 505 853 531 αὺ-

53 552 128 582 τοῖς.
151 561 161 576 ι
181 551 212 577 Οἱ
227 550 255 576 δὲ
270 551 416 586 κατήγοροι
432 549 479 576 τοῦ
494 550 707 585 Χριστιανισμοῦ
721 551 769 586 οὐχ
785 550 854 585 ὀρῶ-

55 606 113 628 σιν,
131 597 205 623 ὅσων
221 596 294 631 πάθη
311 595 358 622 καὶ
383 596 453 622 ὅσων
467 595 544 630 χύσις
556 596 654 627 κακίας
678 597 854 623 καταστέλλε-

53 651 115 675 ται,
141 643 193 668 καὶ⁴
215 642 283 668 ὃσων
302 642 384 676 ἄγρια
409 641 461 676 ἢθη
485 641 632 677 ἡμεροῦται
656 642 790 677 προφάσει
806 642 853 668 τοῦ

53 688 152 722 λόγου.
173 684 209 723 τῼ
228 687 280 714 ἔδει
294 686 443 721 αὐχοῦντας
460 687 560 718 αὐτοὺς
588 687 618 714 τὸ
640 688 796 714 κοινωνικὸν
816 688 854 722 (8)

54 734 181 769 χάριτας
192 734 341 768 ὁμολογεῖν,
357 734 435 768 καινῇ
459 732 563 768 μεθόδῳ
576 732 681 759 πολλῶν
696 733 790 760 κακῶν
805 742 853 768 με-

53 780 232 814 ταστήσαντι
244 779 307 810 τοὺς
320 778 489 814 ἀνθρώπους·
501 779 548 804 καὶ
565 780 712 814 μαρτυρεῖν
725 787 755 812 γε
767 779 853 814 αὐτῷ,

53 826 79 851 εἰ
95 825 149 851 καὶ
177 825 214 860 μὴ
230 824 366 859 ἀλήθειαν,
388 824 456 850 ἀλλὰ
474 823 504 850 τὸ
522 824 657 855 λυσιτελὲς
679 824 717 860 τῷ
736 824 790 851 τῶν
806 825 853 851 ἀν-

53 870 185 907 θρώπων
199 871 280 904 γένει.

98 926 185 952 Ἐπεὶ
200 926 227 952 δὲ
243 926 280 961 μὴ
293 925 328 961 (9)
344 927 490 961 προπετεῖς
504 925 634 952 διδάσκων
647 926 709 957 τοὺς
729 926 853 962 μαθητὰς

52 973 68 998 ὁ
87 970 213 1005 Ἰησοῦς,
230 970 322 1004 ἔλεγεν
336 971 427 1002 αὐτοῖς
442 971 482 997 τόδ
507 980 515 996 ι
542 971 604 998 Ἐὰν
627 971 761 998 διώκωσιν
782 973 854 1008 ὑμᾶς

56 1018 89 1043 ὲν
107 1018 145 1051 τῇ
165 1016 242 1042 πόλει
254 1016 349 1052 ταύτῃ,
364 1017 479 1050 φεύγετε
503 1017 543 1047 εἰς
562 1016 610 1052 τὴν
630 1017 734 1053 ἑτέραν·
758 1018 808 1044 κᾶν
825 1020 853 1045 ἐν

52 1063 90 1097 τῇ
109 1061 199 1097 ἑτέρα
212 1060 339 1094 διώκωσι,
364 1061 444 1088 πάλιν
465 1061 579 1096 φεύγετε
599 1063 638 1093 εἰς
658 1063 706 1097 τὴν
727 1063 818 1098 ἅλληψ
842 1074 850 1089 )

52 1107 105 1133 καὶ
120 1106 259 1133 διδάσκων
281 1105 455 1141 παράδειγμα
474 1106 565 1137 αὐτοῖς
580 1106 685 1140 ἐγίνετο
707 1106 855 1138 εὐσταθοῦς

53 1154 132 1189 βίου,
148 1153 355 1188 οἰκονομοῦντος
371 1154 407 1189 μὴ
422 1153 492 1188 εἰκῆ,
512 1153 578 1189 μηδὲ
593 1153 713 1187 ἀκαίρως
728 1153 775 1178 καὶ
790 1152 854 1178 ἁλό-

50 1207 117 1234 γως
143 1199 229 1233 ὁμόσε
249 1200 347 1234 χωρεῖν
370 1200 426 1230 τοῖς
450 1198 591 1230 κινδύνοις·
611 1198 690 1224 τοῦτο
712 1197 792 1224 πάλιν
807 1207 855 1224 κα-

50 1244 192 1280 κουργῶν
213 1245 228 1270 ὁ
252 1244 355 1275 Κέλσος
379 1243 525 1277 διαὸάλλει,
553 1243 599 1270 καί
625 1251 690 1278 φησι
718 1244 785 1279 πρὸς
809 1243 854 1270 τὸν

57 1289 177 1326 Ἰησοῦν
194 1290 209 1315 ὁ
221 1290 286 1325 παρ’
306 1289 379 1324 αὐτῷ
402 1289 535 1321 Ἰουδαῖος,
554 1289 594 1315 ὅτι
614 1298 623 1313 ι
643 1288 721 1315 Μετὰ
734 1288 788 1315 τῶν
805 1298 855 1324 μα-

51 1335 153 1372 Θητῶν
160 1335 225 1370 τῇδε
234 1335 343 1362 κάκεῖσε
356 1334 572 1370 ἀποδιδράσκεις.
589 1344 597 1359 ι
613 1335 724 1370 Ὅμοιον
740 1332 792 1371 δὲῇ
805 1343 854 1361 πε-

51 1381 177 1416 ποίηται
192 1380 261 1406 κατὰ
280 1379 370 1415 Ἰησοῦ
385 1380 432 1407 καὶ
445 1379 498 1406 τῶν
513 1380 638 1416 μαθητῶν
652 1380 760 1416 διαϐολῇ
776 1381 856 1416 φήσο-

52 1436 110 1462 μεν
131 1426 191 1461 (10)
207 1426 276 1452 εἶναι
301 1426 347 1452 καὶ
369 1425 400 1452 τὸ
422 1426 488 1461 περὶ
509 1425 711 1461 Ἀριστοτέλους
735 1426 856 1461 ἱστορού-

52 1480 154 1508 μενοψ
178 1469 255 1503 οὗτος
276 1474 340 1507 γὰρ,
366 1471 427 1498 ἰδὼν
451 1471 657 1507 ωγκροτεῖσθαι
680 1471 774 1506 μέλλον
795 1471 854 1498 καθ’

907 239 1007 258 curare
1023 231 1167 266 qttalenatn
1181 231 1217 259 sit
1233 232 1356 259 veritatis
1376 231 1485 266 dogma,
1520 231 1567 258 sed
1588 231 1620 258 iis
1642 233 1688 266 qui

904 278 978 305 vitiis
992 281 1170 312 occupantur,
1187 278 1307 305 remedia
1322 278 1415 305 conari
1442 277 1573 305 adhibere
1589 285 1688 304 secun-

905 324 968 350 dttm
987 323 1059 350 varia
1082 328 1217 350 sectarum
1241 323 1385 358 principia.
1411 323 1481 351 Dicit
1498 328 1588 350 autem
1606 333 1612 350 :
1629 333 1637 349 ε
1658 323 1688 350 Si

905 368 1027 402 voluptas
1041 375 1175 395 summum
1203 369 1303 396 bonum
1326 369 1372 401 sil,
1392 369 1443 396 hac
1469 370 1574 396 ratione
1598 370 1688 396 curari

905 418 1013 448 oportet
1032 414 1265 449 perturbationes;
1285 414 1324 441 sin
1346 415 1396 441 tria
1425 415 1480 441 sint
1499 416 1632 442 bonorum
1647 424 1690 450 ge-

906 467 982 491 nera,
995 461 1045 486 hae
1064 460 1158 487 itidem
1174 461 1311 487 sententia
1328 459 1457 488 utendum
1474 461 1527 487 erit
1543 461 1576 488 ad
1590 469 1690 488 sanan-

905 506 955 533 dos
970 505 1029 532 illos
1042 506 1087 540 qui
1104 505 1355 540 perturbationibus
1369 509 1512 532 vexantur.
1537 515 1547 531 ›
1570 507 1605 533 At
1626 507 1689 534 rcli-

906 551 1105 586 gionisnostrae
1119 552 1330 579 calumniatores
1346 559 1399 579 non
1420 552 1514 579 vident
1541 557 1606 587 quot
1630 553 1689 579 fue-

907 597 973 628 rint,
1001 604 1113 630 quorunt
1137 597 1354 632 perturbationes
1383 599 1596 632 compescuerit;
1625 601 1690 632 quot

908 651 1023 677 quorum
1044 644 1109 670 vitia
1137 644 1315 678 rcpresserit;
1340 649 1407 678 quot
1432 651 1546 677 quorum
1563 643 1690 670 efferatos

906 696 996 715 mores
1012 689 1134 715 doctrina
1152 689 1373 717 mansuefecerit.
1395 689 1475 723 Atqui
1498 697 1605 723 acquum
1631 695 1691 716 erat

905 734 975 765 illos,
991 734 1037 768 qtti
1055 742 1133 761 suum
1149 743 1213 768 erga
1232 736 1391 762 societatem
1407 739 1548 768 tantopere
1569 734 1690 761 studium

908 779 1059 811 venditant,
1074 780 1205 806 doctrinm
1221 787 1288 806 nova
1303 781 1408 807 ratione
1431 780 1571 807 hominum
1588 780 1692 807 morbis

907 824 1023 850 medenti
1038 825 1140 859 gratias
1155 825 1265 857 habere,
1285 825 1419 859 faterique
1434 833 1507 858 eam,
1524 826 1545 852 si
1565 833 1627 852 vera
1636 833 1690 853 non

906 874 956 902 est,
968 870 1064 896 saltem
1083 871 1202 898 httmano
1219 872 1310 906 generi
1326 879 1386 898 esse
1398 871 1583 899 utilissimam.

941 915 1024 950 380
1044 916 1089 943 65.
1113 917 1243 950 Quoniam
1274 921 1364 943 autem
1387 917 1466 944 .lesus
1480 917 1626 951 discipulos
1643 919 1690 944 dn-

906 969 969 990 cens
983 971 1015 990 ne
1033 962 1169 990 temerarii
1185 967 1288 994 essent,
1303 963 1370 989 dixit
1385 963 1436 989 illis
1454 970 1461 989 :
1481 972 1489 987 ι
1507 962 1572 989 Cum
1597 970 1690 997 perse-

913 1015 1031 1044 quentur
1048 1017 1095 1036 vos
1111 1009 1136 1035 in
1153 1009 1262 1034 civitate
1278 1008 1338 1040 ista,
1352 1008 1435 1042 fugite
1456 1008 1482 1034 in
1506 1008 1597 1035 aliam.
1615 1008 1644 1035 Si
1663 1009 1689 1035 in

907 1052 956 1080 hac
974 1060 1021 1079 vos
1037 1056 1244 1086 persequantur,
1261 1059 1360 1079 rursus
1375 1052 1401 1078 in
1419 1052 1499 1078 aliam
1516 1052 1599 1086 fugite
1615 1052 1655 1084 ⁸ος
1677 1062 1687 1078 ι

905 1098 1040 1132 simulque
1051 1106 1080 1125 se
1099 1098 1152 1125 illis
1177 1098 1330 1133 exemplum
1351 1098 1502 1125 constantis
1530 1099 1691 1133 tranquilla:-

906 1153 958 1179 qtte
971 1146 1031 1171 vitae
1046 1144 1170 1178 prmbuit,
1190 1145 1252 1171 dum
1269 1145 1327 1179 ipse
1343 1145 1458 1171 cavebat
1474 1152 1506 1171 ne
1519 1149 1630 1178 temere,
1643 1151 1690 1172 aut

907 1190 1105 1225 intempestive,
1120 1194 1167 1216 attt
1183 1190 1334 1217 inconsulto
1356 1191 1383 1217 in
1410 1190 1528 1225 pericula
1555 1191 1688 1224 irrueret;

907 1236 958 1262 hoc
973 1243 1080 1262 rursum
1095 1234 1190 1262 Celsus
1203 1235 1320 1270 maligne
1341 1236 1441 1270 carpit,
1465 1240 1492 1263 et
1510 1237 1550 1263 sic
1565 1237 1634 1271 apud
1651 1237 1691 1270 ip-

909 1288 967 1308 sutn
981 1280 1090 1307 Juda-us
1102 1279 1193 1307 Jesum
1218 1281 1367 1314 alloquitur
1390 1290 1395 1307 :
1424 1289 1432 1306 ι
1458 1281 1524 1308 Cum
1553 1282 1690 1316 discipulis

907 1327 958 1353 hac
979 1326 1041 1353 illac
1056 1326 1166 1361 fugitas.
1186 1335 1194 1351 ι
1213 1326 1288 1359 Quod
1317 1331 1405 1353 tanten
1418 1326 1479 1353 Jesu
1499 1331 1524 1354 et
1537 1327 1594 1361 ejus
1607 1328 1688 1354 disci-

905 1372 975 1408 pulis
990 1372 1096 1399 eritnini
1114 1372 1204 1404 vertit,
1221 1372 1290 1398 idem
1313 1371 1411 1399 fecisse
1437 1372 1534 1406 legitur
1560 1373 1692 1399 Atistote-

906 1419 955 1446 les.
971 1418 994 1446 Is
1014 1419 1097 1451 enim,
1120 1427 1180 1445 cum
1200 1419 1368 1453 intelligeret
1386 1419 1437 1446 sibi
1456 1424 1586 1453 tanquam
1607 1420 1690 1454 impio

906 1469 1016 1498 propter
1034 1464 1157 1498 qutedam
1183 1471 1239 1490 sua:
1272 1463 1450 1498 philosophia:
1480 1465 1603 1498 dogmata
1629 1473 1690 1499 qua:

872 857 892 883 Β

50 1517 146 1545 αὑτοῦ
169 1517 360 1553 δικαστήριον,
375 1517 412 1548 ὡς
425 1516 495 1543 κατὰ
513 1516 636 1550 ἀσεϐοῦς,
659 1517 703 1543 διά
721 1525 781 1543 τινα
796 1516 855 1550 δόγ-

945 1510 1087 1537 henienses
1101 1509 1182 1543 impia
1205 1516 1265 1536 esse
1282 1510 1453 1543 judicabant,
1483 1509 1594 1536 conflari
1621 1510 1692 1545 judi-

53 1572 138 1599 ματα
150 1564 204 1598 τῆς
219 1563 377 1597 φιλοσοφίας
391 1563 484 1594 αὐτοῦ,
501 1562 519 1589 ἂ
535 1563 661 1598 ἐνόμισαν
685 1561 754 1590 εἶναι
770 1562 855 1596 ἀσεϐῆ

58 1608 219 1643 Ἀθηναῖοι,
235 1609 415 1643 ἀναχωρήσας
434 1607 487 1634 ἀπὸ
508 1607 562 1634 τῶν
584 1608 720 1644 Ἀθηνῶν,
739 1609 768 1635 ὲν
784 1607 857 1634 Χαλ-

50 1655 114 1681 κίδι
131 1654 192 1689 (li)
209 1653 258 1685 τὰς
272 1653 413 1688 διατριὸὰς
431 1653 593 1687 ἐποιήσατο,
617 1654 856 1689 ἀπολογησάμενος

49 1702 117 1732 τοῖς
127 1700 291 1735 γνωρίμοις,
304 1700 350 1726 καὶ
361 1699 454 1725 εἰπών’
469 1710 477 1724 ι
499 1700 635 1734 Ἀπίωμεν
649 1699 702 1726 ἀπὸ
713 1699 765 1725 τῶν
782 1699 858 1734 Ἀθη-

50 1749 125 1780 νῶν,
143 1747 191 1773 ἵνα
208 1746 245 1782 μὴ
258 1747 395 1781 πρόφασιν
417 1746 507 1781 δῶμεν
531 1746 684 1781 Ἀθηναίοις
699 1745 746 1772 τοῦ
764 1744 856 1772 δεύτεέ

51 1803 106 1831 ρον
124 1794 199 1827 ἄγος
220 1792 362 1819 ἀναλαϐεῖν
381 1792 571 1827 παραπλήσιον
595 1792 634 1826 τῷ
657 1791 726 1818 κατὰ
741 1791 857 1827 Σωκρά-

50 1848 136 1871 τους,
154 1839 205 1865 καὶ
224 1839 268 1864 ἴνα
290 1837 326 1873 μὴ
345 1837 468 1873 δεύτερον
482 1838 522 1869 εἰς
540 1836 697 1871 φιλοσοῳίαν
715 1836 856 1872 ἀσεϐήσω-

51 1895 113 1912 σιν.
144 1894 154 1910 ι
183 1884 252 1919 Φησὶ
279 1883 307 1909 δὲ
328 1892 337 1908 ‹
361 1882 406 1909 τὸν
438 1882 542 1918 Ἰησοῦν
571 1881 639 1917 μετὰ
659 1881 712 1908 τῶν
731 1881 858 1916 μαθητῶν

49 1928 190 1965 αἰσχρῶς
203 1929 250 1954 καὶ
263 1928 397 1963 γλίσχρως
410 1927 458 1959 τὰς
474 1926 575 1962 τροφὰς
589 1926 750 1960 συλλέγοντα
779 1933 859 1960 περι-

44 1973 339 2011 εληλυθέναιΛΠίθεν
348 1971 447 2004 λαϐὼν,
465 1971 672 2005 ἀπαγγελλέτω,
693 1970 723 1996 τὸ
747 1969 857 2005 αἰσχρὸν

50 2021 108 2047 καὶ
123 2019 156 2045 τὸ
174 2018 302 2053 γλίσχρον
319 2018 370 2053 τῆς
385 2017 525 2052 συλλογῆς·
543 2018 572 2044 ἐν
585 2017 638 2052 γὰρ
658 2018 714 2047 τοῖς
737 2016 858 2049 Εὖαγγε-

51 2066 132 2096 λξοις
143 2064 276 2098 γυναῖκές
286 2072 367 2095 τινες,
386 2063 619 2098 τεθεραπευμέναι
643 2062 698 2088 ἀπὸ
710 2061 764 2088 τῶν
779 2061 858 2087 ἀσθε-

51 2111 145 2139 νειῶν
161 2110 263 2142 αὐτῶν,
278 2110 306 2135 ὲν
317 2106 359 2140 αἷς
378 2106 411 2144 ἦν
426 2108 473 2134 καὶ
493 2107 620 2134 Σωσάννα
641 2106 707 2140 (12),
728 2106 858 2141 παρεῖχον

51 2159 120 2188 τοῖς
154 2156 290 2191 μαθηταῖς
309 2156 340 2181 ἐκ
362 2154 415 2181 τῶν
432 2154 606 2189 ὑπαρχόντων
630 2153 724 2183 αὑταῖς
744 2151 855 2187 τροφάς·

52 2203 111 2235 Τίς
125 2202 157 2228 δὲ
167 2201 222 2227 τῶν
237 2199 460 2235 φιλοσοφούντων,
475 2199 522 2226 καὶ
533 2197 718 2233 ἀνακειμένων
739 2196 857 2232 ὠφελείᾳ

51 2248 227 2284 γνωρίμων,
252 2246 302 2272 οὐκ
327 2247 374 2272 ἀπ’
396 2245 485 2272 αὐτῶν
509 2244 644 2279 ἐλάμϐανε
662 2245 696 2270 τὰ
717 2242 784 2278 πρὸς
808 2242 857 2274 τὰς

52 2292 182 2330 χρείαςς
201 2291 237 2317 Ἢ
260 2291 358 2317 ἐκεῖνοι
383 2290 431 2325 μὲν
449 2289 528 2315 τοῦτο
553 2287 726 2323 καθηκόντως
751 2287 857 2313 ἐποίουν

99 2351 127 2367 ⁸⁸
147 2349 244 2376 Matth.
261 2356 289 2380 ι,
308 2348 353 2375 25.
391 2347 412 2363 ⁶¹
429 2347 494 2374 Luc.
513 2346 621 2382 γιιιηὸ.

53 2396 238 2433 qumstiOnes
252 2393 471 2433 considerantur,
494 2393 526 2418 ad
550 2392 611 2433 ‘hate
634 2395 661 2418 et
678 2391 779 2433 innquo
795 2398 852 2430 me-

55 2425 151 2459 «lendi
167 2429 247 2460 ratio,
259 2435 340 2462 quam
355 2432 459 2462 partem
472 2425 600 2453 moralem
614 2425 735 2462 nonnulli
755 2425 853 2462 inscri-

55 2467 149 2495 bunt,
178 2471 231 2489 non
256 2460 319 2490 item
343 2460 468 2489 sintiliter
484 2468 650 2495 cognoscere
673 2460 854 2494 deprehendi-

57 2507 124 2528 tur.
146 2509 156 2524 ι
177 2498 308 2525 Srsacsn.

99 2533 145 2569 (6)
158 2530 594 2569 Hpoa’nomfdueroc:_Gelenitts
604 2529 736 2569 interpres
750 2529 855 2569 videtur

55 2564 417 2605 Ιςέίέεθξπρῳρισᾶμὲνρς.
431 2564 657 2605 _ll(cscltelitts_itt
673 2569 745 2605 textu
763 2565 854 2605 habet,

55 2599 359 2641 «Eocﬁatnedtisyov'-_
374 2601 456 2641 P_:_tulo
479 2605 539 2641 p’ost
566 2599 720 2640 Pltiloealia,
737 2600 799 2641 τοὺς
827 2599 856 2641 ἒν

53 2634 126 2671 erit;
142 2634 254 2665 πάθὲσιῖ
271 2636 441 2665 llmschelius
453 2640 480 2663 et
493 2635 654 2670 Spcneerus,
671 2634 734 2665 τοὺς
745 2634 792 2660 καὶ
801 2634 856 2664 τοῖς

56 2676 181 2702 πάθεσι.

103 2709 146 2744 (7)
165 2708 212 2735 Sic
223 2711 295 2744 rect_e
306 2704 601 2744 Philoc.‘Hoeschelius
629 2711 693 2744 vero
719 2703 857 2743 et_Spen-

56 2738 162 2779 carus,
175 2743 252 2770 οὐδὲν
273 2741 353 2778 ἦττον
364 2740 433 2767 κατὰ
453 2740 499 2766 τὸν
522 2740 600 2774 λόγον
616 2738 717 2766 τούτων
734 2738 787 2765 τῶν
807 2746 859 2765 πα-

79 2789 134 2806 ων.

171 2812 338 2850 Plr'docalia,
367 2808 389 2846 ᾧ
420 2811 472 2838 ἔδει
505 2810 604 2842 αὐτοὺς
631 2810 789 2845 ἐντυχόντας
821 2807 859 2843 τῷ

57 2848 229 2882 κοινωνικῷ.

908 1557 998 1587 cium,
1024 1555 1127 1582 relictis
1154 1554 1278 1587 Athenis,
1301 1555 1329 1581 in
1353 1554 1482 1582 Chalcide
1508 1555 1627 1583 scholam
1643 1557 1693 1584 ha-

907 1601 965 1628 buit
981 1601 1052 1628 :hac
1066 1602 1123 1628 suis
1136 1599 1317 1627 familiaribus
1344 1601 1446 1628 reddita
1472 1601 1540 1635 fuga:
1562 1602 1668 1629 ratione
1683 1623 1691 1630 .

911 1655 920 1671 ι
943 1646 1114 1673 Diseedamus
1130 1646 1254 1679 Athenis,
1276 1652 1309 1672 ne
1336 1646 1432 1672 iterum
1451 1647 1528 1673 detur
1541 1647 1691 1675 Athenien-

907 1693 982 1720 sibus
1002 1693 1078 1719 locus
1091 1692 1276 1719 committendi
1296 1692 1416 1724 sceleris,
1440 1692 1518 1726 quale
1543 1693 1570 1719 in
1594 1693 1693 1720 Socra-

910 1743 962 1764 tetn
983 1738 1198 1770 commiserunt;
1213 1745 1281 1764 neve
1293 1738 1389 1764 iterum
1401 1738 1482 1771 impie
1496 1743 1576 1772 agant
1588 1739 1614 1765 in
1631 1739 1692 1771 phi-

908 1782 1072 1818 losophiam.
1093 1792 1102 1809 ι
1121 1783 1190 1810 Dicit
1205 1788 1333 1817 praeterea
1352 1792 1361 1808 ‹
1379 1782 1471 1810 Jcsum
1486 1791 1547 1810 eum
1572 1783 1693 1818 discipu-

909 1828 942 1854 lis
965 1829 1018 1855 huc
1042 1828 1107 1855 illuc
1126 1828 1314 1863 vagabnndutn
1339 1828 1414 1855 cibos
1439 1828 1598 1861 collegisse;
1621 1838 1630 1854 ι
1646 1830 1693 1856 sed

909 1873 1010 1900 indicet
1024 1872 1101 1899 velim
1119 1873 1192 1899 unde
1205 1873 1331 1899 didicerit
1347 1877 1449 1906 turpem
1460 1873 1529 1898 hanc
1539 1873 1692 1900 sordidam—

908 1926 960 1953 que
980 1918 1221 1945 meudicationem.
1237 1917 1303 1944 Nam
1319 1917 1462 1952 Evangelia
1475 1922 1586 1944 narrant
1607 1918 1628 1934 εί
1649 1919 1691 1946 fe-

909 1965 996 1992 minas
1012 1965 1156 1999 quasdatn,
1187 1971 1246 1998 qua:
1271 1963 1379 1990 fuerant
1406 1963 1464 1990 suis
1489 1964 1694 1992 infirmitatibus

910 2010 1047 2043 liberam,
1075 2010 1145 2036 inter
1168 2017 1236 2043 quas
1259 2014 1285 2035 et
1309 2009 1430 2036 Susanna
1454 2013 1524 2041 erat,
1555 2009 1695 2045 discipulis

910 2057 1012 2083 victum
1033 2056 1117 2083 esuis
1128 2055 1306 2082 facultatibus
1332 2055 1491 2088 prmbuisse.
1510 2055 1610 2089 Ecquis
1629 2063 1694 2083 vero

910 2101 1133 2136 philosophorum
1153 2108 1207 2127 non
1226 2101 1331 2134 accepit
1346 2100 1379 2127 ab
1395 2100 1428 2127 iis
1453 2107 1521 2134 quos
1543 2100 1594 2127 sibi
1615 2105 1695 2128 notos

910 2148 1082 2179 erudiebant,
1109 2155 1169 2182 quae
1180 2147 1231 2175 sibi
1248 2151 1328 2173 erant
1345 2146 1519 2174 necessaria?
1546 2143 1656 2174 Scilicet
1669 2147 1696 2174 id

872 2190 894 2216 D
911 2194 1012 2225 facere,
1030 2193 1157 2220 decorum
1169 2192 1230 2220 aliis
1249 2193 1430 2219 ethonestum
1454 2192 1507 2219 fuit
1527 2202 1533 2220 :
1559 2199 1622 2220 cum
1646 2200 1696 2220 an-

912 2243 964 2268 tetn
979 2240 1049 2266 idem
1067 2239 1172 2266 faciunt
1185 2239 1318 2273 discipuli,
1341 2239 1420 2273 quasi
1435 2240 1549 2273 turpiter
1564 2244 1591 2266 et
1607 2239 1696 2267 sordi-

912 2287 944 2313 de
953 2290 1097 2321 corrogent
1111 2285 1198 2316 cibos,
1213 2285 1365 2319 culpantur.

942 2388 980 2423 (9)
996 2386 1163 2423 Haesehelitts
1175 2392 1202 2414 et
1216 2387 1383 2423 Spencerus,
1405 2387 1465 2413 ἐπεὶ
1475 2387 1552 2423 μηδὲ,
1570 2387 1616 2423 sed
1626 2386 1697 2423 »ΡΙιὶ-

942 2395 980 2423 (υ)
996 2395 1163 2414 rluescnetttts
1175 2395 1202 2414 et
1217 2395 1379 2420 bpencerus,
1405 2395 1552 2447 επειμηοε,
1570 2395 1616 2414 seu
1632 2395 1695 2413 rm-

907 2423 1003 2450 localia
1018 2426 1046 2448 ttt
1059 2422 1085 2448 in
1102 2428 1194 2449 nostro
1209 2427 1293 2448 textu.
1320 2422 1402 2448 Paulo
1420 2427 1481 2455 post
1513 2421 1642 2448 imschel.
1667 2427 1695 2448 et

909 2459 1062 2492 Speneertts
1075 2457 1108 2483 ad
1126 2458 1284 2491 marginem,
1300 2456 1347 2482 ἐὰν
1359 2456 1495 2483 διώκωσιν
1507 2456 1578 2491 ὑμᾶς
1595 2457 1626 2482 ὲκ
1643 2456 1695 2491 τῆς

909 2493 1012 2523 πόλεως
1022 2491 1131 2526 ταύτης.

946 2528 1001 2560 (10)
1018 2527 1054 2552 ita
1075 2524 1228 2559 spencerus
1250 2530 1277 2553 et
1300 2533 1395 2553 omnes
1412 2533 1505 2560 _mss.;
1526 2524 1694 2553 Hceschelius

909 2557 1215 2596 vero,'6taﬁt6pa'tax5tg,
1244 2562 1335 2595 ὅμοιον
1355 2561 1384 2587 δὲ
1408 2557 1430 2594 ᾧ
1455 2560 1600 2594 πεποίηται
1625 2560 1695 2586 κατὰ

915 2596 1001 2632 Ἰησοῦ
1013 2597 1059 2632 καὶ
1074 2597 1126 2622 τῶν
1141 2596 1268 2632 μαθητῶν
1283 2596 1414 2632 φήσομεν.

946 2628 1001 2666 (Η)
1035 2631 1082 2657 Ἐν
1109 2628 1242 2658 Χαλκίδι.
1280 2628 1490 2666 ᾼιίιηὶοιιίυεηῖη
1514 2628 1574 2666 Vita
1597 2628 1698 2662 Arist.;

911 2663 1013 2694 (Elian.
1030 2666 1076 2693 lib.
1091 2674 1131 2696 ιιι.
1153 2673 1211 2699 cap.
1228 2665 1262 2692 56
1289 2664 1352 2691 Var.
1365 2665 1428 2691 hist.
1441 2663 1509 2690 Vide
1521 2664 1692 2699 Athenteum,

913 2702 959 2728 lib.
976 2708 1020 2733 xv,
1041 2708 1100 2734 cap.
1119 2700 1164 2732 16,
1186 2698 1220 2727 et
1244 2699 1379 2734 Laertittm
1409 2699 1433 2725 in
1456 2699 1537 2725 Arist.
1560 2698 1693 2734 SPENCER.

914 2736 997 2763 Paulo
1012 2733 1164 2770 post'codd.
1186 2734 1287 2770 Regius
1301 2738 1328 2760 et
1343 2733 1518 2764 Basileensis,
1535 2733 1581 2760 καὶ
1598 2734 1694 2760 εἰπών.

915 2771 988 2798 Libri
1003 2776 1081 2797 atttea
1092 2770 1167 2801 editi,
1179 2769 1226 2796 καὶ
1243 2769 1338 2804 λέγων.

949 2803 1004 2839 (ιο)
1021 2805 1119 2841 Regius
1133 2809 1160 2833 et
1172 2802 1344 2837 Basileeusis,
1363 2804 1501 2831 Σωσὰννα.
1531 2803 1614 2835 Alias,
1626 2802 1694 2830 Σωι

915 2841 1009 2868 σάννα.
