1843 3097
36 203 95 230 785

656 199 798 228 CONTRA
815 197 952 226 CELSUM
971 197 1036 225 LIB.
1054 196 1075 223 1.

1629 193 1682 220 786

37 264 86 291 σοῦ
107 265 247 300 Πρόνοιαν
261 263 374 291 κωλύειν
386 264 416 290 τὸ
428 264 469 298 ἐφ’
485 264 551 298 ἡμῖν
573 261 691 298 Ἡρώδου
707 260 762 296 (19)
771 261 844 287 ἀναι-

943 267 954 285 ιι
974 258 1054 287 foret.
1072 261 1120 284 aut
1141 255 1219 284 Jesus
1245 256 1389 283 decantata
1414 262 1429 281 a
1452 253 1540 289 poclis
1561 253 1682 282 Plutonis

37 311 99 346 ρείν
119 309 152 336 τὸ
170 309 275 337 παιδίον
289 309 421 340 θέλοντος,
437 309 453 343 ἣ
468 308 517 344 τὴν
531 307 681 342 λεγομένην
697 305 773 342 παρὰ
786 307 842 336 τοῖς

35 357 175 390 ποιηταῖς
187 355 276 387 ’Ἄϊδος
288 355 396 390 κυνέην,
406 354 423 389 ἤ
434 363 459 380 τι
475 354 662 390 παραπλήσιον
676 353 764 379 ποιεῖν
775 349 843 377 εἶναι

35 402 108 436 περὶ
128 401 178 428 τὸν
195 401 310 436 Ἰησοῦν,
325 401 341 436 ἢ
358 399 476 432 πατάξαι
488 400 588 434 ὁμοίως
602 401 658 431 τοῖς
676 400 704 425 ὲν
719 398 844 432 Σοδόμοις

35 448 105 478 τοὺς
121 447 245 482 ἣκοντας
258 446 304 473 ἐπὶ
314 447 363 482 τὴν
382 445 523 481 ἀναίρεσιν
542 445 635 471 αὐτοῦ.
647 445 683 471 Τὸ
703 443 756 479 γὰρ
773 443 844 470 πάνυ

36 491 203 528 παράδοξον
213 492 262 527 τῆς
276 492 318 519 ἐπ’
335 492 416 518 αὑτὸν
434 490 569 526 βοηθείας,
582 491 629 517 καὶ
641 491 687 517 ἐπὶ
702 490 782 516 πλέον
796 490 845 524 ὲμ-

35 539 142 572 φανὲς,
160 539 212 564 οὐκ
227 536 262 573 ἦν
275 539 411 573 χρήσιμον
422 537 461 573 τῷ
479 536 619 572 βούλεσθαι
645 536 725 562 αὑτὸν
739 535 844 567 διδάξαι

33 583 73 614 ὡς
99 584 251 619 ἄνθρωπον
275 583 497 620 μαρτυρούμενον
513 583 565 609 ὑπὸ
580 582 627 608 τοῦ
642 581 720 613 Θεοῦ,
736 581 807 616 ἔχειν
819 590 844 607 τι

36 629 187 665 θειότερον
204 631 232 656 ἐν
243 630 283 664 τῷ
299 629 456 665 βλεπομένῳ
473 627 619 663 ἀνθρώπῳ·
632 628 700 662 ὅπερ
716 625 750 662 ἦν
767 627 780 652 ό
798 634 845 652 κυ-

36 674 110 710 ρίως
130 675 200 706 Υἱὸς
217 674 296 706 Θεοῦ,
318 673 382 704 Θεὸς
397 673 484 707 λόγος,
502 672 568 699 Θεοῦ
582 671 696 706 δύναμις
713 669 779 705 (9.0),
799 669 845 696 καὶ

35 720 113 746 Θεοῦ
133 723 230 754 σοφία,
249 721 264 746 ό
277 719 443 754 καλούμενος
458 718 585 754 Χριστός.
598 717 635 743 Οὐ
652 716 747 751 καιρὸς
762 715 791 741 δὲ
798 714 845 741 νῦν

34 767 71 793 τὰ
82 766 158 802 περὶ
176 766 223 792 τοῦ
239 765 377 797 συνθέτου,
392 765 439 791 καὶ
449 764 478 796 ἐξ
491 760 528 790 ὧν
543 763 701 789 συνέκειτοὸ
712 760 846 795 ὲνανθρω-

36 812 139 847 πήσας
161 810 276 846 Ἰησοῦς,
291 810 481 846 διηγήσασθαι’
498 809 581 844 οὔσης
595 809 667 840 τινὸς
682 808 728 834 καὶ
740 808 784 834 (ἵν’
800 807 845 833 οῦ-

35 865 97 888 1m;
112 857 256 892 ὀνομάσω)
271 856 374 887 οίκείας
389 855 529 891 ζητήσεως
545 857 602 886 τοῖς
621 854 792 881 πιστεύουσιν
807 854 846 885 εἰς

34 902 88 928 τὸν
109 901 210 929 τόπον.

895 304 971 339 galea
986 303 1074 331 aliove
1094 302 1262 329 munimento
1286 301 1435 328 instructus
1451 300 1555 332 luisset,
1572 304 1619 326 aut
1636 307 1677 326 sa-

897 349 994 377 tellites
1009 348 1042 375 ad
1058 347 1133 375 illum
1150 346 1329 374 occidendum
1342 346 1429 377 missi,
1445 349 1473 372 ut
1489 345 1636 372 Sodomita:
1648 345 1681 376 “,

895 395 1025 423 excazcati
1039 385 1164 422 l‘uissent.
1177 392 1231 419 Nec
1246 393 1318 419 enim
1343 392 1482 419 insolitum
1496 392 1629 418 auxilium
1655 396 1684 418 et

895 450 978 476 supra
996 441 1104 468 modum
1119 441 1225 468 illustre
1238 439 1417 467 conveniebat
1433 439 1467 469 ei.
1482 439 1527 473 qui
1545 442 1573 465 ut
1599 439 1684 466 homo

897 487 1051 515 testimonio
1066 486 1113 513 Dei
1132 487 1261 521 probatus
1276 486 1375 513 docere
1393 485 1503 512 volebat
1534 486 1559 512 iu
1577 493 1616 517 se,
1633 486 1684 513 ho-

896 534 968 560 mine
992 533 1037 560 illo
1052 540 1133 567 quem
1153 539 1247 559 omnes
1273 531 1414 563 videbant,
1437 531 1526 558 inesse
1552 525 1682 566 quiddam

895 578 1024 610 divinius,
1043 584 1139 612 nempe
1156 577 1264 611 proprie
1284 574 1389 602 dictum
1408 575 1454 602 Dei
1472 576 1585 608 Filium,
1599 576 1684 602 Deum

902 623 1033 655 Verbum,
1048 623 1094 651 Dei
1112 623 1273 658 potentiam,
1295 622 1340 648 Dei
1354 622 1527 655 sapientiam,
1547 628 1608 648 eum
1638 621 1685 654 qui

895 669 1153 698 vocatur-Christus.
1169 668 1222 695 Sed
1248 668 1281 695 dc
1306 667 1353 695 illo
1377 667 1539 701 composito,
1557 671 1585 692 ct
1601 667 1635 693 de
1651 667 1685 692 iis

896 723 928 743 ex
944 716 1042 750 quibus
1064 714 1143 742 .lesus
1164 715 1246 741 homo
1270 713 1359 741 laetus
1383 713 1535 746 constabat,
1559 719 1613 739 non
1642 717 1686 739 est

896 761 976 795 hujus
1001 761 1130 795 temporis
1148 761 1295 792 disserere,
1315 767 1376 786 cum
1395 759 1427 786 de
1441 759 1484 786 illa
1508 766 1539 786 re
1561 759 1683 793 quaedam

897 806 967 833 inter
983 805 1075 833 ﬁdeles
1099 810 1126 832 ct
1150 805 1311 837 domestica,
1338 810 1367 832 ut
1387 805 1424 832 ita
1447 805 1554 839 loquar,
1571 805 1686 839 quaestio

897 852 1039 880 habeatur.

76 947 167 974 Μετὰ
180 946 268 974 ταῦτά
282 955 363 981 φησιν
374 946 388 972 ό
399 945 474 982 παρὰ
488 945 528 981 τῷ
542 944 639 980 Κέλσῳ
659 944 793 976 Ἰουδαῖος,
809 943 846 975 ὡς

943 947 979 976 i7.
993 946 1091 976 Postea
1118 947 1228 976 Judmus
1244 948 1316 983 apud
1330 947 1450 980 Celsum,
1471 948 1549 982 quasi
1573 947 1687 976 Grateus

34 992 208 1028 φιλομαθής
221 1001 262 1024 τις
279 991 388 1027 Ἕλλην,
406 992 453 1018 καὶ
468 991 501 1017 τὰ
522 991 654 1026 Ἐλλήνων
665 989 847 1025 πεπαιδευμέ-

34 1048 100 1071 νος,
120 1040 165 1065 ὂτι
179 1048 189 1064 ‹
207 1039 238 1065 Oi
251 1039 299 1068 μὲν
309 1038 417 1064 παλαιοὶ
427 1036 506 1073 μῦθοι
520 1037 631 1072 Περσεῖ,
645 1036 691 1063 καὶ
712 1035 846 1070 ’Δμφίονι.

34 1085 90 1110 καὶ
115 1083 226 1118 Αἰακῷ,
247 1083 294 1109 καὶ
307 1083 396 1109 Μίνωι
412 1081 486 1109 θείαν
503 1081 607 1117 σπορὰν
627 1081 780 1117 νείμαντες,
794 1081 847 1107 οὐδ’

33 1130 144 1161 αὐτοῖς
171 1129 372 1164 ἐπιστεύσαμεν
394 1128 460 1163 (21)·
476 1128 551 1163 ὅμως
579 1127 718 1159 ἐπέδειξαν
744 1127 847 1154 ἑαυτῶν

33 1176 118 1212 ἔργα
134 1175 244 1211 μεγάλα
259 1176 306 1203 καὶ
323 1175 477 1210 θαυμαστὰ,
494 1175 600 1211 ἀληθῶς
613 1184 644 1201 τε
659 1175 728 1211 ὑπὲρ
748 1174 849 1210 ἄνθρω-

33 1231 108 1253 πον,
138 1222 186 1247 ἵνα
211 1221 248 1256 μὴ
272 1221 397 1248 ἀπίθανοι
420 1221 527 1248 δοκῶσι·
543 1221 574 1248 σὺ
594 1221 622 1247 δὲ
635 1220 667 1256 δὴ
681 1221 707 1246 τί
728 1220 808 1247 καλὸν
831 1220 847 1256 ἢ

32 1268 207 1303 Θαυμάσιον
221 1267 292 1303 ἔργῳ
307 1268 323 1303 ἢ
337 1268 407 1303 λόγῳ
423 1268 590 1302 πεποίηκαςς
605 1267 685 1301 Ἡμῖν
696 1266 771 1293 οὐδὲν
788 1267 848 1293 ὲπε-

31 1315 138 1347 δείξυν
167 1314 256 1341 καίτοι
278 1314 506 1349 προκαλουμένων
531 1315 559 1340 ὲν
573 1313 611 1349 τῷ
628 1313 693 1349 ιερῷ
714 1322 743 1340 σε
758 1321 848 1348 παρα-

32 1359 167 1394 σχέσθαι
191 1368 217 1385 τι
231 1360 345 1394 ἐναργὲς
371 1359 526 1395 γνώρισμα,
553 1360 591 1391 ὡς
604 1360 663 1394 εἴης
683 1360 698 1385 ὁ
712 1358 758 1385 τοῦ
782 1359 848 1385 Θεοῦ

31 1406 126 1436 παῖς.
144 1414 154 1430 ι
171 1404 243 1439 Πρὸς
256 1404 335 1431 τοῦτο
352 1405 380 1431 δὲ
396 1404 517 1438 λεκτέον,
535 1405 575 1432 ὅτι
589 1405 769 1432 δεικνύτωσαν
785 1405 849 1440 ἡμῖν

32 1450 188 1485 Ἐλληνες
210 1450 264 1476 τῶν
278 1451 496 1486 κατειλεγμένων
511 1451 583 1482 τινὸς
608 1451 746 1485 βιωφελὲς,
779 1450 849 1486 λαμ-

31 1497 120 1532 πρὸν
135 1496 185 1522 καὶ
199 1497 363 1532 παρατεῖναν
376 1497 422 1523 ἐπὶ
438 1497 486 1528 τὰς
501 1496 613 1532 ὕστερον
627 1497 735 1530 γενεὰς,
747 1497 793 1523 καὶ
805 1504 851 1531 τη-

29 1542 180 1570 λικοῦτον
206 1541 294 1578 ἔργον,
318 1543 355 1574 ὡς
375 1543 499 1578 ἐμποιεῖν
525 1542 689 1578 πιθανότητα
717 1542 756 1577 τῷ
786 1543 850 1576 περὶ

31 1588 143 1616 αὐτῶν
175 1587 261 1623 μύθῳ,
284 1588 388 1623 λέγοντι
411 1588 465 1615 ἀπὶ
491 1588 563 1620 θείας
589 1589 686 1619 αὐτοὺς
707 1587 849 1622 γεγονέναι

31 1635 170 1669 σπορᾶς.
194 1633 272 1660 Ἀλλὰ
288 1634 342 1669 γὰρ
358 1634 432 1661 οὐδὲν
445 1633 577 1666 δείξουσιν
589 1634 649 1661 οὐδὲ
665 1634 763 1670 μακρῷ
774 1634 849 1661 ἔλατ-

27 1689 90 1707 τον
190 1679 253 1714 περὶ
267 1679 313 1711 οὓς
327 1679 479 1715 ἀνέγραψεν
492 1680 602 1715 ἄνδρας,
619 1676 656 1706 ὧν
673 1680 845 1716 παρέστησεν

27 1727 48 1753 ὁ
70 1724 200 1761 Ἰησοῦς·
216 1725 263 1751 ἐὰν
286 1725 339 1760 ἄρα
364 1725 401 1760 μὴ
423 1725 470 1751 ἐπὶ
495 1725 595 1760 μύθους
619 1726 756 1759 ἀνάγωσιν
775 1727 850 1761 ἡμᾶς

31 1771 199 1806 ”Ελληνες,
215 1771 262 1796 καὶ
282 1770 332 1802 τὰς
354 1772 419 1806 παρ’
447 1772 553 1803 ἑαυτοῖς
579 1771 709 1806 ἱστορίας,
728 1771 849 1804 θέλοντες

28 1818 126 1853 ἡμᾶς
145 1815 200 1851 μὲν
217 1816 331 1848 ἐκείνοις
345 1816 448 1850 ἀλόγως
470 1816 618 1848 πιστεύειν,
634 1816 738 1847 τούτοις
752 1816 780 1843 δὲ
803 1817 850 1843 καὶ

31 1862 123 1898 μετὰ
141 1860 246 1896 πολλὴν
261 1861 404 1897 ἐνάργειαν
419 1862 553 1888 ἀπιστεῖν.
570 1863 660 1897 Φαμὲν
676 1860 732 1895 οὖν,
747 1863 788 1889 ὅτι
804 1862 849 1889 τοῦ

38 1907 150 1943 Ἰησοῦ
174 1907 205 1933 τὸ
222 1907 302 1942 ἔργον
318 1908 334 1942 ἡ
353 1908 427 1934 πᾶσα
450 1907 506 1943 ἔχει
524 1907 674 1942 ἀνθρώπιον
692 1907 849 1943 οἰκουμένη,

27 1952 54 1992 ᾖ
77 1952 270 1990 παροικοῦσιν
287 1954 314 1979 αἱ
344 1953 392 1979 τοῦ
411 1953 477 1980 Θεοῦ
501 1954 546 1980 διὰ
580 1953 665 1988 Ἰησοῦ
695 1953 851 1988 Ἐκκλησίαι

26 2001 103 2027 τῶν
118 1998 331 2034 μεταϐαλόντων
346 1999 399 2025 ἀπὸ
418 2000 522 2035 μυρίων
538 1999 607 2026 ὅσων
622 1998 724 2026 κακῶν.
743 2000 797 2026 Καὶ
812 1998 851 2026 ἔτι

27 2054 76 2080 γε
94 2045 130 2071 τὸ
147 2044 237 2079 ὄνομα
259 2044 306 2071 τοῦ
336 2045 421 2080 Ἰησοῦ
447 2046 588 2077 ἐκστάσεις
605 2046 652 2080 μὲν
673 2045 792 2076 διανοίας
805 2046 852 2071 ἁν-

29 2091 178 2128 θρώπων
195 2090 335 2125 ἀφίστησι,
350 2091 397 2117 καὶ
410 2090 550 2126 δαίμονας,
568 2091 617 2127 ἤδη
634 2091 662 2118 δὲ
679 2092 725 2118 καῖ
740 2091 833 2122 νόσους
843 2100 850 2106 ·

27 2137 169 2174 ἐμποιεῖ
187 2135 216 2161 δὲ
235 2135 389 2170 θαυμασίαν
405 2136 466 2163 τινὰ
482 2137 633 2171 πραότητα,
650 2137 697 2162 καὶ
711 2136 781 2163 κατὰ
793 2144 852 2162 στο-

27 2184 100 2219 λὴν
115 2181 169 2208 τοῦ
187 2181 280 2217 ἥθους,
305 2182 352 2208 καὶ
376 2182 592 2217 φιλανθρωπίαν,
608 2183 656 2209 καὶ
671 2182 851 2218 χρηστότητα,

28 2228 284 2264 καὶήμερότητα,
304 2228 332 2254 ὲν
349 2229 406 2259 τοῖς
419 2229 457 2263 μὴ
472 2227 517 2254 διὰ
532 2228 565 2254 τὰ
580 2228 694 2263 βιωτικὰ
712 2228 766 2264 (‘25)
784 2229 801 2263 ’ἡ
813 2237 853 2254 τι-

28 2283 99 2306 νας
121 2273 224 2309 χρείας
236 2273 410 2308 ἀνθρωπικὰς
430 2274 666 2309 ὑποκριναμένοις,
682 2274 750 2300 ἀλλὰ
764 2283 852 2310 παρα-

27 2317 220 2353 δεξαμένοις
243 2317 363 2352 γνησίως
378 2318 425 2345 τὸν
442 2319 505 2354 περὶ
522 2318 589 2345 Θεοῦ
607 2319 655 2345 καὶ
673 2318 790 2355 Χριστοῦ
807 2320 853 2346 καὶ

27 2365 102 2400 τῆς
119 2362 260 2398 ἐσομένης
280 2363 396 2398 κρίσεως
409 2363 498 2398 λόγον.

87 2443 115 2460 ⁶⁶
133 2441 208 2470 Gen.
224 2449 279 2475 nx,
294 2442 339 2469 ll.
377 2443 398 2459 θ’
412 2442 491 2471 Joan.
510 2452 537 2476 ι,
555 2444 601 2470 24.

86 2502 154 2539 (l9)
173 2501 279 2539 1639',
291 2501 362 2539 ἡμῖν
382 2502 517 2536 Ἡρώδου.
532 2503 750 2539 SicnPhilocalia,
771 2503 849 2530 codd.

28 2535 178 2573 Regius.
206 2535 373 2573 Basilcensis
396 2535 424 2564 et
442 2543 562 2565 vetustus
581 2538 737 2568 Vaticanus.
765 2543 851 2565 recte.

28 2571 111 2608 Nee
129 2571 214 2608 aliter
226 2571 370 2606 Origenes,
390 2572 459 2599 libro
478 2573 516 2599 De
532 2574 661 2604 oratione,
681 2573 711 2598 τὸ
727 2573 769 2607 ἐφ’
787 2573 852 2608 ἡμῖν

23 2607 101 2636 τοῦ
126 2606 208 2642 ἡλίου
236 2611 350 2642 usurpat
374 2608 408 2634 ad
423 2608 631 2641 signiﬁcandum
646 2606 759 2634 liberum
787 2606 852 2635 Solis

28 2640 222 2678 arbitrium.
250 2640 405 2678 Spencerus
432 2640 460 2669 iu
482 2647 557 2668 textu
583 2642 673 2678 habet,
696 2642 745 2678 τὴν
764 2642 852 2677 ὁρμὴν

37 2676 278 2712 ‘ﬂpdeoquua1
294 2676 373 2712 lectio
391 2685 442 2703 non
458 2679 622 2710 spernenda.
641 2676 809 2704 litescheliiJs
825 2676 852 2704 in

29 2711 147 2748 textu,
162 2711 366 2748 todiq‘jpﬁw
386 2712 520 2748 fﬂpo’ﬁou.

90 2747 159 2782 (20)
194 2747 241 2773 Sic
273 2745 432 2774 Philocalial
462 2747 554 2778 Alias,
589 2747 666 2782 λόγος
699 2747 744 2774 καὶ
776 2746 856 2773 δύνα-

26 2792 114 2821 μις·
333 2816 345 2822 -

89 2817 154 2851 (21)
170 2815 242 2843 Οὐδ’
257 2817 360 2849 αὐτοις
375 2817 604 2851 ὲπιστεύσᾳμεν.
622 2817 667 2844 Sic
682 2825 776 2844 omnes
789 2824 854 2843 mss.

30 2849 241 2883 [Ius-schelius
257 2852 284 2878 iu
302 2856 377 2879 textu
395 2853 486 2884 habet,
504 2849 545 2883 οἷς
558 2852 611 2878 οὐδ’
627 2852 717 2883 αὐτοῖς
731 2852 855 2878 ἐπιστεύ-

31 2894 161 2929 σαμεν,
183 2887 263 2929 etatl
278 2887 427 2929 marginem
448 2893 538 2914 monet
560 2887 630 2927 forte
645 2887 787 2929 legendum
805 2887 853 2913 αὺ-

27 2921 98 2951 τοί
110 2929 165 2957 pro
184 2921 287 2954 αὐτοῖς,
305 2922 375 2958 quod
391 2922 543 2958 Spcuccrus
556 2921 680 2958 arripuit;
691 2922 791 2950 lbidem
806 2929 854 2956 pro

899 997 1031 1031 quispiam
1044 996 1167 1024 eruditus
1183 996 1388 1030 litterarumque
1399 995 1554 1023 Graecarum
1571 995 1684 1030 peritus.

901 1051 910 1068 ι
928 1041 1029 1069 Priscae
1046 1041 1153 1074 fabulae,
1175 1041 1273 1076 inquit,
1293 1048 1354 1075 qua:
1371 1041 1510 1072 Perseum,
1526 1039 1608 1076 382
1623 1040 1688 1068 Am-

899 1088 1037 1122 phionem,
1053 1087 1178 1119 Aiacum,
1199 1087 1344 1122 Minoaque
1372 1092 1485 1114 narrant
1509 1095 1525 1114 e
1547 1088 1600 1114 diis
1625 1095 1687 1115 esse

899 1137 988 1164 natos,
1005 1132 1083 1160 nobis
1098 1140 1152 1160 non
1176 1130 1278 1158 faciunt
1301 1131 1391 1158 ﬁdem.
1411 1130 1526 1163 Tamen,
1550 1137 1584 1158 ne
1611 1129 1687 1157 omni

899 1178 1089 1212 probabilitate
1104 1177 1216 1205 destitui
1233 1177 1389 1209 videantur.
1406 1183 1450 1204 res
1467 1176 1503 1204 ab
1519 1175 1576 1203 illis
1598 1176 1687 1204 homi-

900 1224 980 1251 nibus
1001 1230 1093 1258 gesms
1108 1223 1232 1251 referunt
1251 1231 1365 1258 magnas
1386 1227 1473 1256 certe,
1497 1223 1687 1255 admirabiles,

899 1274 926 1296 et
940 1277 1001 1304 qum
1015 1270 1088 1297 vires
1107 1271 1240 1297 humanas
1254 1273 1396 1304 superant.
1411 1268 1450 1296 Tu
1472 1277 1538 1297 vero
1556 1269 1621 1304 quid
1643 1269 1687 1296 iu-

900 1315 986 1350 signe,
1002 1316 1066 1349 quid
1092 1315 1282 1342 admirandum
1302 1315 1383 1342 dictis
1406 1319 1453 1342 aut
1473 1315 1552 1343 laetis
1578 1315 1686 1350 praesti-

901 1360 978 1387 tisti?
992 1359 1064 1387 Nihil
1082 1360 1225 1393 hactenus,
1244 1360 1371 1394 quamvis
1390 1360 1415 1388 in
1430 1360 1532 1395 templo
1550 1365 1576 1387 te
1588 1368 1686 1394 provo-

899 1406 1023 1433 caveriut
1046 1405 1142 1437 Judmi,
1160 1410 1188 1432 ut
1215 1404 1358 1433 manifesto
1376 1405 1467 1441 aliquo
1482 1406 1560 1440 signo
1584 1411 1610 1433 te
1640 1406 1687 1433 Del

900 1451 997 1478 Filium
1012 1459 1072 1479 esse
1088 1451 1244 1479 declarares
1260 1452 1293 1478 θτ.
1315 1460 1324 1476 ι
1342 1451 1382 1479 Ad
1399 1459 1459 1486 qua:
1479 1451 1654 1482 conl'utauda,
1671 1459 1687 1480 τι

899 1498 1001 1526 Graecis
1015 1497 1120 1532 postulo
1145 1501 1174 1524 ut
1190 1498 1309 1525 indicent
1320 1499 1384 1533 quid
1398 1503 1512 1530 tantum,
1528 1503 1582 1525 tam
1595 1498 1688 1532 splen-

900 1542 1004 1575 didum.
1023 1548 1077 1570 tam
1103 1543 1180 1576 utile,
1197 1547 1252 1570 tam
1276 1543 1418 1578 nepotibus
1439 1543 1537 1570 futuris
1563 1542 1688 1578 profutu-

902 1596 961 1616 rum
978 1588 1014 1615 illi
1030 1588 1153 1616 homines
1167 1587 1312 1620 ediderint,
1337 1593 1367 1616 ut
1381 1588 1490 1620 fabulae,
1506 1596 1565 1622 qua:
1581 1588 1635 1614 illis
1648 1587 1689 1614 di-

902 1635 994 1661 vinum
1007 1639 1097 1661 ortum
1112 1635 1245 1668 tribuunt,
1259 1639 1414 1662 mereantur
1437 1634 1528 1662 ﬁdem.
1547 1634 1600 1662 Sed
1620 1634 1688 1661 nihil

902 1679 1027 1712 all'ercnt,
1049 1681 1120 1714 quod
1136 1680 1180 1707 vel
1203 1680 1285 1715 longo
1311 1680 1454 1708 intervallo
1473 1680 1586 1707 accedat
1608 1680 1641 1706 ad
1656 1687 1688 1706 ea

903 1733 963 1759 quae
980 1725 1060 1753 Jcsus
1077 1725 1143 1753 fecit
1160 1735 1168 1754 :
1185 1726 1239 1754 nisi
1267 1726 1338 1754 forte
1353 1734 1402 1754 nos
1424 1726 1457 1753 ad
1473 1725 1578 1753 fabulas
1604 1725 1690 1752 histo-

903 1771 1012 1806 riasque
1035 1779 1098 1798 suas
1126 1772 1298 1807 relegabunt,
1327 1772 1404 1807 quasi
1431 1771 1532 1798 vellent
1555 1778 1604 1798 uos
1637 1771 1690 1798 illis

903 1817 962 1843 sine
979 1816 1031 1843 ulla
1047 1817 1154 1844 ratione
1166 1818 1291 1850 credere,
1305 1818 1406 1844 nostris
1422 1824 1489 1844 vero
1501 1817 1581 1844 rebus
1594 1824 1690 1851 quam-

904 1862 944 1889 vis
957 1862 1096 1889 eridenter
1116 1863 1309 1890 demonstratis
1337 1863 1469 1897 derogare
1494 1862 1585 1889 lidcm.
1610 1861 1690 1888 Allir-

905 1915 1009 1935 mantus
1023 1915 1098 1942 ergo,
1112 1908 1176 1942 quid
1195 1907 1273 1935 Iesus
1289 1908 1393 1940 fecerit,
1414 1913 1469 1935 toto
1481 1908 1535 1941 jam
1555 1907 1622 1934 orbe
1642 1907 1686 1933 in-

904 1959 1056 1986 notescere,
1076 1955 1174 1989 quippc
1189 1954 1240 1987 ubi,
1255 1954 1303 1981 Dei
1319 1962 1366 1990 per
1379 1954 1472 1982 .lcsum
1490 1954 1607 1980 fundata:
1626 1957 1690 1980 sunt

905 1999 1033 2026 Ecclesia:
1047 2007 1080 2026 ex
1107 1999 1141 2026 iis
1160 1999 1206 2034 qui
1224 2007 1238 2026 a
1263 2000 1341 2026 malis
1355 2000 1505 2027 innumeris
1523 2000 1631 2027 fuerunt
1655 1999 1690 2026 ad

905 2044 1042 2071 meliorem
1058 2048 1176 2071 mentem
1194 2045 1329 2072 conversi.
1348 2045 1382 2071 Et
1405 2045 1541 2079 hodieque
1561 2044 1624 2072 Jesu
1639 2052 1690 2071 no-

905 2097 966 2117 meu
984 2091 1154 2125 perturbatos
1164 2091 1271 2117 animos
1284 2091 1432 2125 componit,
1446 2091 1530 2125 exigit
1541 2079 1692 2123 daunoues,‘

906 2137 1026 2164 medetur
1038 2136 1154 2169 morbis;
1173 2137 1269 2164 miram
1281 2144 1389 2172 quoque
1402 2137 1634 2164 mansuetudinem
1650 2137 1692 2164 iu-

905 2183 982 2215 serit,
998 2190 1089 2210 mores
1115 2182 1142 2209 in
1158 2182 1247 2210 olIicio
1263 2183 1396 2216 continet,
1420 2183 1628 2214 humanitatem.
1646 2190 1693 2210 co-

906 2229 1038 2262 mitatem,
1065 2229 1229 2256 suavitatem
1251 2228 1366 2263 inspirat
1384 2229 1418 2256 iis
1437 2229 1482 2262 qui
1501 2236 1553 2255 non
1579 2233 1692 2264 propter

909 2275 969 2301 vitae
990 2273 1130 2301 commoda
1152 2274 1342 2308 humanasque
1369 2273 1545 2300 necessitates
1568 2281 1596 2300 se
1614 2274 1693 2300 Chri—

906 2320 1009 2346 stianos
1027 2320 1166 2352 simulant,
1188 2320 1234 2346 sed
1253 2326 1307 2353 quo
1331 2326 1381 2353 par
1399 2323 1441 2346 est
1454 2319 1545 2346 animo
1565 2319 1692 2346 traditam

907 2365 940 2391 de
965 2366 1028 2395 Deo,
1042 2365 1164 2397 Christo,
1187 2364 1335 2399 futuroque
1346 2364 1451 2398 judicio
1466 2365 1617 2392 doctrinam
1635 2373 1693 2391 am-

907 2411 1058 2445 plexautur.

906 2502 1009 2529 ἑαυτῶν
1021 2502 1110 2537 ἔργα,
1119 2502 1177 2536 lege
1191 2502 1280 2529 αὐτῶν
1297 2501 1374 2537 ἔργα.

942 2537 997 2572 (22)
1009 2535 1118 2570 Μακρᾷ)
1132 2535 1268 2564 ἔλαττον.
1286 2535 1324 2563 Ita
1339 2535 1508 2572 llmschelius
1522 2540 1550 2563 et
1572 2535 1692 2572 Spence-

907 2580 953 2599 rus
976 2572 1003 2598 in
1030 2577 1114 2603 textu,
1132 2573 1166 2599 ad
1197 2572 1346 2606 marginem
1373 2579 1438 2598 vero
1461 2571 1572 2601 habent,
1603 2571 1692 2606 μικρῷ

906 2607 1019 2640 ἐλάττω,
1044 2615 1104 2641 qua:
1130 2607 1209 2634 lectio
1236 2612 1277 2633 est
1305 2606 1425 2633 oumium
1444 2606 1690 2641 manuscriptorum

908 2640 1073 2669 nostrorum.
1094 2641 1155 2668 Mox
1180 2642 1275 2669 Guieto
1300 2641 1474 2669 scribendum
1493 2641 1611 2674 videtur,
1627 2640 1692 2676 περὶ

907 2676 1126 2712 οὒςνάνέγραψαν
1140 2676 1247 2712 ἄνδρας.

944 2711 1000 2747 (25)
1018 2710 1252 2747 Ευίιίπμηδὲξδιδι
1266 2710 1299 2736 τὰ
1317 2711 1440 2745 βιωτικά.
1466 2711 1495 2738 ln
1511 2711 1612 2739 nostris
1625 2719 1690 2739 mss.

909 2745 1080 2773 desideratur
1105 2746 1158 2772 διὰ.
1189 2745 1272 2772 Paulo
1294 2746 1364 2772 iul‘ra
1383 2747 1448 2773 libb.
1469 2746 1532 2773 editi
1559 2747 1585 2772 in
1604 2751 1691 2778 textu,

910 2781 1082 2816 ὑπειδόμενος
1108 2781 1143 2807 τὰ
1172 2780 1420 2815 ὲπιδειχθησόμενα.
1444 2781 1556 2816 rSicque
1593 2782 1692 2808 habent

909 2817 986 2844 codd.
1005 2815 1122 2850 'Regius
1152 2821 1179 2843 et
1203 2816 1377 2846 Basileeusis,
1403 2815 1449 2842 sed
1483 2819 1537 2842 tres
1565 2817 1692 2849 Anglica-

909 2851 936 2878 ni
964 2855 991 2878 et
1017 2849 1075 2878 dud
1095 2851 1231 2882 Vaticani,
1260 2850 1420 2885 ὑπιδόμενος
1445 2849 1479 2876 τὰ
1510 2850 1693 2886 ὲπιδειχθησὸπ

910 2894 988 2921 μενα.
1004 2885 1087 2922 Paulo
1103 2886 1214 2914 inferius
1228 2886 1291 2914 llbb.
1310 2886 1374 2913 editi
1390 2885 1423 2912 ad
1437 2886 1596 2922 marginem,
1608 2887 1694 2913 dum

907 2929 935 2946 τε
939 2929 1056 2956 ρατευομ
1060 2921 1143 2953 ένους.
