1843 3097
67 175 124 202 789

674 172 812 200 CONTRA
832 171 970 200 CELSUM
987 172 1050 200 LIB.
1072 172 1092 199 l.

1638 171 1690 198 793

69 232 140 257 πᾶσι
153 232 210 262 τοῖς
222 230 275 257 ἀπὸ
290 230 335 256 τοῦ
347 229 418 256 θείου
437 229 581 264 προσάγων
598 229 688 262 λόγου,
705 229 785 264 φησὶν
796 249 803 261 ,
820 230 856 255 ὅτι

942 230 1065 256 ιριιὶιιιιιιι
1081 229 1301 256 consectantibus
1322 233 1352 256 ut
1371 229 1526 256 counnunia
1548 228 1690 263 objiciens.

73 287 82 303 ι
99 276 171 302 θεοῦ
194 275 244 302 οὐκ
267 275 300 302 ἂν
321 276 363 310 εἴη
388 274 506 301 τοιοῦτον
526 274 621 309 σῶμα,
639 271 694 301 οἷον
716 274 745 301 τὺ
765 274 821 301 σόν.
846 284 855 299 ι

76 321 147 348 Ἀλλ’
170 322 252 356 ἡμεῖς
273 321 341 355 πρὸς
356 319 452 351 ταῦτα,
470 320 549 355 σῶμα
564 320 643 346 αὑτὸν
661 319 774 354 λέγομεν
788 320 858 346 ἀνει-

69 367 200 402 ληφέναι,
217 367 254 398 ὡς
269 366 324 392 ἀπὸ
335 365 454 401 Θηλείας,
467 365 506 400 τῷ
523 365 571 400 βίῳ
585 365 801 400 ἐπιδημήσαντα,
816 365 859 391 ἁν-

71 413 226 448 θρῴπινον,
251 412 298 438 καὶ
321 411 435 438 Θανάτου
458 410 628 445 ἀνθρωπίνου
651 410 704 445 ('29)
725 410 858 437 δεκτικόν.

70 458 116 485 Διὸ
143 459 211 494 πρὸς
237 459 293 489 τοῖς
312 457 400 489 ἄλλοις
424 457 470 483 καὶ
492 456 577 491 μέγαν
597 456 747 491 ἀγωνιστὴν
778 455 858 482 αὐτόν

70 512 162 539 φαμεν
181 503 331 538 γεγονέναι,
346 502 389 529 διὰ
405 502 435 528 τὸ
450 501 616 536 ἀνθρώπινον
633 501 721 536 σῶμα,
742 510 750 525 ι
765 509 859 527 πεπει-

71 549 211 585 ρασμένον
234 558 244 575 ι
273 549 321 584 μὲν
347 549 447 583 ὁμοίως
469 548 550 574 πᾶσιν
579 547 730 582 ἀνθρώποις
755 558 764 574 ι
789 548 859 574 κατὰ

70 594 162 621 πάντα
175 614 182 626 ,
211 604 219 620 ι
242 594 332 621 οὐκέτι
345 594 378 625 δ’,
393 593 430 625 ὡς
446 593 583 628 ἄνθρωποι
607 593 678 628 μετὰ
704 593 856 628 ἁμαρτίας,

69 641 140 667 ἀλλὰ
153 640 244 674 πάντη
261 650 270 666 (
288 640 372 675 χωρὶς
390 639 536 674 ἁμαρτίας.
560 649 569 665 ι
588 640 699 675 Τρανῶς
720 640 774 675 γὰρ
793 641 858 676 ἡμῖν

70 686 211 721 φαίνεται,
226 686 269 712 ὅτι
286 694 296 711 ί
314 685 449 721 ἁμαρτίαν
465 686 513 711 οὐκ
529 685 653 720 ἐποίησεν
664 705 670 716 ,
685 686 744 711 οὐδὲ
760 686 857 721 εὑρέθη

71 733 149 764 δόλος
165 734 194 760 ἐν
208 732 246 767 τῷ
264 732 378 767 στόματι
393 731 484 758 αὑτοῦ·
503 741 512 757 ι
528 731 574 757 καὶ
590 741 599 756 ι
616 732 651 766 μὴ
666 732 761 766 γνόντα
778 733 858 759 αὐτὸν

69 777 220 813 ἁμαρτίαν,
233 787 242 803 ι
254 777 292 808 ὡς
306 777 425 811 καθαρὸν
434 776 487 812 (50)
498 776 653 811 παρέδωκεν
669 777 737 812 ὑπὲρ
751 777 857 803 πάντων

68 823 125 848 τῶν
132 822 331 857 ἡμαρτηκότων
338 823 351 848 ὁ
358 821 432 852 Θεός.
440 819 505 848 Εἶτα
514 822 527 846 ὁ
534 820 634 852 Κέλσος
642 821 731 855 φησιν,
738 822 778 847 ὅτι
791 831 799 846 ε
809 822 858 848 οὐκ

68 868 104 895 ἂν
121 869 166 903 εἴη
177 868 245 895 θεοῦ
262 868 341 904 σῶμα
353 868 383 895 τὸ
398 867 467 894 οὕτω
480 868 591 903 σπαρὲν,
612 868 649 899 ὡς
664 869 706 901 σὺ,
722 866 744 894 ὦ
761 868 856 903 Ἰησοῦ,

69 914 206 949 ὲσπάρης.
231 923 240 939 ι
267 914 340 949 Πλὴν
358 914 490 945 ὑπείδετο,
506 914 546 940 ὃτι
572 915 595 940 εἱ
621 914 668 947 (ὡς
692 914 855 949 γέγραπται)

68 958 220 994 γεγέννητο
232 978 240 990 ,
270 958 380 984 δύναταί
398 967 455 989 πως
470 955 539 984 εἶναι
556 957 585 984 τὸ
606 957 683 993 σῶμα
706 957 787 984 αὑτοῦ
811 959 857 984 καὶ

69 1003 208 1038 θειότερον
225 1003 299 1039 παρὰ
313 1004 368 1035 τοῖς
387 1003 491 1034 πολλοῖς
516 1003 582 1038 (5|),
600 1004 646 1030 καὶ
667 1004 737 1030 κατά
758 1013 782 1030 τι
809 1013 857 1038 ση-

71 1047 237 1082 μαινόμενον
253 1047 319 1074 Θεοῦ
336 1047 426 1083 σῶμα.
445 1048 523 1075 ’Λλλὰ
538 1047 591 1083 γὰρ
609 1049 716 1075 ἀπιστεῖ
731 1051 785 1081 τοῖς
798 1050 857 1076 ἁνα-

68 1091 202 1124 γραφεῖσι
220 1091 283 1125 περὶ
299 1091 347 1126 τῆς
371 1091 400 1123 ἐξ
422 1091 500 1125 ἁγίου
523 1091 680 1127 Πνεύματος
703 1093 857 1128 συλλήψεως

69 1135 166 1167 αὑτοῦ,
182 1136 229 1162 καὶ
243 1137 364 1163 πιστεύει
377 1138 457 1163 αὐτὸν
473 1137 525 1163 ὑπό
538 1145 608 1168 τινος
629 1137 759 1173 Πανθήρα
784 1137 857 1172 φθεί-

71 1188 172 1216 ραντος
186 1181 234 1216 τὴν
249 1181 385 1216 Παρθένον
400 1181 534 1218 ἐσπάρϐαι
555 1182 623 1217 (5'2)'
645 1182 740 1217 διόπερ
763 1180 855 1215 εἶπεν,

68 1227 114 1253 ὅτι
131 1236 141 1252 ί
162 1227 218 1253 Οὐκ
234 1226 266 1254 ἂν
284 1228 326 1262 εἴη
345 1227 412 1254 Θεοῦ
437 1228 514 1263 σῶμα
536 1228 608 1255 οὕτω
633 1228 750 1264 σπαρὲν,
768 1228 805 1259 ὡς
824 1229 856 1255 σὺ

69 1273 208 1309 ἐσπάρης.
228 1283 237 1298 ι
261 1273 339 1300 Ἀλλὰ
352 1273 406 1309 γὰρ
423 1275 487 1309 περὶ
503 1274 603 1301 τούτων
620 1275 648 1300 ὲν
663 1276 718 1305 τοῖς
730 1275 856 1310 ἀνωτέρω

69 1318 184 1345 πλείονα
199 1320 357 1354 εἰρήκαμεν.

107 1365 222 1398 Λέγειό*
237 1365 277 1391 ὅτι
293 1375 302 1390 ι
322 1365 382 1391 οὐδὲ
396 1365 507 1392 τοιαῦτα
523 1367 635 1393 σιτεῖται
654 1367 733 1402 σῶμα
749 1366 828 1393 Θεοῦ’
844 1376 853 1393 ι

67 1411 110 1442 ὡς
126 1410 197 1445 ἔχων
226 1411 304 1437 αὑτὸν
328 1412 502 1447 παραστῆσαι
525 1413 578 1438 ἀπὸ
600 1412 653 1438 τῶν
675 1413 857 1447 εὐαγγελικῶν

67 1456 244 1491 γραμμάτων
261 1456 426 1491 σιτούμενον,
445 1457 493 1483 καὶ
512 1459 576 1483 ποῖα
599 1457 765 1492 σιτούμενον.
788 1458 856 1483 Ἀλλ’

68 1500 161 1531 ἔστω,
178 1499 280 1533 λεγέτω
294 1501 375 1527 αὑτὸν
392 1501 558 1537 βεϐρωκέναι
577 1501 644 1536 μετὰ
659 1502 712 1528 τῶν
729 1502 856 1538 μαθητῶν

66 1545 100 1571 τὸ
117 1544 226 1580 Πάσχα,
242 1546 271 1571 οὺ
291 1546 369 1581 μόνον
383 1547 494 1572 εἰπόντα
515 1547 554 1572 τό·
571 1555 581 1572 ‹
605 1546 735 1583 ἐπιθυμίᾳ
757 1548 854 1574 ἐπεθύ-

69 1598 150 1626 μησα
166 1590 245 1617 τοῦτο
258 1591 287 1617 τὺ
304 1591 399 1626 Πάσχα
414 1593 509 1626 φαγεῖν
528 1591 585 1626 μεθ’
603 1592 689 1627 ὑμῶν,
708 1603 716 1618 ι
731 1593 798 1619 ἀλλὰ
810 1594 854 1620 καὶ

68 1635 244 1670 βεδρωκὸτα.
259 1636 368 1669 Λεγέτω
379 1636 401 1662 δ’
417 1636 497 1662 αὑτὸν
514 1636 561 1662 καὶ
575 1636 722 1672 διψήσαντα
735 1638 810 1672 παρὰ
822 1639 854 1674 τῇ

67 1682 147 1715 πηγῇ
168 1680 214 1707 τοῦ
236 1680 333 1706 Ἰακὼϐ
347 1682 514 1708 πεπωκέναν
529 1683 555 1708 τι
571 1682 649 1708 τοῦτο
662 1683 729 1718 πρὸς
743 1684 778 1710 τὰ
793 1684 856 1719 περὶ

66 1725 117 1751 τοῦ
134 1725 261 1760 σώματος
271 1726 353 1752 αὑτοῦ
373 1727 417 1760 ὑφ’
433 1727 511 1762 ἡμῶν
531 1727 680 1762 λεγόμενα;
706 1729 802 1762 Σαφῶς
827 1729 854 1755 δὲ

67 1769 196 1804 φαίνεται
214 1770 303 1805 ἰχθύος
317 1771 386 1806 μετὰ
401 1772 449 1807 τὴν
464 1772 608 1799 ἀνάστασιν
617 1773 770 1808 βεϐρωκὼς·
787 1774 856 1801 κατὰ

66 1815 125 1851 γὰρ
145 1816 219 1850 ἡμᾶς
234 1815 314 1851 σῶμα
329 1817 472 1852 ἀνείληφεν
482 1838 488 1850 ,
502 1817 540 1849 ὡς
551 1812 695 1853 γενόμενος
711 1819 743 1845 ὲκ
763 1827 856 1852 γυναι-

66 1861 128 1892 κός.
145 1871 154 1886 ι
172 1861 241 1887 Ἀλλ’
261 1862 321 1889 οὐδὲ
341 1863 420 1898 σῶμα
434 1884 440 1895 ,
461 1864 544 1899 φησὶ,
576 1862 642 1889 Θεοῦ
658 1863 856 1899 χρῆταιτοιαύ-

63 1915 103 1943 τῃ
120 1908 208 1942 φωνῇ,
225 1907 284 1933 οὐδὲ
299 1907 387 1942 τοιᾷδε
402 1907 498 1934 πειθοῖ.
519 1918 528 1933 ι
547 1909 602 1934 Καὶ
619 1909 703 1935 ταῦτα
722 1909 742 1934 δ’
761 1909 855 1944 εὐτελῆ

64 1952 117 1978 καὶ
138 1951 241 1986 σφόδρα
256 1952 492 1987 εὐκαταφρόνητα·
505 1951 642 1985 λελέξεται
658 1954 711 1989 γὰρ
726 1954 793 1989 πρὸς
808 1954 855 1980 αὺ-

63 1997 124 2028 τὸν,
140 1997 182 2023 ὅτι
195 1997 294 2031 χρῆται
307 1998 321 2023 ὁ
336 1999 553 2033 πεπιστευμένος
566 1999 629 2034 παρ’
645 1999 770 2034 Ἕλλησιν
786 1997 855 2026 εἷναι

64 2042 147 2075 θεὸς,
163 2043 177 2068 ὁ
192 2042 306 2075 Πύθιος,
323 2043 370 2069 καὶ
386 2045 400 2069 ὁ
419 2044 547 2078 Διδυμεὺς
564 2044 651 2080 τοιᾷδε
663 2046 736 2080 φωνῇ
751 2046 783 2080 τῇ
805 2045 855 2079 τῆς

63 2088 182 2118 Πυθίας,
196 2087 213 2122 ἢ
230 2087 280 2122 τῆς
294 2089 322 2114 ὲν
334 2088 445 2123 Μιλήτῳ
459 2089 607 2124 γενομένης
623 2089 795 2124 προφήτιδας,
809 2089 855 2114 καὶ

63 2134 97 2160 οὑ
111 2132 157 2159 διὰ
169 2133 250 2159 τοῦτο
260 2133 414 2167 ἐγκαλεῖται
433 2135 497 2170 παρ’
516 2134 643 2169 Ἕλλησιν
659 2134 696 2165 ὡς
718 2135 747 2160 οὑ
763 2133 823 2165 Θεὸς
841 2135 855 2160 ὁ

64 2179 180 2211 Πύθιος,
196 2179 212 2214 ἦ
227 2181 242 2206 ὁ
257 2180 397 2214 Διδυμεὺς,
412 2179 428 2214 ἣ
444 2188 486 2210 τις
499 2179 577 2211 ἄλλος
592 2180 710 2211 τοιοῦτος
730 2180 769 2206 ἐνὶ
781 2180 855 2215 τόπῳ

870 1567 890 1595 C

914 283 923 299 ‹
941 274 986 301 Dei
1003 281 1111 308 corpus,
1128 273 1225 308 inquit,
1242 281 1295 300 non
1312 278 1393 306 esset,
1409 273 1558 308 cujusmodi
1574 279 1616 300 est
1629 282 1690 300 cor-

909 327 960 354 pus
976 326 1062 346 tnum.
1077 328 1086 344 ι
1104 318 1157 345 Nos
1169 319 1203 345 ad
1221 319 1278 345 haec
1293 328 1299 346 ι
1313 318 1392 346 Jesus
1410 320 1436 346 in
1452 320 1501 347 hac
1518 320 1571 346 vita
1592 327 1690 353 corpus

910 366 1056 392 humanum
1071 365 1198 398 suscepit,
1215 364 1294 399 quale
1307 373 1321 391 ιι
1338 365 1437 392 femina
1454 367 1594 399 suscipere
1611 369 1688 399 pote-

909 417 962 443 rat,
979 410 1098 444 illudque
1111 410 1190 437 morti
1204 410 1327 437 humana:
1339 411 1496 437 obnoxium.
1511 412 1601 443 Quare
1618 412 1691 437 inter

910 456 962 483 alia
979 456 1095 484 dicimus
1114 455 1188 482 illum
1204 455 1288 482 fuisse
1300 464 1425 490 lnagnum
1435 457 1562 491 pugilem,
1579 461 1690 490 propter

910 503 1058 530 humanum
1075 510 1182 538 corpus,
1193 512 1202 527 ι
1214 510 1261 536 per
1279 502 1368 528 omnia
1385 506 1515 529 tentatum
1526 503 1558 534 ⁸⁸,
1570 512 1578 528 ι
1592 507 1620 530 ιιι
1634 511 1689 529 ca:-

911 549 960 576 teri
977 549 1117 581 homines;
1134 556 1186 575 non
1204 553 1294 576 tamen
1313 553 1341 574 ut
1362 549 1453 574 caeleri
1478 549 1611 578 homines.
1628 556 1688 575 eum

909 598 1037 628 peccato,
1052 593 1097 621 sed
1115 601 1225 628 prorsus
1241 603 1249 618 ι
1268 595 1327 620 sine
1341 597 1462 627 peccato.
1477 602 1486 618 ι
1511 592 1688 628 Perspicuum

909 639 980 666 enim
997 639 1074 666 nobis
1087 640 1206 670 videtur.
1221 647 1281 666 eum
1304 650 1312 665 ι
1337 647 1389 666 ιιοιι
1413 639 1512 666 fecisse
1532 645 1688 673 peceatum,

909 691 960 711 nec
974 684 1109 712 inventum
1127 693 1186 712 esse
1203 685 1291 712 dolum
1317 685 1343 711 in
1361 692 1408 712 ore
1428 684 1532 719 ejus“;
1548 694 1558 710 ι
1575 690 1602 711 et
1618 685 1689 717 quod

911 739 920 754 ε
934 735 1072 764 peccatum
1090 738 1141 757 non
1157 730 1353 765 cognoverit",
1364 740 1372 756 ι
1383 731 1443 758 ideo
1455 730 1530 757 illum
1545 735 1574 756 ut
1591 738 1688 764 purmn

908 784 921 802 a
939 777 993 802 Deo
1009 776 1136 802 traditum
1148 784 1206 803 esse
1222 783 1330 811 propter
1357 783 1452 803 onmes
1481 776 1526 810 qui
1557 783 1688 809 peccave-

911 826 983 848 runt.
997 821 1099 848 Deinde
1112 822 1150 848 ait
1163 822 1256 849 Celsus
1276 831 1282 848 :
1301 831 1310 848 ι
1328 823 1373 849 Dei
1398 830 1497 856 corpus
1520 829 1573 848 non
1593 821 1627 846 ita
1644 829 1690 847 sa-

910 871 966 893 tum
983 867 1080 894 luisset
1095 875 1126 894 ac
1153 873 1179 893 lu
1191 887 1199 899 ,
1219 874 1235 894 ο
1250 867 1325 900 Jesu,
1343 872 1419 894 satus
1437 874 1474 894 es.
1493 876 1501 891 ι
1526 866 1691 899 Suspicaba-

909 918 952 940 tur
966 917 1055 940 tamen
1069 912 1161 948 384,
1177 913 1199 940 si
1213 919 1292 941 natus
1309 919 1351 940 est
1370 913 1448 940 Jesus
1462 913 1689 947 quemadmodum

907 958 1037 992 scriptum
1054 964 1106 991 est,
1116 959 1174 993 ejus
1190 966 1287 994 corpus
1299 966 1377 993 posse
1393 958 1567 993 aliquonlodo
1583 958 1689 985 czeteris

907 1011 969 1031 esse
994 1004 1121 1037 divinius,
1146 1011 1173 1031 et
1199 1005 1288 1039 aliquo
1304 1012 1384 1032 sensu
1412 1004 1458 1031 Dei
1475 1012 1583 1038 corpus.
1602 1005 1689 1038 Atque

907 1049 967 1076 idco
986 1054 1066 1084 negat
1080 1057 1172 1076 verum
1186 1057 1246 1077 esse
1274 1052 1344 1084 quod
1363 1051 1493 1084 scriptum
1508 1055 1566 1081 est,
1584 1050 1658 1076 illum
1673 1058 1688 1076 e

908 1095 1010 1129 Spiritu
1026 1101 1122 1123 saneto
1136 1103 1197 1123 esse
1212 1101 1389 1130 conceptum,
1409 1096 1549 1130 creditque
1569 1102 1600 1121 ex
1616 1094 1685 1122 Pan-

907 1141 990 1168 thera:
999 1149 1058 1168 cum
1068 1141 1171 1176 virgine
1184 1149 1330 1176 congressu
1345 1147 1436 1168 natum
1452 1149 1522 1168 esse.
1536 1141 1593 1173 Qua
1606 1148 1688 1167 causa

907 1187 972 1213 dicit
989 1195 996 1213 :
1016 1195 1025 1212 ‹
1046 1186 1149 1221 Corpus
1163 1187 1207 1213 Dei
1223 1194 1276 1214 non
1293 1187 1330 1213 ita
1345 1192 1433 1213 satum
1445 1191 1518 1214 esset
1529 1193 1560 1213 ac
1573 1190 1600 1212 tu
1614 1190 1689 1212 satus

906 1239 946 1259 es.
965 1241 973 1257 ι
993 1231 1046 1262 Sed
1063 1232 1096 1259 de
1108 1232 1151 1259 his
1164 1232 1241 1267 plura
1261 1232 1396 1267 superius.

942 1365 985 1392 70.
1000 1364 1110 1400 Pergit:
1127 1375 1136 1390 ‹
1157 1365 1250 1399 Neque
1264 1373 1362 1400 corpus
1381 1365 1426 1391 Dei
1450 1364 1548 1391 talibus
1562 1363 1688 1390 vescitur

907 1410 990 1443 cibis;
1008 1421 1017 1437 ι
1035 1411 1111 1445 quasi
1133 1418 1166 1437 ex
1184 1411 1335 1445 Evangeliis
1353 1411 1468 1445 probare
1486 1413 1579 1444 posset
1594 1409 1686 1436 Jesum

906 1456 974 1484 cibis
985 1464 1064 1484 usum
1078 1464 1148 1488 esse,
1159 1464 1186 1484 et
1194 1457 1319 1491 qualibus
1331 1457 1398 1484 cibis
1411 1464 1476 1483 usus
1488 1455 1578 1482 fuerit.
1587 1455 1687 1482 Verum

906 1507 977 1534 esto,
992 1502 1064 1529 dicat
1077 1510 1137 1529 eum
1155 1503 1442 1537 manducassepascha
1458 1509 1519 1528 cum
1537 1500 1687 1535 discipulis.

908 1553 936 1575 et
960 1555 1014 1574 non
1039 1547 1124 1576 solum
1144 1548 1245 1574 dixisse
1263 1556 1269 1573 :
1287 1556 1296 1572 ι
1312 1546 1449 1575 Desiderio
1469 1545 1619 1573 desideravi
1636 1545 1688 1572 hoc

908 1593 1006 1627 pascha
1026 1593 1189 1619 manducare
1203 1592 1385 1624 vobiscum“,
1403 1601 1413 1618 ι
1433 1592 1482 1618 sed
1497 1592 1576 1618 etiam
1595 1598 1688 1618 revera

908 1638 1136 1670 manducavisse;
1165 1637 1249 1664 addat
1273 1637 1355 1665 etiam
1377 1638 1512 1665 sitientem
1527 1638 1561 1665 ad
1579 1642 1688 1672 puteum

905 1682 988 1710 Jacob
1003 1684 1103 1710 bibisse
1114 1684 1148 1715 7‘,
1174 1684 1240 1718 quid
1268 1685 1321 1711 hoc
1337 1689 1433 1710 contra
1447 1691 1478 1710 ea
1495 1691 1554 1717 quzc
1581 1683 1612 1710 de
1630 1683 1689 1715 ejus

906 1736 1021 1762 corpore
1038 1729 1172 1756 dicimus?
1182 1730 1295 1757 Constat
1306 1737 1367 1756 eum
1382 1733 1442 1763 post
1459 1728 1687 1756 resurrectionem

907 1774 1007 1808 piscem
1020 1774 1149 1801 edisse".
1171 1774 1268 1801 Nostra
1289 1774 1362 1801 enim
1384 1773 1518 1801 sententia
1536 1777 1596 1807 est,
1611 1773 1687 1800 illum

907 1819 1026 1846 induisse
1040 1826 1150 1854 corpus,
1165 1824 1259 1853 utpote
1280 1824 1371 1846 natum
1397 1826 1412 1845 e
1430 1818 1540 1845 femina.
1563 1827 1573 1843 ι
1594 1819 1628 1845 At
1643 1819 1688 1845 tali

906 1872 983 1896 voce,
997 1864 1094 1897 inquit,
1111 1871 1163 1890 non
1180 1864 1265 1890 utitur
1281 1863 1326 1889 Dei
1341 1869 1439 1896 corpus
1454 1870 1503 1890 nec
1517 1862 1614 1889 talibus
1629 1870 1690 1896 pcr-

906 1909 1035 1936 suadcudi
1051 1909 1147 1935 modis.
1168 1917 1176 1933 ι
1195 1908 1257 1934 Ilaec
1282 1908 1365 1934 etiam
1380 1906 1443 1933 vilia
1469 1912 1532 1934 sunt
1555 1915 1586 1934 ac
1610 1908 1689 1934 Valde

906 1954 1114 1982 contemnenda.
1131 1953 1196 1980 Nam
1213 1954 1292 1980 Celso
1307 1955 1367 1987 quis
1381 1954 1481 1980 dixerit
1495 1953 1622 1988 Pythium
1639 1955 1687 1988 qui

906 2008 920 2026 a
938 2000 1037 2027 Graecis
1060 2001 1124 2027 deus
1146 2000 1269 2031 habetur,
1286 2004 1313 2026 et
1329 1999 1487 2033 Didymeum
1502 1999 1634 2033 ejusmodi
1649 2000 1688 2027 uti

906 2053 982 2076 voce,
1000 2052 1097 2079 nempe
1113 2045 1215 2080 Pythia:
1236 2049 1284 2071 aut
1296 2044 1422 2071 Miletinm
1438 2045 1621 2079 prophelidis;
1640 2052 1690 2072 nec

906 2091 1008 2118 idcirco
1024 2097 1113 2118 tamen
1128 2099 1143 2118 e
1167 2097 1279 2117 nurnero
1301 2091 1412 2117 deorum
1430 2091 1537 2117 excludi
1563 2090 1689 2125 Pythium

906 2141 952 2163 aut
968 2136 1126 2171 Didymeum
1142 2137 1184 2164 vel
1201 2138 1349 2171 quemlibet
1360 2138 1441 2164 alium
1454 2137 1569 2164 similent
1586 2137 1692 2164 Graeca-

906 2182 994 2208 nicum
1011 2183 1093 2208 Deutn
1111 2182 1136 2208 in
1152 2190 1206 2209 uno
1222 2183 1282 2210 loco
1295 2182 1485 2209 constitutum.
1501 2182 1585 2209 Multo
1599 2188 1689 2210 autem

63 2224 300 2260 ἐγκαθιδρνμένος
325 2224 478 2259 Ἑλληνικὸς
504 2225 573 2256 θεός.
598 2225 691 2259 Πολλῷ
712 2225 740 2251 δὲ
760 2225 853 2251 τούτου

942 2227 994 2253 tius
1011 2227 1060 2254 fuit
1076 2227 1159 2254 Deum
1176 2228 1214 2254 uti
1235 2235 1301 2255 voce
1313 2235 1371 2261 quae
1385 2232 1526 2263 propterea
1543 2229 1613 2262 quod
1628 2236 1690 2256 cum

64 2270 175 2305 βέλτιον
189 2268 223 2304 ἦν
238 2270 389 2305 χρήσασθαι
405 2270 450 2296 τὸν
465 2270 529 2296 Θεὸν
544 2272 618 2306 φωνῇ
636 2270 796 2306 ὲμποιούσῃ,
810 2270 853 2297 διὰ

61 2318 96 2343 τὸ
115 2316 185 2352 μετὰ
195 2317 334 2351 δυνάμεως
351 2317 578 2351 ἀπαγγέλλεσθαι,
597 2317 699 2351 ἄφατόν
716 2317 772 2352 (55)
791 2326 852 2344 τινα

62 2362 154 2388 πειθὼ
169 2363 225 2393 τοῖς
238 2362 390 2388 ἀκούουσιν.

101 2405 172 2434 Εἶτά
182 2416 248 2443 φησι
261 2408 465 2443 λοιδορούμενος
481 2407 520 2442 τῷ
541 2408 627 2443 Ἰησοῦ
644 2409 658 2434 ὁ
676 2407 719 2434 διὰ
730 2408 778 2443 τὴν
791 2408 853 2434 ἀσέ-

61 2454 144 2480 ϐειαν
158 2455 204 2480 καὶ
219 2453 253 2480 τὰ
269 2454 392 2490 μοχθηρὰ
406 2454 537 2489 δόγματα,
556 2454 589 2480 ἵν’
605 2454 690 2485 οὕτως
705 2455 783 2485 εἴπω,
796 2454 855 2480 θεο-

101 2512 126 2528 ⁶⁸
143 2511 229 2540 liebr.
243 2520 279 2544 tv,
295 2512 338 2539 15.
379 2512 400 2527 ⁸⁵
419 2511 470 2539 Isa.
504 2519 565 2544 LIII,
579 2511 611 2544 9;
630 2512 639 2538 l
657 2511 728 2539 Pett‘.
747 2520 783 2544 ιι,
799 2511 845 2539 9:2.

63 2548 87 2563 "
109 2547 191 2574 Joan.
206 2555 264 2579 ut,
279 2547 323 2574 15.

101 2594 162 2628 (29)
180 2594 259 2620 Libb.
284 2594 361 2627 editi,
381 2593 535 2629 ἀνθρώπου,
562 2594 608 2621 sed
636 2594 754 2627 quinque
774 2602 851 2627 mss.,

60 2629 250 2665 ἀνθρωπίνου,
266 2630 379 2665 rectius.
392 2629 492 2665 ibidem
510 2633 565 2655 tres
581 2629 736 2665 Anglicani.
754 2629 853 2664 Regius

61 2669 92 2691 et
118 2663 306 2693 Basilecnsis.
334 2664 414 2690 αὐτόν
439 2671 528 2698 φαμεν
555 2663 704 2698 γεγονέναι.
724 2663 753 2690 1n
772 2669 852 2691 antea

61 2699 148 2726 editis
159 2699 237 2725 deest
252 2699 401 2732 γεγονέναι.
415 2697 496 2725 Paulo
505 2703 565 2732 post
577 2697 747 2725 Hmsehelius
759 2703 786 2725 et
802 2704 856 2726 tres

61 2741 147 2763 mss.,
162 2733 365 2768 πεπειραμένον
385 2733 432 2768 μὲν
445 2733 556 2767 ὁμοίως.
575 2733 729 2766 Spencerus
747 2738 774 2760 et
790 2733 852 2760 reli-

61 2769 110 2803 qui
126 2774 210 2799 mss.,
226 2767 445 2803 πεπειρασμένον
463 2768 512 2802 μὲν
525 2767 634 2802 ὁμοίως.

113 2803 148 2829 50

58 2838 92 2865 ὃν
100 2802 240 2873 (ﬁgat-36$.

101 2871 159 2908 (51)
174 2871 259 2907 Παρὰ
273 2871 335 2905 τοῖς
351 2871 487 2906 πολλοῖς.
503 2871 601 2900 Guielo
621 2871 795 2900 scribendum
809 2872 850 2900 vi-

179 2802 227 2835 Ὠς
253 2803 394 2837 καθαρόν.
415 2802 512 2830 Guicto
537 2802 708 2830 scribendum
735 2802 852 2835 videtur,
877 2817 886 2827 κ

908 2278 1044 2307 potestate
1056 2275 1290 2309 pronuntiaretur,
1309 2274 1438 2302 inelIabili
1453 2275 1568 2309 quadam
1585 2275 1689 2302 ratione

908 2321 1085 2354 persuaderet
1098 2321 1246 2348 auditores.

943 2409 986 2435 71.
1006 2409 1106 2436 Deinde
1119 2408 1273 2436 convicium
1287 2408 1349 2435 Jesu
1363 2407 1465 2435 faciens
1484 2407 1539 2440 ille,
1561 2408 1606 2440 qui
1622 2414 1686 2440 pro-

907 2460 967 2490 pter
985 2456 1150 2489 impietatem
1171 2463 1306 2489 pravaque
1319 2455 1492 2487 opinanienta
1512 2453 1566 2479 Deo
1580 2471 1588 2484 ,
1606 2457 1634 2478 ut
1649 2453 1688 2479 sic

884 2513 906 2528 ⁷⁰
928 2512 948 2539 ll
963 2513 1026 2541 Cor.
1040 2521 1068 2544 ν,
1088 2513 1133 2539 21.
1173 2513 1193 2527 ⁷¹
1215 2512 1280 2539 Luc.
1302 2518 1374 2542 χχιι,
1391 2509 1433 2536 15.
1471 2509 1493 2523 τ’
1513 2507 1589 2535 Joan.
1605 2516 1641 2540 iv,
1659 2507 1685 2535 ϐ.

908 2594 995 2624 detur,
1008 2592 1082 2628 παρὰ
1097 2592 1160 2622 τοὺς
1177 2590 1298 2628 πολλούς.

943 2621 998 2663 (52)
1015 2621 1070 2654 Keil
1086 2621 1218 2663 moralia
1232 2625 1341 2663 ruit-(ds:
1360 2623 1419 2663 ύπῤ
1433 2631 1530 2663 *τιν-ος.
1547 2621 1687 2661 Har-0mm

906 2657 1080 2698 φθείραντος
1092 2661 1149 2698 τὴν
1163 2661 1311 2693 παρθένον
1328 2658 1484 2698 ἐσπάρθιιιι.
1504 2657 1572 2698 Illaec
1595 2657 1621 2698 in
1642 2664 1687 2697 ve-

909 2693 1207 2725 lerivcodice'Vaticano
1226 2702 1303 2720 erasa
1322 2700 1384 2720 sunt
1408 2699 1434 2719 et
1453 2693 1644 2719 desiderantur
1659 2693 1686 2718 in

908 2732 1020 2760 recenti.
1038 2731 1104 2758 Vide
1120 2737 1201 2763 supra
1217 2729 1264 2755 lib.
1283 2736 1290 2755 ι
1308 2734 1399 2754 contra
1416 2727 1532 2758 Celsum,
1548 2734 1623 2763 nunt.
1639 2726 1684 2754 52.

943 2767 997 2803 (55)
1012 2761 1206 2803 Ἄφᾳτονίδὶο
1220 2768 1292 2803 recte
1304 2763 1473 2803 llwst-helius
1487 2768 1513 2789 et
1528 2761 1605 2788 codd.
1619 2769 1684 2789 mss.

905 2796 975 2830 Ma‘le
989 2796 1052 2827 ναι-ὀ
1068 2801 1222 2833 Speucerus
1234 2798 1260 2834 in
1279 2802 1352 2824 textu
1364 2796 1476 2832 ἄφανον,
1491 2803 1578 2834 neque
1589 2803 1683 2829 asseu-

906 2839 958 2866 tior
975 2835 1116 2864 Dohercllo
1126 2834 1222 2870 legenti
1235 2833 1349 2869 Eietww.
