1843 3097
110 130 162 159 801

693 131 831 159 CONTRA
851 129 987 158 CELSUM
1002 129 1066 158 LIB.
1087 129 1119 157 II.

1683 131 1737 159 802

108 189 160 216 τοῦ
180 189 292 225 πατρίου
310 189 404 224 νόμου·
431 198 440 215 ι
463 188 538 216 οὐδὲν
560 190 682 226 ἀκριϐῶς
703 191 758 227 (50)
780 191 856 223 εἰδὼς
872 192 894 217 ἐν

972 197 1062 218 crsum
1088 193 1148 222 est,
1172 197 1185 216 a
1209 189 1267 225 lege
1288 190 1377 224 patria
1399 190 1548 218 defecistis.
1566 184 1576 217 ί
1593 191 1644 220 Ubi
1669 192 1738 220 nihil

110 233 153 262 οἷς
170 235 270 268 ἔλεγεν,
290 234 328 266 ὡς
344 234 492 269 ἐδείξαμεν.
514 235 591 262 Μετὰ
609 236 638 262 δε
655 236 741 263 ταῦτα
763 236 836 263 δοκεῖ
857 244 901 271 μοι

111 279 263 314 δεινότητος
273 278 381 313 ἔχεσθαι
397 279 441 305 τό·
456 288 465 304 ‹
482 280 517 305 Ἢ
526 279 584 311 πῶς
598 280 713 315 ἄρχεσθε
726 280 774 316 μὲν
786 280 839 306 ἀπὸ
848 280 902 306 τῶν

112 324 255 360 ἡμετέρων
275 323 366 359 ιερῶν,
385 324 522 360 προϊόντες
536 324 564 350 δὲ
584 325 653 351 αὺτὰ
669 325 832 360 ἀτιμάζετες
852 325 903 351 οὐκ

113 370 222 405 ἔχοντες
237 369 319 404 ἄλλην
327 366 416 404 ’ἀρχὴν
429 370 517 396 εἰπεῖν
530 370 576 396 τοῦ
591 370 733 405 δόγματος,
748 371 764 405 ἢ
776 370 822 396 τὸν
836 371 902 405 ὴμέ-

115 425 195 453 τερον
204 417 294 452 νόμον·
307 426 316 441 ι
325 415 431 450 ἀληθῶς
441 415 489 450 μὲν
497 415 552 452 γὰρ
560 417 756 453 Χριστιανοῖςή
766 418 902 454 εἰσαγωγὴ

116 464 191 489 ἐστιν
204 461 256 488 ἀπὺ
268 461 322 488 τῶν
339 460 418 496 ἱερῶν
439 461 586 494 Μωῦσέως,
600 462 648 488 καὶ
661 461 714 488 τῶν
727 464 904 498 προφητικῶν

117 507 305 543 νοαμμάτων·
320 507 366 533 καὶ
379 507 447 541 μετὰ
458 507 505 542 τὴν
517 507 681 542 εἰσαγωγὴν,
695 509 723 533 ὲν
735 510 767 544 τῇ
780 509 903 544 διηγήσει

112 550 162 576 καὶ
180 550 312 584 σαφηνείᾳ
331 550 420 576 αὐτῶν
442 550 499 576 ἐστι
518 552 573 582 τοῖς
595 551 782 587 εἰσαγομένοις
802 553 818 587 ή
839 561 902 588 προ-

111 595 185 631 κοπὴ
201 595 310 631 ζητοῦσι
327 595 356 622 τὸ
371 604 380 620 ι
397 595 468 621 κατὰ
481 595 650 631 ἀποκάλυψιν
666 598 823 633 μυστήριον,
840 598 902 633 χρό-

110 650 168 673 νοις
179 641 297 672 αἰωνίοις
307 641 493 676 σεσιγημένον.
507 642 660 678 φανερωθὲν
673 642 701 668 δὲ
713 642 760 669 νῦν
775 644 835 674 ταῖς
846 643 900 678 (51)

111 688 297 722 προφητικαῖς
311 689 425 721 φωναῖς,
444 697 453 712 ι
471 688 517 714 καὶ
529 689 562 723 τῇ
576 687 621 714 τοῦ
636 688 738 723 Κυρίου
752 689 831 724 ήμῶν
850 690 901 725 Ἰη-

111 730 161 757 σοῦ
177 732 293 766 Χριστοῦ
308 732 461 768 ἐπιφανείᾳ.
474 733 540 767 Οὐχ,
553 733 590 765 ὡς
600 732 691 767 λέγετε
704 734 742 765 δὲ,
757 735 780 760 οἱ
793 735 901 771 προῖόν-

109 784 159 808 τες
186 777 349 811 ἀτιμάζουσι
377 777 410 803 τὰ
440 778 468 803 ὲν
501 777 575 813 νόμῳ
605 779 799 814 γεγραμμένα·
833 780 901 808 ἀλλὰ

109 821 222 848 πλείονα
248 823 329 858 τιμὴν
352 825 443 856 αὐτοῖς
468 825 666 860 περιτιθέασιν,
691 826 900 858 ἀποδεικνύντες

954 235 1063 270 quidem
1088 239 1245 262 accuratum
1269 235 1335 261 vidit
1358 235 1383 261 iu
1405 235 1520 270 iis-quae
1535 236 1619 268 dixit,
1637 241 1666 263 ut
1680 236 1737 269 jam

953 281 1097 315 probatum
1113 284 1167 307 est.
1184 279 1249 313 Quae
1264 285 1415 315 sequuntur
1429 281 1528 316 aliquid
1542 283 1670 316 ponderis
1686 284 1737 310 ha-

953 326 1018 353 bere
1034 327 1181 353 videntur:
1198 334 1207 351 σ
1222 326 1381 359 Quomodo,
1399 335 1460 354 cum
1484 335 1499 355 a
1526 328 1628 355 nostris
1650 331 1737 357 sacris

953 371 1058 399 ducatis
1076 371 1181 398 initium
1195 391 1203 405 ,
1227 373 1308 406 paulo
1329 373 1469 407 progressi
1491 374 1584 401 eadem
1605 374 1649 401 illa
1673 382 1738 402 con—

953 417 1095 444 temnitis?
1111 416 1202 451 Neque
1217 416 1289 443 enim
1305 417 1378 444 aliud
1394 421 1491 444 vestra:
1503 419 1633 445 doctrina:
1647 419 1738 446 dicere

953 462 1061 489 habetis
1077 461 1186 488 initium
1204 469 1285 496 quam
1304 467 1425 489 nostram
1443 463 1540 498 legem.
1557 465 1679 492 tVerum
1697 470 1738 492 est

953 509 1080 536 Mosaicae
1098 507 1166 542 legis
1180 508 1250 534 ritus
1266 507 1425 542 litterasque
1439 509 1610 544 propheticas
1622 518 1681 538 esse
1696 518 1740 539 re-

952 553 1061 587 ligionis
1077 552 1242 580 Christiana:
1258 552 1346 586 prima
1364 553 1448 580 veluti
1469 555 1624 582 rudimenta
1635 575 1643 588 ,
1660 561 1687 583 et
1703 556 1737 584 ab

952 598 993 625 eis
1009 605 1169 632 progressos
1187 601 1242 624 tum
1263 596 1415 631 prolicere,
1434 605 1496 624 cum
1517 598 1561 625 illa
1580 603 1739 627 scrutantur

954 650 1105 677 eorumque
1121 636 1239 670 ruentem
1259 642 1428 676 inspiciunt,
1445 650 1507 669 cum
1526 649 1651 678 quaerunt
1666 653 1676 670 ‹
1692 652 1736 672 sc-

953 690 1071 716 cundum
1089 689 1285 716 revetationem
1301 689 1461 724 mysterium
1479 689 1644 724 temporibus
1658 695 1737 718 atter—

952 734 994 760 nis
1014 734 1138 766 tacitum,
1155 733 1226 767 quod
1238 740 1309 759 nunc
1324 731 1489 767 patefactum
1500 736 1541 759 est
1552 739 1600 766 per
1611 732 1735 768 Scriptu-

952 786 996 805 ras
1012 779 1208 813 prophetarum
1220 777 1253 794 ⁸⁷·
1267 787 1276 804 ι
1291 782 1318 804 et
1331 777 1436 804 Domini
1452 777 1536 804 nostri
1552 776 1616 804 Jcsu
1633 777 1736 804 Christi

951 825 1108 851 adventum.
1132 824 1168 850 At
1189 831 1243 850 non
1265 830 1359 850 verum
1375 823 1447 857 quod
1463 823 1572 857 dicitis,
1588 823 1633 858 qui
1650 823 1736 857 proﬁ-

109 868 173 894 ὅσον
190 868 246 903 ἔχει
262 869 342 904 βάθος
361 871 448 904 σοφῶν
463 871 509 898 καὶ
525 872 687 907 ἀπορρήτων
708 872 795 906 λόγων
809 873 894 899 ἐκεῖνο

971 869 1046 902 lunt,
1069 870 1103 896 ab
1127 869 1167 896 eis
1190 868 1339 896 Mosaieam
1358 867 1445 902 legem
1462 868 1612 903 despicatui
1630 869 1736 897 haberi.

109 913 144 940 τὰ
159 914 320 949 γράμματα,
334 916 368 942 τὰ
379 916 431 942 ὑπὸ
447 917 579 943 Ἰουδαίων
592 917 622 943 οὐ
634 917 836 953 τεθεωρημένα,
845 918 900 945 τῶν

109 959 331 996 ἐπιπολαιότερον
337 962 382 987 καὶ
389 961 440 996 μυθ
445 962 523 988 ικὼτε
528 971 571 997 ρον
577 963 667 993 αὐτοῖς
674 964 898 998 ἐντυγχανόντων.

109 1003 143 1032 Τί
160 1003 189 1029 δὲ
202 1004 302 1031 ἄτοπον
315 1005 345 1031 τὸ
359 1006 446 1041 ἀρχὴν
461 1005 508 1032 τοῦ
517 1006 650 1041 ἡμετέρου
656 1007 899 1042 ὃόγματος,τουτέ-

111 1058 154 1076 στι
163 1050 209 1076 τοῦ
220 1050 393 1084 Εὐαγγελίου,
408 1050 477 1079 εἶναι
488 1053 533 1078 τὸν
541 1052 621 1087 νόμον
630 1061 636 1084 ;
652 1052 699 1079 ἆτε
706 1053 754 1080 καὶ
763 1053 845 1080 αὑτοῦ
853 1054 899 1081 τοῦ

118 1095 204 1129 Ἰησοῦ
211 1096 312 1131 Κυρίου
321 1097 399 1132 ἡμῶν
413 1097 537 1132 λέγοντος
549 1098 616 1134 πρὸς
631 1099 694 1130 τοὺς
710 1099 746 1134 μὴ
761 1099 900 1126 πιστεύον-

108 1148 160 1171 τας
171 1140 244 1175 αὐτῷ
254 1141 320 1174 (52)·
335 1152 343 1167 ‹
359 1143 389 1168 Ei
399 1142 554 1169 ἐπιστεύετε
566 1145 684 1176 Μωῦσεῖ,
697 1145 853 1171 ἐπιστεύετε
867 1145 900 1172 ἂν

109 1185 185 1220 ἐμοί·
199 1186 263 1220 περ).
275 1186 329 1221 γὰρ
343 1187 409 1222 ἐμοῦ
424 1188 525 1219 ἐκεῖνος
538 1188 654 1224 ἔγραψεν
664 1197 670 1203 ⁵
687 1190 712 1215 εί
723 1189 751 1215 δὲ
764 1191 819 1221 τοῖς
830 1189 900 1216 ἐκεί-

107 1240 155 1257 νου
174 1231 333 1267 γράμμασιν
347 1233 378 1259 οὔ
399 1234 549 1266 πιστεύετε,
563 1235 621 1266 πῶς
636 1236 690 1266 τοῖς
707 1235 784 1269 ἐμοῖς
797 1236 899 1270 ῥήμασι

108 1276 269 1303 πιστεύσετε
287 1277 358 1311 (55);
380 1288 389 1303 r
412 1278 490 1305 Ἀλλὰ
510 1279 557 1306 καὶ
570 1277 610 1311 εἷς
624 1280 678 1306 τῶν
701 1280 900 1314 εὑαγγελιστῶν

106 1322 122 1347 ὁ
138 1322 254 1356 Μάρκος
272 1322 380 1357 φησίν-ι
410 1324 490 1359 Ἀρχὴ
506 1324 562 1359 (54)
578 1325 625 1351 τοῦ
642 1325 806 1359 Εὐαγγελίου
823 1326 900 1361 ἡμῶν

115 1368 152 1401 Ίη
158 1367 204 1394 σοῦ
213 1368 341 1403 Χριστοῦ,
350 1368 388 1399 ὡς
394 1369 548 1404 γέγραπται
562 1370 590 1395 ἐν
599 1368 696 1406 Ἡσαΐᾳ
708 1370 746 1407 τῷ
756 1371 882 1406 προφήτῃ
890 1379 896 1386 ·

115 1412 182 1438 ’ἰδοὺ
195 1411 252 1446 ἐγὼ
266 1413 422 1440 ἀποστέλλω
434 1414 478 1440 τὸν
493 1414 607 1449 ἄγγελόν
621 1424 671 1450 μου
685 1416 737 1451 πρὸ
754 1415 899 1451 προσώπου

109 1465 169 1488 σου,
186 1457 215 1489 ὂς
232 1459 429 1485 κατασκευάσει
445 1459 493 1495 τὴν
506 1460 564 1486 ὁδόν
578 1469 624 1486 σου
639 1461 792 1496 ἔμπροσθέν
804 1470 850 1488 σου
860 1471 867 1477 ·
887 1472 896 1488 ι

106 1501 227 1534 δεικνὺς,
244 1502 284 1528 ὃτι
299 1504 315 1537 ἡ
332 1503 379 1529 τοῦ
394 1503 559 1538 Εὑαγγελίου
578 1505 648 1540 ἀρχὴ
669 1505 723 1532 τῶν
748 1506 898 1534 Ἰουδαϊκῶν

107 1548 283 1582 γραμμάτων
296 1548 420 1584 ἢρτηται.
436 1549 468 1575 Τί
484 1547 530 1576 οὖν
551 1549 610 1576 καθ’
626 1550 703 1585 ἡμῶν
719 1550 826 1584 λέγεται
848 1551 899 1578 ὑπὸ

107 1591 156 1618 τοῦ
171 1590 250 1628 παρὰ
261 1592 300 1627 τῷ
311 1593 406 1628 Κέλσῳ
421 1594 546 1621 Ἰουδαίου
561 1595 627 1630 (55),
640 1595 668 1621 ἐν
679 1595 731 1631 τῷ·
749 1605 758 1621 ι
773 1597 835 1623 Εἴτε
847 1597 899 1633 γὰρ

107 1638 298 1673 προηγόρευσέ
315 1647 357 1670 τις
372 1640 447 1675 ὑμῖν,
466 1640 507 1666 ὅτι
526 1641 579 1676 ἄρα
595 1641 609 1666 ὁ
625 1641 672 1667 τοῦ
691 1641 759 1668 Θεοῦ
780 1643 844 1674 παῖς
859 1644 899 1675 είς

107 1682 271 1718 ἀνθρώπους
283 1683 418 1718 ἀφίξεται,
431 1682 508 1717 οὗτος
523 1685 655 1721 ἡμέτερος
668 1684 701 1722 ἦν
717 1687 732 1712 ὁ
746 1689 896 1724 προφήτης,

108 1729 158 1754 καὶ
167 1729 215 1755 τοῦ
226 1729 360 1766 ἡμετέρου
375 1730 458 1763 Θεοῦ;
478 1740 487 1756 ι
502 1731 581 1757 Ποῖον
592 1731 620 1757 δὲ
633 1731 757 1767 ἔγκλημα
770 1733 899 1768 Χριστια-

107 1773 199 1808 νισμῷ
227 1774 310 1806 ἐστιν,
332 1775 356 1800 εί
378 1776 392 1800 ὁ
415 1774 548 1809 βαπτίσας
570 1775 615 1802 τὸν
639 1775 743 1812 Ἰησοῦν
774 1777 898 1812 Ἰωάννης

114 1818 241 1850 Ἰουδαῖος
259 1817 308 1854 ἦν;
331 1820 368 1846 Οὐ
384 1820 438 1856 γὰρ
459 1820 520 1847 ἐπεὶ
540 1820 663 1852 Ἰουδαῖος
676 1818 720 1856 ἦν,
742 1822 897 1856 συνάγεται,

107 1864 150 1890 ὅτι
171 1864 213 1890 δεῖ
229 1865 317 1891 πάντα
336 1865 381 1892 τὸν
402 1866 572 1898 πιστεύοντα,
595 1866 644 1892 εἴτ’
665 1867 719 1893 ἀπὸ
737 1867 791 1893 τῶν
813 1867 898 1894 ἐθνῶν

108 1909 292 1944 προσέρχεται
311 1909 349 1942 τῷ
362 1909 443 1946 λόγῳ,
461 1911 516 1937 εἴτε
535 1911 588 1938 ἀπὸ
613 1911 757 1945 Ἰουδαίων,
778 1913 848 1938 κατὰ
867 1912 898 1938 τὸ

107 1956 227 1992 γράμμα
241 1956 287 1983 τὸν
301 1957 439 1989 Μωΰσέως
451 1959 545 1993 τηρεῖν
559 1957 650 1993 νόμον.

144 2065 221 2092 Μετὰ
240 2064 326 2092 ταῦτα
345 2066 368 2091 εί
387 2065 434 2091 καὶ
447 2065 603 2098 ταυτολογεῐ
622 2066 636 2091 ὁ
650 2065 751 2096 Κέλσος
766 2065 829 2100 περὶ
850 2064 896 2090 τοῦ

114 2110 203 2146 Ἰησοῦ
221 2110 288 2145 (56),
302 2110 427 2146 δεύτερον
442 2110 492 2145 ἤδη
506 2110 591 2144 λέγων
603 2110 834 2146 πλημμελήσαντα
850 2110 898 2136 αὐ-

108 2155 153 2181 τὸν
167 2155 311 2181 δεδωκέναι
327 2155 401 2190 παρὰ
423 2154 560 2186 Ἰουδαίοις
576 2155 652 2190 δίκην
663 2164 670 2170 ·
686 2155 741 2182 ἀλλ’
754 2157 834 2191 ἡμεῖς
847 2156 897 2182 οὐκ

912 1532 933 1561 C

952 915 1008 942 luto
1021 915 1080 950 plus
1091 915 1129 942 illi
1140 914 1251 942 honoris
1260 914 1386 942 delerunt
1396 924 1402 942 :
1414 913 1561 941 ostendunt
1571 914 1642 941 enim
1654 921 1736 948 quam

953 959 1007 986 alla
1020 979 1027 992 ,
1043 966 1125 993 quam
1142 960 1270 986 abstrusa
1286 959 1323 986 sit
1338 958 1472 993 sapientia
1493 966 1589 986 eorum
1610 966 1671 993 quae
1686 959 1736 986 sub

952 1006 1007 1033 illis
1030 1006 1115 1033 latent
1129 1006 1241 1036 litteris,
1261 1006 1286 1032 in
1305 1012 1373 1039 quas
1389 1013 1528 1041 nunquam
1544 1005 1630 1032 Judaei
1651 1005 1737 1032 intro-

951 1056 1102 1086 spexerunt
1113 1071 1120 1082 .
1136 1056 1166 1078 ut
1180 1051 1225 1085 qui
1243 1050 1296 1078 illis
1310 1051 1434 1085 legendis
1450 1052 1477 1078 in
1493 1051 1637 1086 superticie
1652 1056 1681 1078 et
1696 1050 1737 1078 fa-

950 1098 1022 1126 bulis
1040 1098 1155 1125 bzerent.
1175 1097 1246 1131 Quid
1264 1105 1330 1125 vero
1349 1098 1495 1126 absurdum
1517 1102 1559 1124 est
1574 1096 1660 1131 legem
1676 1104 1737 1125 esse

950 1148 1051 1170 nostrae
1073 1142 1219 1176 doctrinrc,
1243 1150 1309 1176 seu,
1326 1143 1399 1177 quod
1421 1143 1490 1169 idem
1511 1146 1571 1174 est,
1591 1142 1736 1177 Evangelii

950 1189 1113 1225 principium
1127 1209 1135 1222 ,
1149 1196 1209 1216 cum
1224 1189 1280 1223 ipse
1293 1188 1373 1216 Iesus
1386 1188 1518 1215 Dominus
1529 1192 1620 1215 noster
1631 1188 1675 1220 iis,
1688 1189 1735 1223 qui

951 1235 1002 1269 ipsi
1024 1234 1106 1262 ﬁdem
1131 1242 1185 1261 non
1206 1234 1360 1266 habebant,
1379 1233 1478 1261 dixerit
1493 1245 1499 1260 :
1515 1242 1524 1259 ι
1541 1232 1570 1260 Si
1587 1234 1736 1261 crederetis

950 1280 1035 1316 Moysi
1047 1300 1055 1311 ,
1073 1279 1224 1307 crederetis
1238 1284 1266 1307 et
1280 1279 1347 1313 mihi
1363 1288 1370 1312 ;
1389 1279 1423 1307 de
1441 1287 1485 1306 me
1500 1279 1573 1307 enim
1603 1279 1647 1306 ille
1668 1280 1736 1307 scri-

951 1325 1021 1360 psit;
1039 1324 1060 1352 si
1081 1329 1173 1352 autem
1192 1324 1265 1352 illius
1281 1324 1381 1351 litteris
1397 1331 1450 1350 non
1466 1324 1587 1356 creditis,
1601 1325 1735 1358 quomodo

950 1369 1042 1396 verbis
1065 1370 1133 1396 meis
1157 1369 1276 1396 credetis
1291 1368 1334 1395 “'1
1349 1377 1358 1394 ι
1376 1367 1428 1396 Sed
1450 1373 1477 1394 et
1488 1368 1595 1395 Marcus
1616 1375 1686 1395 unus
1701 1375 1735 1395 ex

949 1414 1124 1449 evangelistis
1149 1414 1187 1441 ait
1204 1424 1210 1441 :
1229 1413 1363 1440 «Initium
1388 1413 1526 1448 Evangelii
1554 1413 1641 1440 nostri
1669 1412 1734 1440 Jesu

949 1460 1063 1491 Christi.
1076 1460 1147 1487 sicut
1165 1460 1298 1494 scriptum
1313 1464 1355 1487 est
1371 1459 1397 1487 in
1413 1460 1482 1486 Isaia
1497 1460 1651 1494 propheta:
1665 1459 1735 1486 Ecre

950 1512 1001 1541 ego
1019 1506 1097 1532 mitto
1120 1504 1246 1539 angelum
1268 1511 1357 1531 meum
1380 1509 1443 1532 ante
1468 1504 1565 1531 faciem
1582 1509 1673 1537 tuam,
1688 1503 1735 1538 qui

952 1551 1118 1586 przrparahit
1139 1551 1211 1577 viam
1234 1555 1307 1577 tuam
1329 1554 1393 1578 ante
1409 1555 1435 1577 te
1450 1549 1473 1566 ⁸³
1488 1559 1496 1583 ;
1511 1560 1521 1576 ι
1535 1550 1636 1584 quibus
1654 1550 1736 1578 docet

949 1597 1088 1632 Evangelii
1116 1597 1223 1624 initium
1251 1605 1265 1624 a
1291 1596 1446 1631 Scripturis
1460 1595 1580 1623 Judaicis
1603 1596 1733 1630 pendere.

948 1643 1018 1676 Quid
1035 1650 1101 1677 ergo
1116 1643 1197 1670 nobis
1212 1643 1374 1670 adversatur
1400 1643 1427 1669 id
1450 1642 1522 1676 quod
1535 1641 1609 1669 Celsi
1623 1641 1733 1670 ludatis

949 1690 1032 1725 390
1053 1690 1113 1717 ait:
1137 1698 1146 1714 ι
1169 1688 1196 1715 Si
1218 1689 1281 1723 quis
1300 1688 1373 1716 enirn
1393 1687 1473 1715 vobis
1491 1688 1616 1722 praedixit
1632 1687 1732 1715 Filium

950 1736 997 1763 Dei
1017 1736 1092 1763 inter
1112 1735 1237 1762 homines
1253 1741 1314 1762 esse
1335 1739 1497 1766 venturum,
1520 1734 1571 1760 fuit
1592 1734 1614 1761 is
1640 1738 1734 1762 noster

947 1786 975 1809 et
993 1782 1079 1809 nostri
1103 1781 1150 1809 Dei
1177 1781 1321 1815 propheta.
1335 1788 1345 1805 ι
1359 1779 1429 1812 Quid
1452 1783 1546 1806 contra
1570 1779 1733 1808 Christiani-

949 1835 1038 1856 smum
1053 1827 1130 1859 facit,
1145 1826 1290 1858 Joannem,
1304 1826 1350 1861 qui
1362 1826 1453 1853 .Iesum
1468 1826 1616 1861 baptizavit
1626 1846 1633 1858 .
1648 1827 1735 1855 fuisse

947 1873 1093 1901 Judmum?
1115 1872 1171 1899 Nee
1185 1872 1257 1899 enim
1275 1871 1337 1898 inde
1351 1879 1525 1906 consequens
1542 1877 1584 1899 est
1599 1876 1627 1898 ut
1645 1874 1734 1900 omnis

948 1920 994 1954 qui
1024 1919 1130 1951 credit,
1155 1919 1213 1946 sive
1239 1925 1252 1944 a
1280 1917 1422 1953 gentibus,
1455 1918 1512 1945 sive
1535 1925 1549 1944 a
1576 1917 1676 1945 Judmis
1699 1920 1733 1946 ad

947 1965 1132 1993 Christianam
1158 1963 1312 1992 doctrinam
1333 1964 1462 1994 accedat,
1480 1962 1625 1990 Mosaicam
1645 1963 1732 1999 legem

948 2011 1057 2038 Iitterali
1074 2017 1154 2037 sensu
1171 2010 1376 2044 interpretatam
1393 2009 1539 2036 observare
1554 2008 1661 2035 debeat.

983 2057 1010 2086 5.
1033 2057 1130 2084 Postea
1139 2076 1146 2089 ,
1162 2056 1212 2083 etsi
1229 2055 1326 2090 repetit
1340 2054 1434 2082 Celsus
1447 2055 1518 2088 qttod
1531 2058 1610 2080 antea
1623 2054 1656 2081 de
1669 2053 1731 2081 Jesu

949 2105 1073 2135 dixerat,
1091 2102 1166 2129 illum
1183 2101 1253 2137 apud
1271 2101 1379 2127 Judatos
1394 2107 1505 2127 suorum
1521 2099 1655 2127 scelerum
1675 2106 1732 2134 pm-

949 2157 998 2177 nas
1018 2149 1120 2181 luisse,
1135 2155 1184 2175 nos
1205 2154 1258 2174 non
1282 2146 1439 2174 iterabimus
1456 2145 1656 2179 defensionem,
1670 2153 1730 2172 cum

108 2201 339 2236 ὲπαναληψόμεθα
352 2189 401 2236 τήν
415 2201 570 2236 ἀπολογίαν,
583 2189 744 2237 ἀργιούμενοι
805 2209 894 2236 προει-

971 2196 1027 2222 rior
1041 2194 1148 2222 abunde
1162 2193 1289 2221 suiﬁciat.
1303 2191 1404 2220 Deinde
1415 2191 1540 2226 quoniam
1554 2189 1613 2224 ejus
1625 2189 1733 2217 Iudaeus

111 2247 226 2282 ρημὲνῃ.
243 2244 299 2273 Εἶτ’
316 2247 377 2273 ἐπεὶ
395 2247 432 2278 ὡς
448 2247 518 2273 ἕωλα
531 2247 565 2274 τὰ
579 2247 643 2281 περὶ
662 2247 834 2278 ἀναστάσεως,
857 2255 900 2273 νε-

109 2291 194 2326 κρῶν,
212 2291 259 2317 καὶ
276 2290 391 2327 κρίσεως
407 2291 485 2324 Θεοῦ,
501 2292 547 2318 καὶ
563 2291 645 2327 τιμῆς
664 2292 712 2326 μὲν
727 2291 773 2318 ἐπὶ
784 2292 847 2323 τοὺς
861 2291 900 2318 δι-

953 2247 982 2268 ut
1004 2241 1125 2269 obsoleta
1147 2245 1174 2267 et
1198 2238 1310 2266 rancida
1334 2237 1448 2272 despicit
1468 2244 1528 2271 qua:
1550 2237 1618 2271 apud
1636 2243 1684 2264 nos
1700 2236 1733 2263 de

954 2291 1122 2325 mortuorum
1135 2284 1337 2312 resurrectione
1347 2302 1354 2315 ,
1370 2282 1403 2309 de
1417 2282 1465 2309 Dei
1477 2282 1593 2316 judicio,
1608 2282 1645 2309 de
1661 2288 1732 2308 mer-

143 2337 179 2353 ⁸⁷“
197 2337 276 2364 Rom.
293 2337 395 2370 “1,25.
429 2338 452 2354 ⁸⁸
471 2337 548 2364 Joan.
562 2345 588 2369 ν,
605 2337 650 2366 id.
668 2337 713 2364 47.
747 2337 769 2353 ⁸³
788 2337 871 2364 Mare.
888 2344 894 2361 ι

971 2335 993 2360 2.

145 2381 203 2416 (50)
218 2380 297 2418 Libb.
316 2382 379 2418 editi
397 2383 422 2409 in
435 2382 558 2418 margine
573 2383 682 2414 habent,
697 2381 820 2418 ἀκριϐές,
839 2382 893 2409 sic-

109 2416 260 2452 queﬂeodd.
276 2415 375 2450 Regius
391 2422 417 2444 et
435 2417 604 2444 Basilccusis.

144 2451 202 2487 (51)
219 2452 428 2485 Σεσιγημὲνον,
454 2452 622 2486 φανερωθὲν
635 2450 668 2478 δὲ
689 2451 747 2478 ’νῦν
770 2451 843 2484 ταῖς.
858 2451 896 2478 Ila

109 2493 185 2513 recte
209 2493 303 2512 omnes
320 2487 400 2514 codd.
419 2494 485 2514 mss.
506 2487 585 2514 Libb.
612 2494 675 2513 vero
695 2487 769 2519 editi,
786 2494 896 2521 σεσιγη-

109 2521 191 2556 μένον
212 2522 240 2546 ὲν
253 2522 321 2552 ταῖς,
339 2521 416 2556 male.

144 2555 314 2589 (52)Αὺτῷ.
342 2555 381 2582 Ita
409 2557 477 2583 bene
505 2556 588 2584 codex
616 2555 786 2583 Dasilcensis.
816 2555 895 2583 Libb.

107 2591 185 2621 editi,
203 2591 295 2617 αὐτοῦ.

144 2626 202 2661 (55)
218 2626 386 2655 Ηωεειιεῐίυε
399 2627 424 2654 in
439 2631 523 2659 textu,
536 2627 686 2654 πιστεύετε.

142 2661 202 2698 (54)
221 2661 315 2698 Ἀρχή,
329 2668 381 2698 etc.
404 2662 469 2690 Cum
495 2663 564 2690 bona
588 2662 711 2696 Urigeuis
728 2666 754 2688 et
781 2661 894 2698 aliorum

105 2696 188 2724 venia
205 2696 320 2723 dixerim
337 2697 428 2732 (verba
445 2702 509 2724 sunt
532 2697 687 2731 Boherelli),
707 2704 758 2724 non
775 2703 835 2732 esse
852 2696 892 2723 le-

105 2732 234 2766 gitimum
243 2740 322 2765 quem
331 2730 418 2763 amart,
427 2733 538 2759 istorum
546 2733 687 2759 verborum
699 2739 816 2758 sensum.
825 2730 892 2765 luto,

105 2769 214 2800 primus
231 2766 313 2793 Marci
337 2768 486 2795 versiculus
506 2767 618 2794 seorsim
640 2771 681 2793 est
696 2766 869 2800 explicandus
884 2775 890 2792 :

107 2811 118 2826 ι
138 2801 238 2835 Incipit
255 2802 426 2835 Evangelium
451 2803 513 2829 Jcsu
532 2802 630 2828 Christi
648 2801 707 2827 Filii
726 2802 780 2828 Dei.
795 2810 803 2826 ι
818 2801 893 2827 Sicut

106 2837 132 2862 iu
149 2839 204 2863 line
217 2837 336 2869 ejusdem
353 2837 498 2870 Evangelii,
514 2838 582 2870 apud
597 2838 692 2871 Syrum
708 2837 891 2870 interpretem,

105 2872 217 2898 additur
231 2881 238 2898 :
255 2881 263 2897 ι
282 2871 396 2904 lixplicit
412 2873 583 2903 Evangelzutu
598 2875 730 2901 sanctum,
749 2881 758 2896 ι
774 2877 825 2898 etc.
845 2871 892 2896 Se-

947 2378 1054 2413 quentia
1067 2384 1131 2404 vero
1143 2377 1255 2413 sicsunt
1266 2376 1379 2413 invicem
1393 2376 1575 2413 connectenda
1591 2383 1619 2401 τι
1632 2374 1732 2413 Quem-

946 2410 1087 2440 admodum
1114 2412 1268 2446 praatiictum
1294 2411 1383 2438 fuerat
1402 2418 1425 2444 Διι
1448 2411 1629 2444 prophe:is....
1657 2410 1733 2446 Venit

945 2448 1072 2475 Joannes.
1091 2456 1100 2472 ι
1118 2448 1215 2474 Ibidem
1231 2454 1282 2473 vox
1296 2445 1373 2481 ἡμῶν
1389 2453 1447 2481 qua;
1460 2446 1557 2481 legitur
1575 2445 1731 2481 [testeum-

946 2482 1049 2516 γελίου,
1069 2481 1143 2508 abest
1160 2490 1175 2508 ιι
1197 2489 1260 2507 mss.
1286 2479 1370 2515 li'egio
1384 2486 1421 2516 et,
1436 2480 1582 2516 Basilceusi
1598 2479 1644 2512 qui
1665 2488 1731 2516 mox

947 2514 1063 2550 habent,
1094 2516 1131 2548 ὼς
1159 2516 1311 2551 γέγραπται
1330 2514 1360 2543 ἒν
1387 2515 1442 2546 τοῖς
1469 2514 1636 2549 προφήταις·
1665 2514 1731 2541 Ἰδοὺ

947 2551 1012 2579 ἐγώ.
1028 2557 1080 2579 etc.

980 2561 1002 2578 ω
1028 2560 1080 2579 etc.

962 2560 1222 2624 ⁸ᾔέξὶλιιίιιεοίιοὶίιιε
1238 2587 1263 2624 in
1277 2590 1362 2624 textu,
1373 2586 1401 2612 ὲν
1416 2583 1454 2624 τῇ)
1467 2583 1530 2624 παρ’
1545 2582 1620 2623 αυτῷ
1636 2583 1731 2624 Κέλσῳ

955 2618 1093 2649 Ἰουδαίου.
1127 2622 1211 2649 Codd.
1243 2621 1342 2655 Regius
1373 2625 1400 2646 et.
1432 2618 1612 2650 Basileensis,
1639 2619 1668 2644 ἐν
1692 2618 1731 2654 τῷ

950 2659 1017 2693 παρ’
1046 2656 1120 2692 αὑτῷ
1143 2657 1238 2691 Κέλσῳ
1263 2655 1399 2683 Ἰουδαίου.
1427 2655 1480 2682 Sed
1506 2659 1618 2688 utraque
1649 2655 1729 2681 lectio

948 2696 1054 2722 vitiosa.
1617 2701 1625 2710 ι

982 2729 1037 2766 (56)
1051 2728 1158 2766 Ἰησοῦ».
1175 2727 1213 2754 Ita
1229 2727 1381 2766 Speucerus
1402 2728 1429 2754 in
1444 2730 1528 2766 testu,
1551 2725 1645 2766 sicque
1657 2729 1730 2766 certe

946 2759 1098 2799 leg‘enduui.
1114 2759 1307 2799 reluctantibus
1323 2762 1384 2799 licet
1399 2762 1524 2799 omnibus
1539 2768 1603 2787 mss.
1622 2764 1649 2799 et
1666 2759 1730 2786 Ila:-

946 2795 1059 2829 scltclio.
1075 2800 1143 2832 apud
1159 2804 1227 2832 quos
1242 2796 1486 2832 legitur,’Iwcitvyou-
1498 2795 1669 2832 nequeenim
1685 2802 1731 2832 μοι

946 2842 1026 2867 quant
1053 2828 1131 2859 attica
1159 2828 1226 2858 dixit
1249 2828 1342 2858 Celsus
1366 2832 1398 2857 dc
1426 2828 1731 2867 .IQDI‘ItleLﬁ-Anpttakﬁ‘

947 2864 1028 2895 σαντα
1045 2869 1124 2894 αὑτὸν
1142 2867 1283 2901 δεδωκέναι
1301 2866 1374 2897 παρὰ
1393 2864 1524 2893 Ἰουδαίοις
1538 2865 1623 2892 δίκην.
