1843 3097
117 87 169 115 805

861 85 1000 114 ORIGENI
1005 86 1024 113 S

1693 80 1741 107 8οι

118 145 186 174 cede
198 143 445 179 jnstis‘destinata,
463 145 496 171 de
514 145 576 179 igne
589 145 637 179 qui
658 145 776 179 injustos
793 151 902 177 tnanet,

1006 153 1061 175 ους,
1080 143 1165 179 πυρὸς
1185 143 1208 170 δ’
1230 143 1276 170 ἐπὶ
1297 143 1359 175 τοῦς
1378 143 1486 173 ἀδίκους
1502 139 1636 172 εὖτελίζει
1651 141 1665 167 6
1681 139 1741 176 παρ’

120 190 276 224 traduntur,
299 191 460 226 videturque
474 192 525 219 sibi
540 191 776 218 Christianismum
793 192 905 219 subver-

122 236 190 264 tissc
201 256 209 269 ,
235 244 296 264 eum
313 236 380 264 dicit
397 237 465 264 nihil
482 245 579 264 novum
596 238 621 264 in
640 237 698 264 istis
713 245 727 263 a
743 237 905 264 Christianis

120 282 213 310 doceri
228 291 234 315 ;
254 282 287 309 ad
303 283 362 310 haee
381 282 601 317 respondendum
618 287 660 309 est
673 282 767 309 Jesum
783 286 904 309 nostrum

122 334 183 354 cum
208 327 314 353 videret
334 327 400 353 nihil
417 335 431 353 a
446 326 548 353 Jndazis
561 326 620 353 ﬁeri
631 347 638 360 ,
655 327 725 361 quod
742 327 906 361 propheticis

123 372 293 399 documentis
322 372 433 406 dignum
463 377 554 404 esset,
583 373 712 406 parabola
738 373 907 406 signiﬁcasse

124 417 182 445 fore
202 422 232 445 ut
246 418 280 445 ah
294 417 347 444 illis
376 417 534 444 auferretur
549 424 660 452 regnum
675 418 722 444 Dei
737 423 765 444 et
780 418 907 453 gentibus

119 464 232 491 daretur
247 464 282 490 ⁸ο.
303 463 490 496 Quamobrem
514 470 577 490 vere
599 470 672 490 nunc
691 464 784 491 videre
800 469 841 491 est
857 463 906 491 Ju-

120 509 194 537 daeos
222 509 290 536 nihil
313 515 413 545 prmter
440 509 545 536 fabulas
573 517 712 544 nngasque
737 511 906 542 consectari,

121 555 220 589 quippe
232 555 278 589 qui
291 554 391 581 lumine
404 559 514 581 careant
524 555 594 589 quod
607 554 668 581 illos
682 555 708 581 in
724 555 906 589 cognitionem

121 599 325 634 Scripturarum
335 599 464 632 deducat;
477 607 557 633 penes
567 604 656 626 autem
665 599 838 628 Christianos
847 608 908 627 esse

88 656 91 660 ί
121 646 264 672 veritatem
276 666 282 678 ,
300 652 353 679 qua
367 645 484 672 hominis
498 645 587 672 anima
606 650 632 672 et
650 652 727 672 mens
743 646 810 680 erigi
827 651 909 680 atque

125 690 212 718 attolli
232 691 330 725 possit,
347 698 462 725 quaeque
481 690 542 717 illos
562 691 706 724 persuadet
725 696 753 717 nt
770 691 908 718 civitatem

123 736 242 763 habeant
252 756 259 766 .
275 743 327 762 non
340 736 447 769 qualem
469 740 616 763 terrestres
632 735 718 763 Judmi
732 756 739 768 ,
754 741 888 764 terrenam
900 756 909 770 ,

122 782 171 809 sed
193 782 332 809 caelestem
350 782 386 808 9'.
405 781 435 808 id
453 782 627 809 manifestum
644 786 687 809 est
709 782 735 809 in
755 783 788 809 iis
811 782 854 816 qui
870 782 909 808 le-

956 190 1030 224 αὐτῷ
1051 189 1191 220 Ίουδσιῖος”
1213 189 1294 224 μηδὲν
1307 189 1335 215 δὲ
1348 182 1439 215 καινὸν
1455 189 1483 214 ὲν
1498 187 1604 217 τούτοις
1621 186 1744 212 διδάσκε-

957 235 1017 261 σθαι
1029 235 1139 269 φάσκων
1150 235 1337 270 Χριστιανοὺς,
1349 235 1431 260 οίεται
1443 232 1607 268 ἀνατρέπειν
1617 233 1747 266 Χριστια-

956 281 1051 314 νισμόν
1061 288 1067 294 ·
1080 280 1188 306 λεκτέον
1201 280 1268 315 πρὸς
1281 280 1372 311 αὐτὸν,
1383 280 1422 306 ὅτι
1436 280 1450 305 6
1468 277 1571 314 Ἰησοῦς
1585 277 1666 312 ἡμῶν
1681 277 1747 312 (57),

957 325 1026 361 ὁρῶν
1047 326 1188 356 Ἰουδαίους
1206 325 1287 360 μηδὲν
1307 324 1381 356 ἄξιον
1400 325 1454 351 τῶν
1472 325 1501 350 ἐν
1516 325 1572 354 τοῖς
1594 323 1747 358 προφήταις

959 371 1128 406 μαθημάτων
1145 370 1325 406 πράττοντας,
1344 369 1445 402 ἐδίδαξε
1461 369 1505 395 διὰ
1521 368 1692 404 παραϐολῆς,
1709 368 1748 394 ὅτι

958 417 974 452 ἡ
993 416 1114 451 βασιλεία
1128 416 1174 442 τοῦ
1188 415 1254 442 Θεοῦ
1267 415 1416 451 ἀρθήσεται
1432 415 1480 450 μὲν
1498 415 1544 441 ἀπ’
1561 414 1688 445 ἐκείνων,
1703 415 1750 441 καὶ

957 462 1097 497 δοθήσεται
1110 463 1167 493 τοῖς
1182 462 1235 488 ἀπὸ
1250 462 1303 488 τῶν
1320 462 1414 488 ἐθνῶν.
1429 461 1473 487 Διὸ
1487 461 1535 488 καὶ
1550 461 1624 487 ἔστιν
1641 460 1750 495 ἀληθῶς

961 509 1033 539 ἰδεῖν,
1046 508 1133 534 πάντα
1148 509 1196 543 μὲν
1207 508 1240 534 τὰ
1258 508 1391 534 Ἰουδαίων
1403 508 1457 534 τῶν
1468 507 1515 534 νῦν
1530 506 1632 542 μύθους
1645 507 1694 533 καὶ
1704 506 1750 542 λή-

958 563 1021 591 ρους
1032 563 1038 569 ·
1055 555 1086 580 οὺ
1107 554 1160 590 γὰρ
1178 553 1266 589 ἔχουσι
1281 555 1310 580 τὸ
1327 554 1384 587 φῶς
1400 553 1450 588 τῆς
1463 552 1590 587 γνώσεως
1606 553 1662 578 τῶν
1680 553 1749 587 Γρα-

959 601 1034 635 φῶν·
1062 600 1097 627 τὰ
1115 600 1142 626 δὲ
1162 599 1332 636 Χριστιανῶν
1353 600 1492 634 ἀλήθειαν,
1512 599 1613 634 ὲπάραι
1635 599 1683 625 καὶ
1705 608 1751 633 με·

959 647 1087 682 τεωρίσαι
1111 646 1254 682 ἀνθρώπου
1275 646 1363 681 ψυχὴν
1387 645 1434 672 καὶ
1451 645 1513 672 νοῦν
1535 645 1686 679 δυνάμενα,
1707 645 1751 671 ut

960 693 1086 720 πείθοντα
1107 693 1178 728 ἔχειν
1195 702 1221 719 τι
1242 693 1389 727 πολίτευμα
1412 692 1460 726 οὐχ
1479 693 1572 726 ὅμοιον
1593 693 1651 722 τοῖς
1677 691 1751 718 κάτω

967 739 1114 771 Ἰουδαίοις.
1135 739 1210 766 κάτω
1230 747 1292 770 που,
1305 738 1362 765 ἀλλ’
1375 739 1405 765 ὲν
1419 737 1542 773 οὐρανοῖς
1554 746 1561 752 ·
1577 737 1647 773 ὅπερ
1662 737 1753 771 φαίνε-

960 793 1005 811 ται
1023 785 1105 821 napi
1113 786 1168 815 τοῖς
1184 784 1214 810 τὸ
1233 784 1345 819 μέγεθος
1363 783 1417 809 τῶν
1435 784 1465 809 ὲν
1481 782 1520 817 τῷ
1538 782 1613 817 νόμῳ
1631 782 1680 808 καὶ
1699 784 1754 813 τοῖς

125 828 166 860 gis
194 827 471 861 propheticarnmqne
494 827 691 854 sententiarum
714 827 908 854 sublimitatem

1006 830 1113 863 ιφήταις
1129 828 1272 862 νοημάτων
1286 827 1427 862 θεωροῦσι,
1443 826 1488 853 καὶ
1504 827 1595 858 ἄλλοις
1610 827 1753 862 παραστῆ-

128 870 314 904 perspiciunt,
331 877 445 903 eamque
459 870 517 897 aliis
532 872 637 905 aperire
652 877 775 905 possunt.

159 915 186 941 6.
204 915 280 946 Esto,
292 913 371 941 Jesus
384 914 451 941 ritus
464 923 557 942 omnes
568 915 696 943 Judaicos
707 916 892 944 observaverit
901 936 909 949 ,

124 961 208 988 etiam
230 968 278 987 eos
302 960 348 995 Qui
373 961 406 988 ad
430 961 565 988 sacriﬁcia
582 962 737 996 pertinent,
757 962 820 996 quid
838 963 910 990 istud

125 1006 238 1040 impedit
257 1006 404 1040 quominus
420 1005 458 1033 illi
474 1011 504 1032 ut
531 1006 602 1033 Filio
614 1006 659 1033 Dei
676 1008 822 1034 credatur?
833 1007 911 1035 Jesns

126 1052 211 1087 igitur
225 1057 266 1079 est
279 1051 364 1079 Filius
379 1051 440 1084 Dei,
456 1051 503 1086 qui
519 1056 546 1079 et
561 1052 648 1086 legem
663 1057 690 1079 ct
705 1054 852 1087 prophetas
864 1054 912 1080 de-

127 1097 166 1124 dit
182 1105 190 1130 ;
212 1105 264 1125 nee
278 1105 346 1130 nos,
359 1097 404 1131 qui
421 1097 448 1124 in
464 1097 582 1124 Ecclesia
599 1106 710 1130 smnus,
726 1098 860 1125 violamus
875 1099 912 1126 le-

128 1150 190 1177 gem
200 1163 208 1177 ,
226 1143 273 1170 sed
284 1163 292 1176 ,
308 1143 407 1177 spretis
420 1142 577 1170 Jndazorum
591 1143 688 1170 tabulis
701 1135 912 1179 [investigando

126 1188 198 1224 legis
223 1193 251 1216 et
279 1189 476 1224 prophetarum
501 1189 609 1216 occulto
632 1197 712 1216 sensu
736 1191 913 1216 emcndantur

127 1239 211 1269 atque
225 1235 376 1262 erudimur.
396 1235 540 1262 Enimvero
562 1235 700 1270 prophetia
712 1255 719 1268 ,
738 1240 768 1262 ut
782 1236 827 1270 qui
849 1243 913 1262 sen-

125 1289 186 1308 sum
205 1289 299 1309 eorum
317 1289 378 1316 quae
394 1281 508 1314 dicunt,
525 1281 641 1315 simplici
659 1281 773 1308 historia
793 1281 913 1316 legisque

127 1327 220 1354 verbis
234 1331 261 1354 et
277 1327 367 1354 littera
383 1334 435 1354 non
450 1327 679 1354 circumscribant
692 1346 698 1358 ,
714 1326 859 1360 aliquando
876 1327 914 1354 sie

125 1372 286 1408 loquuntur,
301 1372 427 1399 nimirum
445 1372 572 1400 historias
588 1374 725 1399 narraturi
740 1381 747 1398 :
763 1382 772 1398 ι
787 1373 915 1407 Aperiam

125 1428 158 1447 os
175 1427 281 1452 meum,
301 1419 396 1454 loquar
415 1419 616 1455 propositiones
633 1420 667 1446 ab
683 1420 762 1446 initio
777 1421 818 1446 9':
838 1430 846 1445 ι
862 1419 914 1446 ali—

127 1466 237 1500 quando
254 1464 342 1500 iegis,
359 1469 390 1492 ut
407 1466 445 1492 rei
463 1467 589 1492 obscurae
606 1470 629 1492 et
648 1473 708 1499 quae
734 1466 841 1492 nonnisi
866 1474 915 1493 an-

129 1511 246 1538 xiliante
263 1511 318 1538 Deo
335 1511 394 1545 capi
416 1515 520 1545 potest,
544 1511 749 1545 intelligentiam
775 1511 915 1546 postulant

130 1557 174 1585 his
193 1557 285 1584 verbis
301 1565 309 1583 :
328 1565 337 1581 ι
355 1556 456 1583 Revela
475 1557 568 1584 oculos
583 1564 658 1584 meos
670 1576 677 1590 ,
694 1561 720 1584 et
736 1557 916 1585 considerabo

131 1602 266 1630 mirabilia
283 1602 315 1629 de
332 1602 390 1636 lege
407 1606 451 1628 tua
470 1602 505 1628 ⁸³.
521 1611 530 1628 ι

961 884 1005 901 σαι
1021 874 1187 910 δυναμένοις.

998 921 1088 946 Ἔστω
1104 919 1132 946 δὲ
1150 919 1195 946 καὶ
1217 919 1304 946 πάντα
1322 918 1356 944 τὰ
1374 917 1444 944 κατὰ
1465 917 1608 948 Ἰουδαίους
1623 917 1685 952 ἔθη,
1708 917 1754 952 μὲ-

961 976 1005 1002 χρι
1025 966 1071 993 καὶ
1091 965 1144 992 τῶν
1166 965 1230 1000 παρ’
1254 965 1345 996 αὐτοῖς
1366 963 1475 995 θυσιῶν,
1501 963 1686 998 πεποιηκέναι
1711 963 1755 989 τὸν

969 1011 1085 1047 Ἴης-οὖν’
1106 1010 1132 1037 τί
1149 1010 1226 1037 τοῦτο
1248 1009 1430 1044 συμϐάλλεται
1447 1009 1514 1044 πρὸς
1531 1008 1561 1034 τὸ
1582 1009 1619 1044 μὴ
1636 1009 1693 1034 δεῖν
1711 1017 1756 1034 πι-

964 1057 1067 1083 στεύειν
1081 1056 1155 1092 αὺεῷ
1169 1057 1205 1088 ὡς
1220 1055 1278 1091 Υἱῴ
1291 1055 1337 1082 τοῦ
1354 1055 1436 1089 Θεοῦ;
1454 1055 1548 1081 Ἔστιν
1563 1052 1611 1081 οὖν
1633 1055 1702 1086 Υἱος
1712 1054 1756 1081 τοῦ

963 1103 1053 1134 δόντος
1074 1103 1130 1136 (58)
1150 1102 1195 1128 τὸν
1217 1102 1297 1136 νόμον
1317 1102 1363 1128 καὶ
1383 1101 1446 1132 τοὺς
1471 1100 1614 1135 προφήτας
1640 1100 1721 1131 Θεοῦ,
1744 1102 1757 1127 6

970 1148 1087 1184 Ἰησοῦς·
1105 1148 1151 1174 καὶ
1163 1147 1257 1174 τοῦτον
1273 1148 1352 1182 ἡμεῖς
1364 1147 1387 1173 οἱ
1399 1146 1453 1172 ἀπὸ
1464 1147 1513 1181 τῆς
1532 1146 1700 1180 Ἐκκλησίας
1712 1147 1757 1180 οὐχ
1775 1153 1778 1154 ⁷

965 1194 1175 1229 ὑπερϐαίνομεν,
1197 1193 1264 1220 ἀλλὰ
1278 1193 1324 1219 καὶ
1343 1193 1534 1228 ἀπεδρᾶισαμεν
1554 1192 1604 1227 μὲν
1621 1191 1673 1222 τὰς
1693 1191 1757 1218 Ἰου-

964 1240 1045 1266 δαίων
1070 1239 1241 1274 μυθολογίας,
1260 1238 1482 1275 σωφρονιζόμεθα
1500 1237 1554 1273 (59)
1574 1238 1603 1264 δὲ
1623 1238 1672 1264 καὶ
1696 1247 1757 1265 παι-

964 1286 1096 1320 δευόμεθα
1116 1287 1150 1320 τῇ
1175 1285 1221 1311 τοῦ
1237 1285 1320 1320 νόμου
1337 1285 1383 1311 καὶ
1400 1284 1453 1311 τῶν
1470 1283 1618 1320 προφητῶν
1639 1285 1758 1320 μυστικῇ

966 1331 1074 1368 θεωρίᾳ.
1098 1332 1152 1358 Καὶ
1169 1331 1222 1367 γὰρ
1239 1332 1262 1357 οἱ
1277 1331 1424 1366 προφῆται,
1441 1331 1478 1362 ὡς
1496 1331 1533 1366 μὴ
1551 1330 1759 1361 καταπαύοντες

965 1378 1011 1405 τὸν
1032 1379 1094 1404 νοῦν
1115 1378 1170 1404 τῶν
1190 1377 1342 1413 λεγομενων
1368 1378 1396 1403 ἐν
1418 1378 1451 1412 τῇ
1482 1379 1616 1412 προφανεῖ
1643 1377 1760 1412 ἱστορίᾳ,

969 1425 1029 1461 μηδ’
1044 1425 1072 1450 ὲν
1089 1425 1121 1459 τῇ
1141 1423 1210 1449 κατὰ
1225 1423 1274 1454 τὰς
1292 1423 1376 1455 λέξεις
1397 1423 1443 1448 καὶ
1459 1422 1488 1448 τὸ
1508 1422 1628 1457 γράμμα
1646 1421 1761 1457 νομοθε-

969 1470 1021 1505 σίᾳ,
1034 1470 1100 1495 ὅπου
1113 1469 1161 1503 μέν
1176 1476 1267 1503 φασιν,
1281 1467 1399 1502 ἱστορίας
1413 1466 1491 1501 δῆθεν
1505 1466 1700 1501 ὲκθησόμενοι,
1715 1466 1744 1492 τό
1753 1474 1761 1480 ·

969 1525 978 1541 ‹
1006 1515 1115 1547 Ἀνοίξω
1131 1516 1160 1540 ὲν
1182 1513 1349 1549 παραϐολαῖς
1368 1513 1398 1539 τὸ
1415 1513 1501 1548 στόμα
1519 1520 1581 1547 μου,
1607 1512 1762 1546 φθέγξομαι

968 1560 1148 1596 προϐλήματα
1173 1560 1219 1585 ἀπ’
1236 1559 1339 1594 ἀρχῆς·
1363 1568 1371 1584 ι
1394 1559 1459 1584 ὅπου
1479 1557 1507 1584 δὲ
1528 1557 1674 1592 εὐχόμενοι
1700 1557 1764 1592 περὶ

968 1605 1015 1631 τοῦ
1029 1605 1112 1640 νόμου
1126 1605 1163 1636 ὡς
1175 1604 1305 1638 ἀσαφοῦς,
1322 1603 1368 1630 καὶ
1382 1603 1509 1637 δεομένου
1521 1602 1590 1628 Θεοῦ
1605 1603 1652 1629 ἵνα
1668 1603 1763 1637 νοηθῇ,

128 1642 253 1683 λέγουσιν
260 1649 288 1674 ὲν
300 1649 365 1684 εὐχῇ
376 1657 382 1664 ⁸
398 1658 407 1674 ι
420 1649 604 1684 Ἀποκάλυψον
611 1650 673 1682 τοὺς
686 1650 840 1686 ὀφθαλμούς
855 1660 916 1686 μου,
925 1652 972 1679 καὶ
982 1653 1142 1688 κατανοήσω
1155 1652 1188 1678 τὰ
1198 1651 1340 1686 θαμμέισιά
1351 1660 1396 1677 σου
1410 1651 1464 1685 (60)
1476 1651 1508 1676 ἐκ
1515 1650 1561 1676 τοῦ
1573 1650 1658 1684 νόμον
1676 1658 1735 1676 σου.
1752 1661 1763 1676 ι

168 1694 248 1730 391
263 1695 288 1720 7.
304 1694 456 1722 Ostendant
471 1702 536 1722 vero
551 1695 596 1722 ubi
614 1696 654 1722 vcl
671 1697 697 1723 in
710 1697 828 1728 speciem
843 1705 920 1724 arro-

130 1745 227 1775 ganter
239 1740 342 1767 dictum
357 1748 371 1767 a
394 1739 456 1767 Jcsu
469 1741 570 1775 aliquid
587 1742 751 1769 inveniatur.
776 1742 918 1775 Quomodo

130 1793 271 1821 arrogans,
285 1786 330 1820 qni
347 1786 385 1813 ait
400 1795 406 1812 ι
423 1795 432 1811 ι
449 1786 573 1814 Discitea
588 1795 631 1814 tne
643 1788 709 1822 quia
728 1788 802 1815 mitis
818 1796 877 1815 sum
891 1793 919 1815 ct

132 1831 241 1858 humilis
256 1831 348 1864 corde,
372 1836 400 1858 et
414 1831 557 1859 invenietis
568 1832 688 1866 requiem
702 1833 844 1860 animabus
871 1841 920 1860 ve-

133 1877 198 1904 stris
210 1877 256 1903 “‘i
271 1886 281 1902 ι
297 1877 439 1910 Quomodo
451 1883 581 1911 arrogans
591 1877 635 1910 qui
649 1881 710 1912 post
720 1884 836 1910 coenam,
847 1882 920 1904 veste

129 1929 224 1950 coram
238 1923 380 1957 discipulis
397 1923 530 1956 deposita,
545 1924 686 1950 accinctus
700 1923 784 1950 linteo
797 1924 832 1956 ³⁵,
849 1931 919 1958 aqua

130 1970 157 1998 in
174 1970 273 2005 pelvim
295 1970 393 2005 injecta
406 1991 414 2003 ,
428 1970 596 2005 singulorum
614 1969 700 1996 abluit
714 1970 796 2004 pedes
806 1989 813 2002 ,
833 1975 860 1996 et
873 1977 920 1996 eos

129 2017 272 2052 porrigere
297 2021 468 2043 recusantem
495 2016 618 2048 increpat
640 2015 682 2042 his
701 2015 809 2042 verbis:
840 2025 849 2040 ‹
863 2014 919 2041 Nisi

130 2061 222 2089 lavero
239 2066 263 2089 te
274 2082 281 2093 ,
307 2069 359 2089 non
384 2061 499 2088 habebis
524 2065 630 2095 partem
647 2069 753 2088 meeum
765 2061 811 2088 9°?
826 2070 835 2086 ι
849 2061 920 2093 Quo-

131 2108 212 2135 modo
224 2115 366 2143 arrogans,
383 2108 426 2140 qui
447 2108 512 2135 dicit
528 2117 535 2135 :
555 2117 564 2133 ‹
579 2107 635 2142 Ego
653 2107 679 2134 in
697 2107 785 2134 medio
799 2111 919 2134 Vestrum

132 2161 203 2185 sum,
217 2160 271 2179 non
284 2158 312 2179 ut
325 2153 369 2187 qui
387 2153 532 2186 recumbit,
549 2153 596 2180 sed
613 2157 642 2179 ut
658 2154 703 2188 qui
719 2153 857 2179 ministrat
866 2152 916 2178 "?i

132 2200 237 2233 Arguat
248 2206 309 2225 eum
322 2199 467 2233 quispiam,
485 2199 558 2233 quod
577 2199 644 2226 falsa
659 2198 820 2233 protulerit;
840 2203 921 2232 atque

133 2248 163 2270 ut
178 2244 274 2277 probet
292 2251 387 2278 magna
412 2243 472 2277 ejus
497 2244 582 2270 fuisse
600 2245 756 2277 mendacia,
775 2244 845 2271 dicat
860 2251 921 2278 quae

132 2296 240 2322 magna,
257 2295 316 2321 qua:
332 2296 412 2322 parva
431 2289 572 2317 mendacia
587 2290 651 2317 sint.
667 2289 714 2316 Est
728 2294 755 2316 et
770 2288 822 2315 alia
840 2288 917 2315 illum

1006 1698 1192 1725 Δεικνὺτωσαν
1207 1698 1234 1724 δὲ
1251 1697 1301 1723 ποῦ
1318 1697 1368 1723 κᾶν
1384 1697 1500 1732 ἔμφασις
1512 1695 1613 1729 λέξεως
1625 1696 1683 1723 ἀπὸ
1700 1697 1766 1723 ἀλα-

970 1744 1075 1776 ζονείας
1090 1743 1297 1779 προερερομενης
1318 1742 1392 1777 παρὰ
1414 1741 1452 1777 τῷ
1471 1741 1559 1776 Ἰησοῦ
1583 1742 1765 1775 εὐρίσκεται”

970 1790 1028 1821 πῶς
1044 1789 1098 1825 γὰρ
1115 1789 1147 1816 ἂν
1165 1789 1271 1820 ἀλαζὼν
1286 1790 1300 1815 6
1313 1788 1409 1822 λέγων·
1424 1797 1432 1814 ι
1448 1787 1554 1814 Μάθετε
1572 1788 1619 1814 ἀπ’
1631 1788 1714 1823 ἐμοῦ,
1726 1789 1765 1814 ὁτι

970 1835 1056 1871 πρᾶός
1076 1835 1133 1869 εἰμι
1155 1835 1202 1860 καὶ
1222 1834 1348 1865 ταπεινὸς
1369 1835 1401 1868 τῇ
1422 1833 1534 1868 καρδίᾳ·
1558 1834 1607 1859 καὶ
1629 1834 1765 1868 εὑρήσετε

970 1882 1121 1908 ἀνάπαυσιν
1140 1882 1199 1912 ταῖς
1220 1880 1319 1914 ψυχαῖς
1338 1879 1428 1914 ὑμῶν;
1450 1889 1458 1904 ι
1479 1878 1513 1905 Ἢ
1534 1879 1593 1910 πῶς
1617 1879 1730 1910 ἀλαζὼν
1753 1880 1767 1904 6

969 1927 1077 1953 δείπνου
1100 1926 1258 1961 γενομένου,
1278 1925 1456 1959 ἐκδυσάμενος
1477 1925 1522 1950 ἐπὶ
1547 1924 1601 1950 τῶν
1620 1924 1765 1959 μαθητῶν,

971 1971 1126 2007 ζωσάμενος
1150 1971 1178 1997 δὲ
1200 1971 1312 2002 λέντιον,
1334 1971 1379 1997 καὶ
1400 1969 1488 2005 βαλὼν
1507 1969 1578 2004 ὕδωρ
1598 1970 1637 2000 εἰς
1658 1969 1707 1995 τὸν
1725 1978 1768 1994 νι-

970 2017 1071 2052 πτῆρα,
1088 2016 1134 2042 καὶ
1145 2016 1246 2042 νίπτων
1257 2015 1370 2041 ἑκάστου
1385 2014 1448 2045 τοῦς
1461 2014 1553 2046 πόδας,
1565 2014 1613 2040 καὶ
1625 2014 1767 2048 ἐπιτιμῶν

970 2061 1008 2096 τῷ
1027 2061 1063 2096 μὴ
1080 2060 1182 2087 θέλοντι
1206 2060 1335 2096 παρέχειν
1352 2059 1458 2090 αὐτοὺς,
1474 2059 1520 2085 καὶ
1540 2059 1639 2092 λέγων,
1664 2067 1673 2083 ‹
1703 2059 1768 2085 Ἐὰν

972 2108 1009 2142 μὴ
1025 2107 1093 2141 νίψω
1110 2115 1149 2138 σε,
1166 2106 1215 2132 οὐκ
1233 2105 1304 2140 ἔχεις
1322 2105 1402 2141 μέρος
1426 2104 1483 2140 μετ’
1505 2104 1590 2140 ὲμοῦ;
1612 2114 1621 2130 ι
1648 2105 1682 2130 Ἦ
1706 2104 1768 2135 πῶς

971 2151 1078 2183 ἀλαζὼν
1092 2152 1106 2177 6
1124 2151 1245 2186 φάσκων,
1265 2160 1272 2175 ι
1290 2149 1373 2183 Κάγὼ
1391 2150 1521 2184 ἐγενόμην
1540 2150 1568 2175 ὲν
1583 2149 1658 2184 μέσῳ
1672 2149 1766 2183 ὑμῶν,

970 2197 1019 2232 οὐχ
1035 2197 1071 2228 ὡς
1084 2198 1097 2222 6
1111 2196 1298 2231 ἀνακείμενος,
1311 2196 1366 2222 ἀλλ’
1382 2196 1418 2227 ὼς
1438 2196 1451 2221 6
1468 2194 1618 2226 διακονῶν;
1636 2204 1645 2219 ι
1668 2195 1767 2227 Ἐλεγ-

971 2244 1042 2279 χέτω
1056 2243 1084 2269 δέ
1096 2252 1137 2274 τις
1147 2242 1207 2268 τίνοι
1219 2241 1362 2276 ἐψεύσατο,
1377 2241 1422 2267 καὶ
1436 2241 1640 2276 παραπησὰτω
1656 2241 1767 2275 μεγάλα

971 2290 1013 2316 κσι)
1027 2288 1111 2324 μικρὰ
1124 2287 1177 2323 (61)
1186 2287 1281 2322 ψεύδη,
1293 2287 1335 2312 ἵνα
1345 2286 1418 2322 δείξῃ
1427 2287 1461 2312 τὰ
1478 2287 1584 2321 μεγάλα
1591 2286 1769 2320 ψευσάμενον

132 2334 276 2362 refellendi
296 2334 350 2361 via.
368 2334 434 2361 Nam
447 2335 543 2362 l'alsnm
565 2343 617 2362 non
631 2340 671 2362 est
684 2335 756 2362 aliud
770 2335 822 2362 alio
835 2335 909 2369 magi;

1006 2343 1016 2360 ν
1041 2333 1152 2369 Ἰησοῦν.
1171 2334 1248 2359 Ἔστι
1261 2332 1289 2358 δὲ
1306 2332 1352 2358 καὶ
1365 2332 1451 2363 ἄλλως
1464 2332 1543 2358 αὑτὸν
1558 2332 1685 2366 ἐλέγξαι·
1704 2332 1770 2358 Ὅτι

133 2380 257 2407 minusve
281 2380 404 2413 falsum;
431 2381 659 2414 quemadmodqu
686 2388 735 2408 nec
761 2387 852 2407 verum
876 2384 918 2406 est

132 2426 205 2452 alittd
219 2426 273 2454 alio
288 2426 375 2461 magis
393 2427 515 2453 minusve
530 2434 632 2453 verum.
648 2426 809 2460 Ecqumnam
826 2429 917 2452 autem

167 2483 190 2518 ’ξ’
210 2483 305 2510 Matth.
328 2491 391 2517 ut,
423 2483 468 2510 45.
523 2483 546 2499 ⁹¹
566 2483 680 2518 Philipp.
696 2491 738 2515 ιιι,
752 2484 797 2510 20.

133 2518 156 2534 "
173 2517 251 2545 Joan.
267 2527 331 2552 xm,
347 2519 374 2545 4.
411 2519 433 2534 ⁸⁵
451 2519 532 2552 lbid.,
547 2519 574 2546 8.
613 2517 642 2535 ⁸⁷⁷
654 2520 721 2546 Luc.
736 2527 804 2555 λιιι,
818 2518 862 2545 27.

169 2585 224 2620 (57)
238 2585 321 2612 Codd.
333 2585 434 2620 Regius
449 2589 476 2612 et
491 2584 663 2617 Basileensis,
679 2584 694 2610 ὁ
711 2584 812 2619 Κύριος
829 2581 917 2617 ἡμῶν.

168 2631 225 2671 (58)
242 2631 358 2671 Adit-fac.
384 2631 419 2658 Ita
448 2631 499 2671 duo
517 2630 650 2671 \iziticarii,
676 2629 776 2664 Regius
795 2632 822 2655 et
844 2628 920 2654 Basi-

135 2665 244 2694 lcensis.
262 2666 335 2693 Libri
357 2673 420 2693 vero
435 2667 508 2698 editi,
526 2666 651 2696 διδόντος.

171 2711 226 2746 (59)
243 2711 490 2746 Σωφρονιζόμεθα.
507 2711 675 2739 llceschelius
697 2710 722 2737 in
739 2713 815 2736 textu
831 2708 920 2740 habet,

137 2746 347 2781 σαφηνιζόμεθα.

174 2790 226 2826 (60)
243 2791 396 2827 Θαυμάσιά
408 2801 475 2820 σου.
489 2792 534 2821 Sic
546 2797 659 2828 uterque
673 2791 819 2820 Vaticanus
831 2794 856 2818 et
869 2790 921 2818 duo

853 2483 876 2498 “
896 2481 966 2509 Psal.
983 2489 1086 2513 tum.
1103 2482 1131 2508 2.

971 2380 1008 2411 ὡς
1024 2380 1073 2405 οὐκ
1088 2379 1145 2405 ἔστι
1160 2378 1270 2413 ψεῦσμα
1287 2377 1443 2412 ψεύσματος
1462 2377 1560 2412 μᾶλλον
1572 2377 1696 2412 ψεῦσμα,
1719 2376 1769 2403 οὗ-

972 2433 1024 2455 se);
1039 2424 1099 2450 οὐδὲ
1121 2423 1265 2459 μειζόνωςι
1283 2423 1321 2454 ὡς
1339 2423 1399 2448 οὐδὲ
1415 2422 1513 2458 ἀληθὲς
1530 2422 1649 2458 ἀληθοῦς
1663 2422 1768 2457 pillei;

1171 2481 1193 2496 ³³
1213 2480 1283 2506 Psal.
1298 2487 1392 2512 cxvm,
1410 2478 1453 2506 t8.
1492 2479 1515 2494 "
1535 2478 1633 2505 Matth.
1652 2487 1697 2511 xi,
1716 2479 1763 2506 29.

972 2579 1111 2614 Anglicani
1124 2588 1131 2611 ;
1149 2579 1175 2605 in
1190 2577 1259 2614 aliis,
1272 2577 1341 2614 sicut
1355 2576 1381 2614 in
1396 2576 1487 2607 editis,
1500 2576 1572 2614 deest
1592 2585 1651 2603 σου.
1661 2577 1767 2614 Ibidem

973 2611 1166 2652 cothl._liegi_its
1183 2618 1210 2640 et
1226 2612 1399 2652 Bas-ileensis,
1416 2611 1616 2652 προφερομένηί
1633 2613 1768 2652 παρὰ-ῖῷ

977 2649 1064 2685 Ἰησοῦ
1077 2645 1241 2685 εὑρίσκεται.
1259 2647 1318 2685 Mors
1330 2645 1575 2685 Bas-ileeitsis,'1tﬁi§
1586 2645 1642 2682 γὰρ
1654 2645 1768 2685 eis;th

972 2685 986 2711 ὁ
1001 2680 1184 2718 λέγων,’1ιι1“ι·;ι
1204 2683 1283 2715 idem,
1307 2680 1321 2705 ὁ
1346 2681 1452 2718 δείπνου
1475 2680 1633 2718 γινομένουξ
1657 2682 1767 2717 Reliqui

973 2715 1042 2745 cum'
1053 2719 1141 2751 editis,
1156 2719 1170 2744 6
1184 2717 1291 2744 δείπνου
1307 2715 1478 2752 γιγνομένου.
1496 2715 1596 2744 Ibidem
1618 2715 1768 2752 Regius—et

974 2749 1143 2786 Basileensis,
1156 2753 1312 2787 ζωσάμενος
1324 2751 1352 2777 δὲ
1363 2749 1467 2787 λεντίῳ.

1014 2790 1070 2825 (61)
1081 2788 1159 2817 Libb.
1177 2785 1241 2816 editi
1255 2788 1281 2815 in
1294 2785 1426 2821 margine,
1440 2785 1546 2820 μεγάλα
1559 2786 1613 2814 κᾶν
1628 2787 1726 2823 μικρά.
