1843 3097
88 125 140 155 805
665 129 804 159 CONTRA
820 131 959 161 CELSUM
976 131 1040 162 LIB.
1059 131 1092 161 ll.
1653 141 1706 171 306

87 186 195 223 ἀληθὲς,
216 187 233 223 ἢ
255 187 384 224 μειζόνως
403 188 511 224 ἀληθές.
530 190 594 217 Τὶνα
614 189 642 216 δὲ
658 191 705 217 καὶ
727 190 761 216 τὰ
777 190 833 216 ἀνόι

945 192 1004 226 npia
1020 191 1156 219 commisit
1174 191 1275 222 Jesus?
1290 194 1353 224 Haec
1370 196 1474 225 indicet
1494 195 1602 225 Judaeus
1620 199 1704 228 Celsi.

87 234 133 259 τοῦ
164 233 250 268 Ἰησοῦ
271 234 474 268 ἀωγγελλέτω,
495 236 541 262 καὶ
564 236 679 271 μάλιστα
698 237 713 263 ὁ
735 236 811 271 παρὰ
830 246 833 253 ⁴

948 244 963 263 ιι
986 237 1096 271 impium
1112 237 1172 270 fuit,
1196 239 1338 274 neglectis,
1366 249 1426 276 quae
1451 250 1593 278 corporum
1614 250 1705 278 erant,

88 278 183 314 Κέλσῳ
201 279 333 311 Ἰουδαῖος.
349 280 384 306 Ἣ
404 280 508 306 ἀνόσιον
526 281 574 315 μὲν
591 281 621 307 τὸ
635 281 792 314 ἀφιστάνειν
817 289 832 307 σ

945 281 1102 314 I-remoniis,
1121 281 1340 318 circumcisione,
1360 286 1491 318 sabbatis,
1507 287 1602 315 diebus
1616 287 1705 321 festis,

89 324 206 360 ματικῆς
225 325 384 360 περιτομῆς,
408 326 454 352 καὶ
475 326 631 361 σωματικοῦ
655 327 802 358 Σαϐϐἁτου,
821 336 833 352 κ

945 325 1093 358 eomeniis,
1122 331 1150 353 et
1175 334 1305 361 purorum
1337 330 1371 357 ab
1398 332 1510 366 impuris
1535 332 1705 366 discrimine,

88 370 249 405 σωματικῶν
268 370 378 405 ἑορτῶν,
396 371 443 397 καὶ
463 371 626 406 σωματικῶν
643 372 805 407 νουμηνιῶν,
822 381 833 398 γ

945 371 1040 397 vehere
1055 376 1172 398 mentem
1186 373 1218 399 ad
1235 374 1320 408 legem
1332 374 1388 402 Deo
1399 376 1519 411 dignam,
1534 385 1636 410 veram,
1650 379 1706 414 spi-

87 414 212 450 καθαρῶν
234 416 280 441 καὶ
300 415 478 451 ἀκαθάρτων·
503 416 674 451 μετατιθέναι
696 417 724 442 δὲ
745 416 791 442 τὸν
806 424 833 442 νο

945 414 1041 447 talem;
1055 415 1187 450 simulque
1203 417 1308 446 efﬁcere
1321 424 1360 452 ut,
1374 422 1418 456 qui
1434 423 1565 458 legatione
1582 427 1702 462 fungitu-

87 460 132 486 ἐπὶ
148 460 229 495 νόμον
247 460 314 486 Θεοῦ
336 461 409 492 ἄξιον
427 461 472 487 καὶ
494 461 582 496 ἀληθῆ
607 462 652 488 καὶ
672 461 833 496 πνευματικὶ

945 468 965 486 ·ο
976 460 1083 487 Christo
1096 461 1128 492 ’⁸,
1143 461 1210 488 sciat
1223 472 1231 487 ι
1246 463 1345 492 Judaeis
1356 466 1465 495 Judaeus
1476 470 1541 503 tieri,
1555 476 1583 498 ut
1594 460 1700 501 Judaaes

88 505 157 540 μετὰ
182 505 227 532 τοῦ
253 506 298 532 τὸν
325 506 509 542 πρεσϐεύοντα
538 507 608 542 ὑπὲρ
632 507 749 542 Χριστοῦ
771 506 833 533 εἰδέι

946 509 1053 535 eretur;
1071 505 1103 531 iis
1117 505 1161 539 qui
1177 507 1227 533 sub
1240 508 1298 543 lege
1319 515 1381 536 sunt
1396 513 1471 545 quasi
1490 515 1539 542 sub
1555 515 1612 551 lege
1629 524 1697 550 esse,

89 561 98 577 ι
116 554 174 584 τοῖς
192 553 326 584 Ἰουδαίοις
350 554 474 580 Ἰουδαῖον
491 554 641 588 γίγνεσθαι,
661 555 704 580 ἵνα
719 553 833 580 Ἰουδαίοι

945 559 948 577 ;
961 558 1008 578 eos
1022 551 1067 586 qui
1082 550 1131 578 sub
1143 551 1201 587 lege
1215 558 1278 581 sunt
1293 554 1440 584 lucrifaciat
1454 558 1494 576 m
1515 569 1522 582 θ.

87 598 204 634 κερδήσῃ
215 607 222 612 ·
244 598 358 629 καὶτοῖς
371 599 422 625 ὑπὸ
435 599 525 634 νόμον,
543 599 580 630 ὡς
597 599 649 625 ὑπὸ
662 599 753 634 νόμον,
767 599 810 624 ἴνα
828 597 889 628 τοὺς
905 596 957 622 ὑπὸ
971 596 1051 632 νόμον
1070 598 1202 634 κερδήσῃ;
1224 608 1233 623 ›

118 645 188 679 Φησὶ
200 645 228 670 δὲ
243 654 252 669 ι
266 645 382 676 Πολλοὺς
393 645 426 672 ἃν
439 645 485 671 καὶ
495 645 589 676 ἄλλους
604 645 719 680 φανῆναι
733 644 833 671 τοιούτι

957 643 984 670 8.
998 644 1078 670 Addit
1090 643 1197 671 .ludteus
1209 645 1279 679 apud
1289 645 1406 679 Celsum,
1423 656 1433 673 ι
1454 646 1551 675 lllultos
1575 649 1642 677 alios
1656 650 1700 684 iis,

84 690 140 719 τοῖς
155 688 339 719 ἐξαπατᾶσθαι
352 689 483 721 θέλουσιν,
494 690 584 720 ὁποῖος
596 687 629 724 ἦν
642 690 656 715 ὀ
672 689 783 724 Ἰησοῦς.
799 698 808 714 ›
823 690 833 715 ll

945 687 967 714 ni
983 688 1068 723 decipi
1090 689 1253 722 voluissent,
1275 691 1342 718 tales
1360 693 1480 725 potuisse
1495 693 1596 726 videri,
1615 696 1704 729 qualis

86 732 198 764 πολλοὺς
213 730 270 765 οὖν,
291 733 359 759 ἀλλὰ
381 733 443 769 μηδ’
461 734 578 768 ὀλίγους,
596 733 664 760 ἀλλὰ
679 735 725 760 καὶ
746 734 793 760 ἕνα
814 734 833 759 ὃς

945 731 973 758 tit
988 731 1077 760 Iesus.
1092 742 1101 758 ι
1120 732 1250 761 Ostendat
1265 735 1348 768 igitur
1359 743 1411 763 non
1427 737 1543 770 multos,
1562 746 1614 766 non
1635 748 1703 774 pau-

85 778 174 804 κνύτω
191 777 245 812 (62)
269 779 284 804 ὁ
310 778 386 811 παρὰ
407 778 445 813 τῷ
469 779 564 813 Κέλσῳ
594 779 716 810 Ἰουδαῖος
739 779 833 805 τοιαῦτα

945 783 978 808 JS,
994 777 1040 803 sed
1052 785 1144 809 unum,
1165 778 1210 812 qui
1227 782 1301 807 tanta
1322 788 1382 807 cum
1402 786 1535 815 potestate
1553 784 1702 813 doctrinam

83 825 176 855 ὁποῖος
189 822 222 859 ἦν
236 825 250 850 ὁ
269 824 371 860 Ἰησοῦς
388 824 465 858 λόγον
477 825 531 861 (65)
546 825 593 864 καὶ
605 825 725 860 δόγματα
741 825 808 860 μετὰ
820 834 833 851 τ

945 828 997 855 que
1021 821 1139 849 humano
1161 824 1254 857 generi
1276 825 1369 852 utilem
1381 846 1388 858 ,
1405 834 1482 860 atque
1497 835 1511 853 a
1529 834 1701 861 peccatorum

84 869 112 895 ὲν
137 869 211 902 αὐτῷ
232 871 371 905 δυνάμεως
396 870 515 905 βιωφελῆ
535 871 714 904 ἐπεισάγοντα
738 871 776 905 τῷ
797 871 833 904 γε’

945 865 1038 892 illuvie
1056 873 1215 895 avocantem
1231 870 1382 897 tradiderit.
1402 871 1477 904 Quod
1492 873 1529 899 ait
1546 872 1652 902 Judzeos
1670 876 1704 902 ab

83 914 138 940 τῶν
152 914 313 950 ἀνθρώπων,
325 916 372 942 καὶ
383 916 580 951 ἐπιστρέφοντα
593 917 645 942 ἀπὸ
662 916 766 952 χύσεως
783 917 833 951 ἁμα

945 918 956 937 s
972 911 1017 945 qui
1037 911 1063 937 in
1081 911 1218 940 Christum
1233 915 1348 942 credunt
1365 923 1427 943 reus
1441 917 1500 950 agi,
1523 918 1594 952 quod
1611 917 1702 946 Jesum

83 959 223 994 τημὰτων.
242 961 310 995 Φησὶ
330 961 358 986 δὲ
376 961 454 987 τοῦτο
473 961 599 995 ἔγκλημα
615 961 667 987 ἀπὸ
689 961 743 987 τῶν
766 962 804 993 εἰς
826 970 833 984 ι

945 956 1050 984 tDeum
1064 958 1184 993 recipere
1200 959 1355 993 noluerint;
1384 962 1416 988 ad
1436 962 1460 988 id
1473 963 1529 997 jam
1558 971 1639 998 supra
1659 973 1703 992 re-

83 1003 200 1038 Χριστὸν
229 1005 411 1030 πιστευόντων
433 1005 618 1039 προσάγεσθαι
645 1005 790 1036 Ἰουδαίοις,
812 1006 833 1031 ἐι

945 1010 1049 1030 tonsum
1060 1008 1101 1030 est
1111 1024 1118 1036 ,
1131 1004 1175 1031 ubi
1188 1004 1322 1033 declaravi
1336 1006 1417 1033 simul
1427 1011 1455 1034 et
1467 1008 1600 1042 quomodo
1616 1009 1702 1037 Deum

85 1049 120 1083 μὴ
137 1049 347 1076 πεπιστεύκασιν
362 1050 399 1081 ὡς
417 1051 457 1080 εἰς
472 1050 537 1076 Θεὸν
550 1050 595 1076 τὸν
614 1050 716 1085 Ἰησοῦν
726 1059 733 1065 ·
747 1052 793 1077 καὶ
808 1059 833 1077 πι

945 1047 996 1074 lum
1009 1048 1195 1083 intelligimus,
1213 1055 1240 1077 et
1254 1053 1403 1078 secundum
1417 1053 1481 1085 quid
1495 1053 1629 1080 hominem
1642 1061 1702 1082 esse

82 1093 177 1120 τούτου
192 1094 214 1119 δ’
235 1095 263 1120 ἐν
283 1096 338 1125 τοῖς
356 1093 483 1130 ἀνωτέρω
503 1093 795 1130 προαπελογησάμεοα,
816 1095 833 1121 δι

945 1093 1046 1119 icimus.
1062 1101 1072 1118 ι
1090 1094 1136 1126 At,
1151 1094 1254 1129 inquit,
1269 1097 1404 1130 quomodo
1422 1105 1480 1129 nos,
1496 1105 1545 1132 per
1559 1105 1628 1132 quos
1643 1106 1703 1126 ont-

83 1138 194 1170 κνύντες
206 1139 273 1174 ἅμα,
286 1139 344 1171 πῶς
358 1140 407 1174 μὲν
420 1139 486 1166 Θεὸν
498 1139 708 1175 αὐτὸννοοῦμεν,
722 1140 791 1168 κατά
803 1141 830 1167 τί

945 1138 1000 1165 ibus
1017 1138 1172 1167 hominibus
1195 1140 1347 1168 nuntiatum
1371 1147 1413 1169 est
1433 1147 1578 1170 venturum
1601 1151 1616 1170 a
1635 1143 1699 1176 Deo.

83 1184 225 1220 ἄνθρωπον
254 1188 364 1223 λγομεν.
397 1196 406 1212 ι
437 1188 499 1219 no;
526 1188 554 1215 δὲ
570 1207 578 1220 ,
609 1187 714 1222 φησὶν,
748 1186 827 1221 ἡμεῖς

949 1183 965 1209 ti
978 1183 1011 1210 de
1022 1183 1154 1218 itnprobis
1166 1185 1327 1219 supplicium
1344 1192 1541 1221 sumeret,eum
1555 1188 1702 1223 ignominia

83 1230 165 1256 πᾶσιν
189 1230 342 1266 ἀνθρώποις
364 1229 534 1265 δηλώσαντες
560 1230 634 1265 ἥξειν
657 1231 711 1258 ἀπὸ
736 1230 802 1257 θεοῦ
825 1239 833 1256 ’1

945 1226 1075 1260 fecimus,
1099 1234 1241 1264 postquam
1253 1231 1326 1257 venit
1337 1231 1367 1257 ?i
1390 1231 1457 1259 Tam
1473 1232 1570 1267 inepta:
1584 1234 1701 1261 interro—

82 1275 232 1302 κολάσοντα
245 1276 307 1308 τοὺς
320 1276 439 1308 ἀδίκους,
454 1276 564 1303 ἐλθόντα
578 1276 760 1311 ἡτιμάζομεν;
777 1287 785 1302 ι
799 1277 833 1312 Π(

945 1273 1024 1300 ιιίοιιὶ
1041 1275 1206 1308 respondere
1227 1276 1333 1304 videtur
1354 1284 1415 1305 esse
1439 1278 1567 1313 ineptum.
1586 1279 1702 1307 Perinde

81 1320 158 1347 τοῦτο
168 1321 197 1346 δὲ
212 1321 430 1356 ἀπολογήσασθαι
447 1322 517 1348 πάνυ
531 1321 628 1356 εῡηθες
639 1321 679 1353 ὂν,
693 1321 724 1347 οὺ
740 1321 812 1348 δοκεῖ
825 1330 833 1356 ι

945 1322 962 1344 il.
976 1318 1048 1344 enim
1064 1326 1096 1345 ac
1119 1319 1140 1346 si
1161 1320 1221 1354 quis
1242 1321 1353 1354 diceret,
1366 1329 1415 1349 nos
1427 1323 1472 1357 qui
1493 1325 1700 1358 temperantiam

82 1366 151 1394 εἶναι
175 1367 295 1402 εὔλογον.
318 1368 362 1399 Ὠς
377 1369 401 1394 εἰ
417 1369 465 1394 καὶ
491 1368 569 1399 ἄλλος
589 1377 630 1400 τις
653 1369 740 1402 ἔλεγε,
759 1368 816 1399 πῶς

945 1363 1072 1396 )cuimus,
1084 1366 1219 1397 quomodo
1234 1365 1260 1392 in
1278 1364 1349 1394 hanc
1361 1367 1487 1394 virtutem
1500 1370 1702 1402 peccassomus?

81 1413 171 1447 ἡμεῖς,
191 1414 214 1440 οἱ
229 1413 383 1446 διδάξαντες
398 1413 451 1448 (64)
467 1416 625 1449 σωφρονεῖν,
638 1414 785 1440 ἀκόλαστον
798 1414 830 1441 ἄν

945 1416 976 1435 os
988 1408 1034 1443 qui
1052 1409 1165 1443 justiti:e
1183 1417 1274 1444 partes
1305 1416 1427 1444 tuemur,
1439 1413 1583 1447 quomodo
1602 1414 1701 1448 injuste

80 1457 265 1492 ἐποιήσαμεν;
282 1459 298 1492 ἢ
317 1458 380 1494 περὶ
396 1458 569 1494 δικαιοσύνης
586 1460 791 1494 πρεσϐεύοντες,
809 1459 833 1494 ἡ(

945 1453 1071 1487 ςίεεοιιιυε
1089 1454 1100 1480 ?
1127 1454 1160 1482 Ut
1181 1455 1251 1482 enim
1269 1456 1337 1490 apud
1357 1457 1478 1484 homines
1491 1457 1540 1484 ista
1559 1458 1701 1486 inveniun-

80 1502 224 1537 κήσαμεν;
247 1503 290 1534 Ὠς
305 1503 359 1538 γὰρ
372 1504 463 1531 ἐκεῖνα
482 1505 510 1530 ὲν
525 1504 676 1540 ἀνθρώποις
698 1505 833 1539 εὑρίσκετε

945 1506 975 1530 ιι·,
997 1499 1036 1525 sic
1060 1499 1207 1526 humanum
1229 1507 1289 1527 erat
1315 1500 1437 1534 Christo,
1460 1507 1601 1537 postquam
1622 1504 1700 1538 juxta

79 1546 149 1573 ,ιῦτω
166 1548 319 1580 φάσκοντας
338 1547 392 1582 (65)
413 1549 564 1583 προφήταις
591 1549 801 1575 πεπιστευκέναι
823 1549 833 1574 ὶ

945 1544 1072 1577 'ophetias
1086 1545 1175 1577 venit,
1189 1545 1269 1572 [idem
1285 1553 1339 1573 non
1355 1547 1455 1574 habere
1465 1567 1474 1580 ,
1495 1548 1541 1582 qui
1556 1549 1696 1583 prophetis

78 1600 155 1625 γουσι
175 1593 239 1628 περὶ
257 1593 469 1629 ἐπιδημήσοντος
485 1594 614 1629 Χριστοῦ,
630 1595 811 1629 ἠπιστηκέναι
829 1603 833 1612 ι

945 1589 1055 1615 ltristum
1086 1595 1226 1616 venturum
1263 1591 1506 1623 praenuntiantibus
1531 1594 1642 1620 credere
1671 1601 1700 1621 se

78 1636 220 1671 ἐληλυθότι
237 1638 307 1664 κατά
326 1638 360 1669 τὰ
384 1639 618 1674 προφητευόμενα,
637 1639 803 1674 ἀνθρώπινον
821 1637 833 1665 ἳί

945 1633 1128 1661 'olitcbantur.
1141 1634 1222 1669 392
1234 1635 1309 1668 Quod
1325 1637 1346 1663 si
1360 1637 1482 1664 addenda
1498 1642 1539 1664 est
1555 1638 1635 1664 etiam
1647 1638 1699 1666 alia

77 1682 108 1708 Εἰ
122 1682 151 1708 δὲ
172 1682 212 1708 δεῖ
232 1683 387 1718 προσθεῖναι
401 1685 448 1710 καὶ
463 1684 545 1720 ἄλλην
557 1685 657 1718 αἰτίαν,
679 1686 810 1721 φήσομεν,
825 1686 833 1711 ἱ

945 1687 1011 1713 tusa,
1023 1680 1144 1708 dicemus
1163 1682 1215 1708 hoc
1234 1681 1321 1715 ipsum
1340 1689 1355 1708 a
1376 1683 1512 1717 prophetis
1530 1683 1614 1711 fuisse
1629 1691 1700 1718 prte-

77 1727 123 1753 καὶ
145 1727 220 1753 τοῦτ’
242 1728 306 1754 αὐτὸ
330 1730 459 1763 προεῖπον
479 1730 503 1755 οἱ
524 1730 670 1764 προφῆται.
690 1730 786 1764 Σαφῶς
799 1739 831 1764 γο

946 1730 1029 1752 ctum.
1040 1726 1118 1753 Clare
1132 1727 1205 1754 enim
1224 1727 1308 1754 Isaias
1322 1728 1388 1755 dicit
1403 1737 1410 1755 :
1429 1737 1439 1754 ι
1451 1728 1569 1756 Auribus
1584 1730 1700 1757 audietis

83 1769 197 1803 Ἡσαΐας
211 1771 301 1806 λέγει·
319 1781 328 1797 ι
349 1773 427 1808 Ἀκοῇ
440 1772 580 1804 ἀκούσετε,
597 1774 641 1800 καὶ
655 1774 685 1800 οὐ
696 1774 732 1809 μὴ
748 1775 829 1809 συνῆτ

959 1776 1011 1796 non
1027 1769 1206 1804 intelligetis;
1223 1771 1308 1798 oculis
1322 1771 1475 1806 aspicietis,
1489 1780 1538 1800 nec
1551 1778 1639 1800 tamen
1658 1774 1700 1800 in-

76 1817 122 1843 καὶ
137 1817 284 1852 βλέποντες
308 1818 428 1853 βλέψετε,
448 1819 494 1845 καὶ
508 1819 537 1844 οὐ
551 1818 587 1854 μὴ
606 1819 686 1854 ἴδητε.
711 1820 833 1855 Ἐπαχύνι

946 1813 1068 1841 ebimini.
1092 1815 1275 1842 lncrassalum
1298 1821 1339 1843 est
1360 1817 1432 1843 enim
1455 1824 1502 1844 cor
1531 1818 1619 1852 populi
1644 1819 1695 1845 ltu-

75 1862 129 1898 γὰρ
139 1864 155 1899 ἡ
167 1863 266 1898 καρδία
278 1863 324 1890 τοῦ
333 1864 397 1889 λαοῦ
412 1863 517 1895 τούτου,
536 1874 544 1889 ι
562 1864 609 1891 καὶ
621 1864 654 1890 τὰ
666 1864 739 1900 ἑξῆς.
754 1865 809 1891 Καὶ
819 1866 833 1893 λ

945 1867 957 1886 s
974 1859 995 1893 ¹,
1013 1869 1024 1885 ›
1039 1865 1091 1887 etc.
1121 1861 1216 1888 Dicant
1232 1862 1310 1889 nobis
1324 1862 1386 1896 quid
1399 1863 1471 1889 istud
1484 1863 1529 1895 sit,
1541 1865 1622 1898 quod,
1635 1864 1700 1892 licet

75 1908 198 1942 γέτωσαν
209 1909 284 1943 ἡμῖν,
299 1908 325 1934 τί
335 1908 471 1941 ἀκούουσι,
485 1909 531 1935 κα).
543 1909 569 1935 τι
587 1909 713 1943 βλέπουσι
728 1911 783 1941 τοῖς
800 1911 833 1935 ‘lo

945 1904 1036 1931 ldillll‘l
1051 1909 1078 1930 et
1097 1905 1232 1939 aspecturi
1256 1911 1334 1932 erant
1365 1905 1449 1934 Judaei
1461 1929 1467 1940 ,
1484 1908 1640 1942 pramictum
1659 1914 1700 1935 ta,-

74 1952 160 1984 δαὶοις
171 1953 228 1989 (66)
240 1954 438 1989 προφητεύεται
448 1955 484 1990 μὴ
493 1955 616 1990 συνήσειν
626 1954 659 1980 τὰ
665 1954 809 1990 λεγόμενα,
818 1965 833 1982 γ

945 1957 976 1976 en
993 1949 1042 1976 fuit
1058 1950 1127 1982 fore,
1143 1954 1172 1977 ut
1190 1958 1238 1978 nec
1261 1951 1460 1987 intelligerent,
1475 1961 1524 1981 nec
1545 1954 1698 1988 aspicerent

76 1998 113 2033 μὴ
126 1999 156 2024 ὃν
171 1998 212 2025 δεῖ
223 2000 321 2034 τρόπον
340 1999 452 2034 ὅψεσθαι
467 2000 496 2026 τὺ
518 2000 625 2036 ὀραθέν.
652 2000 731 2027 Ἀλλὰ
747 2001 800 2036 μὴν
815 2001 833 2027 δί

945 1995 1049 2026 Iomodo
1077 1995 1160 2030 aspici
1192 1997 1320 2030 oportuit.
1351 1997 1527 2032 Perspicuum
1553 2005 1595 2026 est
1619 2001 1694 2033 ipsos

73 2044 128 2077 λον,
144 2045 186 2071 ὁτι
207 2045 305 2077 ἰδόντες
318 2046 363 2072 τὸν
391 2046 502 2081 Ἰησοῦν,
518 2047 569 2072 οὐκ
583 2045 651 2073 εἶδον
663 2047 737 2078 ὅστις
751 2045 784 2082 ἦν
795 2056 801 2062 ·
817 2055 833 2073 κ

946 2047 1006 2069 sum
1023 2041 1155 2074 videntes,
1173 2042 1301 2069 nesciisse
1317 2042 1378 2077 quis
1391 2048 1477 2076 esset;
1490 2051 1539 2070 nec
1557 2044 1632 2071 illum
1646 2052 1696 2071 au-

71 2089 218 2122 ὰκούοντες
235 2090 328 2123 αὑτοῦ,
342 2092 371 2118 οὐ
390 2091 510 2126 συνῆκαν
526 2092 558 2118 ἐκ
571 2093 624 2119 τῶν
644 2092 796 2128 λεγομένων
812 2093 833 2119 τέ

945 2089 1036 2118 entes,
1053 2093 1086 2112 ex
1100 2086 1158 2120 ejus
1179 2086 1258 2114 dictis
1274 2087 1442 2115 intellexisse
1462 2096 1520 2123 quae
1544 2089 1568 2115 in
1588 2096 1619 2116 eu
1637 2095 1696 2117 erat

72 2136 100 2161 ὲν
113 2136 191 2170 αὐτῷ
205 2136 339 2172 θειότητα,
355 2137 585 2172 μεταϐιϐάζουσαν
596 2138 643 2173 τὴν
656 2139 700 2164 ἐπὶ
722 2138 830 2164 Ἰουδαίο

945 2131 1099 2164 vinitatem,
1120 2139 1179 2166 qua:
1196 2133 1361 2167 peculiarem
1384 2134 1431 2161 Dei
1447 2141 1511 2168 erga
1527 2134 1634 2162 .ludaaos
1648 2143 1696 2161 cu-

71 2180 116 2206 τοῦ
130 2181 200 2207 Θεοῦ
214 2182 376 2217 ἐπισκοπὴν,
388 2182 434 2208 ἐπὶ
444 2183 505 2214 τοὺς
519 2183 572 2208 ἀπὸ
588 2182 641 2209 τῶν
654 2183 737 2210 ἐθνῶν
750 2184 792 2209 ἐπ’
808 2184 833 2210 αὖ

946 2185 971 2204 m
987 2182 1014 2204 et
1028 2177 1202 2212 vigilantiam,
1218 2178 1245 2205 in
1259 2186 1305 2206 eos
1322 2179 1502 2208 transferebat
1516 2180 1561 2214 qui
1577 2187 1592 2208 e
1606 2181 1696 2215 genti—

71 2226 115 2252 τὸν
140 2226 328 2259 πιστεύοντας.
350 2228 441 2254 Ἔστιν
463 2226 509 2254 οὗν
531 2228 594 2254 ἰδεῖν
614 2228 682 2263 μετὰ
701 2229 750 2264 τὴν
775 2229 833 2264 Ἰησι

945 2232 963 2250 IS
987 2224 1015 2250 in
1041 2224 1128 2258 ipsum
1151 2225 1303 2252 crederent.
1333 2225 1514 2258 Quamobrem
1538 2226 1629 2253 videre
1653 2231 1695 2253 est

72 2272 222 2307 ἐπιδημίαν
243 2272 382 2304 Ἰουδαίους
408 2273 671 2308 καταλελειμμένους
693 2274 792 2309 πάντη,
816 2283 833 2300 κ

946 2270 1018 2296 diros
1037 2277 1071 2296 ex
1093 2276 1147 2304 quo
1161 2269 1240 2297 Jesus
1256 2271 1383 2304 advenit,
1407 2271 1518 2298 omnino
1538 2271 1692 2304 derelictos,

72 2317 155 2351 μηδὲν
174 2317 286 2352 ἔχοντας
304 2318 357 2344 τῶν
377 2318 460 2345 πάλαι
477 2319 664 2353 νομιζομένων
684 2319 775 2351 αὐτοῖς
792 2317 831 2345 εἴν

945 2323 963 2343 κο
987 2315 1139 2350 quidquam
1159 2315 1214 2350 jam
1236 2317 1336 2343 habere
1357 2324 1464 2350 eorum,
1482 2324 1542 2352 quae
1557 2317 1619 2345 olim
1644 2318 1696 2345 illis

71 2362 178 2397 σεμνῶν
189 2370 195 2377 ·
214 2362 281 2389 ἀλλά
292 2363 338 2389 καὶ
351 2362 433 2398 μηδὲν
446 2364 557 2398 σημεῖον
568 2362 616 2389 τοῦ
634 2361 704 2389 εἷναί
717 2372 777 2390 τινα
792 2364 832 2390 θει

945 2368 992 2396 gna
1005 2361 1182 2389 veneratione
1196 2361 1369 2396 videbantur,
1382 2363 1483 2390 nullum
1495 2363 1600 2398 signum
1615 2362 1693 2390 ullam

103 2460 127 2476 ’⁸
147 2460 168 2487 ll
185 2460 249 2488 Cor.
264 2468 290 2493 ν,
306 2461 352 2488 ‘20.
391 2461 503 2488 "lCor.
518 2469 555 2494 ix,
571 2461 618 2488 20.
657 2461 736 2489 'lsai.
751 2469 789 2496 Vl,
805 2462 833 2490 9.

105 2552 161 2588 (62)
178 2551 238 2578 Duo
256 2551 389 2588 Vaticani,
409 2552 491 2588 Reg,
504 2552 675 2584 Basileensis,
689 2557 717 2579 ct
732 2551 833 2587 Anglic:

946 2551 1002 2588 (64)
1014 2551 1104 2588 Codex
1118 2551 1227 2587 Regius,
1240 2551 1422 2588 διδάσκοντες.

69 2586 118 2614 ιιυέ
130 2587 249 2622 primus,
262 2586 330 2613 ἀλλά
342 2587 392 2614 κᾶν
405 2587 544 2614 δεικνύτω.
782 2586 787 2587 ⁷

947 2587 1002 2623 (65)
1016 2587 1193 2620 Ηωεειιοιίυε,
1211 2587 1368 2623 φάσκοντες,
1375 2587 1460 2623 male.
1567 2619 1579 2623 _

945 2619 1001 2656 (66)
1026 2623 1056 2648 Τί
1076 2619 1294 2656 ἀκούουσίνκαὶ
1318 2622 1347 2647 τί
1361 2621 1514 2656 βλέπουσι
1533 2619 1594 2652 τοῖς
1622 2619 1695 2656 ’1ου-

103 2654 160 2690 (65)
173 2656 245 2681 Ante
260 2661 352 2682 vocem
364 2655 452 2690 λόγον,
469 2656 532 2684 libb.
555 2657 618 2683 editi
634 2656 763 2683 exhibent
781 2664 832 2683 une

945 2654 1014 2689 εἰοιξπ.
1034 2657 1069 2683 Ita
1089 2661 1163 2683 recte
1189 2655 1266 2683 codd.
1283 2656 1384 2690 Regius
1400 2662 1426 2683 et
1445 2655 1620 2690 Basileensis,
1641 2655 1694 2680 lte‘

68 2688 203 2727 inclusam
231 2688 557 2726 particulam'uegantem
576 2692 706 2727 umqum
725 2691 801 2727 abest
822 2699 833 2717 a

945 2692 975 2725 uti
990 2688 1050 2727 cum
1069 2692 1150 2717 editis
1173 2688 1336 2727 liabent,_1(_
1344 2691 1471 2727 ἀκούουσι
1485 2691 1540 2721 τοῖς
1559 2688 1694 2727 Ἰουδαίοις

66 2726 199 2752 omnibus
218 2732 285 2751 mss.
300 2730 326 2752 et
342 2731 415 2753 certe
430 2724 525 2754 abesse
538 2724 625 2753 debei.
638 2726 719 2758 infra,
739 2725 791 2752 ἀπὸ
808 2734 833 2760 χι

946 2725 997 2752 ὶτί
1017 2725 1144 2760 βλέπουσι
1166 2726 1223 2760 τοῖς
1241 2724 1385 2760 Ἰουδαίοις.
1397 2725 1479 2752 Paulo
1496 2728 1556 2758 post
1575 2726 1693 2760 Spence:

66 2767 136 2791 σεως
165 2760 384 2795 ἁμαρτημάτων,
409 2761 449 2788 sic
477 2761 540 2788 libb.
564 2761 627 2788 editi
645 2761 670 2787 in
687 2757 833 2795 margine}

945 2769 955 2786 ς
969 2762 994 2786 in
1010 2757 1094 2790 textu.
1110 2759 1176 2786 ἀλλὰ
1190 2758 1341 2795 μὴν-δῆλον,
1357 2760 1408 2795 ὅτι.
1428 2757 1695 2795 "meammeam

66 2803 160 2834 omnes
188 2792 417 2835 'ttts's.."5xcepto
442 2795 545 2823 Joliano
569 2796 595 2822 in
614 2803 667 2830 quo
687 2792 785 2830 legit'ur
801 2796 833 2822 ἀτ

945 2804 948 2835 ι
962 2795 1049 2835 δῆλον.
1065 2795 1116 2820 ὅτι.
1136 2792 1225 2822 Codd;
1236 2793 1333 2826 Regius
1346 2799 1373 2820 et
1388 2794 1563 2826 Basileensis,
1576 2793 1644 2821 ὰ).λά
1655 2792 1694 2828 μὴ

66 2829 171 2863 χύσξως
187 2829 340 2864 ἁμαρτιῶν.
372 2829 378 2831 ”
624 2829 628 2830 7
908 2829 1035 2865 δηλονότι.
