1843 3097
142 90 193 120 801

883 87 1044 116 ORIGENIS

1711 89 1762 119 διε

142 151 186 179 eis
203 151 300 179 adesse
315 150 497 178 divinitatem.
511 149 570 178 Non
587 149 659 177 enim
678 148 793 184 amplius
807 149 847 175 eis
863 154 925 176 sunt

1017 158 1045 176 τα
1062 151 1127 185 παρ’
1140 150 1240 181 αὐτοῖς.
1253 149 1309 176 Οὐκ
1324 149 1365 176 ἔτι
1379 149 1431 186 γὰρ
1447 151 1594 186 προφῆται,
1607 151 1670 177 οὐδὲ
1683 151 1762 186 τερά-

141 198 302 232 propbetze,
324 203 376 223 non
397 195 547 228 miracula;
570 203 629 222 cum
646 200 740 222 contra
761 195 831 229 apud
849 194 928 222 Chri-

150 242 253 270 stianos
270 241 417 268 etiamnum
434 240 626 267 miraculorum
649 240 815 275 aliquantum
831 247 927 274 super-

144 288 196 315 siut
211 287 331 321 vestigia.
349 286 403 313 imo
427 287 542 321 majora,
567 293 648 320 quam
667 286 738 319 apud
763 285 823 312 illos
838 285 926 318 fuere,

143 332 288 367 aliquando
301 331 365 358 [iant
377 338 385 363 ;
399 335 426 358 et
439 331 461 358 si
476 331 528 358 hac
540 331 567 357 in
584 337 612 357 re
625 330 689 365 quid
704 330 832 364 ponderis
845 330 928 357 habet

144 383 268 406 nostrum
303 377 501 410 testimonium,
533 385 584 404 nos
608 377 659 412 ipsi
688 377 816 404 vidimus.
843 376 926 409 «Qua

143 432 237 457 causa,
260 425 347 460 pergit
370 425 441 452 Celsi
465 423 584 456 Judmus,
613 422 792 457 ignominiose
813 429 827 448 a
849 422 927 449 nobis

145 469 190 496 ille
206 469 316 497 habitus
331 474 372 497 cst
385 477 467 503 quem
484 468 749 502 prmnuntiavimus?
774 468 813 494 An
829 473 857 494 ut
869 474 926 493 ma-

141 514 215 549 jores
225 522 307 549 quam
325 514 370 541 alii
384 515 478 541 demus
490 512 606 547 pcenas?
620 521 629 538 ι
645 512 734 544 Certe,
747 512 855 546 inquam
867 519 926 545 ego,

146 560 262 594 majores
280 559 341 586 aliis
355 559 458 586 dabunt
478 557 565 586 Judaei
577 577 585 591 ,
601 565 662 584 cum
683 562 794 592 propter
809 565 885 584 suam
901 557 926 584 in

148 605 285 632 Christum
301 604 517 632 incredulitatem
530 623 537 636 ,
556 609 612 630 tum
630 607 741 638 propter
760 603 812 629 alia
830 610 928 637 oppro-

145 651 203 678 bria
220 651 319 685 quibus
352 651 427 677 illum
444 649 609 683 aﬂ‘ecerunt;
623 656 711 683 neque
725 649 885 684 Supplicium
901 649 927 676 in

143 696 237 731 iudicii
251 697 322 731 quod
333 697 473 724 credimus
489 700 592 731 tempus
606 695 763 729 diﬂ'eretur;
778 695 833 729 jam
846 695 928 722 dede-

146 746 218 770 runt.
233 743 330 777 Ecqua:
341 742 413 769 enim
429 749 504 776 gens,
520 746 619 776 praeter
633 740 706 768 solos
718 741 837 774 Iudaeos,
849 748 864 768 a
878 748 926 768 sua

145 781 279 820 praecipua
301 787 367 814 urbe
392 792 446 814 eta
473 787 532 814 loco
553 787 664 821 expulsa
685 792 736 820 est,
757 785 801 813 ubi
825 786 927 820 patrius

980 203 1056 222 ιε’-ιιαΔ
1071 193 1107 222 ὧν
1124 195 1176 222 κᾶν
1190 196 1250 232 ἴχνη
1268 197 1314 223 ἐπὶ
1329 197 1412 224 ποσὸν
1427 198 1502 233 παρὰ
1522 197 1699 233 Χριστιανοῖς
1721 199 1764 224 εὐ-

981 241 1101 276 ρίσκεται
1117 241 1182 277 (67),
1205 242 1251 268 καί
1272 242 1333 268 τινά
1350 251 1381 276 γε
1406 242 1531 277 μείζονα”
1555 243 1602 268 καὶ
1624 243 1650 269 εἰ
1676 244 1763 269 πιστοί

978 287 1061 322 ἐσμεν
1072 286 1197 321 λέγοντες
1215 287 1281 321 (68),
1298 288 1459 323 ἑωράκαμεν
1475 289 1521 315 καὶ
1535 289 1626 324 ἡμεῖς.
1642 288 1727 322 Λέγει
1738 289 1764 315 δὲ

976 331 992 357 ὁ
1006 330 1082 366 παρὰ
1094 330 1132 365 τῷ
1146 331 1241 366 Κέλσῳ
1262 332 1396 364 Ἰουδαῖος
1416 341 1425 358 ι
1446 332 1495 359 Διὰ
1509 333 1534 358 τί
1551 333 1726 368 ἠτιμάζομεν
1738 333 1764 360 ὃν

978 376 1234 412 προεκηρύσσομεν;
1253 377 1287 403 Ἦ
1299 378 1342 403 ἴνα
1356 377 1436 404 πλέον
1452 378 1505 404 τῶν
1523 378 1610 404 ἄλλων
1625 378 1764 404 κολασθῶο

980 430 1042 457 μεν;
1060 432 1068 447 ι
1085 422 1140 448 Καὶ
1155 421 1222 458 πρὸς
1235 422 1313 449 τοῦτο
1324 423 1346 448 δ’
1359 423 1432 449 ἔστιν
1445 425 1542 453 εἰπεῖν.
1561 424 1602 450 ὅτι
1618 424 1701 450 πλέον
1716 425 1765 451 τῶν

978 467 1064 494 ἄλλων
1094 467 1211 494 Ἰουδαῖοι
1232 468 1276 494 διὰ
1296 469 1346 503 τὴν
1366 470 1406 500 εἰς
1422 469 1538 504 Χριστὸν
1559 470 1704 502 ἀπιστίαν,
1723 471 1766 498 καὶ

977 514 1027 540 ὅσα
1043 513 1110 539 ἄλλα
1131 513 1204 548 αὐτῷ
1224 513 1376 548 ὲνύϐρισαν,
1391 515 1421 541 οὐ
1439 515 1518 550 μόνον
1531 515 1604 541 κατὰ
1621 515 1674 550 τὴν
1690 525 1766 542 πεπι-

979 559 1128 595 στευμένην
1142 559 1232 594 κρίσιν
1242 559 1391 592 πείσονται,
1404 560 1470 587 ἀλλὰ
1481 560 1535 596 γὰρ
1546 561 1593 587 καὶ
1603 561 1655 596 ἥδη
1670 561 1767 588 πεπόν-

977 604 1050 631 Θασι.
1074 605 1153 630 Ποῖον
1169 604 1222 639 γὰρ
1238 604 1314 636 ἔθνος
1334 605 1533 640 πεφυγάδευται
1553 607 1609 633 ἀπὸ
1630 607 1681 642 τῆς
1704 607 1766 638 ιδίας

979 648 1170 684 μητροπόλεως
1185 649 1232 675 καὶ
1245 648 1292 675 τοῦ
1310 649 1409 675 οἰκείου
1424 650 1506 676 τόπου
1524 652 1558 686 τῇ
1579 651 1691 686 πατρίῳ
1705 652 1767 686 Θρη-

979 696 1057 732 σκείᾳ
1073 695 1126 731 (69)
1147 696 1163 731 ἢ
1186 697 1261 731 μόνοι
1290 696 1430 729 Ἰουδαῖοι;
1451 697 1535 723 Τοῦτο
1550 697 1579 723 δὲ
1601 697 1767 724 πεπόνθασιν

978 741 1016 773 ὡς
1024 742 1223 775 ἀγεννέστατοι,
1233 743 1257 768 εἰ
1265 742 1312 769 καὶ
1320 742 1426 777 πολλὰῆ
1431 751 1542 777 μαρτον,
1552 742 1585 769 δι’
1595 743 1675 769 οὐδὲν
1686 743 1768 773 οὕτως

979 785 1100 818 ἐκείνων,
1115 786 1153 817 ὡς
1168 785 1212 812 διὰ
1229 785 1263 813 τὰ
1277 787 1346 813 κατὰ
1367 787 1414 813 τοῦ
1433 787 1520 822 Ἰησοῦ
1540 787 1622 823 ἡμῶν
1636 788 1768 823 τετολμη-

146 831 235 858 cultus
264 831 353 859 fuerat
380 831 554 866 peculiariter
573 831 755 858 constitutus?
779 830 804 857 Id
821 826 924 856 tamen
941 828 962 855 B
978 831 1055 866 μένα.

146 877 217 910 passi
232 880 295 904 sunt
311 881 340 904 ut
360 877 484 904 vilissimi
504 877 638 908 homines,
661 885 713 904 uon
731 882 785 904 tam
803 881 912 911 propter
924 875 975 903 alia
993 884 1041 904 sua
1059 877 1174 904 crimina
1187 898 1195 910 ,
1211 885 1271 912 qua)
1285 886 1352 906 sane
1369 879 1451 906 multa
1467 884 1677 915 perpetrarunt,
1691 887 1768 915 quam

144 922 178 949 ob
190 929 221 948 ea
237 929 297 956 quas
310 921 336 948 iu
356 921 448 949 Jcsum
467 922 524 949 ausi
537 927 609 948 sunt.

179 968 206 995 9.
222 967 290 995 Dicit
306 971 399 1002 postea
415 967 522 994 Judzcus
537 975 544 994 :
562 976 572 993 ‹
597 967 739 1000 Quomodo
756 965 827 993 Deus
844 973 858 993 a
878 973 927 993 no-

145 1015 189 1042 bis
215 1014 325 1042 babitus
336 1013 433 1041 fuisset
455 1013 488 1046 is,
505 1013 561 1047 qui,
584 1013 756 1048 proulvulgo
781 1012 927 1045 ferebatur,

145 1060 213 1088 nihil
227 1060 351 1096 prazs’titit
372 1067 466 1087 eorum
488 1066 547 1093 quae
570 1059 754 1094 promiserat;
779 1058 824 1092 qui
851 1062 928 1092 post-

145 1113 226 1141 quam
244 1114 259 1133 a
273 1106 351 1133 nobis
368 1105 520 1135 convictus.
533 1105 685 1135 damnatus,
697 1104 849 1138 dignusque
865 1111 929 1138 sup-

144 1153 227 1187 plicio
242 1152 377 1187 judicatus
394 1155 445 1183 est,
461 1150 584 1186 quresivit
596 1150 716 1177 latebras
729 1153 757 1176 et
774 1149 929 1183 turpissime

147 1198 254 1233 fugiens
268 1203 364 1232 captus
381 1201 434 1229 est,
451 1197 575 1231 proditus
591 1195 624 1223 ab
637 1196 669 1222 iis
682 1195 747 1230 ipsis
761 1202 829 1230 quos
845 1195 929 1222 disci-

145 1244 223 1280 pulos
237 1244 419 1271 nominabat?
433 1242 515 1277 Atqui
540 1249 592 1269 non
612 1241 789 1269 conveniebat
807 1241 843 1268 illi
855 1261 862 1273 ,
882 1239 927 1275 qui

146 1290 218 1318 Deus
230 1294 312 1322 esset,
330 1288 438 1324 fugere,
459 1293 486 1316 et
500 1288 622 1315 vinctum
639 1287 736 1313 abduci
750 1295 756 1312 :
774 1286 930 1320 indignissi-

146 1342 219 1362 mum
241 1341 330 1361 autem
353 1341 397 1366 eo,
412 1333 458 1368 qui
483 1332 624 1364 Servator,
642 1330 688 1357 Dei
709 1329 818 1356 maximi
834 1328 927 1361 Filius,

147 1380 257 1416 angelus
269 1379 442 1411 credebatur,
457 1378 574 1412 relinqui
590 1380 616 1404 et
628 1376 705 1411 prodi
720 1376 753 1403 ab
772 1375 805 1401 iis
819 1375 931 1408 quibus.

147 1434 211 1454 cum
224 1427 340 1458 vixerat,
353 1432 421 1459 quos
433 1423 484 1451 sibi
503 1424 528 1450 in
543 1422 600 1450 suis
613 1421 741 1449 omnibus
759 1420 876 1456 privatis
887 1427 930 1447 re-

145 1473 198 1500 bus
220 1471 346 1499 conscios
361 1470 481 1502 fecerat,
494 1468 594 1503 quique
608 1467 654 1494 illo
675 1472 705 1493 ut
723 1467 855 1501 magistro
870 1470 931 1492 ute-

146 1517 277 1545 bantur.»
293 1517 332 1544 Ad
346 1523 407 1550 qua:
422 1515 573 1549 respondeo
589 1513 672 1540 Deum
687 1520 701 1539 a
718 1512 794 1539 nobis
802 1519 853 1538 non
862 1511 931 1538 exis-

149 1563 242 1591 timari
255 1569 353 1596 corpus
362 1561 427 1588 illud
442 1560 505 1587 Jesu
518 1560 589 1594 quod
599 1559 649 1586 sub
662 1563 798 1593 aspectum
813 1557 931 1583 cadebat

1013 963 1090 991 Μετὰ
1105 963 1193 990 ταῦτά
1207 971 1288 998 φησιν
1299 965 1313 990 ὁ
1330 964 1467 996 Ἰουδαῖος·
1484 974 1493 990 ‹
1510 965 1571 997 Πῶς
1584 965 1608 991 δ’
1622 966 1770 1001 ἐμέλλομεν

977 1009 1071 1036 τοῦτον
1093 1009 1212 1044 νομίζειν
1233 1009 1309 1041 Θεὸν,
1330 1010 1360 1041 ὃς
1379 1010 1413 1036 τά
1432 1019 1462 1036 τε
1484 1010 1561 1042 ἄλλα,
1585 1010 1685 1046 ὥσπερ
1707 1013 1771 1047 ἐπη-

978 1055 1073 1082 κούετο
1093 1054 1161 1090 (70),
1179 1055 1255 1081 οὐδὲν
1269 1051 1306 1081 ὧν
1324 1055 1506 1090 ἐπηγγέλλετο
1520 1056 1710 1087 ἐπεδείκνυτο,
1727 1057 1772 1083 καὶ

978 1101 1070 1137 ἐπειδὴ
1078 1103 1159 1137 ἡμεῖς
1168 1102 1326 1135 ὲλέγξαντες
1332 1102 1421 1133 αὐτὸν,
1431 1102 1479 1129 καὶ
1489 1103 1672 1136 καταγνόντες
1681 1102 1760 1137 bim-3
1770 1120 1774 1124 ι

980 1156 1030 1183 μεν
1050 1147 1221 1179 κολάζεσθαι,
1236 1147 1421 1183 κρυπτόμενος
1441 1148 1500 1183 μὲν,
1515 1149 1561 1174 καὶ
1573 1149 1773 1185 διαδιδράσκων

979 1193 1214 1220 ὲπονειδιστότατα
1227 1193 1310 1220 ἑάλω·
1326 1193 1371 1220 ὑπ’
1384 1193 1472 1220 αὐτῶν
1483 1194 1512 1220 δὲ
1525 1191 1562 1221 ὦν
1575 1194 1705 1230 ὠνόμαζε
1721 1204 1774 1230 μα-

980 1239 1068 1275 θητῶν
1079 1238 1228 1274 προύδόθη;
1239 1239 1335 1266 Καίτοι
1345 1239 1419 1271 Θεὸν,
1434 1239 1525 1274 φησὶν,
1556 1240 1622 1267 ὅντα
1634 1240 1696 1267 οὔτε
1710 1241 1775 1275 φεύ-

979 1293 1037 1320 γειν
1058 1285 1129 1320 ἐνῆν,
1148 1284 1209 1311 οὔτε
1227 1284 1337 1312 δεθέντα
1356 1285 1526 1320 ἀπάγεσθαι·
1544 1286 1646 1321 ἥκιστα
1667 1287 1698 1313 δὲ
1721 1287 1775 1315 ὑπὸ

979 1330 1033 1357 τῶν
1049 1330 1182 1357 συνόντων
1199 1330 1283 1365 αὐτῷ,
1305 1331 1353 1357 κα)⁸
1372 1331 1473 1364 παντὸς
1497 1332 1552 1368 ἰδίᾳ
1571 1334 1777 1368 κεκοινωνηκὸ-

979 1385 1043 1409 των,
1058 1377 1106 1403 καὶ
1121 1377 1273 1412 διδασκάλῳ
1290 1378 1446 1412 χρωμένων,
1464 1378 1511 1406 καὶ
1528 1379 1644 1415 Σωτῆρα
1662 1379 1776 1414 νομιζόο

982 1431 1060 1457 μενον
1076 1423 1143 1457 (71),
1162 1423 1208 1450 καὶ
1221 1423 1288 1449 Θεοῦ
1306 1423 1352 1450 τοῦ
1369 1424 1496 1459 μεγίστου
1515 1426 1610 1456 παῖδα,
1630 1426 1677 1452 καὶ
1695 1426 1778 1459 ἄγγε-

980 1467 1035 1500 λον,
1049 1469 1294 1503 ὲγκαταλείπεσθαί
1305 1479 1334 1496 τε
1344 1472 1391 1498 καὶ
1401 1471 1561 1499 ἐκδίδοσθαι.
1580 1482 1589 1497 ι
1603 1472 1676 1508 Πρὸς
1688 1472 1779 1499 ταῦτα

979 1513 1008 1539 δὲ
1027 1515 1158 1549 φήσομεν,
1182 1515 1223 1542 ὅτι
1245 1516 1298 1542 οὐδ’
1320 1518 1401 1552 ἡμεῖς
1420 1517 1647 1553 ὑποΜμὸάνομεν
1669 1517 1704 1544 τὸ
1723 1518 1780 1552 βλε-

981 1559 1099 1594 πόμενον
1120 1560 1180 1586 τότε
1198 1560 1246 1587 καὶ
1265 1561 1393 1597 αἰσθητὸν
1412 1562 1458 1589 τοῦ
1484 1563 1571 1598 Ἰησοῦ
1591 1564 1683 1598 σῶμα,
1708 1562 1780 1590 εἶναι

150 1613 176 1635 et
193 1607 342 1641 subjectum
355 1606 480 1633 sensibus
491 1609 550 1632 erat
560 1603 652 1639 393.
663 1603 733 1636 Quid
745 1598 805 1630 dico
818 1601 931 1637 corpus?

1018 1604 1057 1633 όν.
1079 1606 1134 1632 Καὶ
1149 1606 1175 1632 τί
1188 1606 1258 1641 λέγω
1278 1608 1308 1634 τὸ
1326 1608 1421 1643 arbita;
1446 1609 1515 1635 Ἀλλ’
1534 1609 1594 1635 οὐδὲ
1608 1609 1656 1645 τὴν
1672 1609 1779 1645 ψυχὴν,

155 1650 221 1678 Idne
237 1651 270 1678 de
286 1653 375 1679 anima
390 1652 497 1686 quidem
510 1660 525 1680 a
541 1653 619 1681 nobis
634 1654 761 1688 creditur,
779 1655 813 1682 de
827 1663 879 1690 qua
893 1656 934 1684 di-

155 1699 229 1721 ctum
244 1700 285 1722 est.
299 1704 305 1721 :
323 1706 332 1722 (
350 1696 444 1724 Tristis
465 1701 506 1724 est
521 1697 610 1724 anima
632 1706 691 1726 mea
715 1707 799 1734 usque
813 1700 846 1728 ad
860 1708 934 1728 mor-

155 1744 210 1767 tem
223 1740 251 1766 '?
269 1749 278 1766 ι
297 1740 350 1768 Sed
368 1741 594 1775 quemadmodum
609 1743 654 1777 qui
674 1743 758 1771 dicit:
778 1754 787 1770 ‹
805 1745 861 1780 Ego
880 1745 934 1773 Do-

154 1783 245 1812 minus
265 1785 336 1812 Deus
356 1786 443 1813 omnis
463 1787 552 1814 carnis
565 1787 590 1820 ³;
611 1797 620 1813 ι
638 1792 686 1815 et:
708 1797 718 1814 ‹
735 1789 805 1817 Ante
820 1797 863 1817 me
880 1798 934 1818 non

155 1834 197 1856 est
210 1829 340 1857 formatus
354 1831 436 1864 Deus,
448 1836 476 1859 et
490 1837 550 1868 post
561 1841 604 1860 me
618 1842 673 1861 non
687 1834 738 1861 erit
749 1834 769 1867 ⁸,
788 1844 797 1860 ι
815 1836 934 1863 creditur

152 1874 233 1901 etiam
249 1883 264 1902 a
277 1875 377 1903 Judads
390 1876 462 1904 Deus
476 1885 536 1904 esse
549 1878 594 1912 qui
608 1879 695 1906 anima
709 1885 735 1907 ct
749 1889 861 1916 corpore
873 1890 934 1916 pro-

148 1919 237 1953 phetae
258 1924 384 1955 tanquam
402 1922 581 1950 instrumento
601 1925 692 1956 utitur,
708 1927 934 1959 quemadmodum

149 1964 228 1990 etiam
242 1964 336 1997 Graeci,
352 1967 396 2001 qui
414 1967 470 1994 lucc
485 1969 519 1995 de
531 1976 561 1995 se
576 1970 703 2002 praedicat
717 1979 722 1996 :

182 2010 311 2047 Ai'quoris
325 2017 349 2039 et
363 2013 478 2046 spatium
489 2016 512 2038 et
528 2019 650 2038 numerus
660 2010 724 2036 mihi
739 2014 813 2036 notus
825 2016 929 2036 arena:

183 2079 271 2106 Culleo
284 2079 351 2105 muti
366 2078 494 2111 animum,
512 2081 537 2104 et
549 2077 629 2111 [antis
645 2075 712 2103 nihil
726 2075 805 2102 audio
818 2074 928 2106 vocem“,

148 2131 208 2151 eum
227 2123 349 2157 iudicant
371 2123 455 2150 Deum
476 2130 537 2149 esse
559 2130 625 2149 voce
647 2121 750 2156 Pythia:
773 2125 800 2146 et
820 2120 930 2146 auribus

147 2173 287 2195 utentem:
307 2167 347 2195 sic
360 2175 393 2194 ex
407 2162 485 2194 nobis
502 2167 618 2194 Verbum
636 2166 708 2193 Deus
721 2171 746 2193 et
760 2166 805 2192 Dci
822 2166 930 2192 univer-

149 2221 240 2241 sorum
257 2213 343 2240 Filius
355 2213 422 2239 dixit
437 2213 462 2239 iu
476 2211 540 2238 Jcsu
559 2219 565 2237 ε
579 2221 587 2237 ι
606 2212 661 2246 Ego
677 2219 736 2238 sum
750 2212 801 2241 via.
819 2211 928 2243 veritas,

984 1649 1047 1685 περὶ
1064 1648 1098 1687 ἧς
1110 1651 1234 1679 λέλεκται
1250 1653 1297 1680 τό·
1319 1663 1328 1678 ί
1343 1654 1494 1689 Περίλυπός
1512 1655 1584 1681 ἐστιν
1600 1655 1617 1689 ἡ
1632 1656 1710 1691 ψυχή
1728 1665 1780 1691 μου

983 1696 1035 1728 ἓως
1050 1696 1174 1724 θανάτου.
1193 1707 1202 1723 ι
1226 1699 1294 1725 Ἀλλ’
1314 1699 1407 1736 ὥσπερ
1422 1700 1491 1727 κατὰ
1510 1701 1558 1735 μὲν
1571 1701 1618 1727 τὸν
1637 1701 1695 1727 τῶν
1718 1701 1782 1728 Ἰου-

983 1739 1066 1768 δαίων
1083 1741 1161 1776 λόγον
1177 1744 1191 1769 ὁ
1206 1743 1303 1777 λέγων,
1325 1754 1334 1769 (
1364 1744 1433 1778 Ἐγὼ
1453 1745 1555 1780 Κύριος
1573 1747 1587 1772 ό
1602 1746 1668 1777 Θεὸς
1686 1747 1781 1782 πάσης

984 1786 1098 1821 σαρκός”
1113 1797 1123 1812 ι
1138 1788 1185 1814 καὶ
1197 1788 1227 1815 τὸ
1240 1798 1249 1814 ι
1265 1790 1439 1825 Ἐμπροσοέν
1456 1799 1505 1825 μου
1515 1791 1565 1817 οὐκ
1575 1791 1686 1826 ἐγένετο
1699 1792 1780 1824 ἄλλος

983 1830 1058 1862 θεὸς,
1079 1832 1126 1858 καὶ
1146 1834 1204 1868 μετ’
1226 1834 1276 1869 ἐμὲ
1299 1835 1348 1862 οὐκ
1366 1835 1452 1868 ἔσται,
1472 1846 1481 1862 ι
1500 1837 1514 1862 ὁ
1529 1836 1595 1868 Θεὸς
1617 1834 1688 1863 εἶναι
1711 1838 1779 1873 (ἿΞι.

983 1876 1169 1910 πεπίστευται,
1193 1879 1301 1915 ὀργάνῳ
1325 1881 1356 1915 τῇ
1378 1880 1450 1916 ψυχῇ
1470 1881 1517 1907 καὶ
1540 1880 1579 1915 τῷ
1595 1881 1705 1916 σώματι
1729 1882 1778 1908 τοῦ

982 1922 1122 1957 προφήτου
1134 1923 1287 1960 χρώμενος·
1303 1925 1373 1952 κατὰ
1388 1926 1417 1952 δὲ
1430 1925 1561 1957 Ἕλληνας
1575 1927 1589 1953 ό
1603 1926 1706 1960 λέγων’

1029 2008 1100 2037 Οἶδα
1118 2012 1143 2038 δ’
1163 2011 1220 2046 ἐγὼ
1235 2012 1358 2047 ψάμμου
1377 2013 1401 2039 τ’
1417 2012 1540 2047 ἀρθμὸν,
1557 2013 1717 2055 XCII-{1521711
1728 2016 1780 2041 θα-

1100 2059 1102 2062 '
1592 2048 1690 2074 .ldc'cn

1019 2080 1073 2107 Καὶ
1082 2081 1181 2114 κωφοῦ
1189 2081 1320 2115 ξυνίημι,
1331 2082 1378 2108 καὶ
1388 2083 1423 2109 οὐ
1431 2048 1591 2114 λαλέοντοὲ
1601 2084 1657 2118 (75)
1665 2058 1777 2117 ἀζιῖίύω,

984 2125 1044 2157 θεὸς
1060 2127 1225 2161 νενόμισται,
1239 2126 1283 2153 διὰ
1295 2128 1344 2162 τῆς
1358 2128 1460 2160 Πυθίας
1476 2128 1564 2162 λέγων
1579 2129 1628 2156 καὶ
1643 2131 1779 2165 ἀκουόμε-

984 2181 1028 2203 νος
1037 2181 1043 2187 ·
1059 2172 1130 2199 οὕτω
1143 2173 1204 2199 καθ’
1215 2174 1289 2208 ἡμᾶς
1300 2174 1313 2199 ὀ
1324 2174 1408 2208 Λόγος
1417 2173 1483 2206 Θεὸς
1496 2175 1543 2201 καὶ
1557 2175 1627 2202 Θεοῦ
1642 2176 1697 2202 τῶν
1711 2177 1779 2203 ὅλων

985 2217 1057 2249 Υἱὸς,
1076 2217 1167 2252 ἔλεγεν
1190 2219 1218 2245 ὲν
1235 2218 1273 2254 τῷ
1293 2219 1380 2254 Ἰησοῦ
1401 2219 1441 2245 τό·
1469 2229 1477 2245 ι
1509 2219 1580 2254 Ἐγώ
1603 2222 1661 2256 εξμι
1683 2223 1699 2257 ἡ
1720 2222 1779 2254 de);

182 2294 296 2322 'Mattlt.
310 2293 439 2326 xxvr,58.
479 2292 597 2320 aJerem.
614 2292 738 2325 mnf-27.
778 2293 845 2320 ‘lsa.
863 2302 940 2328 xu",
955 2297 998 2324 10.
1037 2297 1197 2331 'llerodot.,
1216 2297 1262 2325 lib.
1277 2305 1296 2326 ι,

184 2362 242 2402 (6η
252 2362 336 2402 Qodil.
351 2362 428 2402 Reg,
438 2366 466 2388 et
484 2361 648 2402 [ξοβὶιρθηιιὶε
657 2381 669 2401 1
684 2361 706 2402 ei
717 2362 792 2402 ’ξαρὰ
803 2363 931 2402 ⁵Χριστια-

1017 2367 1034 2400 ζ,
1048 2371 1141 2397 etxvt,
1157 2367 1189 2399 ις
1203 2366 1269 2402 Luc.
1283 2373 1360 2398 χχιιι,
1378 2366 1406 2394 Η
1419 2375 1426 2400 ;
1443 2366 1525 2394 Joan.
1537 2375 1568 2400 η,
1584 2368 1628 2400 18,
1642 2374 1668 2396 et
1682 2377 1718 2402 vt,
1730 2369 1777 2397 εο.

147 2399 202 2430 νοῖς
216 2396 385 2433 εὖρίσκεται·
401 2397 473 2430 λέγει
482 2396 503 2422 δ’
516 2397 530 2422 ὀ
543 2396 618 2431 παρὰ
636 2396 675 2431 τῷ
687 2396 782 2433 Κέλσῳ
803 2396 937 2432 Ἰουδαῖος,

147 2434 240 2467 sicque
258 2433 384 2459 nonnulla
400 2433 502 2467 OllrliSSil
521 2437 593 2467 sum.

183 2466 239 2503 (68)
256 2468 288 2494 El
305 2467 407 2493 πιστοί
425 2466 518 2500 ἐσμεν
538 2466 687 2503 ἵῖέγιιγντες.
717 2466 886 2495 llmscbelius
911 2473 938 2495 et.

148 2503 303 2536 Spencerus
319 2503 344 2528 in
363 2502 500 2534 margine,
527 2502 559 2537 oi
575 2503 667 2528 πιστοί
692 2503 776 2537 ἐσμεν
801 2503 936 2537 λέγοντες.

148 2537 289 2564 Bohercllo
314 2537 487 2563 scribendum
518 2536 633 2572 videtur,
658 2537 682 2563 εἰ
705 2536 794 2564 πιστοί
811 2540 894 2572 ἐσμεν
911 2539 935 2563 οἱ

146 2572 460 2607 λέγοντεςηέωράκαμεν
483 2571 529 2597 καὶ
550 2571 639 2605 ἡμεῖς,
668 2573 780 2600 subaudi
812 2572 934 2607 μείζονα.

149 2607 267 2640 ltegiicit
281 2606 411 2640 Origenes
422 2606 502 2633 Joan.
519 2614 572 2635 xtv.
593 2607 636 2633 12.

181 2640 235 2676 (69)
256 2641 294 2675 Τῇ
311 2642 422 2675 πατρίῳ
438 2640 591 2675 θρησκείᾳ.
609 2641 714 2668 Absunl
742 2641 794 2670 ista
814 2649 829 2668 a
851 2642 930 2669 codd.

147 2676 230 2709 Regio
247 2682 274 2702 et
288 2676 444 2704 Busileensi.

184 2710 240 2745 (70)
256 2711 366 2744 Ὥσπερ
374 2710 548 2743 ἑπηκούετο.
562 2710 588 2737 Id
600 2716 651 2743 est,
666 2711 752 2746 inquit
767 2711 935 2744 Bolierellus,

151 2753 160 2768 α
179 2750 258 2777 prout
283 2746 363 2779 vulgo
389 2752 470 2771 euam
494 2746 664 2779 audielmtur,
691 2747 731 2773 vel
754 2746 900 2772 ferebatur.
923 2756 933 2772 ι

148 2779 244 2806 Melius
261 2779 330 2807 forte
348 2779 509 2814 ὑπηκούετο.
525 2781 644 2810 ιὶρδρὶεἱι
656 2782 751 2809 Celsus
763 2781 859 2808 Ma.th.
874 2789 936 2815 xm,

992 2401 1057 2428 item
1073 2409 1120 2433 νυ,
1133 2401 1161 2433 4,
1173 2406 1200 2427 et
1210 2401 1312 2428 similes
1325 2402 1406 2428 locos.

1027 2437 1082 2470 (7|)
1098 2435 1304 2470 Νομιζῖῖμενον.
1318 2436 1436 2469 Mallem,
1448 2436 1534 2471 inquit
1545 2437 1717 2471 Boherellus,
1730 2448 1779 2465 νο-

994 2471 1157 2506 μιζομένων,
1172 2471 1197 2506 id
1210 2471 1433 2506 CSbVOtLtCéVTmV.

1028 2503 1083 2541 (72)
1106 2506 1132 2531 '0
1148 2505 1219 2542 Θεὸς
1230 2503 1316 2542 gzm.
1335 2506 1504 2542 llmschelius
1514 2511 1541 2533 et
1559 2507 1718 2542 Spencerus
1746 2509 1775 2535 in

993 2538 1125 2574 margine,
1138 2540 1200 2567 ὅθεν
1217 2538 1298 2574 εἶναι,
1322 2548 1403 2575 quam
1423 2541 1549 2568 vitiosam
1565 2538 1710 2569 lectionem
1726 2551 1777 2570 ex-

992 2576 1087 2602 hibcut
1098 2583 1193 2602 omnes
1209 2576 1289 2602 codd.
1300 2583 1378 2606 mss.,
1392 2581 1509 2609 excepto
1524 2576 1635 2603 Joliano
1650 2578 1683 2604 ad
1698 2578 1777 2609 cujus

991 2617 1068 2652 o'ram
1092 2615 1196 2638 attexta
1213 2615 1263 2642 est,
1289 2612 1411 2645 apposita
1429 2611 1456 2638 in
1476 2616 1551 2638 textu
1572 2613 1658 2639 altera
1677 2614 1692 2638 ὁ
1709 2612 1776 2643 Θεὸς

989 2653 1067 2671 ειναι.

1024 2680 1081 2715 (75)
1098 2679 1274 2713 Λαλέοντος.
1289 2680 1334 2707 Sic
1343 2687 1436 2707 omnes
1447 2688 1512 2708 mss.
1527 2685 1554 2708 et
1569 2681 1736 2709 limsclielius
1746 2682 1773 2707 in

988 2718 1062 2752 textu
1076 2723 1083 2748 ;
1108 2716 1141 2742 ad
1157 2717 1305 2751 marginem
1320 2722 1385 2752 vero
1398 2715 1492 2748 reiecit
1511 2716 1676 2751 φωνεῦντος,
1703 2716 1774 2752 quod

990 2750 1145 2784 Spcncerus
1163 2750 1248 2777 textui
1269 2758 1318 2778 suo
1330 2751 1455 2778 inseruit.

1839 1120 1840 1173 ι

1839 1214 1841 1297 l

1839 1309 1841 1359 ι
