1843 3097
78 130 140 159 3'09

683 131 822 159 CONTRA
839 132 978 160 CELSUM
997 133 1060 160 LIB.
1080 132 1111 160 ll.

1660 136 1713 164 8lu

81 191 134 218 καὶ
151 192 168 226 ἡ
189 191 302 227 ἀλήθεια
320 192 366 218 καὶ
382 192 399 227 ἡ
416 192 490 227 ζωή·
510 200 519 218 ι
539 192 584 218 καὶ
602 193 642 224 τό,
666 202 674 218 1
698 192 768 226 Ἐγώ
783 194 842 228 ειμι
857 196 863 219 1‘

965 194 1021 221 vita
1034 195 1061 227 °;
1076 203 1085 219 ι
1099 198 1127 219 et
1141 193 1233 220 istud:
1252 202 1262 218 1
1278 192 1334 228 Ego
1349 199 1408 220 sam
1423 195 1523 220 ostium
1540 194 1550 210 ⁷
1565 203 1575 220 ι
1592 202 1599 227 ;
1617 199 1645 222 et
1662 196 1714 224 hoc

82 235 173 271 θύρα·
195 245 205 260 ι
221 236 268 262 καὶ
284 236 324 268 τό,
341 245 351 261 1
372 235 441 270 Ἐγώ
458 237 514 271 ειμι
528 237 544 262 ὁ
556 236 637 272 ἄρτος
649 237 662 263 ό
679 237 743 269 ζῶν,
758 238 772 262 ὁ
784 239 816 264 ὲκ
827 237 874 264 τοῦ

81 280 199 316 οὐρανοῦ
214 281 335 312 καταϐάς
346 289 352 296 ’
371 291 380 307 ι
393 282 439 308 καὶ
453 281 479 307 εἴ
488 290 514 308 τι
530 282 592 308 ἄλλο
606 282 711 314 τούτοις
727 282 875 319 παραπλή-

83 335 154 354 σιον.
176 326 361 362 Ἑγκαλοῦμεν
373 325 418 354 οὗν
439 327 574 359 Ἰουδαίοις
587 327 681 354 τοῦτον
697 328 733 364 μὴ
750 329 875 364 νομίσασι

81 373 162 404 Θεὸν,
177 371 229 398 ὑπὸ
243 372 297 399 τῶν
314 372 461 408 προφητῶν
476 372 608 408 πολλοιχοῦ
627 375 875 410 μεμαρτυρημένον

81 418 122 449 ὼς
148 418 268 454 μεγάλην
289 418 352 444 ὄντα
371 418 496 454 δύναμιν,
517 419 564 446 καὶ
585 420 652 446 Θεὸν
672 420 741 446 κατὰ
760 421 805 447 τὸν
821 420 875 447 τῶν

82 464 153 490 ὅλων
171 464 236 490 Θεὸν
248 464 294 490 καὶ
307 464 416 499 Πατέρα
430 464 496 498 (74).
510 464 602 500 Τούτῳ
618 466 672 501 γάρ
693 474 783 500 φαμεν
799 467 828 492 ἐν
841 468 874 502 τῇ

84 510 157 536 κατὰ
171 509 290 536 Μωῡσέα
307 510 467 544 κοσμοποιίᾳ
481 510 680 544 προστάττοντα
697 512 743 538 τὸν
768 512 876 547 Πατέρα

82 554 225 589 εἰρηκέναι
235 556 275 586 τὸ,
292 564 301 579 1
314 555 457 590 Γενηθήτω
469 555 525 589 φῶς
535 565 558 588 ,ι
569 557 625 587 καὶ,
638 566 646 581 ι
662 557 805 592 Γενηθήτω
816 566 876 584 στε-

83 601 192 636 ρέωμα,
214 610 224 626 ›
243 600 289 626 καὶ
306 600 339 627 τὰ
355 600 445 632 λοιπὰ,
461 601 510 627 ὅσα
526 602 689 635 προσέταξεν
712 603 726 629 ὁ
746 603 811 634 Θεὸς
828 611 875 637 γε-

81 647 177 673 νέσθαι
187 655 194 662 ·
212 648 258 674 καὶ
267 647 354 682 τούτῳ
366 646 506 682 εἰρηκέναι
520 647 559 677 τὸ,
574 657 582 672 ι
595 648 754 683 Ποιήσωμεν
768 648 874 684 ἄνθρω-

82 701 136 719 πον
154 695 212 720 κατ’
230 694 322 720 εἰκόνα
339 694 386 720 καὶ
408 694 537 729 ὁμοίωσιν
556 694 704 730 ἡμετέραν’
725 703 734 719 ι
757 702 875 729 προστα-

82 740 184 776 χθέντα
197 740 225 767 δὲ
242 740 286 766 τὸν
307 740 392 774 Λόγον
410 739 465 775 (75)
485 740 663 775 πεποιηκέναι
682 739 770 766 πάντα
786 740 836 766 ὅσα
862 741 876 766 ὁ

83 786 180 821 Πατὴρ
205 785 279 820 αὑτῷ
305 785 466 812 ἐνετείλατο.
492 786 548 812 Καὶ¹
570 785 656 812 ταῦτα
677 785 801 821 λέγομεν,
826 787 876 813 οὐκ

82 831 164 857 αὐτοὶ
184 831 372 862 ἐπιϐάλλοντες
390 830 456 866 (76),
475 831 543 858 ἀλλὰ
566 833 626 863 ταῖς
641 832 715 867 παρὰ
742 833 876 865 Ἰουδαίοις

926 238 1022 266 aliud:
1049 247 1057 263 1
1075 238 1131 272 Ego
1146 245 1205 264 sutn
1231 238 1309 272 panis
1336 238 1415 264 vivus
1444 239 1489 272 qui
1514 239 1547 265 de
1571 238 1640 265 coelo
1665 240 1712 266 de-

925 283 1017 310 scendi
1034 284 1044 299 ⁸
1057 291 1064 316 ;
1076 293 1086 309 ι
1106 288 1132 310 et
1145 283 1168 310 si
1181 283 1244 317 quid
1258 283 1330 309 aliud
1347 283 1390 310 his
1403 283 1501 310 simile.
1517 283 1617 311 Damus
1633 284 1715 318 igitur

925 329 1025 356 ludatis
1041 329 1165 361 crimini,
1193 330 1266 363 quod
1291 328 1383 356 Jesum
1410 337 1464 356 non
1492 330 1712 357 existimaverunt

927 374 1010 401 Deum
1025 382 1097 406 esse,
1114 375 1241 408 quamvis
1263 375 1403 408 propheta:
1425 375 1501 402 illum
1524 383 1649 410 magnam
1666 384 1711 408 μοι

927 421 1073 447 teutiamet
1083 421 1203 447 secundo
1216 425 1277 454 post
1288 428 1377 446 rerum
1393 421 1512 447 omnium
1524 423 1607 448 Deum
1623 427 1649 449 et
1663 422 1713 448 ινι-

925 468 995 492 trent
1013 465 1072 492 loco
1090 465 1172 491 Deum
1198 473 1257 492 esse
1278 465 1411 492 testiﬁcati
1434 465 1545 493 iuerint.
1560 467 1577 492 Α
1598 468 1712 494 serimus

926 510 999 537 enim
1013 510 1120 537 Patrem
1150 510 1175 537 itt
1205 511 1343 537 creatione
1366 518 1379 537 a
1402 510 1492 546 Moyse
1511 512 1646 544 descripta
1668 514 1712 547 jn-

926 555 1014 582 bendo
1039 554 1075 581 illi
1108 555 1208 582 dixisse
1226 564 1233 581 :
1254 564 1263 579 1
1280 555 1339 582 Fiat
1360 555 1424 586 lux.
1446 565 1455 581 ι
1473 561 1500 583 ct
1520 565 1526 582 :
1546 565 1555 581 1
1580 557 1641 584 Fiat
1665 559 1712 584 tir-

926 605 1091 627 mamentum
1108 601 1130 632 ',
1143 610 1152 627 ι
1164 605 1189 627 et
1201 608 1368 635 qumcunque
1378 601 1447 627 Deus
1463 601 1512 628 alia
1526 602 1581 629 ﬁeri
1595 603 1712 637 impera-

932 646 989 678 rit;
1018 646 1107 674 eidem
1131 646 1168 673 illi
1200 647 1323 674 dixisse:
1364 657 1374 672 1
1393 647 1537 675 Faciamus
1574 649 1710 677 hominem

927 692 960 719 ad
971 692 1114 726 imaginem
1127 697 1154 719 el
1166 692 1370 722 similitudinem
1383 698 1503 721 nostram
1516 694 1549 727 “'3.
1567 703 1576 720 ι
1593 694 1710 722 Verbum

926 743 1015 765 autem
1029 758 1036 772 ,
1053 739 1197 773 uljussunt
1216 739 1252 765 illi
1270 738 1368 771 fuerat,
1390 739 1487 767 fecisse
1503 741 1666 775 omniaquae
1681 742 1712 768 il-

927 783 981 810 lum
1002 782 1082 811 Pater
1106 784 1196 811 facere
1214 784 1307 818 jussit.
1330 784 1418 819 Atque
1441 786 1499 813 haec
1519 787 1635 814 dicimus
1658 795 1710 814 non

926 829 1003 863 quasi
1021 829 1179 863 conjectura
1202 830 1275 856 ducti
1290 838 1298 862 ;
1314 831 1360 857 sed
1379 831 1502 864 ipsisntet
1517 833 1710 866 prophetarum

83 876 250 912 φερομέναις
266 877 443 912 προφητείαις
460 877 643 910 πιστεύοντες,
664 879 693 904 ὲν
707 876 752 910 αἷς
767 878 862 912 λέγετα

962 874 1091 902 stimoniis
1105 876 1187 902 etiam
1199 875 1269 909 apud
1291 876 1399 903 Iudaeos
1413 878 1530 912 receptis
1546 878 1670 912 nitimur,
1683 881 1710 907 in

83 923 150 958 περὶ
166 922 244 954 Θεοῦ,
267 922 314 949 καὶ
329 922 382 948 τῶν
405 922 654 959 δημιουργημάτων
667 924 765 956 αὐταῖς
785 924 873 956 λέξεσι

81 967 119 994 τὰ
132 967 218 999 οὕτως
232 967 329 1002 ἔχοντα
341 976 347 982 ·
366 967 408 994 ὅτι
426 977 435 992 1
451 968 536 1000 Αὐτὸς
549 966 619 1000 εἷπε,
634 969 680 995 καὶ
691 969 872 1005 ἐγενήθησανθ

83 1014 167 1045 αὐτὸς
181 1014 339 1046 ἐνετείλατο,
358 1014 405 1040 καὶ
420 1014 593 1050 ἐκτίσθησαν.
614 1024 623 1040 ι
647 1016 678 1041 Εί
695 1015 750 1051 γὰρ
774 1016 874 1042 ἐνετείο

82 1060 151 1086 λατο
167 1061 182 1086 ὁ
195 1060 269 1092 Θεὸς,
286 1060 331 1086 καὶ
348 1059 457 1095 ἐκτίσθη
472 1060 506 1086 τὰ
522 1061 769 1096 δημιουργήματαο
787 1062 828 1093 τίς
841 1061 874 1089 ἂν

83 1105 156 1132 κατὰ
170 1106 199 1132 τὺ
214 1106 328 1141 ἀρέσκον
342 1105 380 1141 τῷ
394 1106 555 1141 προφητικῷ
575 1106 711 1141 πνεύματι
733 1107 775 1142 εἴη
795 1107 809 1133 ὀ
825 1107 874 1143 τὴν

82 1153 251 1188 τηλικαύτην
260 1151 304 1178 τοῦ
317 1153 421 1188 [ἰατρὸς
432 1153 541 1188 ἐντολὴν
552 1153 729 1188 ἐκπληρῶσαι
739 1153 873 1189 δυνηθεὶς,

83 1199 101 1233 ἢ
118 1200 133 1225 ὁ
146 1199 190 1233 (ἶν’
202 1198 288 1229 οὓτως
302 1199 448 1234 ὀνομάσω),
460 1198 580 1234 ἔμψυχος
597 1200 682 1233 Λόγος
699 1200 746 1226 καὶ
763 1200 874 1235 ἀλήθεια

82 1244 244 1278 τυγχάνων;
270 1244 330 1270 Ὂτι
353 1245 381 1270 δὲ
404 1245 450 1270 τὸν
472 1245 501 1271 ὲν
523 1244 561 1279 τῷ
588 1245 675 1280 Ἰησοῦ
696 1245 809 1279 λέγοντα
833 1246 873 1277 τὸ,

87 1299 97 1315 1
121 1289 193 1323 Ἐγώ
208 1291 265 1324 είμι
282 1290 298 1325 ἡ
312 1290 370 1321 ὁδὸς
387 1290 432 1316 καὶ
449 1291 465 1326 ὴ
484 1290 595 1326 ἀλήθεια
610 1291 685 1326 καὶὴ
704 1291 771 1326 ζωὴ,
791 1301 799 1317 ι
814 1291 874 1317 οὐδὲ

83 1335 120 1361 τὰ
134 1335 289 1370 Εὐαγγέλια
305 1334 358 1362 οἶδε
375 1337 631 1372 περιγεγραμμένον
646 1337 706 1364 τινὰ
725 1337 873 1371 γεγονέναι,

83 1381 124 1412 ὼς
136 1381 253 1417 οὐδαμοῦ
269 1381 320 1414 ἔξω
333 1382 381 1417 τῆς
392 1382 479 1418 ψυχῆς
495 1383 541 1409 καὶ
556 1383 603 1409 τοῦ
620 1382 742 1418 σώματος
756 1383 802 1410 τοῦ
823 1384 874 1419 Ἰη-

84 1426 133 1452 σοῦ
153 1427 334 1462 τυγχάνοντα·
355 1428 433 1463 δῆλον
449 1428 497 1463 μὲν
514 1429 562 1455 καὶ
578 1429 631 1455 ἀπὺ
648 1429 762 1461 πολλῶν,
778 1430 824 1456 καὶ
837 1429 874 1463 ,ἐξ

82 1472 185 1506 ὀλίγων
195 1470 280 1506 δὲ,ὧν
294 1473 518 1509 παραθησόμεθα,
530 1473 616 1505 οὕτως
632 1474 758 1508 ἐχόντων.
782 1475 810 1501 'O
827 1475 874 1510 βα-

926 921 1024 955 quibus
1040 922 1073 948 de
1085 921 1140 948 Deo
1160 922 1296 956 rebusque
1309 923 1343 948 ah
1357 922 1402 949 illo
1415 923 1533 951 conditis
1544 925 1600 951 hare
1617 926 1711 953 dicun-

927 972 970 993 tur
979 967 1117 1001 conceptis
1125 967 1216 994 verbis
1229 974 1235 993 :
1248 977 1257 993 1
1271 967 1331 1002 lpse
1347 967 1424 1000 dixit,
1438 972 1464 995 et
1479 969 1549 996 facta
1565 975 1640 1002 sunt,
1652 971 1710 1007 ipse

925 1012 1063 1038 mandavit
1078 1016 1106 1039 et
1120 1017 1211 1039 creata
1228 1018 1290 1039 sunt
1304 1013 1336 1039 ”.
1355 1022 1364 1039 ι
1380 1013 1408 1040 Si
1429 1014 1501 1040 enim
1526 1015 1596 1043 Deus
1618 1017 1709 1051 jussit.

925 1062 953 1084 et
968 1064 1012 1084 res
1025 1062 1123 1084 creatae
1141 1061 1214 1090 sunt,
1244 1065 1324 1092 quem
1336 1058 1414 1092 juxta
1428 1064 1544 1087 mentem
1561 1063 1710 1097 prophetici

926 1103 1036 1138 spiritus
1051 1103 1206 1136 putabimus
1229 1103 1283 1131 tale
1310 1103 1399 1132 Patris
1423 1105 1566 1140 imperium
1594 1109 1707 1142 exsequi

925 1148 1056 1184 potuisse,
1074 1154 1172 1184 prrcter
1189 1157 1267 1182 eum,
1286 1151 1332 1185 qui
1355 1151 1472 1179 Verbum
1489 1157 1548 1186 est,
1567 1157 1596 1180 ut
1617 1154 1653 1180 ita
1669 1154 1709 1181 lo-

925 1202 1003 1229 quar,
1024 1195 1172 1221 anintatunt
1195 1199 1222 1222 et
1239 1195 1362 1223 veritas?
1380 1195 1439 1223 Jam
1458 1204 1518 1224 cum
1541 1198 1587 1232 qui
1604 1198 1630 1226 in
1645 1199 1710 1227 Jesu

926 1241 991 1268 dicit
1008 1251 1013 1268 :
1034 1250 1044 1266 1
1060 1241 1115 1274 Ego
1127 1249 1185 1268 sum
1199 1241 1254 1273 via,
1270 1242 1382 1275 veritas,
1400 1245 1426 1269 el
1441 1243 1495 1269 vita
1513 1243 1544 1277 ¹¹,
1559 1253 1568 1269 ι
1587 1252 1638 1271 ιιοιι
1649 1252 1710 1273 esse

925 1294 957 1313 ex
987 1286 1143 1321 Evangeliis
1172 1287 1409 1322 circumscriptum
1434 1289 1600 1323 quempiam,
1616 1290 1651 1317 ita
1681 1297 1710 1318 ut

924 1337 1001 1359 extra
1020 1332 1137 1359 animant
1149 1337 1177 1360 et
1194 1340 1292 1368 corpus
1307 1342 1364 1360 tton
1375 1334 1421 1367 sit,
1444 1341 1476 1361 ex
1497 1335 1618 1370 pluribus
1643 1336 1710 1365 locis

925 1377 993 1405 ellici
1006 1382 1115 1413 potest;
1142 1386 1228 1412 pauca
1249 1383 1352 1406 tantum
1378 1379 1499 1408 afferam.
1521 1381 1640 1409 Joannes
1657 1383 1709 1410 Ba-

925 1424 1008 1459 ptista
1019 1425 1167 1458 praedicens
1181 1425 1255 1452 brevi
1266 1424 1325 1452 fore
1335 1431 1365 1452 ut
1378 1425 1425 1453 Dei
1436 1425 1519 1454 Filius
1532 1428 1708 1462 adesset.uon

926 1471 971 1499 illo
986 1478 1100 1506 corpore
1111 1470 1213 1505 illaque
1232 1471 1322 1498 anima
1337 1471 1570 1507 circumscriptus,
1588 1474 1634 1501 sed
1651 1475 1710 1502 ubi-

84 1517 201 1553 πτιστὴς
231 1518 355 1554 Ἰωάννης
372 1519 549 1555 προφητεύων
575 1520 636 1546 ὅσον
653 1520 757 1546 οὐδέπω
779 1521 863 1555 ὲνστή·

963 1524 977 1544 e
985 1523 1113 1551 prazsens,
1122 1516 1154 1543 de
1163 1516 1207 1543 illo
1219 1516 1297 1543 dicit:
1308 1516 1511 1552 3941Medius
1524 1523 1642 1546 vestrum
1653 1524 1710 1548 ste-

84 1563 180 1590 σεσθαι
193 1563 238 1590 τὸν
254 1564 317 1590 Υίὸν
333 1564 380 1590 τοῦ
394 1565 472 1596 Θεοῦ,
489 1566 539 1592 οὐκ
553 1567 582 1591 ὲν
596 1566 692 1601 ἐκείνῳ
708 1565 746 1601 τῷ
766 1566 873 1601 σώματι

82 1609 134 1636 καὶ
150 1611 182 1644 τῇ
196 1609 267 1645 ψυχῇ
284 1611 460 1645 τυγχάνοντα,
478 1611 544 1638 ἀλλὰ
559 1612 612 1647 γὰρ
624 1612 756 1646 φθάνοντα
772 1621 875 1639 παντα-

83 1653 145 1688 χοῦ,
159 1653 231 1687 λέγει
247 1655 311 1689 περὶ
326 1655 422 1680 αὑτοῦ·
436 1664 445 1680 1
459 1655 547 1687 Μέσος
562 1656 639 1691 ὑμῶν
655 1657 748 1692 στήκει
762 1656 829 1692 (77),
845 1657 874 1683 ὃν

83 1699 164 1733 ὑμεῖς
174 1700 223 1725 οὐκ
233 1699 333 1732 οἴδατε,
345 1701 358 1726 ὁ
366 1701 453 1727 ὀπίσω
468 1709 517 1736 μου
529 1702 684 1737 ἐρχόμενος·
698 1712 707 1728 ι
719 1702 797 1738 εἴπερ
806 1703 874 1729 ὲνόει

83 1745 145 1772 ἐκεῖ
162 1745 242 1779 μόνον
264 1744 332 1772 εἶναι
348 1747 393 1772 τὸν
410 1747 472 1773 Υἰὺν
486 1747 532 1773 τοῦ
550 1747 627 1779 Θεοῦ,
646 1748 711 1774 ὅπου
726 1748 756 1774 τὸ
777 1748 874 1783 βλεπὸ-

85 1799 168 1825 μενον
180 1788 214 1826 ἦν
228 1790 309 1826 σῶμα
329 1791 426 1827 Ἰησοῦ,
442 1792 500 1824 πῶς
515 1792 632 1826 ἔφασκεν
650 1793 683 1820 ἂν
695 1794 738 1820 τὸ·
754 1803 762 1819 ι
784 1794 874 1826 Μέσος

84 1836 163 1871 ὑμῶν
178 1837 280 1871 στήκει,
295 1836 323 1862 ὃν
338 1837 415 1871 ὑμεῖς
428 1837 477 1863 οὐκ
490 1838 578 1864 οἴδατε
591 1846 597 1870 ;
620 1847 628 1863 ι
651 1839 706 1865 Καὶ
721 1839 801 1871 αὐτὸς
817 1840 875 1871 δὲιὸ

90 1882 208 1916 Ἰησοῦς,
233 1882 355 1918 ἐπαίρων
380 1882 411 1908 τὸ
433 1883 560 1918 φρόνημα
591 1884 644 1910 τῶν
669 1885 874 1920 μαθητευόντων

83 1927 162 1963 αὐτῷ
173 1929 212 1960 εἰς
225 1928 256 1954 τὸ
274 1928 384 1964 μείζονα
397 1931 504 1964 φρονεῖν
519 1927 583 1964 περ).
599 1930 663 1956 Υίοῠ
683 1930 760 1962 Θεοῦ,
774 1931 855 1966 φησίν
865 1939 872 1946 ·

87 1984 98 2000 1
124 1974 212 2000 Ὅπου
237 1973 283 2000 δύο
294 1973 350 2009 (78)
373 1973 389 2009 ἢ
411 1975 486 2009 τρεῖς
510 1975 673 2010 συνηγμένοι
694 1977 734 2006 εἰς
758 1975 788 2001 τὸ
809 1975 874 2010 ἐμὸν

83 2021 184 2056 ὄνομα,
198 2020 255 2046 ἐκεῖ
274 2022 331 2055 ειμι
347 2020 376 2046 ἐν
394 2020 469 2055 μέσῳ
486 2020 583 2047 αὐτῶν.
600 2030 609 2046 t
626 2021 741 2057 Τοιαύτη
753 2021 775 2047 δ’
792 2021 874 2048 αὑτοῦ

84 2065 208 2092 ἐστικαὶ
227 2066 243 2101 ἠ
261 2065 329 2101 πρὸς
348 2065 410 2097 τοὺς
428 2065 551 2100 μαθητὰς
570 2065 719 2100 ἐπαγγελία
739 2066 873 2100 λέγοντοςο

88 2121 98 2136 1
114 2111 171 2138 Kal.
193 2110 247 2137 ἰδοὺ
265 2110 320 2145 ἐγὼ
338 2110 396 2145 μεθ’
413 2111 490 2146 ὑμῶν
507 2112 563 2146 εἰμι
586 2111 675 2143 πάσας
694 2111 744 2143 τὰς
758 2111 873 2147 ἡμέρας,

83 2155 140 2187 ἕως
152 2156 202 2190 τῆς
216 2155 369 2187 συντελείας
380 2155 425 2182 τοῦ
438 2156 543 2187 αἰῶνος.
563 2167 572 2182 ι
589 2156 679 2183 Ταῦτα
689 2156 716 2182 δέ
729 2165 829 2191 φαμεν,
844 2157 873 2183 οὺ

926 1562 969 1594 tit,
986 1569 1066 1596 quem
1079 1569 1129 1589 vos
1143 1561 1266 1594 nescitis,
1280 1562 1324 1596 qui
1338 1566 1399 1596 post
1413 1571 1455 1590 me
1467 1569 1596 1592 venturus
1609 1566 1708 1594 est".t

925 1605 954 1634 Si
962 1607 1113 1634 censuisset
1123 1606 1169 1633 Dei
1178 1606 1275 1634 Filium
1288 1607 1324 1634 ibi
1334 1612 1437 1634 tatttum
1447 1615 1511 1636 esse
1527 1610 1571 1636 uhi
1583 1608 1644 1637 Jcsu
1654 1618 1712 1638 cor-

924 1660 974 1688 pus
982 1652 1270 1688 videbalur,qnomodo
1277 1652 1413 1680 dixissem
1421 1653 1522 1682 Modius
1530 1661 1649 1683 vestrum
1659 1662 1711 1684 ste-

926 1699 968 1732 tit,
979 1706 1057 1733 quem
1068 1706 1115 1726 vos
1125 1698 1391 1726 nescitishEtlesus
1402 1700 1457 1735 ipse
1468 1706 1584 1728 mentem
1598 1702 1712 1738 discipu-

925 1744 1011 1772 lorum
1025 1746 1058 1772 ad
1072 1745 1213 1772 sublimius
1226 1745 1335 1772 deFilio
1347 1746 1394 1772 Dei
1419 1747 1596 1781 sentiendum,
1616 1748 1708 1783 erigit,

925 1799 986 1818 cum
999 1791 1036 1818 ait
1050 1800 1057 1818 :
1071 1791 1138 1819 1Ubi
1150 1797 1213 1818 sunt
1223 1791 1276 1818 duo
1285 1791 1386 1818 vellres
1396 1793 1550 1826 congregati
1563 1793 1588 1819 itt
1600 1794 1709 1821 nomine

926 1844 996 1869 meo,
1013 1836 1116 1863 ibisum
1131 1837 1158 1863 in
1174 1837 1264 1864 medio
1276 1844 1369 1863 eoruut
1384 1837 1432 1863 “.t
1452 1837 1506 1864 Nec
1521 1838 1654 1865 absimilis
1666 1843 1711 1866 est

925 1882 983 1916 ejus
997 1882 1030 1909 ad
1045 1882 1193 1916 diseipulos
1204 1882 1348 1916 promissio
1364 1882 1478 1909 dicentis
1492 1891 1500 1909 :
1519 1892 1529 1908 1
1541 1883 1574 1910 Et
1586 1890 1650 1911 ecce
1662 1891 1711 1919 ego

926 1925 1066 1953 vobiscum
1082 1934 1140 1952 sum
1162 1926 1288 1953 omnibus
1311 1926 1405 1953 diebus
1426 1926 1557 1961 usquead
1580 1935 1711 1955 consum-

927 1972 1072 1998 tnationem
1085 1971 1174 1998 saeculi
1193 1971 1224 1997 ι’.
1239 1980 1248 1997 ι
1267 1970 1329 1998 Haec
1353 1976 1444 1998 autem
1464 1980 1516 1999 non
1539 1979 1572 2000 eo
1593 1973 1710 2001 dicimus

926 2021 955 2044 ut
970 2016 1067 2055 Filium
1080 2017 1127 2044 Dei
1140 2024 1154 2043 a
1170 2016 1231 2044 Jesu
1249 2023 1416 2052 separemus.
1440 2017 1556 2045 Verbum
1573 2018 1645 2044 enim
1662 2019 1710 2046 Dei

927 2070 987 2089 cum
1003 2063 1094 2089 anima
1111 2067 1138 2090 et
1151 2070 1267 2097 corpore
1281 2062 1344 2090 Jesu
1360 2071 1442 2090 unum
1455 2064 1572 2091 maxime
1583 2069 1645 2099 post
1656 2064 1711 2092 dis~

929 2109 1112 2142 pensationem
1138 2108 1237 2135 factum
1265 2113 1316 2136 est.
1333 2108 1401 2135 Nam
1434 2110 1455 2135 si
1482 2109 1607 2144 quisquis
1630 2110 1711 2137 intel-

927 2154 986 2188 ligit
1013 2155 1076 2188 quid
1104 2154 1140 2181 sit
1171 2154 1308 2181 adhaerere
1336 2154 1460 2184 Domino.
1491 2159 1519 2181 et
1543 2155 1581 2181 illi
1619 2155 1710 2182 adhic-

84 2201 250 2237 χωρίζοντες
272 2201 318 2228 τὸν
335 2201 398 2227 Υίὺν
416 2200 464 2228 τοῦ
481 2201 548 2228 Θεοῦ
563 2202 616 2228 ἀπὸ
630 2201 677 2227 τοῦ
705 2201 802 2237 Ἰησοῦ.
827 2203 863 2229 Ἒπ

962 2205 986 2231 ι.
1014 2200 1036 2226 is
1060 2207 1122 2228 cum
1151 2200 1210 2233 ipso
1238 2207 1309 2226 unus
1330 2203 1372 2227 est
1393 2200 1526 2234 spiritus,
1555 2204 1586 2227 ut
1609 2199 1709 2228 Paulus

84 2247 143 2283 γὰρ
159 2247 275 2282 μάλιστα
289 2247 357 2282 μετὰ
371 2246 420 2282 τὴν
431 2247 583 2282 οἰκονομίαν
593 2247 738 2282 γεγένηται
753 2248 820 2283 πρὸς
830 2247 875 2274 τὸν

123 2304 135 2319 ⁸
154 2303 232 2331 Joan.
245 2311 302 2335 xw,
317 2303 343 2330 6.
390 2304 400 2320 ⁷
417 2303 495 2330 Joan.
514 2311 540 2335 x,
554 2304 580 2331 7.
635 2304 646 2319 ⁵
663 2303 741 2330 Joan.
754 2311 790 2334 vt.
809 2304 852 2331 50.

900 2305 910 2320 ν
929 2303 997 2331 Gen.
1012 2312 1030 2335 ι,
1046 2303 1063 2329 ’ὅ
1075 2306 1101 2329 et
1116 2302 1143 2328 6.

929 2248 1009 2274 docet
1023 2245 1065 2273 Itis
1079 2246 1186 2272 verbis:
1200 2255 1209 2271 1
1227 2245 1278 2278 Qui
1293 2245 1413 2272 adhaeret
1430 2245 1554 2278 Domino,
1571 2254 1642 2274 unus
1653 2248 1710 2282 spi—

1197 2302 1219 2317 ¹⁰
1240 2302 1318 2335 lbid.,
1331 2302 1376 2329 26.
1431 2302 1451 2317 “
1469 2301 1541 2329 Psal.
1554 2310 1665 2337 curnt,
1681 2303 1708 2330 5.

87 2340 110 2355 "
132 2339 212 2367 Joan.
228 2347 284 2371 xlv,
297 2339 324 2366 6.
364 2338 386 2354 ¹³
404 2338 483 2365 Joau.
500 2346 520 2370 t,
535 2339 580 2366 ‘26.
616 2338 637 2354 ¹¹⁸
657 2338 751 2367 Matth.
769 2346 851 2370 xrnt,
867 2338 912 2366 20.~
953 2339 974 2354 ’⁵
994 2338 1091 2365 Matth.
1103 2344 1200 2370 xxvnt,
1215 2337 1261 2363 20.
1277 2357 1288 2371 ,

136 2400 180 2431 74)
190 2399 270 2426 Κατὰ
276 2399 328 2426 τὸν
334 2398 392 2425 τῶν·
399 2399 477 2426 ὅλων
486 2399 559 2425 Θεὸν
567 2399 614 2425 καὶ
621 2398 743 2432 Πατέρα.
754 2398 790 2425 Ex
801 2407 875 2426 men-

85 2441 114 2464 te
126 2433 264 2470 Origenis,
279 2433 541 2467 inquitBulterellus,
556 2435 726 2470 vertendum,
737 2434 874 2461 1secundo

86 2476 150 2505 post
172 2468 290 2496 universi
316 2470 400 2505 Deum
415 2473 505 2505 atque
521 2473 670 2505 parentem
699 2468 773 2505 loco;
793 2478 802 2493 ι
821 2476 873 2495 non

86 2503 150 2532 cum
164 2505 312 2538 interprete
325 2503 465 2536 Gelenio,1
478 2503 562 2537 ipsius
579 2510 668 2538 rerum
686 2503 874 2530 universarum

87 2541 137 2567 Dei
163 2537 244 2572 atque
259 2538 379 2572 parentis
400 2538 567 2572 testimonio.
591 2547 600 2562 ι
619 2537 685 2563 Nam
706 2538 728 2564 si
745 2538 788 2564 hic
802 2543 874 2564 esset

86 2571 207 2603 sensus.’
227 2571 326 2599 frustra
346 2577 406 2607 post
419 2571 472 2599 ὑπὸ
487 2572 541 2598 τῶν
555 2571 711 2607 προφητῶν,
727 2573 873 2599 adderetur

86 2608 159 2636 κατὰ
173 2608 218 2634 τὸν
239 2607 315 2634 Θεόν.
340 2607 492 2638 Przcterea,
514 2608 570 2634 hare
592 2608 720 2640 epitheta,
740 2607 786 2633 τὸν
817 2607 870 2633 τῶν

85 2645 156 2684 ὅλων
174 2643 239 2684 Θεὸν
254 2643 302 2683 καὶ
322 2642 442 2684 Πατέρα,
462 2642 632 2684 tuatuifes'lant
647 2643 872 2684 COIIIillerlll'allll-

87 2679 186 2705 thesim
205 2679 238 2704 ad
254 2678 316 2713 iSIar,
337 2677 456 2713 μεγάλην
475 2677 538 2703 ὄντα
550 2677 674 2713 δύναμιν
686 2678 732 2703 καὶ
749 2677 825 2709 Θεόν,
844 2682 874 2703 ul.

85 2713 171 2742 Pater
191 2721 273 2746 supra
290 2712 387 2739 Filium
403 2712 546 2743 evehatur.
561 2712 788 2746 quemadmodum
810 2719 874 2737 eve-

85 2749 162 2776 hitur
179 2749 212 2774 ab
228 2747 345 2781 Origene
361 2747 429 2773 inl‘ra
444 2747 511 2773 libro
528 2752 634 2777 octavo,
656 2754 730 2774 unm.
746 2747 788 2772 15.
809 2746 873 2781 Τοῷ

86 2783 168 2815 κατά,
189 2779 347 2809 inferiorem
364 2783 485 2808 ordinent
508 2781 661 2808 denotaulis
686 2781 809 2814 exempla
835 2779 874 2806 af-

88 2819 159 2845 ferre
173 2817 352 2851 supersedeo.
367 2824 427 2842 cum
443 2817 520 2843 obvia
538 2817 601 2843 sint.
621 2817 646 2842 ld
665 2824 745 2842 unum
765 2816 874 2849 insuper

86 2861 187 2881 moneo
199 2853 226 2879 in
243 2852 336 2878 codice
347 2852 495 2886 Anglicano
510 2853 596 2886 printo
608 2852 702 2880 deesse
715 2851 785 2879 istud
793 2851 874 2885 κατὰ,

228 2897 366 2928 ΡΑτιιοι..
386 2898 444 2929 Gn.
464 2896 520 2931 XI.

928 2400 1006 2437 itaut
1016 2397 1156 2437 unaﬁserile
1172 2397 1414 2437 legali-tragivapiv
1426 2397 1473 2437 καὶ
1487 2397 1563 2437 (θεὸν,
1577 2397 1631 2424 τῶν
1641 2398 1711 2437 ὅλων

927 2434 993 2460 Θεὺν
1012 2432 1060 2459 καὶ
1072 2431 1191 2467 Πατέρα.
1203 2431 1276 2467 Vide
1287 2432 1334 2467 lih.
1352 2440 1368 2458 ιι
1385 2431 1552 2465 Οι-ἰᾳειιὶαη..
1566 2438 1664 2466 quaest.
1682 2435 1710 2460 Ξ.

962 2468 1017 2504 (75)
1034 2466 1264 2507 ῌροσζαχθέιςτα
1288 2466 1322 2492 δὲ
1345 2467 1540 2507 τρννᾼότοζν,
1565 2473 1618 2507 etc.
1644 2468 1710 2506 Vide

926 2500 987 2537 quia
1009 2500 1199 2564 adnotavimus
1224 2503 1249 2528 in
1272 2509 1334 2535 cap.
1358 2502 1371 2527 1
1405 2501 1451 2528 lib.
1473 2509 1482 2527 ι
1507 2500 1576 2534 Περὶ
1599 2501 1709 2536 ἀρχῶν,

925 2545 1001 2565 ιιιιιιι.
1037 2555 1044 2562 .

962 2582 1017 2618 (76)
1037 2581 1277 2613 Ἑπιϐάλλοντες.
1294 2580 1426 2620 εἱσι-οςιο
1437 2588 1531 2619 omnes
1544 2581 1592 2607 cod
1607 2582 1622 2607 ἲ.
1633 2589 1711 2621 11155.,

925 2617 1152 2680 ἓᾌῖἓὶὲἐςοιιιιιιο
1165 2617 1210 2651 qui
1219 2624 1280 2649 gum
1289 2616 1367 2642 libris
1377 2622 1515 2648 Impressts
1527 2615 1618 2648 habet,
1627 2624 1711 2650 αμφι-

992 2661 1078 2683 οντες.

962 2698 1017 2733 (77)
1038 2697 1154 2730 Στήκει.
1171 2696 1215 2733 Sic
1227 2703 1321 2733 omnes
1334 2703 1398 2722 mss.
1414 2699 1440 2722 et
1455 2695 1634 2733 llmsrhelius,
1646 2703 1712 2733 quo-

927 2730 986 2760 rum
1000 2730 1121 2767 neglecta
1141 2731 1255 2758 lectione
1271 2731 1425 2764 Spencerus
1447 2732 1583 2765 vulgatum
1599 2730 1712 2757 Joannis

929 2773 1033 2795 textum
1050 2775 1113 2793 SCC“
1119 2772 1160 2793 lus
1178 2770 1228 2792 est.

963 2813 1020 2849 (78)
1041 2814 1120 2842 Libb.
1145 2814 1219 2847 editi,
1242 2813 1307 2840 ὅπου
1322 2813 1375 2840 εἰσὶ
1387 2813 1443 2846 δύο,
1461 2813 1507 2840 sed
1520 2821 1534 2840 a
1548 2819 1615 2840 mss.
1631 2811 1711 2840 eoid.

929 2850 1006 2877 abest
1019 2849 1081 2876 εἰσί.

1521 2893 1560 2923 26
