1843 3097
82 132 134 160 815

685 131 823 160 CONTRA
844 129 983 157 CELSL'M
1003 129 1067 157 LIB.
1087 130 1120 158 ll.

1659 132 1712 159 8M

81 191 221 227 βοηθῆσαι,
240 190 286 217 καὶ
301 190 458 223 πατάξαντα
474 190 519 217 τὸν
531 190 578 218 τοῦ
596 190 747 226 ἀρχιερέως
767 189 857 215 δοῦλον

957 187 994 214 ιῐη
1010 193 1037 215 et
1051 187 1084 214 ad
1098 195 1159 214 eum
1175 189 1220 223 qui
1241 196 1318 224 opem
1334 189 1358 216 ei
1372 189 1443 216 ferre
1457 189 1572 224 volebat,
1587 197 1710 218 servum-

80 237 127 263 καὶ
140 235 273 270 ἀφελόντα
287 236 368 262 αὐτοῦ
378 236 408 262 τὸ
420 237 500 263 ὠτίον
510 256 517 268 ,
536 235 622 264 εἶπεψ
649 245 658 261 ι
687 235 869 270 Ἀπόστρεψον

79 281 128 316 τὴν
146 281 282 316 μάχαιράν
300 289 346 306 σου
361 281 399 312 εἰς
416 280 460 306 τὸν
476 281 558 307 τόπον
575 280 667 315 αὐτ-ἧς’
694 279 794 310 πάντες
815 279 869 315 γὰρ

79 327 103 353 οἱ
114 326 241 357 λαϐόντες
259 325 394 361 μάχαιραν
408 326 435 351 ὲν
454 325 575 361 μαχαίρᾳ
588 325 757 351 ἀπολοῦνται.
779 324 814 350 Ἢ
829 323 871 349 δο-

80 373 123 398 κεῖ
149 381 188 398 σοι
205 372 259 407 (83)
283 372 324 398 ὃτι
340 373 370 398 οὐ
392 371 507 407 δύναμαι
529 372 590 407 ἄρτι
616 370 803 406 παρακαλέσαι
825 369 871 396 τὸν

80 417 188 453 Πατέρα
201 426 262 452 μου,
279 418 325 444 καὶ
345 419 513 453 παραστήσει
530 426 574 452 μοι
589 414 639 443 ὦδε
654 416 761 447 πλείους
783 415 799 451 ἦ
819 415 870 441 δώ-

80 463 145 489 δεκα
162 462 297 496 λεγεῶνας
320 462 460 496 ἁγγέλων;
486 462 548 493 Πῶς
570 459 616 488 οὖν
641 460 820 496 πληρωθῶσιν
842 459 870 486 αἱ

80 507 197 543 Γραφαὶ,
210 508 250 534 ὅτι
262 507 331 534 οὕτω
343 508 384 533 δεῖ
397 507 533 541 γενέσθαι;
546 518 554 532 ι
567 507 598 533 Εἰ
613 507 640 532 δὲ
654 506 801 541 πλάσματα
814 506 870 531 τῶν

80 552 242 589 γραψάντων
255 553 288 579 τὰ
303 553 454 588 Εὑαγγέλια
467 553 552 579 οἴεται
563 562 604 584 τις
620 551 688 579 εἶναι
702 552 798 583 ταῦτα,
813 551 871 583 πῶς

80 598 140 634 οὐχ).
158 598 257 634 μᾶλλον
276 599 423 634 πλάσματα
448 599 497 634 μέν
519 599 624 626 ἐστιτὰ
640 599 695 625 ἀπὸ
712 598 807 634 ἔχθους
825 599 872 624 καὶ

82 644 178 679 μίσους
194 645 240 671 τοῦ
264 645 331 680 πρὸς
347 645 427 672 αὑτὸν
447 646 493 671 καὶ
515 645 694 679 Χριστιανοὺς
718 644 850 679 λεγόμενα
863 664 870 676 ,

80 689 193 725 ἀλήθεια
206 690 234 716 δὲ
250 690 284 716 τὰ
295 690 348 716 τῶν
365 690 396 716 τὸ
411 690 521 726 γνήσιον
541 690 590 725 τῆς
605 690 673 724 πρὸς
694 689 740 716 τὸν
770 689 872 724 Ἰησοῦν

80 736 225 768 διαθέσεως
239 736 445 771 ἀποδεξαμένων
467 736 523 771 (8³η)
551 737 579 763 ὲν
588 736 626 771 τῷ
644 736 697 763 πᾶν
711 735 812 762 ὅτιποτ⁷
825 734 872 763 οὖν

81 782 318 818 ὑπομεμενηκέναι
339 782 382 808 διὰ
401 782 464 813 τοὺς
487 781 582 816 λόγους
606 782 704 814 adrui;
731 782 872 817 Τοσαύτην

80 828 134 864 γὰρ
153 828 290 863 ὑπομονὴν
306 828 352 854 καὶ
368 827 491 854 ἔνστασιν
507 827 587 863 μέχρι
600 827 713 854 θανάτου
728 823 872 861 ἀνειληφὲ-

80 883 123 901 ναι
139 874 203 905 τοὺς
221 873 308 909 Ἰησοῦ
324 873 457 909 μαθητὰς,
478 873 546 909 μετὰ
563 873 708 904 διαθέσεως
734 873 783 899 οὐκ
804 873 869 899 ἀνα·
890 862 909 889 Β

81 920 253 955 πλασσούσης
269 920 323 955 (85)
338 920 400 956 περὶ
411 920 458 946 τοῦ
470 920 629 946 διδασκάλου
645 919 678 945 τὰ
688 919 724 954 μὴ
737 919 811 946 ὄντα·
825 919 873 945 καὶ

81 964 147 991 πολὺ
161 966 216 1001 τοῖς
227 964 426 999 εὺγνωμονοῦσι
442 964 471 991 τὸ
486 964 599 999 ἐναργές
613 964 671 989 ἐστι
686 964 749 999 περὶ
761 963 808 990 τοῦ
823 971 873 989 πε-

80 1011 187 1037 πεῖσθαι
204 1011 302 1042 αὐτοὺς
314 1010 377 1045 περὶ
390 1007 427 1036 ὧν
442 1009 607 1045 ἀνέγραψαν,
620 1010 653 1036 ἐκ
664 1008 710 1035 τοῦ
723 1009 873 1044 τηλικαῦτα

80 1058 126 1084 καὶ
142 1056 268 1088 τοσαῦτα,
283 1056 327 1083 διὰ
338 1056 382 1082 τὸν
397 1058 608 1093 πεπιστευμένον
622 1056 713 1087 αὐτοῖς
727 1054 795 1083 εἶναι
809 1055 873 1082 Υἱδν

78 1101 157 1134 Θεοῦ,
167 1101 416 1137 ὑπομεμενηκέναι.

135 1145 245 1180 ἴτα,ὃτι
269 1148 317 1182 μὲν
336 1143 558 1182 ὑφ’ὧνὼνόμαζε
577 1146 703 1182 μαθητῶν
727 1146 871 1182 προὺδόθη,

79 1192 180 1228 ἔμαθεν
196 1193 210 1218 ὁ
228 1194 303 1227 παρὰ
325 1192 363 1227 τῷ
383 1192 481 1226 Κέλσῳ
501 1191 624 1222 Ἰουδαῖος
640 1190 694 1217 ἀπὸ
714 1191 768 1217 τῶν
785 1190 873 1225 Εὐαγ-

78 1239 186 1273 γελέων,
205 1238 319 1270 πολλοὺς
334 1237 419 1265 εἰπὼν
432 1237 554 1274 μαθητὰς
570 1237 615 1264 τὸν
630 1237 680 1264 ἕνα
700 1236 811 1268 Ἰούδαν,
829 1236 872 1263 ἵνα

78 1283 140 1319 δόξῃ
160 1283 252 1316 αὔξειν
264 1284 313 1319 τὴν
327 1284 503 1320 κατηγορίαν·
515 1283 607 1309 οὐκέτι
620 1283 648 1309 δὲ
663 1282 751 1309 πάντα
761 1282 794 1308 τὰ
808 1282 871 1318 περὶ

80 1329 126 1356 τοῦ
148 1329 234 1355 Ἰούδα
251 1329 480 1366 ἀναγεγραμμένα
498 1328 718 1364 περιειργάσατο’
736 1328 776 1354 ὅτι
790 1336 873 1363 μαχο-

81 1374 177 1409 μέναις
197 1375 244 1401 καὶ
265 1375 401 1406 ἐναντίαις
427 1374 533 1410 κρίσεσι
557 1373 713 1409 περιπεσὼν
734 1374 748 1399 ὁ
773 1373 872 1405 Ἰούδας

80 1421 144 1456 περὶ
160 1420 207 1447 τοῦ
219 1420 388 1452 διδασκάλου,
404 1420 461 1447 οὗθ’
475 1421 522 1456 ὅλῃ
542 1419 614 1455 ψυχῇ
634 1419 729 1454 γέγονε
749 1420 809 1446 κατ’
825 1419 873 1446 αὐ-

79 1466 135 1498 τοῦ,
151 1467 207 1493 οὐδ’
220 1467 267 1503 ὅλῃ
274 1467 345 1502 ψυχῇ
361 1467 476 1502 ἐτήρησε
491 1465 540 1501 τὴν
552 1465 617 1492 αἰδὼ
630 1465 699 1501 πρὸς
713 1465 873 1493 διδάσκαλον

79 1511 218 1547 «parm-.05.
239 1511 268 1539 Ὁ
281 1512 333 1547 γὰρ
349 1511 512 1546 παραδιδοὺς
526 1511 606 1538 αὐτὸν
619 1511 702 1537 ἔδωκε
717 1511 757 1546 τῷ
777 1511 873 1546 ὲληλυ-
885 1525 908 1556 C

79 1559 135 1586 Θότι
152 1559 200 1585 ἐπὶ
211 1559 242 1585 τὸ
254 1558 396 1584 συλλαϐεῖν
409 1558 454 1584 τὸν
476 1556 578 1593 Ἰησοῦν
591 1558 702 1592 σημεῖον
719 1556 788 1592 ὄχλῳ
800 1576 808 1588 ,
829 1556 871 1583 λέ-

78 1613 144 1638 γων·
161 1615 171 1630 ‹
186 1606 234 1632 Ὃν
245 1605 277 1632 ἂν
288 1605 402 1640 φιλήσω,
412 1603 492 1634 αὑτός
507 1604 574 1629 ἐστι·
587 1603 741 1638 κρατήσατε
752 1602 842 1629 αὐτόν·
859 1612 868 1628 ›

80 1650 174 1682 σώζων
187 1659 214 1676 τι
230 1650 280 1683 τῆς
296 1649 363 1684 πρὸς
376 1649 456 1675 αὑτὸν
473 1647 573 1680 αἰδοῦς·
595 1649 619 1675 εἰ
641 1648 696 1683 γὰρ
712 1648 750 1684 μὴ
770 1648 872 1680 ἔσωζεν

79 1695 162 1730 αὐτὴν
175 1716 183 1728 ,
200 1695 252 1721 κᾶν
276 1695 346 1730 μετὰ
368 1694 537 1730 παρρησίας,
561 1693 646 1729 χωρὶς
666 1694 872 1729 προσποιήσεως

79 1741 243 1776 φιλήματος,
257 1740 412 1776 παρέδωκεν
428 1740 518 1766 αὐτόν.
535 1738 620 1765 Τοῦτο
638 1739 686 1774 μὲν
706 1737 751 1765 οὖν
769 1739 872 1770 πάντας

79 1787 169 1813 πεὶσει
185 1787 249 1822 περὶ
274 1787 323 1821 τῆς
345 1786 391 1813 τοῦ
412 1785 495 1812 Ἰούδα
512 1785 697 1821 προαιρέσεως
710 1804 717 1816 ,
740 1785 781 1811 ὅτι
803 1784 873 1820 μετὰ

77 1833 126 1868 τῆς
140 1833 324 1869 φιλαργυρίας
338 1832 385 1858 καὶ
397 1831 447 1867 τῆς
468 1831 606 1867 μοχθηρᾶς
624 1830 679 1866 (86)
703 1831 742 1862 εὶς
756 1831 787 1857 τὺ
805 1840 872 1867 προ-

78 1879 171 1905 δοῦναι
189 1879 234 1905 τὸν
248 1878 405 1907 διδάσκαλον
423 1877 608 1913 προαιρέσεως
621 1874 678 1911 εἶχέ
695 1885 721 1902 τι
737 1876 872 1911 ἀναμεμι-

78 1925 179 1960 γμένον
195 1926 223 1951 ὲν
239 1926 273 1960 τῇ
377 1924 430 1950 ἀπὸ
444 1924 497 1950 τῶν
506 1923 592 1959 Ἰησοῦ
604 1923 689 1957 λόγων
706 1922 780 1958 αὐτῷ
795 1923 872 1957 ἐγγε-

78 1970 230 2005 γενημένον
249 1969 314 2005 (87),
333 1969 451 2004 ἔμφασιν
468 1968 528 2004 ἔχον
550 1968 698 2004 λείμματος
720 1968 763 2003 (ἵν’
786 1968 871 2000 οὕτως

77 2015 215 2050 ὀνομάσω)
229 2015 420 2051 χρηστότητος.
436 2015 589 2050 Γέγραπται
605 2014 669 2050 γὰρ,
684 2015 724 2041 ὃτι
740 2023 749 2039 ι
773 2014 844 2041 Ἰδὼν
858 2015 872 2040 ὁ

83 2060 197 2092 Ἰούδας,
211 2062 226 2087 ὀ
239 2061 400 2096 παραδιδοὺς
423 2060 521 2091 αὑτὸν,
546 2061 586 2086 ὃτι
611 2060 770 2097 κατεκρίθη,
788 2069 871 2095 μετα-

78 2105 207 2141 μεληθεὶς
215 2105 328 2140 ἔστρεψε
336 2105 371 2132 τὰ
379 2105 526 2142 τριάκοντα
534 2105 653 2141 ἀργύρια
664 2107 719 2137 τοῖς
728 2105 872 2141 ἀρχιερεῦη

78 2159 104 2176 σι
118 2151 167 2178 καὶ
176 2151 382 2187 πρεσϐυτέροις,
396 2151 492 2185 λέγων·
506 2151 645 2186 Ἥμαρτον
656 2151 793 2186 παραδοὺς
802 2148 872 2186 αἷμα

76 2197 182 2224 δίκαιον
195 2196 260 2232 (88).
275 2197 306 2223 Οἱ
317 2196 345 2223 δὲ
359 2196 445 2224 εἷπηνσ
461 2197 493 2223 Tt
506 2197 572 2232 πρὸς
587 2197 670 2232 ἡμᾶς
685 2197 717 2223 σὺ
731 2196 801 2231 ὄψει.
818 2198 872 2224 Καὶ

78 2240 159 2278 ῥίψας
174 2243 210 2269 τὰ
226 2243 344 2279 ἀργύρια
354 2244 393 2274 εἰς
405 2243 449 2270 τὸν
459 2243 533 2274 ναὸν,
547 2242 713 2278 ἀνεχώρησε·
727 2243 774 2269 καὶ
785 2243 870 2269 ἀπελ-

77 2288 130 2317 θὼν
146 2289 300 2325 ἀπήγξατο.
319 2299 328 2315 ι
345 2289 429 2316 Εὶδ’ὁ
442 2289 606 2325 φιλάργυρος
623 2289 733 2321 Ἰούδας,
751 2289 798 2316 καὶ
809 2289 870 2316 κλέ-

111 2371 134 2386 ε’
148 2365 327 2401 ΜαιιΙι,χκν1,
339 2369 384 2400 52,
397 2369 441 2402 55,
457 2369 501 2396 5t.
553 2370 576 2385 ’³
596 2369 692 2396 Matth.
720 2377 795 2402 xxvt,
823 2370 867 2398 43.

113 2462 170 2497 (85)
187 2461 276 2488 Δοκεῖ
286 2469 344 2488 σοι.
370 2462 416 2490 Sic
440 2470 534 2490 ornues
559 2462 637 2489 codd.
662 2470 727 2489 mss.
752 2462 866 2494 Vulgata

77 2505 142 2524 vero
159 2497 281 2532 Matthxi
297 2497 472 2532 exemplaria,
492 2497 589 2528 δοκεῖς.
608 2497 692 2524 Paulo
714 2502 772 2532 post
788 2499 868 2528 codd.

78 2533 180 2567 Regius
192 2538 219 2559 et
237 2531 411 2565 Basilcensis,
425 2532 496 2559 οὕτω
513 2532 552 2558 δεῖ
577 2532 713 2566 γενέσθαι.
737 2532 867 2561 lltesche-

76 2566 129 2595 lius
145 2573 174 2594 et
189 2567 343 2600 Spenccrus
355 2568 380 2593 in
402 2573 486 2598 textu,
501 2566 586 2598 οὕτως
603 2567 656 2593 ἔδει
671 2567 807 2601 γενέσθαι.

110 2603 170 2636 (Si)
188 2600 435 2636 Ἀποδεξαμένων.
450 2600 766 2637 ιορωάποδειξαμένων.
782 2602 865 2630 Paulo

76 2643 137 2671 post
154 2637 221 2664 libb.
244 2638 320 2668 editi,
345 2637 391 2663 καὶ
410 2637 544 2672 τοσαύτην
566 2637 619 2672 ἄρα
638 2637 786 2672 ὑπομονήν.
813 2638 866 2664 Sed

75 2680 172 2699 (mines
190 2679 254 2698 mss.
271 2676 298 2696 ιιι
311 2672 336 2697 iu
355 2677 448 2698 nostro
463 2677 546 2702 textu,
562 2680 583 2699 su
597 2673 717 2706 excipias
730 2672 864 2699 lulianum

75 2708 119 2741 qui
134 2708 251 2733 alteram
267 2706 409 2732 lectionem
428 2708 559 2740 sequitur.

109 2742 168 2777 (85)
196 2743 257 2767 Οὐκ
275 2741 548 2775 ἀνίιπλασσούσης.
568 2741 594 2768 ln
617 2749 684 2768 mss.
710 2742 785 2768 deest
805 2741 866 2774 οὐκ,

75 2778 146 2807 quod
159 2777 259 2803 abesse
271 2781 357 2810 potest
372 2777 393 2803 si
405 2782 504 2803 uetera
519 2777 714 2810 interrogative
732 2776 866 2809 legantur.

77 2811 111 2838 Ut
126 2816 155 2837 ut
173 2815 227 2840 est.
252 2815 314 2844 post
333 2810 402 2845 μετὰ
421 2811 567 2843 διαθέσεως
593 2811 768 2839 scribendum
789 2811 867 2846 γεγο-

74 2854 119 2873 νεν
139 2846 183 2873 vel
197 2845 299 2881 aliquid
314 2847 413 2873 simile.

920 240 973 268 que
988 233 1122 268 pontiﬁcis
1130 239 1301 268 percusserat
1310 239 1390 269 atque
1402 235 1460 269 ejus
1471 235 1624 263 absciderat
1636 237 1694 264 auri
1705 251 1712 258 ι

921 279 1019 312 calam,
1030 279 1097 306 dixit
1110 288 1131 306 τί
1142 279 1277 307 Converte
1287 281 1403 315 gladium
1412 286 1485 308 tuum
1493 281 1519 308 iu
1529 281 1615 309 locum
1622 289 1712 310 suum.

921 325 1021 353 Omnes
1032 326 1104 352 enim
1114 325 1160 360 qui
1168 330 1330 360 acceperunt
1339 327 1467 361 gladium,
1478 327 1566 361 gladio
1575 328 1712 362 peribunt.

921 371 963 397 An
978 375 1056 405 putas
1079 370 1141 404 quia
1159 377 1211 397 non
1229 378 1337 404 possum
1356 379 1451 406 rogare
1469 372 1578 399 Patrem
1609 380 1710 405 meum,

921 421 948 442 et
960 414 1101 443 exhibebit
1113 414 1178 440 mihi
1190 415 1269 442 modo
1280 415 1338 449 plus
1349 423 1429 449 quam
1442 417 1582 444 duodecim
1593 417 1712 452 legiones

923 460 1103 496 angelorum?
1119 461 1260 494 Quomodo
1275 468 1340 496 ergo
1355 461 1538 495 implebuntur
1551 462 1711 497 Scriptum.

923 508 984 542 quia
1002 507 1041 534 sic
1054 512 1163 542 oportet
1179 508 1237 534 lieri
1252 507 1296 534 "?
1314 517 1323 533 ι
1341 507 1418 540 Quod
1432 508 1517 544 siquis
1532 509 1588 535 haec
1600 516 1714 543 cvange-

924 554 1048 582 listarum
1064 555 1191 590 ﬁgmenta
1208 562 1269 582 esse
1284 555 1422 589 opinatur,
1436 563 1486 582 cur
1506 562 1559 582 non
1576 557 1665 590 potius
1679 556 1711 583 li-

923 607 1031 635 gmcnta
1046 600 1156 632 fuerint,
1171 607 1230 634 quae
1244 600 1376 627 adversus
1390 600 1481 627 Jesum
1499 605 1526 627 et
1539 601 1713 628 Christianos

924 645 1063 672 infensum
1078 646 1170 672 odium
1189 651 1371 673 commentum
1396 650 1453 679 est;
1478 646 1583 673 veritas
1608 650 1711 678 autem,

923 699 983 726 qua:
997 691 1094 718 litteris
1106 691 1303 718 mandaverunt
1323 692 1352 723 ii,
1364 691 1410 726 qui
1427 692 1500 719 omni
1515 699 1656 726 ptenarum
1668 700 1713 726 ge—

924 745 990 765 nere
1002 743 1113 773 propter
1125 736 1188 765 Jesu
1203 738 1353 765 doctrinam
1365 737 1529 772 perferendo
1541 737 1712 765 demonstra-

926 787 986 809 runt
998 789 1078 816 quam
1092 782 1198 809 sincero
1211 789 1273 817 erga
1294 782 1368 809 illum
1385 783 1476 809 animo
1490 782 1595 809 essent?
1623 782 1711 809 Tanta

924 826 1009 858 enim,
1035 831 1090 853 tam
1119 826 1197 854 ﬁrma
1224 827 1257 853 ad
1273 831 1385 854 mortem
1401 834 1485 860 usque
1499 827 1654 854 constantia
1669 835 1714 853 ar-

925 877 1051 907 gumento
1068 877 1122 905 cst,
1136 872 1284 907 discipulos
1307 872 1371 900 Jesu
1387 881 1438 900 non
1463 872 1546 901 fuisse
1570 881 1617 901 eos
1630 893 1638 906 ,
1665 874 1712 908 qui

925 917 1059 952 ﬁngerent
1082 917 1115 945 de
1140 918 1270 952 magistro
1290 926 1339 946 suo
1361 926 1421 952 qua:
1442 918 1598 953 neutiquam
1620 924 1710 952 erant;

924 962 1061 996 apostolos
1073 967 1163 990 autem
1178 970 1228 997 pro
1236 964 1318 991 certis
1330 963 1458 991 habuisse
1471 972 1531 999 qua:
1540 964 1710 999 scripserint,

923 1008 1009 1043 {equis
1026 1016 1117 1036 rerum
1132 1009 1341 1036 atstimatoribus
1365 1009 1427 1036 inde
1453 1009 1623 1045 perspicuum
1649 1015 1711 1042 est,

925 1055 994 1089 quod
1013 1059 1052 1082 tot
1072 1062 1104 1083 ac
1118 1059 1192 1082 tanta
1208 1053 1370 1090 pertulerint
1391 1060 1502 1091 propter
1525 1064 1604 1090 eum,
1630 1064 1710 1092 quem

924 1100 971 1128 Dei
988 1101 1086 1128 Filiqu
1098 1108 1158 1129 esse
1169 1101 1327 1128 credebant.

960 1149 1004 1175 ll.
1020 1148 1123 1176 Deinde
1139 1148 1210 1182 quod
1225 1148 1263 1175 ait
1277 1147 1348 1175 Celsi
1368 1147 1488 1180 .ludaaus,
1508 1147 1601 1176 Jcsum
1620 1148 1654 1176 ab
1677 1149 1712 1176 iis

923 1193 1060 1228 proditum
1077 1200 1148 1225 esse,
1166 1200 1234 1227 quos
1249 1200 1313 1220 suos
1326 1193 1475 1228 discipulos
1488 1198 1643 1226 vocaverat,
1670 1194 1712 1220 di-

924 1240 990 1267 dicit
1002 1240 1112 1274 quidem
1126 1246 1159 1267 ex
1179 1232 1343 1273 Evangeliis,
1362 1239 1410 1266 sed
1429 1238 1544 1272 plurium
1560 1238 1711 1274 discipulo-

924 1293 983 1312 rum
999 1292 1112 1312 numero
1130 1293 1213 1314 unum
1229 1285 1325 1312 Judam
1338 1291 1369 1311 ea
1387 1288 1476 1311 mente
1491 1283 1666 1318 signiﬁcavit,
1682 1289 1712 1310 ut

923 1331 1090 1358 accusationi
1108 1330 1169 1365 plus
1185 1330 1312 1365 ponderis
1326 1330 1448 1357 adderet.
1464 1330 1498 1357 At
1512 1337 1572 1364 qua:
1585 1329 1618 1357 de
1641 1329 1709 1358 Juda

923 1376 1024 1411 scripta
1039 1381 1110 1408 sunt,
1129 1384 1182 1404 non
1197 1376 1262 1403 satis
1278 1375 1473 1406 consideravit,
1493 1374 1590 1402 Jud-Im
1614 1383 1710 1410 nempe

924 1422 1069 1448 contrariis
1080 1421 1114 1448 de
1128 1421 1258 1455 magistro
1276 1421 1436 1447 distractum
1450 1420 1577 1454 iudiciis,
1603 1428 1653 1448 nec
1676 1429 1709 1447 ex

925 1471 983 1494 toto
997 1467 1088 1494 animo
1112 1467 1248 1494 iul‘ensum
1266 1467 1290 1493 ei
1309 1466 1403 1499 fuisse,
1421 1474 1471 1494 nec
1486 1473 1517 1493 ex
1548 1471 1604 1493 toto
1618 1467 1710 1493 animo

924 1520 1047 1539 servasse
1060 1513 1177 1539 debitam
1195 1513 1325 1548 magistro
1339 1513 1531 1539 reverentiam.
1550 1512 1618 1539 Nam
1634 1513 1709 1539 illum

924 1558 1092 1592 proditurus,
1120 1557 1171 1585 hoc
1196 1558 1283 1585 turbae
1304 1558 1338 1585 ad
1358 1558 1645 1592 comprehendendum
1666 1567 1711 1586 vc-

923 1603 1007 1629 nienti
1024 1603 1130 1637 signum
1143 1603 1217 1630 dedit
1234 1612 1241 1631 :
1261 1612 1270 1628 (
1286 1605 1483 1637 Quemcunque
1496 1603 1635 1630 osculatus
1653 1604 1712 1630 fue-

923 1657 964 1682 ro,
982 1649 1038 1683 ipse
1049 1653 1101 1681 est,
1117 1653 1207 1676 tenete
1219 1657 1280 1676 eum
1293 1650 1327 1677 ".
1348 1660 1357 1676 ›
1371 1651 1428 1684 Qua
1454 1651 1481 1677 in
1494 1649 1591 1684 agendi
1607 1650 1712 1676 ratione

922 1694 1046 1721 nonnihil
1064 1698 1106 1721 est
1126 1694 1296 1726 reverentiae;
1312 1702 1394 1729 quam
1408 1695 1429 1722 si
1451 1698 1533 1721 totam
1549 1693 1632 1729 396
1643 1694 1712 1720 ami-

923 1740 1016 1772 sisset,
1035 1739 1120 1766 libere
1138 1740 1274 1774 profecto,
1288 1744 1314 1766 et
1329 1740 1400 1767 nulla
1417 1739 1504 1767 osculi
1529 1740 1652 1768 adhibita
1673 1740 1711 1766 si-

923 1786 1093 1817 mulatione,
1119 1785 1211 1812 Jesum
1241 1785 1408 1814 tradidisset.
1440 1785 1515 1813 Unde
1543 1785 1711 1820 perspicient

922 1839 1016 1858 omnes
1031 1832 1057 1858 in
1073 1833 1163 1860 anima
1178 1831 1265 1864 Judte,
1289 1836 1387 1866 praeter
1403 1831 1509 1867 argenti
1533 1831 1710 1865 cupiditatem

923 1878 1141 1912 sceleratumque
1153 1877 1298 1905 consilium
1313 1877 1473 1911 magistrum
1493 1876 1638 1911 prodendi,
1661 1876 1712 1903 ali-

922 1924 986 1958 quid
1001 1924 1144 1951 admistum
1159 1924 1244 1950 fuisse
1257 1923 1329 1958 quod
1349 1922 1417 1950 .Jesu
1441 1930 1582 1949 sermones
1607 1923 1712 1950 indide—

923 1974 995 2002 rant,
1010 1974 1037 1996 et
1051 1969 1238 2004 exquoaliqua
1256 1968 1350 1995 saltem
1368 1967 1495 2000 residuas.
1508 1973 1537 1994 ut
1553 1969 1590 1995 ita
1607 1969 1706 2001 dicam,

922 2016 1051 2042 bonitatis
1064 2015 1170 2050 species
1181 2019 1346 2049 erumperet.
1359 2014 1405 2041 Sic
1416 2015 1488 2041 enim
1502 2014 1633 2048 scriptum
1647 2020 1688 2042 est
1702 2023 1710 2042 :

926 2070 935 2087 ι
957 2060 1058 2088 Videns
1072 2060 1169 2093 ludas,
1182 2060 1227 2095 qui
1240 2067 1301 2087 eum
1327 2059 1458 2091 tradidit,
1479 2060 1550 2093 quod
1567 2061 1712 2086 damnatus

922 2111 1006 2138 esset,
1022 2106 1184 2141 paenitentia
1202 2106 1311 2138 ductus,
1327 2106 1418 2132 retulit
1439 2106 1548 2140 triginta
1565 2111 1710 2142 argenteos

924 2151 1090 2185 principibus
1107 2151 1279 2178 sacerdotum
1293 2155 1321 2178 et
1331 2151 1493 2183 senioribus,
1510 2151 1603 2178 dicens
1622 2159 1629 2178 :
1646 2151 1714 2179 Pec—

890 2197 911 2223 D
925 2199 984 2226 cavi
1006 2199 1116 2226 tradens
1133 2199 1294 2233 sanguinem
1321 2197 1435 2232 justum.
1450 2200 1485 2226 At
1496 2198 1543 2225 'illi
1559 2198 1687 2225 dixerunt
1703 2205 1710 2224 :

924 2245 992 2278 Quid
1007 2246 1040 2272 ad
1052 2245 1159 2272 nositu
1181 2245 1293 2272 videris.
1316 2245 1349 2272 Et
1371 2244 1502 2279 proiectis
1524 2244 1658 2279 argenteis
1684 2245 1710 2271 in

925 2291 1033 2327 templo,
1050 2292 1172 2324 recessit,
1185 2296 1211 2319 et
1227 2291 1321 2319 abiens
1336 2291 1434 2326 laquco
1453 2298 1482 2319 se
1495 2291 1679 2326 suspendit“.
1700 2301 1708 2317 ι

905 2371 928 2387 ’³
941 2371 1034 2398 Matth.
1050 2378 1134 2403 xxv",
1148 2370 1175 2402 ’5,
1190 2371 1216 2402 4,
1231 2371 1257 2397 5.

957 2464 1012 2500 (86)
1030 2464 1201 2490 llmst-helius
1217 2463 1377 2500 μοχθηρίας,
1395 2464 1486 2496 male;
1513 2465 1563 2492 nisi
1582 2465 1651 2492 l'ortc
1668 2473 1713 2492 sc-

920 2507 1006 2534 quens
1019 2507 1069 2526 vox
1086 2499 1269 2534 προαιρέσεως
1282 2504 1462 2534 expungatur.

956 2535 1012 2569 (87)
1028 2533 1112 2566 Αὐτῷ
1125 2533 1368 2568 ἐγγεγενημένον.
1383 2534 1427 2560 Sic
1451 2541 1516 2560 mss.
1530 2542 1537 2566 ;
1561 2539 1587 2561 at
1612 2534 1711 2562 Guicto

920 2570 978 2596 lucc
993 2568 1126 2603 superllua
1145 2573 1171 2595 et
1193 2570 1315 2595 :Id(llllll:l
1333 2569 1465 2595 videnlur.
1494 2569 1663 2596 lltl’fricllclills
1684 2575 1711 2596 ct

920 2605 1096 2638 Spencerus,
1124 2604 1197 2639 αὐτῷ
1225 2603 1455 2638 ἐγγεγενημένην.
1480 2603 1564 2639 Paido
1594 2609 1656 2638 post
1683 2606 1708 2631 in

920 2640 999 2666 codd.
1018 2639 1103 2674 Regio
1116 2644 1142 2665 et
1156 2638 1302 2674 Basilccusi
1318 2641 1397 2674 den-sti
1417 2640 1430 2664 ὁ
1442 2638 1604 2674 παραδιδοὺς
1618 2639 1709 2667 αὐτόν.

920 2674 1020 2701 lhiilcm
1036 2672 1131 2710 omnes
1147 2672 1355 2710 tnss.,_€arpa¢e
1372 2673 1405 2710 τὰ
1420 2672 1566 2710 τριάκοντα
1579 2674 1709 2710 ἀργύρια.

921 2710 1083 2746 Spencerius,
1099 2708 1303 2746 deserpsdsfa
1319 2708 1466 2746 τριάκοντα
1481 2708 1609 2746 ἀργύρια.

956 2744 1012 2779 (S8)
1025 2743 1114 2770 Codex
1132 2740 1240 2774 Regius.
1253 2740 1437 2779 αἷμα-ἀθῷον,
1456 2740 1539 2770 l’aulo
1556 2740 1623 2779 ’μηδι
1647 2743 1712 2770 llm<

920 2777 1038 2806 schelius
1053 2783 1079 2804 el
1093 2785 1189 2804 omnes
1212 2785 1267 2812 mss
1282 2796 1289 2807 ,
1308 2777 1342 2803 τὰ
1356 2777 1486 2812 Πὰργύρια
1508 2780 1547 2810 εἰς
1563 2777 1613 2807 τὸν
1636 2778 1711 2806 ναόν.

921 2815 1084 2849 Speuccrus,
1102 2811 1137 2838 τὰ
1153 2811 1273 2848 ἀργύρια
1289 2813 1318 2838 ὲν
1334 2811 1372 2847 τῷ
1389 2811 1455 2848 ναῷ.
