1843 3097
149 117 201 146 815

873 115 1035 144 ORIGENIS

1724 121 1764 147 Siti

149 176 226 209 Quod
241 175 263 203 si
281 182 380 203 avarus
395 175 438 202 ille
451 174 535 203 Iudas
545 176 580 208 ’⁸,
592 175 677 202 furari
691 175 788 203 solitus
801 183 875 210 qum.

1039 184 1061 202 ›ν
1076 175 1110 201 τὰ
1127 176 1166 207 τίς
1179 175 1256 210 λόγον
1275 176 1328 203 τῶν
1344 177 1466 213 πενήτων
1481 178 1521 209 εἰς
1534 177 1564 204 τὺ
1588 177 1766 214 γλωσσόκομον

147 228 243 255 perum
259 228 339 248 causa
352 221 377 247 in
391 228 548 248 crumenam
567 221 755 253 mittebantur,
774 221 932 255 poenitentia

145 266 244 293 ductus
269 266 378 300 triginta
402 270 546 300 argenteos
571 266 738 300 principibus
761 266 932 293 sacerdotum

145 311 357 345 senioribusque
373 312 502 344 restituit;
520 311 608 346 liquet
624 312 694 339 hanc
708 312 932 339 documentorum

144 355 208 384 Jesu
224 357 277 383 vim
290 356 385 389 fuisse,
401 365 462 391 qua:
473 357 639 392 proditorem
655 357 742 389 illum,
754 357 799 391 qui
812 357 930 383 nondum

145 410 177 429 ea
196 410 308 437 prorsus
321 407 526 437 contempserat
543 407 570 429 et
592 402 797 437 proculcaverat
809 422 817 435 ,
833 402 866 429 ad
883 402 933 429 ali-

144 455 227 483 quam
238 449 424 483 pmnitentiam
443 448 600 476 adduceret.
617 448 669 475 Sed
686 453 713 475 et
726 448 794 475 istud
812 457 818 475 :
839 458 848 474 ι
866 448 932 476 l‘ec-

143 495 204 522 cavi
238 495 351 522 tradens
384 494 544 528 sanguinem
563 494 666 528 justum
681 495 714 526 “,
736 504 744 519 θ
759 494 878 521 hominis
889 498 931 521 est

143 549 221 568 suum
235 539 338 568 crimen
349 540 514 568 conﬁtentis.
527 538 585 565 .lam
598 539 660 566 vide
675 546 756 572 quam
768 538 928 572 ﬂagrantem

143 586 192 618 illi,
208 593 288 620 quam
302 586 492 612 vehementem
509 585 629 612 dolorem
652 584 776 618 iujcccrit
799 585 856 611 haec
877 585 930 612 cri-

143 632 245 658 minum
259 631 431 665 paenitentia,
441 636 470 657 ut
483 638 532 658 nec
547 630 650 657 diutius
662 631 753 657 vivere
770 632 928 664 sustineret,

141 681 168 703 et
182 676 324 704 confestim
340 675 457 711 projecta
477 676 502 702 in
518 675 644 710 templum
658 675 770 710 pecunia
782 696 789 708 ,
816 676 929 703 recede-

141 727 194 756 ret,
217 722 318 753 abiret,
341 728 370 749 se
394 721 569 755 suspenderet
586 721 626 748 sui
645 721 730 755 ipsius
751 721 851 755 judex;
874 728 929 756 quo

142 768 232 802 palam
249 768 324 802 fecit,
344 772 474 802 quantum
492 767 636 802 potestatis
653 767 769 794 haberet
790 766 852 795 Jesu
877 769 927 794 do-

140 813 228 840 ctrina
241 813 266 840 in
283 812 461 845 sceleratum,
474 813 573 845 furem,
585 813 751 847 proditorem
764 812 871 844 Judam,
881 814 926 847 qui

141 866 193 886 non
211 859 322 886 omnino
335 863 459 892 potuerat
474 867 507 886 ex
525 859 617 887 animo
639 859 730 887 delere
744 867 804 895 quae
828 867 843 886 a
863 859 926 887 Jesu

142 905 305 940 accepisset.
320 905 362 932 An
382 906 473 932 dicent
485 905 556 932 Celsi
574 905 710 940 gregales,
729 913 789 940 quae
810 907 926 941 probant

136 950 247 984 Judam,
261 950 431 986 quantalibet
447 950 529 978 fuerit
543 951 570 978 in
587 953 746 986 magistrum
761 960 840 979 suum
862 960 926 987 per-

141 997 216 1030 lidia,
234 1005 286 1024 non
304 997 387 1024 fuisse
400 1002 489 1023 tamen
506 997 540 1023 ab
557 997 602 1024 illo
612 1005 723 1032 prorsus
736 998 873 1031 alienum,
892 1005 925 1025 ea

138 1042 222 1069 fuisse
237 1042 363 1074 conﬁcta;
377 1042 403 1068 id
417 1048 481 1068 vero
495 1049 576 1068 unum
590 1049 650 1069 esse
664 1050 770 1075 verum,
787 1042 880 1070 Jesum
893 1043 927 1070 ab

138 1095 191 1115 uno
202 1095 218 1115 e
230 1088 287 1115 suis
301 1087 442 1122 discipulis
457 1087 592 1121 proditum
606 1087 714 1115 fuisse?
728 1089 768 1115 An
778 1088 926 1123 Scripturis

136 1135 238 1162 addent
255 1134 350 1161 Judam
367 1142 399 1161 ex
425 1138 482 1160 toto
500 1135 590 1161 animo
604 1135 777 1168 prodidisse?
798 1135 880 1169 Atqui
899 1136 924 1162 in

137 1180 312 1208 admittendis
322 1179 363 1207 vel
378 1180 531 1215 rejiciendis
545 1181 702 1208 earumdem
720 1180 924 1215 Scripturarum

138 1227 314 1260 testimoniis,
328 1227 395 1254 nihil
411 1232 509 1262 praeter
522 1227 614 1255 odium
629 1227 705 1261 sequi
725 1228 924 1261 perabsurdum

135 1279 188 1303 est.
202 1273 256 1301 Sed
271 1273 392 1307 deinde,
408 1274 430 1300 si
441 1273 477 1300 ita
489 1281 556 1308 opus
569 1278 621 1305 est.
638 1273 769 1300 addemus
781 1280 925 1307 argumen-

137 1327 207 1353 tum,
225 1321 298 1356 quod
315 1320 481 1348 adversariis
502 1320 634 1355 pudorem
659 1319 783 1346 incutiat.
808 1319 834 1345 In
855 1318 924 1346 libro

134 1367 306 1395 Psalmorum
324 1366 492 1394 centesimus
506 1370 618 1393 octavus
634 1370 721 1397 totus,
737 1364 782 1399 qui
802 1364 842 1392 sic
857 1365 924 1392 inci-

135 1414 199 1448 pit:
221 1422 230 1439 ι
250 1413 331 1445 Deus,
347 1412 453 1440 laudem
479 1419 566 1439 meam
585 1418 620 1439 ne
645 1411 760 1439 tacueris
775 1431 783 1444 ,
807 1411 869 1446 quia
891 1417 923 1438 os

134 1459 288 1494 peccatoris
303 1463 330 1486 et
349 1466 380 1486 os
396 1458 483 1486 dolosi
497 1465 579 1492 super
592 1465 636 1485 me
652 1463 775 1492 apertum
801 1461 843 1484 est
858 1457 891 1489 ",
909 1465 919 1482 ι

134 1505 294 1533 vaticinium
309 1503 342 1531 de
354 1503 422 1532 Juda
439 1503 570 1531 continet.
595 1503 633 1531 ibi
656 1504 813 1538 pnedicitur
825 1503 921 1530 Judam
937 1520 958 1549 ε

134 1560 167 1579 ex
181 1551 367 1586 apostolorum
381 1557 495 1578 numero
510 1550 595 1577 fuisse
619 1553 713 1584 suapte
730 1549 808 1584 culpa
828 1549 922 1576 exclu-

134 1605 205 1629 sum;
220 1596 303 1624 alium
317 1600 409 1622 autem
425 1595 451 1622 in
466 1595 525 1629 ejus
542 1595 629 1621 locum
645 1594 728 1622 fuisse
746 1593 922 1629 subrogatum

134 1642 175 1669 sic
191 1641 413 1675 praenuntiatum
440 1649 449 1665 (
469 1639 502 1666 Et
516 1639 699 1673 episcopatum
727 1638 785 1672 ejus
807 1639 923 1673 accipiat

944 853 963 880 Β

133 1686 203 1713 alter
214 1685 249 1713 ³⁸.
261 1693 271 1710 ι
291 1684 359 1712 Volo
371 1689 458 1711 tamen
471 1683 561 1711 Jesum
576 1684 660 1712 fuisse
674 1684 809 1719 proditum
822 1683 856 1710 ab
868 1690 921 1710 uno

133 1739 148 1757 e
164 1731 222 1758 suis
237 1728 389 1763 discipulis,
411 1729 455 1764 qui
471 1727 539 1756 Juda
565 1728 640 1763 pejor
665 1728 769 1760 luerit,
792 1733 819 1755 et
844 1728 921 1762 quasi

131 1775 214 1811 397
226 1782 260 1802 ex
273 1775 365 1802 animo
375 1774 520 1809 proiecerit
534 1774 624 1802 omnia
641 1781 700 1809 qua:
717 1783 730 1801 a
745 1773 808 1802 Jesu
821 1774 921 1802 didice-

132 1827 176 1848 rat
192 1829 199 1848 :
221 1819 286 1855 quid
302 1819 423 1848 hocJesu
438 1824 484 1846 aut
499 1818 620 1855 religioni
638 1820 801 1847 Christiana:
815 1819 920 1847 nocet?

131 1866 272 1899 Quomodo
286 1865 348 1894 inde
359 1865 468 1900 colligas
483 1865 579 1893 falsam
595 1872 656 1893 esse
668 1865 831 1893 doctrinam?
843 1865 919 1899 Quod

131 1913 263 1947 sequitur,
276 1912 332 1946 jam
348 1916 428 1939 antea
451 1911 612 1939 rel'cllimus.
631 1910 779 1939 Probatum
804 1911 877 1939 enim
903 1918 919 1938 a

132 1958 208 1986 nobis
234 1962 274 1985 est
293 1956 385 1985 .lesum
409 1964 460 1984 non
488 1965 550 1984 cum
574 1957 678 1989 fugeret
707 1960 814 1991 captum
837 1964 919 1990 esse,

130 2001 178 2029 sed
192 2005 348 2029 nostrorum
372 2001 492 2028 omnium
521 2008 604 2028 causa
621 2000 757 2028 volentem
781 2008 810 2029 se
834 2001 918 2028 tradi-

129 2047 203 2074 disse
217 2055 224 2074 :
238 2055 271 2074 ex
283 2054 337 2081 quo
350 2053 520 2080 consequens
536 2051 578 2074 est
591 2051 632 2079 ut,
646 2046 667 2074 si
680 2047 788 2074 vinctus
802 2047 846 2079 sit.
859 2047 919 2074 vin-

129 2094 191 2117 ctus
210 2090 245 2117 sit
255 2090 361 2118 volens.
382 2089 442 2123 Quo
467 2097 517 2118 nos
538 2090 631 2118 docuit
654 2091 712 2118 haec
725 2091 841 2119 libenter
862 2091 918 2126 pati

128 2135 236 2167 pietatis
245 2142 335 2163 causa.

165 2180 210 2208 12.
229 2180 291 2208 limo
310 2181 392 2209 etiam
418 2189 533 2217 prorsus
549 2182 664 2216 puerilia
680 2182 748 2209 mihi
763 2182 889 2209 videntur
906 2192 911 2209 :
930 2186 952 2213 ι)

130 2224 244 2253 «Bonus
270 2226 429 2260 imperator,
452 2226 551 2262 inquit,
573 2231 600 2254 et
627 2227 772 2254 multorum
798 2228 914 2255 millium

128 2271 183 2297 dux
200 2279 337 2305 nunquam
353 2272 477 2306 proditus
495 2276 554 2304 est;
573 2279 607 2299 ne
621 2271 790 2300 facinorosus
805 2273 914 2308 quidem

127 2318 266 2345 latronum
282 2317 419 2351 princeps,
434 2321 461 2344 et
477 2318 671 2352 perditissimis
693 2318 848 2346 hominibus
863 2318 915 2345 im-

125 2371 235 2400 perans,
259 2363 316 2390 suis
340 2364 420 2391 tnodo
437 2364 576 2391 videretur
598 2364 684 2391 utilis.
699 2363 779 2392 .lesus
795 2372 860 2392 vero
880 2365 914 2392 ab

126 2412 160 2440 iis
185 2412 321 2447 proditus,
338 2411 383 2446 qui
412 2411 463 2446 ipsi
489 2411 590 2439 subditi
610 2416 707 2445 erant,
735 2419 784 2438 nec
811 2412 911 2439 bonum

124 2457 317 2491 imperatorem
337 2457 403 2491 egit,
421 2465 471 2485 nec
490 2465 539 2484 sua
568 2456 719 2483 calliditate
734 2456 855 2491 deceptis
871 2457 912 2483 di-

124 2502 237 2537 scipulis
258 2502 300 2530 vel
324 2510 384 2530 eam
412 2509 476 2538 erga
508 2509 537 2530 se
559 2501 656 2529 indidit
679 2502 911 2534 benevolentiam,

123 2546 230 2580 qualem
248 2553 312 2581 erga
330 2553 421 2578 suum,
435 2551 465 2573 ut
483 2547 518 2574 ita
539 2547 639 2578 dicam,
655 2546 805 2581 principem
827 2547 912 2574 latro-

123 2599 172 2619 nes
192 2592 337 2626 exhibent;
354 2602 364 2619 ι
383 2600 445 2619 nam
471 2600 524 2619 non
550 2592 649 2619 desunt
663 2592 794 2620 historica
811 2599 910 2619 monu-

155 2651 178 2667 ’⁵
197 2651 277 2679 Joan.
293 2660 330 2679 χιι
344 2672 352 2685 ,
375 2652 402 2679 6.
462 2652 485 2667 ’θ
500 2651 596 2678 Matth.
626 2659 714 2686 xxvn,
734 2651 761 2679 4.

124 2729 130 2734 _
159 2694 216 2730 (89)
234 2696 290 2736 D_uo
304 2695 382 2722 codd.
395 2695 549 2730 Anglicani,
564 2695 631 2730 ἔχει,
647 2696 738 2730 sicque
755 2695 822 2722 libb.
846 2695 910 2722 editi

335 2764 443 2798 Regius,
460 2764 629 2800 ἀπεχώρισεν
647 2765 742 2793 ἑαυτὸν
761 2763 842 2800 χοροῦ
862 2763 913 2800 διὰ

124 2798 174 2832 τὴν
189 2798 333 2832 ἁμαρτίαν·
347 2800 386 2830 εἰς
397 2799 424 2825 δὲ
434 2800 488 2826 τόν.
501 2798 580 2826 Paulo
593 2806 651 2832 post
662 2801 715 2827 duo
727 2798 867 2832 Anglicani
886 2805 913 2826 et

127 2839 222 2859 recens
239 2834 394 2866 Vaticanus,
409 2835 500 2868 χεῖρον
515 2834 532 2869 ἢ
553 2834 647 2868 Ἰούδα,
662 2836 755 2870 sicque
768 2834 829 2861 libri
846 2835 912 2862 editi

801 2651 823 2667 ’⁷
841 2651 915 2678 Psal.
928 2658 1003 2683 cvm,
1019 2651 1044 2678 1.

986 221 1148 256 βαλλόμενα,
1167 221 1365 256 μεταμεληθεὶς
1383 222 1497 258 ἔστρεψε
1510 223 1543 249 τὰ
1562 223 1711 258 τριάκοντα
1728 225 1769 260 ἁρ-

984 266 1066 301 γύρια
1082 267 1137 298 τοῖς
1154 266 1312 302 ἀρχιερεῦσι
1329 269 1376 294 καὶ
1393 269 1599 304 πρεσόυτέροις·
1621 269 1712 303 δῆλον⁷
1735 270 1768 297 δτι

983 311 1123 347 δεδύνηταί
1136 321 1196 338 τινα
1214 313 1393 348 μεταμέλειαν
1406 315 1554 349 ἐμποιῆσαι
1570 314 1648 349 αύτῴ
1670 315 1703 341 τὰ
1725 316 1769 350 Ἰη-

984 357 1031 384 σοῦ
1048 358 1207 393 μαθήματα,
1223 359 1253 384 οὐ
1273 360 1394 395 πανταχῆ
1409 359 1653 396 καταφρονηθέντα
1670 360 1721 386 ὑπὸ
1731 361 1769 387 τοῦ

982 403 1112 438 προδότου
1128 404 1174 429 καὶ
1188 404 1405 431 ἀποπτυσθέντα.
1429 405 1508 431 Ἀλλὰ
1518 405 1566 431 καὶ
1581 406 1621 435 τὸ,
1641 415 1650 430 ε
1670 406 1770 440 ’Ἥμαρ-

981 458 1027 476 τον
1046 449 1185 485 παραδοὺς
1198 447 1268 484 αἷμα
1281 450 1394 481 δίκαιον,
1418 460 1426 475 r
1444 451 1605 486 ἐξομολογου
1610 452 1692 486 μένου
1705 450 1736 486 ἦν
1745 452 1770 478 τὺ

982 495 1184 531 ἡμαρτημένον.
1206 496 1275 530 Ὅρα
1288 495 1317 521 δὲ
1331 496 1379 531 ὅση
1399 496 1530 532 διάπυρος
1546 497 1593 523 καὶ
1611 497 1717 533 σφοδρᾶ
1730 499 1768 532 γὲ-

981 550 1059 576 γονεν
1072 540 1146 575 αὐτῷ
1161 541 1214 567 ἀπὸ
1229 541 1409 576 μεταμελείας
1419 542 1468 577 τῆς
1479 543 1525 569 ἐπὶ
1541 545 1598 575 τοῖς
1615 544 1771 579 ἡμαρτημέ-

980 595 1036 618 νοις
1051 587 1132 622 λύπη,
1151 587 1189 618 ὡς
1207 587 1275 622 μηδὲ
1289 587 1319 613 τὸ
1333 586 1381 622 ζῇν
1399 588 1479 615 αὑτὸν
1493 589 1532 615 ἔτι
1546 590 1704 624 ὑπομεῖναι,
1719 590 1770 617 ἀλλ’

979 633 1020 664 είς
1032 633 1076 658 τὸν
1092 633 1155 659 ναὸν
1171 632 1286 667 ῥίψαντα
1303 633 1332 671 τὸ
1343 633 1482 669 ἀργύριον,
1509 635 1691 670 ἀναχωρῆσαι
1701 655 1707 666 ,
1730 637 1770 662 καὶ

980 677 1116 710 ἀπελθεῖν,
1134 678 1180 704 καὶ
1199 677 1381 712 ἁπάγξασθαι’
1407 680 1501 716 ἑαυτὸν
1524 680 1580 716 γὰρ
1603 681 1769 712 κατεδίκασε,

979 722 1097 755 δεικνὺς,
1111 724 1172 750 ὅσον
1184 724 1294 751 ἐδύνατο
1305 726 1351 751 καὶ
1362 725 1391 751 ὲν
1406 725 1444 760 τῷ
1458 726 1612 761 ἁμαρτωλῷ
1623 726 1664 761 τῷ
1681 727 1768 762 Ἰούδᾳ,

979 769 1018 804 τῷ
1033 769 1135 805 κλέπτῃ
1153 770 1199 796 καὶ
1213 771 1338 807 προδότῃ,
1359 773 1375 807 ἡ
1397 772 1482 807 Ἰησοῦ
1498 772 1671 804 διδασκαλία,
1685 773 1715 799 ού
1727 773 1770 799 δυ-

979 815 1086 849 νηθέντι
1103 815 1190 851 πάντη
1202 817 1406 852 καταφρονῆσαι
1423 815 1460 844 ὧν
1474 818 1527 844 ἀπὸ
1544 818 1591 844 τοῦ
1612 819 1703 853 Ἰησοῦ
1727 828 1769 854 με·

980 860 1113 896 μάθηκεν.
1129 862 1163 887 Ἢ
1173 861 1208 888 τὰ
1222 862 1270 897 μὲν
1281 863 1445 897 ἐμφαίνοντα
1456 864 1485 891 τὸ
1500 864 1537 899 μὴ
1550 865 1640 900 πάντη
1653 866 1769 892 ἀποστα-

977 907 1052 934 τικὸν
1062 908 1109 934 τοῦ
1131 908 1227 940 Ἰούδα,
1243 910 1290 936 καὶ
1309 911 1377 946 μετὰ
1391 911 1424 937 τὰ
1439 911 1628 946 τετολμημένα
1643 911 1715 937 κατὰ
1728 911 1769 938 τοῦ

977 953 1147 985 διδασκάλου,
1166 954 1312 990 πλάσματα
1336 956 1441 991 ἐροῦσιν
1463 957 1489 983 οἱ
1510 957 1574 992 περὶ
1591 957 1638 983 τὸν
1660 958 1766 984 Κέλσον·

979 998 1057 1034 μόνον
1073 999 1095 1024 δ’
1110 999 1219 1034 ἀληθὲς,
1235 1001 1275 1027 ὅτι
1290 999 1330 1033 εἷς
1340 1002 1394 1028 τῶν
1411 1001 1538 1037 μαθητῶν
1553 1003 1711 1038 προέδωκεν
1724 1004 1768 1029 αὺ-

977 1043 1023 1069 τόν
1035 1052 1041 1059 ·
1061 1045 1108 1071 καὶ
1131 1046 1315 1081 προσθήσουσι
1337 1046 1376 1082 τῷ
1402 1048 1588 1083 γεγραμμένῳ
1605 1049 1647 1075 ὅτι
1661 1050 1709 1075 καὶ
1726 1050 1769 1084 ὅλη

975 1089 1047 1125 ψυχῇ
1066 1091 1218 1126 προέδωκεν
1230 1092 1321 1124 eam;
1334 1093 1402 1127 ὅπερ
1413 1093 1486 1119 ἐστὶν
1500 1093 1706 1126 ἀπίθανον,άῶ
1719 1094 1768 1120 τῶν

976 1135 1058 1161 αὐτοῦ
1080 1137 1252 1171 γραμμάτων
1278 1137 1365 1164 πάντα
1378 1138 1416 1170 ὡς
1431 1138 1527 1174 ἐχθρὸν
1547 1141 1650 1172 ποιεῖν,
1676 1141 1723 1166 καὶ
1741 1140 1768 1167 το

976 1180 1114 1208 πιστεύειν
1131 1182 1223 1208 καὶτὸ
1243 1183 1377 1209 άπιστεῖν.
1399 1184 1430 1210 Εἰ
1453 1183 1481 1210 δὲ
1507 1184 1548 1210 δεῖ
1570 1185 1618 1211 καὶ
1640 1185 1705 1221 περὶ
1726 1184 1767 1212 τοῦ

982 1223 1066 1251 Ἰούδα
1079 1225 1267 1262 δυσωπητικόν
1280 1236 1339 1253 τινα
1352 1228 1521 1264 παραθέσθαι
1534 1229 1624 1264 λόγον,
1637 1231 1768 1266 φήσομεν,

974 1268 1015 1294 ὃτι
1031 1270 1058 1295 ὲν
1072 1272 1104 1305 τῇ
1124 1270 1207 1306 βίϐλῳ
1220 1271 1273 1297 τῶν
1282 1272 1404 1307 Ψαλμῶν
1420 1273 1479 1305 ὅλος
1491 1275 1505 1300 ὁ
1517 1274 1665 1306 ἐκατοστὸς
1681 1275 1769 1309 ὄγδοος

974 1313 1081 1349 ψαλμὸς
1089 1315 1138 1350 τὴν
1151 1324 1184 1342 πε
1190 1315 1215 1351 pi.
1229 1315 1274 1342 τοῦ
1292 1316 1376 1342 Ἰούδα
1388 1318 1509 1353 περιέχει
1523 1319 1578 1354 (89)
1588 1321 1768 1355 προφητείαν,

974 1356 1028 1394 οὖὴ
1039 1360 1120 1395 ἀρχή·
1141 1369 1150 1384 ι
1168 1361 1196 1387 ’0
1207 1361 1273 1392 Θεὸς
1283 1361 1331 1397 τὴν
1346 1361 1448 1389 αἵνεσίν
1461 1371 1512 1397 μου
1533 1364 1570 1399 μὴ
1588 1366 1769 1400 παρασιωπή-

975 1412 1034 1440 σῃς,
1051 1405 1091 1431 ὅτι
1108 1405 1195 1440 στόμα
1211 1407 1374 1442 ἁμαρτωλοῦ
1389 1407 1436 1434 καὶ
1451 1408 1538 1442 στόμα
1550 1409 1641 1435 δολίου
1663 1410 1707 1436 ἐπ’
1722 1410 1769 1445 ἐμὲ

974 1448 1096 1483 ἠνοίχθη.
1116 1459 1124 1475 ι
1142 1450 1345 1486 Προφητεύεται
1359 1451 1381 1477 δ’
1397 1452 1425 1478 ὲν
1441 1451 1524 1486 αὐτῷ,
1540 1453 1588 1479 καὶ
1607 1453 1651 1480 ὅτι
1671 1455 1770 1486 Ἰούδας

974 1495 1021 1521 τοῦ
1037 1496 1086 1530 μὲν
1102 1494 1156 1521 τῶν
1175 1496 1330 1522 ἀποστόλων
1349 1496 1521 1533 ἀπεχώρισεν
1541 1497 1641 1525 ἑαυτὸν
1661 1500 1707 1527 διὰ
1723 1502 1770 1537 τὴν

974 1540 1112 1576 ἁμαρτίαν
1128 1541 1257 1576 ἀριθμοῦ,
1274 1542 1313 1573 είς
1326 1542 1355 1568 δὲ
1370 1542 1415 1569 τὸν
1429 1542 1510 1569 τόπον
1527 1543 1582 1579 (90)
1606 1545 1693 1571 αὑτοῦ
1715 1546 1771 1572 ἓτε-

974 1593 1019 1621 ρος
1033 1586 1170 1622 ἑνεκρίθη·
1186 1587 1234 1613 καὶ
1248 1587 1326 1614 τοῦτο
1338 1587 1463 1622 δηλοῦται
1481 1589 1512 1614 ἐν
1527 1589 1580 1624 τῷ·
1606 1599 1616 1615 ‹
1645 1591 1702 1618 Καὶ
1724 1591 1771 1626 τὴν

973 1631 1125 1666 ἐπισκοπὴν
1138 1632 1220 1658 αὑτοῦ
1233 1631 1308 1658 λάϐοι
1322 1633 1425 1668 ἕτερος.
1445 1642 1454 1658 ›
1474 1633 1553 1660 Ἀλλὰ
1563 1634 1620 1670 γὰρ
1636 1636 1706 1672 φέρε
1720 1637 1772 1664 ὑπό

971 1685 1044 1708 τινος
1055 1677 1109 1703 τῶν
1120 1677 1248 1712 μαθητῶν
1260 1678 1340 1704 αὑτὸν
1349 1678 1524 1713 προδεδόσθαι
1537 1681 1670 1716 χειρόνως
1686 1683 1771 1709 Ἰούδα

971 1721 1148 1755 διατεθέντος,
1157 1723 1204 1749 καὶ
1215 1723 1333 1759 ὡσπερεὶ
1345 1724 1487 1759 ἐκχέαντος
1497 1725 1601 1758 πάντας
1609 1726 1658 1758 οὓς
1668 1728 1771 1763 ἤκουσε

972 1767 1047 1804 παρὰ
1062 1768 1108 1795 τοῦ
1132 1769 1220 1804 Ἰησοῦ
1237 1769 1340 1804 λόγους·
1362 1771 1388 1796 τί
1405 1770 1483 1798 τοῦτο
1508 1772 1576 1807 πρὸς
1598 1775 1771 1811 κατηγορίαν

977 1815 1064 1850 Ἰησοῦ
1076 1814 1092 1850 ἢ
1104 1810 1317 1851 Χριστιανίσμοῦ
1337 1816 1530 1852 συμϐάλλεται;
1542 1818 1599 1845 Καὶ
1613 1820 1673 1851 πῶς
1690 1810 1771 1847 τοῦτο

970 1863 1052 1899 ψευδῆ
1076 1864 1122 1891 τὸν
1142 1864 1220 1898 λόγον
1235 1865 1442 1897 ἀποδείκνυσιν;
1472 1865 1723 1900 Ἀπελογησάμεθα
1743 1867 1771 1893 δὲ

970 1910 1034 1945 περὶ
1048 1909 1103 1937 τῶν
1119 1909 1182 1945 ἑξῆς
1204 1911 1251 1937 καὶ
1273 1911 1301 1937 ὲν
1316 1912 1372 1942 τοῖς
1391 1911 1444 1946 πρὸ
1465 1910 1578 1942 τούτων,
1598 1911 1771 1945 δεικνύντες,

969 1955 1010 1981 ὅτι
1027 1956 1056 1982 οὐ
1075 1955 1183 1990 φεύγων
1198 1956 1268 1983 ἑάλω
1279 1958 1292 1983 ὁ
1314 1955 1426 1991 Ἰησοῦς,
1441 1955 1498 1983 ἀλλ’
1510 1956 1582 1982 ἑκὼν
1599 1956 1670 1992 ὑπὲρ
1687 1958 1772 1993 ἡμῶν

969 1999 1078 2026 πάντων
1095 1999 1252 2034 παρέδωκεν
1268 1999 1372 2026 ἑαυτόν·
1392 1995 1413 2032 ᾦ
1428 1999 1571 2027 ἀκόλουθόν
1588 2001 1661 2027 ἐστιν
1675 2022 1684 2034 ,
1710 2001 1771 2029 ὄτ;.

970 2046 994 2072 ει
1019 2046 1065 2072 καὶ
1081 2045 1157 2081 ἐδέθη
1171 2066 1178 2078 ,
1199 2046 1269 2072 ἑκὼν
1289 2046 1366 2082 ἐδέθη
1380 2055 1386 2062 ·
1406 2046 1539 2076 διδάσκων
1565 2046 1603 2082 μὴ
1628 2047 1771 2079 draucus;

969 2090 1042 2126 ἡμᾶς
1054 2091 1123 2126 ὑπὲρ
1140 2091 1280 2123 εὐσεϐείας
1293 2091 1379 2118 ταῦτα
1396 2091 1610 2127 ἀναλαμϐάνειν.

1004 2179 1176 2215 Παιδαριώδη
1205 2180 1234 2206 δέ
1267 2188 1310 2215 μοι
1327 2180 1399 2207 δοκεῖ
1425 2181 1471 2207 καὶ
1506 2181 1541 2207 τὰ
1569 2180 1697 2214 τοιαῦτα,
1726 2182 1771 2209 ὅτι

970 2234 979 2250 ι
991 2225 1146 2260 Στρατηγὸς
1165 2225 1213 2260 μὲν
1230 2225 1331 2259 ἀγαθὸς
1346 2225 1393 2251 καὶ
1414 2225 1519 2252 πολλῶν
1538 2227 1677 2261 μυριάδων
1693 2229 1771 2263 ἡγη-

968 2270 1082 2306 σάμενος
1097 2270 1267 2297 οὐδεπώποτε
1292 2270 1425 2306 προὺδόθη
1437 2279 1443 2285 ·
1461 2270 1517 2296 ἀλλ’
1532 2271 1592 2297 οὐδὲ
1607 2271 1771 2307 λῄπαρμ

966 2316 1083 2352 πονηρὸς
1107 2317 1154 2343 κοιλ¹
1186 2317 1372 2353 παμπονήρων
1401 2316 1502 2352 ἄρχων,
1531 2317 1668 2352 ὠφέλιμος
1705 2319 1768 2350 τοῖς

966 2363 1090 2389 συνοῦσιν
1111 2361 1180 2390 εἶναι
1199 2363 1284 2389 δοκῶν
1298 2371 1304 2377 ·
1324 2363 1404 2394 αὐτὸς
1424 2363 1461 2394 δὲ,
1478 2363 1618 2398 προδοθεὶς
1635 2365 1689 2390 ὑπὸ
1704 2365 1764 2391 τῶν

966 2409 1010 2435 ὑπ’
1031 2408 1114 2444 αὐτῷ,
1135 2407 1196 2434 οὔτε
1220 2408 1257 2440 ὡς
1278 2408 1428 2443 στρατηγὸς
1447 2405 1528 2443 ἧρξεν
1552 2408 1671 2442 ἀγαθὸς,
1703 2408 1763 2435 οὒτ’

965 2455 1109 2490 ἀπατήσας
1127 2455 1189 2485 τοὺς
1211 2454 1333 2489 μαθητὰς
1355 2454 1423 2489 (9|),
1440 2454 1491 2480 κᾶν
1507 2453 1556 2489 τὴν
1571 2455 1610 2485 ὠς
1626 2454 1697 2490 πρὸς
1716 2454 1766 2490 1f,-

966 2509 1080 2536 σταρχον
1098 2501 1142 2535 (ἵν’
1155 2500 1240 2531 οὕτως
1259 2499 1406 2535 ὀνομάσω),
1420 2500 1526 2527 εὔνοιαν
1543 2501 1688 2536 ἐνεποίησε
1703 2503 1765 2532 τοῖς

965 2546 1142 2580 ἀπατηθεῐσι·
1160 2555 1169 2571 ι
1195 2544 1293 2576 πολλὰς
1323 2545 1377 2580 γὰρ
1402 2546 1434 2572 ἄν
1463 2554 1506 2577 τις
1527 2546 1603 2581 εὖροι
1633 2547 1764 2582 ἱστορίας

965 2591 1028 2626 περὶ
1049 2590 1209 2626 στρατηγῶν
1231 2590 1414 2625 προδοθέντων
1438 2591 1491 2617 ὑπὸ
1507 2591 1561 2617 τῶν
1580 2591 1691 2617 οἰκείων
1709 2591 1763 2617 καὶ

1083 2650 1106 2666 ’⁸
1123 2650 1204 2683 Ibid”
1219 2651 1246 2678 8.

964 2695 990 2720 iu
1014 2694 1143 2728 margine.
1168 2695 1252 2720 (lodd.
1280 2694 1390 2728 Regius,
1425 2693 1590 2722 Basileensis
1624 2700 1653 2722 et
1675 2699 1762 2722 vetns

966 2729 1257 2766 Xaticauustxsipovo;
1311 2729 1403 2755 Ἰούδα.
1418 2728 1550 2766 Julianus,
1566 2731 1662 2766 χεῖρον
1681 2729 1701 2766 ἦ
1718 2730 1762 2762 ὡς

969 2764 1076 2794 Ἰούδας.
1098 2763 1174 2799 Libb.
1192 2764 1256 2790 editi
1269 2763 1298 2799 in
1314 2769 1400 2799 textu,
1415 2763 1542 2799 χειρόνως
1565 2763 1662 2791 Ἰούδα.

1000 2799 1065 2834 (91)
1077 2798 1150 2834 Τοὺς
1159 2798 1302 2832 μαθητάς.
1320 2798 1385 2834 llwc
1408 2803 1504 2826 desunt
1520 2806 1547 2825 In
1572 2799 1650 2826 libris
1665 2799 1757 2827 editis

963 2837 990 2860 et
1007 2833 1101 2861 codice
1118 2833 1236 2868 Joliano,
1253 2834 1300 2861 sed
1316 2834 1342 2860 in
1362 2833 1422 2861 aliis
1443 2841 1509 2861 mss.
1526 2836 1718 2869 reperiuntur.
