1843 3097
162 126 212 153 851

912 127 1073 157 ORIGENIS
1740 137 1782 163 8'22

163 186 197 212 de
215 185 338 216 muliere,
355 185 397 212 cui
412 184 564 220 prmelusus
579 189 639 213 erat
654 186 778 220 spiritus.
795 186 869 214 Multi
885 195 934 222 pra

1024 189 1118 224 ναργῆ,
1136 191 1174 222 ὡς
1190 191 1226 226 μὴ
1241 191 1387 227 δυνάμενον
1403 192 1457 228 (18)
1473 193 1634 228 ἀντιϐλέψαι
1658 194 1696 229 τῷ
1717 203 1780 228 γεγο-

165 235 238 257 terea
255 230 378 256 feruntur
393 237 408 257 e
424 231 607 259 monumentis
621 239 673 258 non
690 232 749 267 ipso
765 238 868 261 tantum
891 235 947 266 die,

164 282 217 308 quo
235 274 333 307 sepulti
349 273 468 304 fuerant.
484 276 533 302 sed
557 275 640 302 etiam
659 277 811 311 insequenti
824 297 831 310 ,
848 280 951 313 egressi

165 321 258 347 fuisse.
276 320 345 352 Quid
362 328 428 355 ergo
443 321 552 353 mirum,
568 321 602 354 si,
619 322 664 356 qni
682 326 719 349 tot
734 323 882 350 humanam
899 332 949 351 na-

165 370 252 392 turam
270 366 426 400 superantia
444 366 574 393 miracula
593 367 680 394 edidit
705 372 817 402 tantque
840 369 951 396 eviden-

164 410 210 441 tia,
236 415 264 436 ut
289 411 334 445 qui
353 411 397 437 illa
422 416 528 445 patrata
556 419 619 439 esse
645 420 699 440 non
718 419 805 447 potest
821 415 949 448 intieiari,

163 457 197 482 ad
211 457 361 491 praestigias
377 457 527 491 confugere
542 463 656 493 cogatur
674 467 682 491 ;
698 460 763 494 qttid
779 461 892 494 mirum,
910 463 951 489 in-

162 508 253 535 quam.
271 502 292 528 si
318 509 392 529 mors
419 503 477 536 ejus
502 503 566 537 quid
584 503 669 537 majus
693 513 748 539 prae
773 514 802 533 se
817 507 904 540 ferat,
922 512 950 535 ut

165 547 254 572 anima
277 547 336 581 ejus
352 555 462 582 egressa
480 553 576 582 sponte
593 557 607 576 e
625 557 751 584 corpore,
775 551 827 579 huc
843 560 890 587 pro
903 561 948 580 ar-

164 591 245 617 bitrio
261 592 364 623 redeat,
380 596 524 627 postquam
541 598 618 620 extra
634 595 697 621 illud
720 597 843 630 quaedam
858 598 949 632 dispo-

164 636 273 662 suerit?
286 637 348 664 "me
363 636 443 666 Jesus
456 639 525 672 apud
540 638 673 667 Joannem
687 641 788 668 dixisse
804 648 947 671 narratur:

167 687 176 704 ι
194 679 278 707 Nemo
303 681 370 708 tollit
392 683 510 709 animam
538 691 624 709 nteatn
641 692 655 710 ιι
678 693 737 717 me,
753 687 799 713 sed
813 694 864 720 ego
879 695 948 722 pono

164 733 224 752 eam
249 734 263 751 a
290 735 332 753 tne
359 727 427 761 ipso.
447 727 610 755 Potestatem
632 729 717 757 habeo
740 732 856 765 ponendi
876 741 946 766 eam,

162 775 190 796 et
216 778 308 798 rursus
336 777 495 806 potestatem
525 774 611 801 habeo
636 777 758 803 sumendi
786 784 845 804 eam
874 778 907 805 ".
936 789 945 805 ι

164 815 290 843 Fortasse
305 817 386 844 etiam
403 825 419 845 e
437 826 552 853 corpore
575 821 650 847 exire
667 823 820 856 occupavit,
841 829 869 850 ut
883 825 947 852 Illud

163 865 295 891 servaret,
311 869 360 888 nec
373 862 431 894 ejus
449 863 639 896 frangerentur
655 873 753 897 crura,
771 873 799 894 ιιι
813 867 945 897 latronum

161 906 206 939 qui
222 907 248 932 in
264 913 371 933 erucem
389 915 450 934 eum
465 916 498 935 eo
513 910 612 936 sublati
629 910 746 938 fuerant.
765 913 830 938 Nam
849 915 946 942 milites

163 959 173 974 ι
189 951 267 984 primi
284 952 392 985 quidem
408 953 545 988 [regerunt
559 962 638 981 crura
651 962 677 982 et
692 956 806 984 alterius
819 959 865 993 qui
883 967 944 987 cru-

160 996 256 1023 cifixus
283 1002 341 1024 erat
365 1006 425 1025 cum
439 1007 481 1026 eo.
500 1000 540 1026 Ad
555 999 646 1028 Jesum
663 1006 752 1030 autem
768 1011 830 1030 enm
855 1006 946 1034 venis-

161 1045 231 1072 sent,
249 1045 278 1068 ut
290 1043 415 1070 viderunt
431 1052 491 1071 eum
503 1044 558 1078 jam
573 1052 722 1079 morlumn,
737 1057 790 1076 non
805 1050 946 1086 fregerunt

159 1086 218 1118 ejus
235 1095 314 1114 crura
328 1088 361 1115 ³⁸.
381 1098 390 1114 ι
408 1088 467 1116 Jarn
485 1091 567 1124 igitur
582 1092 730 1121 refellimus
748 1095 818 1122 istud
835 1105 840 1122 :
861 1106 870 1122 ι
889 1097 944 1124 Un-

159 1132 193 1158 de
219 1134 270 1159 hoc
295 1135 328 1160 ab
348 1135 394 1162 illo
411 1137 569 1169 prtedictnm
588 1144 648 1165 esse
674 1140 769 1167 confiri
797 1143 907 1176 potest?
931 1152 940 1169 ι

161 1177 217 1204 lloc
235 1184 324 1206 autem
339 1180 431 1207 aliud:
452 1190 461 1207 ι
480 1181 556 1209 Unde
573 1184 743 1218 probabitur,
757 1187 802 1220 qui
821 1193 944 1216 mortuus

159 1227 212 1255 est,
228 1224 300 1250 illum
313 1233 372 1252 esse
386 1226 564 1254 immortalem
578 1229 589 1255 ἱ)
604 1238 613 1254 ι
628 1230 673 1264 qui
687 1231 794 1264 objicit,
807 1233 905 1266 discat,
919 1235 942 1262 si

159 1267 279 1300 libuerit,
295 1270 473 1298 immortalem
487 1280 538 1299 non
551 1281 610 1301 esse
625 1275 670 1309 qui
689 1281 812 1304 mortuus
825 1283 883 1311 est;
896 1281 942 1307 sed

158 1314 202 1347 qui
230 1317 350 1342 surrexit
376 1324 390 1343 e
407 1320 532 1346 mortuis.
549 1319 642 1354 Neque
664 1322 750 1349 solum
767 1331 818 1350 non
833 1330 872 1352 est
890 1326 942 1353 im-

158 1360 279 1387 mortalis
295 1361 337 1388 ille
351 1363 395 1397 qui
415 1370 536 1392 mortuus
552 1370 593 1392 est
607 1374 614 1396 ς
630 1367 675 1393 sed
691 1375 723 1394 ne
741 1370 850 1403 quidem
866 1370 943 1399 .iesus

158 1403 203 1430 iiie
221 1411 254 1431 ex
271 1405 371 1440 duplici
387 1413 480 1434 natura
493 1410 668 1443 compositus,
690 1418 837 1447 antequam
853 1423 943 1442 more-

158 1454 244 1482 retur,
263 1451 425 1480 immortalis
439 1460 514 1486 erat,
534 1460 627 1490 utpote
645 1457 690 1491 qui
711 1460 860 1488 moriturus
879 1461 940 1489 fuit.

1002 234 1075 261 νέναι
1090 235 1168 268 αὐτὰ,
1187 236 1309 269 κακίζειν
1331 238 1376 264 διὰ
1388 238 1435 264 τοῦ
1452 241 1614 266 κοινοποιεῖν
1642 239 1714 266 αὐτὰ
1727 242 1783 276 api;

1000 279 1050 311 τὰς
1066 281 1201 316 γοητείας,
1227 282 1273 308 καὶ
1297 283 1361 318 περ).
1374 283 1423 318 τὴν
1438 283 1534 310 ἑαυτοῦ
1547 284 1681 319 τελευτὴν
1697 283 1751 319 εἷχέ
1763 294 1784 311 τι

1001 325 1108 357 πλεῖον,
1132 326 1173 352 ἵνα
1196 327 1296 354 ἑκοῦσα
1319 329 1366 363 μὲν
1386 329 1416 354 τὸ
1431 329 1507 364 σῶμα
1522 329 1662 365 καταλίπῃ
1679 331 1695 365 ἡ
1709 330 1784 366 ψυχὴ,

1000 372 1233 408 οἰκονομησαμένη
1252 373 1342 407 (19)δέ
1356 383 1415 400 τινα
1432 374 1484 407 ἔξω
1499 375 1593 406 αὑτοῦ,
1612 376 1696 402 πάλιν
1724 378 1783 403 ἐπα-

1000 416 1081 453 νέλθῃ
1098 418 1142 444 ὅτε
1158 417 1280 452 βούλεται
1294 427 1300 451 ;
1318 420 1442 446 Τοιοῦτον
1456 421 1477 447 δ’
1494 421 1703 457 ἀναγέγραπται
1719 423 1783 457 παρὰ

999 463 1038 498 τῷ
1057 464 1167 500 Ἰωάννῃ
1189 465 1329 500 εἰρηκέναι
1351 467 1365 493 6
1387 467 1490 502 Ἰησοῦς
1516 467 1594 502 λόγον
1612 468 1668 503 (ΞΟ)
1692 469 1720 494 ὲν
1742 470 1784 504 =4},

1003 518 1012 534 ι
1033 509 1127 541 Οὐδεὶς
1151 511 1223 546 αἴρει
1245 511 1295 547 τὴν
1313 512 1402 547 ψυχήν
1429 522 1478 547 μου
1495 514 1541 540 ἀπ’
1559 515 1640 549 ἐμοῦ,
1664 515 1722 541 ἀλλ’
1737 515 1786 549 ἐγὼ

999 554 1092 590 τίθημι
1108 555 1190 590 αὐτὴν
1206 557 1252 582 ἀπ’
1268 557 1396 591 ἐμαυτοῦ.
1419 558 1557 592 Ἐξουσίαν
1575 559 1630 594 ἔχω
1644 560 1731 587 θεῖναι
1743 561 1786 587 αὖ·

998 599 1062 633 τὴν,
1083 600 1128 625 καὶ
1152 600 1232 627 πάλιν
1249 601 1372 634 ἐξουσίαν
1397 602 1450 637 ἔχω
1472 602 1563 628 λαϐεῖν
1583 603 1681 638 αὐτὴν.
1706 613 1715 628 ›
1737 603 1786 630 Καὶ

999 643 1069 678 τάχα
1092 644 1136 671 διὰ
1158 645 1238 671 τοῦτο
1259 646 1401 682 προλαϐὼν
1419 647 1473 680 (‘21)
1495 647 1657 679 ἐξελήλυθεν
1677 648 1732 674 ἀπὸ
1745 649 1785 675 τοῦ

999 689 1135 724 σώματος,
1152 690 1195 717 ἴνα
1210 692 1275 717 αὐτὸ
1293 693 1409 727 τηρήσῃ,
1426 692 1472 718 καὶ
1489 693 1526 728 μὴ
1541 693 1666 728 καταχθῇ
1681 693 1717 720 τὰ
1732 694 1786 720 σκέ-

998 734 1030 770 λη
1044 755 1050 766 ,
1077 736 1115 767 ὡς
1133 736 1166 763 τὰ
1191 737 1244 763 τῶν
1269 738 1316 764 σὺν
1336 738 1409 773 αὐτῷ
1433 739 1646 774 σταυρωθέντων
1675 739 1784 775 λῃστῶν.

1002 790 1010 805 ι
1029 781 1081 807 Τοῦ
1099 783 1148 817 μὲν
1167 792 1176 808 ι
1192 782 1245 818 γὰρ
1263 793 1271 808 ι
1292 783 1399 819 πρώτου
1421 795 1429 809 ι
1446 785 1470 811 οἰ
1488 786 1655 820 στρατιῶται
1672 796 1681 811 ι
1699 787 1788 812 κατέα-

1000 825 1047 858 ξαν
1070 827 1104 853 τὰ
1128 828 1224 863 σκέλη,
1252 829 1297 855 καὶ
1318 829 1364 855 τοῦ
1385 830 1465 856 ἄλλου
1485 830 1531 856 τοῦ
1551 831 1786 866 συσταυρωθέντος

999 872 1086 907 αὐτῷ·
1106 873 1150 899 ἐπὶ
1164 874 1192 900 δὲ
1205 874 1250 900 τὸν
1271 875 1373 910 Ἰησοῦν
1388 875 1526 907 ἐλθόντες,
1543 877 1590 902 καὶ
1617 876 1720 907 ζῶντες
1730 897 1736 908 ,
1751 877 1786 903 67.

999 916 1176 951 ἐξέπνευσεν,
1191 920 1221 946 οὐ
1236 920 1370 953 κατέαξαν
1384 921 1466 947 αὑτοῦ
1480 921 1514 947 τὰ
1529 921 1624 956 σκέλη.
1646 932 1655 947 ι
1673 922 1786 957 Εἴπομεν

998 961 1045 991 οὖν
1060 964 1127 999 πρὸς
1139 969 1180 995 τὸ,
1193 975 1202 990 ι
1216 965 1301 992 Πόθεν
1315 964 1361 992 οὖν
1378 967 1472 993 πιστὸν
1480 968 1509 994 τὺ
1523 967 1786 1002 προειρηκέναιυῖδ

998 1008 1037 1041 δὲ,
1056 1019 1064 1034 ι
1081 1009 1164 1037 Πόθεν
1182 1010 1314 1042 ἀθάνατος
1327 1013 1340 1038 6
1355 1012 1448 1047 νεκρός
1462 1021 1468 1044 ;
1488 1024 1495 1036 ι
1524 1012 1687 1048 μανθανέτω
1701 1014 1715 1039 6
1730 1013 1787 1047 βα»)-

998 1053 1119 1088 λόμενος,
1144 1055 1184 1081 ὅτι
1205 1056 1253 1090 οὐχ
1269 1057 1282 1082 6
1300 1057 1393 1091 νεκρὸς
1407 1056 1549 1089 ἀθάνατος,
1565 1058 1624 1084 ἀλλ’
1643 1059 1657 1084 6
1673 1058 1788 1088 ἀναστὰς

996 1100 1028 1125 ὲκ
1046 1100 1160 1136 νεκρῶν.
1187 1101 1225 1127 Οὐ
1251 1102 1329 1136 μόνον
1353 1099 1399 1129 οὖν
1415 1102 1463 1136 οὐχ
1484 1103 1498 1128 6
1520 1103 1618 1138 νεκρὸς
1641 1103 1787 1134 ἀθάνατος.

998 1145 1054 1171 ἀλλ’
1070 1146 1123 1172 οὐδ’
1142 1147 1156 1170 6
1171 1147 1224 1182 πρὸ
1238 1147 1284 1173 τοῦ
1303 1147 1400 1183 νεκροῦ
1421 1147 1524 1182 Ἰησοῦς
1549 1150 1562 1175 6
1580 1148 1712 1180 σύνθετος
1724 1148 1788 1175 ἀθά-

997 1199 1074 1223 νατος
1087 1190 1120 1227 ἦν
1133 1213 1139 1225 ,
1152 1193 1181 1224 ὃς
1194 1202 1224 1227 γε
1241 1193 1336 1228 ἔμελλε
1350 1193 1534 1229 τεθνήξεσθαι.
1555 1195 1655 1226 Οὐδεὶς
1671 1195 1727 1230 γὰρ
1745 1203 1787 1220 τε·

997 1237 1160 1273 θνηξὸμενος
1174 1239 1306 1271 ἀθάνατος
1318 1249 1324 1254 ·
1341 1240 1408 1266 ἀλλὰ
1423 1240 1579 1271 ἀθάνατος,·
1591 1241 1637 1267 ὅτε
1653 1241 1711 1275 (2'2)
1725 1241 1788 1267 οὐκ·

994 1283 1034 1309 ἐτι
1053 1284 1221 1319 τεθνήξεται.
1241 1295 1250 1311 ι
1271 1286 1387 1320 Χριστὸς
1408 1286 1452 1318 δὲ,
1479 1286 1603 1321 ἐγερθεὶς
1620 1288 1653 1313 ὲκ
1674 1287 1788 1322 νεκρῶν,

994 1329 1084 1356 οὐκέτι
1108 1330 1283 1367 ἀποθνήσκει,
1303 1331 1414 1363 θάνατος
1441 1331 1521 1358 αὐτοῦ
1537 1332 1594 1366 (‘23)
1622 1333 1717 1358 οὐκέτι
1743 1340 1788 1358 ιω·

995 1375 1096 1408 ριεύει·
1116 1385 1125 1401 ι
1147 1377 1198 1403 κᾶν
1220 1378 1256 1413 μὴ
1280 1377 1424 1412 βούλωνται
1443 1378 1467 1404 οἱ
1490 1378 1578 1405 ταῦτα
1595 1378 1656 1410 πῶς
1682 1378 1788 1414 εἴρηται

994 1420 1088 1456 νοῆσαι
1103 1422 1141 1457 μὴ
1157 1423 1343 1458 χωρήσαντες.

157 1496 214 1523 Non
238 1498 310 1524 enim
337 1499 498 1528 immortalis
522 1503 567 1537 qui
584 1504 729 1531 moriturus
750 1510 789 1533 est
805 1515 812 1538 ;
829 1508 874 1534 sed
888 1509 933 1543 qui
949 1518 1001 1537 non
1017 1512 1133 1546 amplius
1159 1513 1305 1540 moriturus
1333 1518 1386 1546 est,
1411 1514 1434 1541 is
1467 1515 1577 1541 demum
1604 1519 1650 1542 est
1679 1516 1787 1542 immor-

158 1542 229 1568 talis.
252 1552 262 1568 ι
276 1543 399 1571 Christus
420 1551 510 1573 autem
526 1555 670 1582 resurgens
683 1557 714 1576 ex
740 1552 854 1579 mortuis
877 1542 933 1587 jam
952 1563 1005 1582 non
1024 1557 1138 1583 moritur
1150 1577 1158 1589 ,
1188 1565 1261 1585 mors
1291 1558 1327 1585 illi
1361 1558 1429 1585 ultra
1452 1567 1504 1586 non
1518 1560 1712 1587 dominabitur
1726 1560 1762 1593 ³⁷,
1779 1570 1786 1585 ι

156 1590 262 1616 etiamsi
280 1591 524 1628 refrageutur,qui.
536 1602 590 1629 quo
604 1603 684 1623 sensu
702 1597 758 1624 haec
770 1599 842 1626 dicta
860 1601 924 1633 sint,
939 1609 1036 1636 capere
1051 1611 1102 1630 non
1120 1610 1241 1639 possunt.

192 1635 236 1662 l7.
254 1635 336 1664 Valde
351 1638 462 1665 stultum
477 1645 504 1666 et
520 1640 582 1668 illud
597 1651 604 1668 :
624 1652 633 1668 ι
653 1642 719 1676 Quis
737 1644 806 1672 Deus
817 1665 825 1677 ,
842 1646 934 1682 inquit,

1026 1635 1131 1686 Σφόδρᾴ
1153 1651 1182 1677 δὲ
1202 1652 1291 1687 μωρὸν
1316 1652 1362 1679 και
1376 1653 1423 1679 τό·
1438 1662 1447 1677 ‹
1460 1652 1507 1683 Τίς
1525 1651 1557 1678 ἂν
1573 1653 1590 1688 ἦ
1608 1652 1689 1685 Θεὸς,
1707 1653 1724 1688 ἦ
1737 1652 1790 1679 aut.

156 1684 202 1706 aut
216 1681 331 1713 dwmon,
347 1687 393 1709 aut
407 1683 448 1710 vir
461 1685 591 1718 prudens,
605 1687 649 1720 qui
665 1688 820 1722 lmjusmodi
838 1691 942 1719 incoxit-

157 1725 235 1752 moda
250 1726 300 1753 sibi
327 1729 475 1756 obventura
494 1737 554 1757 esse
573 1733 730 1766 prazvideat,
748 1743 800 1762 non
825 1736 879 1770 illa,
904 1739 941 1765 si-

156 1772 265 1803 quidem
281 1778 380 1806 posset,
398 1774 533 1806 ovitaret;
553 1778 600 1803 sed
618 1778 644 1805 in
660 1786 692 1805 ea
707 1799 714 1811 ,
730 1788 789 1814 quae
807 1783 940 1816 praevidit,

155 1822 184 1841 se
198 1817 361 1851 prarcipitem
383 1819 484 1846 daret?
504 1831 513 1846 ›
531 1821 598 1849 Nam
615 1823 743 1852 Socrates
765 1832 878 1854 u0vcrat
899 1836 940 1861 se,

155 1861 176 1888 si
193 1862 306 1889 cicutam
325 1864 438 1898 biberet,
452 1865 534 1902 404
545 1869 706 1897 moriturum
723 1878 782 1899 esse
796 1881 803 1904 ;
821 1878 940 1908 poterat,

154 1907 176 1932 si
191 1907 296 1935 Critoni
312 1910 491 1943 credidisset,
508 1913 624 1940 eradere
641 1922 655 1942 e
677 1917 801 1944 custodia
823 1907 941 1954 seseque

153 1951 221 1978 adeo
245 1955 341 1980 mortis
368 1955 489 1989 periculo
516 1958 668 1986 subducere
692 1969 698 1993 ;
724 1962 769 1988 sed
787 1963 896 1996 maluit,
915 1964 941 1991 id

153 1998 224 2030 quod
240 1999 338 2025 rationi
352 2006 568 2029 consentaneum
587 2005 739 2038 videbatur,
753 2013 866 2035 mortent
881 2010 941 2043 piti-

153 2041 264 2076 losopbo
279 2044 387 2078 dignam
403 2051 547 2080 oppetere.
565 2055 645 2082 quam
662 2050 800 2085 indignam
822 2053 940 2087 philoso-

153 2089 206 2120 pho
222 2089 303 2115 vitam
322 2091 442 2124 exigere.
462 2092 494 2118 Et
513 2092 646 2122 Leonidas
670 2095 939 2126 Lacedaemoaiorum

153 2133 206 2159 dux
225 2135 299 2160 novit
320 2135 432 2168 jamjam
450 2144 479 2162 se
495 2139 656 2166 moriturum
672 2148 732 2168 esse
756 2150 817 2170 cum
834 2145 865 2171 iis
881 2146 942 2180 qui-

154 2178 266 2204 buscum
292 2180 325 2205 ad
351 2180 546 2216 Thermopylas
569 2192 690 2219 pugnare
714 2193 827 2220 paratus
859 2178 938 2223 erat;

153 2231 202 2254 pro
216 2224 299 2251 nihilo
313 2229 402 2252 tamen
419 2227 495 2253 duxit
508 2227 552 2254 ille
569 2231 684 2264 turpiter
696 2233 787 2260 vivere
802 2242 808 2266 ;
822 2235 861 2262 sic
871 2243 936 2263 suos

152 2267 285 2295 allocutus
306 2278 313 2295 :
334 2279 344 2295 ι
363 2271 408 2298 Sic
431 2274 632 2307 prandeamus,
653 2279 781 2310 tanquam
800 2279 869 2312 apud
896 2281 938 2306 in-

153 2311 224 2339 feros
246 2317 391 2343 cenaturi.
411 2326 420 2342 ι
449 2318 497 2346 llis
520 2320 603 2347 multa
626 2321 724 2348 similia
743 2324 874 2357 reperiet,
891 2326 936 2360 qui

153 2358 305 2392 hujusmodi
330 2362 452 2390 historiis
478 2365 635 2398 colligendis
661 2367 850 2397 delectabitur.
865 2358 934 2403 Quid

188 2416 211 2433 ³⁸
228 2417 306 2446 .loan.
326 2427 352 2453 x,
369 2420 412 2447 18.
452 2421 474 2436 ³⁸
493 2420 636 2454 Joan.xrx,
656 2423 700 2450 5‘2.

186 2464 254 2506 (lS)_
267 2466 343 2506 Lihb.
359 2468 423 2494 editi
448 2469 474 2506 in
501 2470 622 2503 margine
633 2491 640 2502 ,
655 2471 830 2506 δυναμένους.
851 2473 933 2500 Paulo

151 2505 211 2539 post.
231 2502 351 2539 tdemjin
369 2504 491 2538 margine
504 2524 510 2536 ,
537 2508 697 2532 κοινοποιεῖν
711 2502 786 2534 αὐτὸ,
802 2508 874 2539 Quas
897 2509 936 2535 le—

150 2535 256 2573 ctiottes
272 2537 403 2563 exhibent
419 2535 628 2573 mss.,rexecpto
643 2540 758 2567 Joiiano.

186 2570 241 2607 (t9)
258 2573 529 2607 Οὶκονομησαμέτνη.
550 2570 614 2601 Vide
630 2576 692 2602 adn.
706 2577 737 2602 ad
753 2576 839 2606 lib.|t.
853 2577 935 2604 ολδ.

186 2605 294 2647 (ΞΟΆὉ
322 2605 555 2642 Ἰησοῦξλόγον.
572 2610 662 2637 Codex
685 2609 803 2646 Regius,
824 2605 869 2638 τον
888 2613 937 2647 Ὶη-

151 2639 214 2666 σοῦν
229 2640 315 2674 λόγον.

187 2675 242 2714 (2))
259 2677 428 2714 ῌροᾷαϐῴν.
444 2677 513 2713 Lege
526 2678 715 2714 προλαϐοῦσα,
737 2687 799 2706 nam
817 2680 935 2708 refertur

152 2709 184 2734 ad
193 2709 247 2747 Δτὴν
261 2711 357 2747 ψυχήν,
375 2713 424 2738 nisi
442 2709 508 2740 velis
521 2709 581 2741 esse
596 2709 773 2741 atticisuiutu.

189 2744 245 2781 (2:)
261 2744 336 2772 Ὂξεζ
353 2746 449 2774 Guieto
473 2749 644 2775 scribendum
670 2749 796 2781 videtur,
818 2749 868 2776 ὅτι.
894 2750 932 2776 Ad

154 2777 289 2826 Shristum
303 2781 374 2808 enitn
389 2800 396 2814 ,
419 2782 520 2817 inquit,
545 2783 661 2810 refertur
674 2784 703 2810 τό
715 2803 721 2815 ,
737 2777 828 2811 οὺκέτι
844 2784 934 2821 τεθνή-

155 2820 238 2837 εςται.

774 2425 796 2440 ³⁷
814 2425 892 2453 Rom.
909 2435 946 2458 Vl,
962 2428 988 2456 9.

998 1703 1066 1729 μων,
1088 1696 1103 1731 ἢ
1128 1696 1270 1732 ἄνθρωπος
1290 1697 1421 1733 φρόνιμος
1441 1698 1573 1734 προειδὼς
1587 1699 1665 1734 αὐτῷ
1679 1699 1791 1726 τοιαῦτα

993 1740 1197 1776 συμϐησόμενα,
1215 1743 1265 1769 οὐκ
1280 1742 1323 1775 ἂν,
1341 1743 1410 1777 εἴγε
1424 1743 1544 1775 ἐδύνατο,
1561 1744 1715 1777 ἐξέκλινεν,
1726 1745 1789 1771 ἀλλὰ

994 1782 1154 1809 συνέπιπτεν
1166 1781 1206 1815 οἷς
1226 1785 1430 1820 προηπίστατο;
1450 1795 1459 1811 ι
1480 1786 1535 1812 Καὶ
1558 1786 1716 1822 Σωκράτης
1727 1786 1788 1820 γοῦπ

991 1826 1049 1861 ᾔδει
1066 1827 1096 1853 τὺ
1113 1827 1224 1854 κώνειον
1240 1829 1367 1864 πιόμενος
1382 1829 1429 1855 κα).
1443 1829 1652 1864 τεθνηξόμενος,
1671 1831 1722 1856 καὶ
1737 1829 1791 1856 ἐδύ-

992 1881 1066 1905 νατο,
1083 1873 1161 1909 εἴπερ
1174 1874 1287 1909 ἐπείσθη
1304 1874 1342 1909 τῷ
1360 1875 1479 1910 Κρίτωνι
1493 1875 1549 1910 (24)
1563 1874 1729 1907 ὑπεξελθὼν
1744 1875 1790 1909 τὴν

993 1918 1114 1954 φυλακὴν
1131 1920 1213 1954 μηδὲν
1227 1919 1327 1946 τούτων
1343 1920 1439 1946 παθεῖν
1454 1928 1460 1934 ·
1479 1920 1535 1947 ἀλλ’
1550 1921 1652 1952 εἵλετο,
1672 1922 1748 1948 κατὰ
1763 1921 1791 1946 τὸ

993 1965 1154 1999 φαινόμενον
1171 1965 1244 2000 αὐτῷ
1258 1965 1367 1999 εὔλογον
1378 1986 1384 1997 ,
1400 1967 1523 2001 κρεῖττον
1536 1966 1612 2000 αὐτῷ
1629 1965 1705 1992 εἶναι
1721 1967 1791 2001 φιλο-

993 2009 1082 2042 σόφως
1099 2010 1280 2046 ἀποθανεῖν,ἢ
1298 2011 1468 2045 ἀφιλοσόφως
1484 2011 1542 2046 ζῇν.
1561 2011 1644 2038 Ἀλλὰ
1658 2014 1792 2039 καὶλεω-

992 2054 1065 2086 viast;
1083 2054 1153 2090 (25),
1171 2055 1185 2080 6
1198 2056 1417 2090 Λακεδαιμονίων
1439 2056 1608 2091 στρατηγὸς,
1627 2057 1714 2090 εἰδὼς
1732 2059 1791 2084 6m

992 2100 1097 2126 οὐδέπω
1109 2101 1300 2136 τεθνηξόμενος
1316 2101 1384 2136 μετὰ
1399 2101 1452 2128 τῶν
1471 2102 1499 2128 ὲν
1513 2103 1725 2138 Θερμοπύλαις,
1744 2105 1792 2131 οἰκ

992 2146 1237 2181 ἐπραγματεύσατο
1259 2147 1288 2172 τι
1306 2148 1385 2182 ζῆσαι
1408 2148 1544 2184 αἰσχρῶς·
1568 2148 1627 2174 ἀλλ’
1651 2147 1719 2175 εἷπε
1738 2152 1792 2180 τοῖς

993 2192 1041 2218 σὺν
1056 2191 1139 2225 αὐτῷ,
1157 2201 1167 2217 ι
1190 2192 1392 2227 Ἀριστὴσωμεν
1408 2194 1445 2226 ὡς
1459 2195 1486 2220 ὲν
1501 2194 1564 2229 ᾅδου
1582 2194 1793 2229 δειπνοποιησο-

993 2245 1068 2271 μενοι
1087 2238 1152 2272 (26).
1173 2248 1183 2264 ›
1201 2237 1247 2270 Οἷς
1263 2239 1291 2265 δὲ
1310 2240 1383 2275 μέλει
1405 2240 1525 2275 ἱστορίας
1551 2241 1684 2272 τοιαύτας
1706 2250 1792 2268 συνα-

992 2285 1104 2316 γαγεῖν,
1129 2284 1214 2312 πολλὰ
1238 2286 1392 2321 εὑρήσουσι.
1416 2286 1471 2311 Καὶ
1491 2286 1517 2311 τί
1540 2285 1722 2320 θαυμαστὸν,
1742 2288 1767 2314 εἰ
1781 2289 1793 2313 ὁ

954 2320 975 2346 D
996 2329 1109 2363 Ἰησοῦς,
1123 2331 1301 2365 ἐπιστάμενος
1311 2330 1344 2357 τὰ
1356 2331 1559 2366 συμϐησόμενα,
1573 2331 1625 2358 οὐκ
1635 2331 1791 2364 ἐξέκλινεν,

990 2373 1056 2400 ἀλλὰ
1080 2375 1258 2410 περιέπιπτεν
1280 2374 1321 2408 οἷς
1345 2377 1392 2404 καὶ
1412 2377 1602 2412 προηπίστατο
1620 2385 1627 2409 ;
1648 2377 1720 2404 ὅπου
1747 2379 1793 2404 καὶ

1023 2477 1080 2514 (25)
1108 2478 1214 2514 Avi-toﬁ.
1239 2477 1277 2514 Ita
1302 2478 1383 2514 codd.
1407 2477 1508 2514 Regius
1543 2482 1572 2504 et
1601 2476 1791 2506 Basilcensis.

988 2511 1058 2538 Libri
1075 2519 1139 2547 vero
1152 2513 1228 2544 editi,
1245 2512 1328 2547 αὐτῷ.

1024 2547 1080 2580 (24)
1099 2546 1140 2579 Τῷ
1154 2547 1288 2580 Κρίτωνι.
1304 2546 1369 2573 Vide
1382 2547 1521 2574 Platonem
1537 2547 1563 2582 in
1578 2547 1710 2581 Apolog.,
1725 2556 1791 2582 pag.

987 2581 1003 2606 5
1012 2584 1031 2607 ξ.
1047 2581 1107 2607 Mox
1119 2590 1165 2615 pro
1177 2581 1330 2621 ὑπεξελθςυν
1338 2582 1529 2621 ’ττὴιίφυλακήνι
1543 2581 1646 2609 Guieto
1659 2581 1793 2610 scriben-

988 2615 1411 2658 dutnuvidetnruimegeaomvﬁﬁg
1428 2615 1570 2658 φυλακῆςλ
1637 2651 1666 2658 ν.
1682 2653 1688 2658 _
1727 2652 1758 2658 Ν

1024 2651 1079 2685 (‘25)
1094 2651 1251 2687 Λεωνίδας,
1271 2651 1452 2687 Ilmschelins,
1467 2651 1616 2687 Λεωνίδης.
1637 2651 1710 2679 Vide
1727 2652 1793 2680 Dio-

990 2684 1084 2712 dorum
1100 2686 1219 2711 Siculum
1238 2687 1286 2713 lib.
1306 2695 1331 2713 xt
1347 2686 1417 2712 Bibl.
1433 2687 1525 2713 histor.

1024 2720 1079 2755 (26)
1098 2720 1182 2746 Codd.
1200 2720 1299 2757 liegius
1324 2726 1349 2748 et
1365 2721 1538 2757 Basileensis,
1554 2721 1786 2757 δειπνησὸμενοι.

987 2754 1159 2795 Plutarchus,
1184 2754 1414 2795 O_i'_)7ti)g_dpt6£it§
1427 2775 1433 2786 ,
1460 2755 1498 2786 ὡς
1577 2754 1654 2790 ᾅδου
1671 2754 1791 2795 agat»,-

988 2797 1088 2821 σοντες.
1110 2789 1177 2817 Vide
1192 2789 1327 2818 Valerium
1343 2790 1500 2822 Maximum,
1516 2791 1563 2818 lib.
1579 2789 1623 2824 ιιι,
1640 2799 1705 2827 cap.
1722 2792 1753 2819 ἓ.
