1843 3097
78 167 134 195 853

681 162 819 191 CONTRA
838 162 977 190 CELSUM
994 162 1058 190 LIB.
1077 163 1110 190 ll.

1658 164 1712 192 8M

77 224 196 256 Παῦλος,
213 225 228 250 ό
243 222 365 259 μαθητὴς
380 221 473 254 αὑτοῦ,
484 222 602 254 ἀκούσας
622 222 655 249 τὰ
677 223 869 258 συμϐησόμενα

951 223 1005 250 itur
1024 222 1122 249 mirum
1138 222 1222 249 videri
1241 222 1320 250 debet
1343 223 1365 251 si
1388 223 1478 257 .lesus,
1493 222 1557 252 licet
1578 226 1709 260 prascius

78 269 156 304 αὐτῷ
172 268 302 296 ἀναῦάντι
316 269 356 299 είς
377 267 410 294 τὰ
433 267 619 303 Ἱεροσόλυμα,
647 269 730 304 ὁμόσε
744 269 800 299 τοῖς
814 277 871 294 κιν-

77 315 171 346 δύνοις
185 314 334 350 ἐχώρησεν,
345 313 520 348 ἐπιπλήσσων
533 313 579 340 καὶ
592 316 647 345 τοῖς
662 313 871 349 δεδακρυμένοις

79 361 147 396 περὶ
167 360 246 387 αὑτὸν
268 359 315 386 καὶ
338 359 486 385 κωλύουσιν
507 359 639 394 ἀναϐῆναι
653 360 693 390 εἰς
706 359 740 385 τὰ
758 359 871 394 Ἰεροσό-

80 406 166 440 λυμα.
184 405 280 431 Πολλοὶ
293 404 320 431 δὲ
335 405 381 430 καὶ
398 404 450 431 τῶν
472 404 532 431 καθ’
549 405 624 440 ήμᾶς
645 405 820 440 ἐπιστάμενοι
834 405 872 436 ὡς

80 452 298 486 ὁμολογήσαντες
319 450 368 485 μὲν
404 450 630 485 Χριστιανισμὸν,
654 450 868 477 ἀποθανοῦνται·

82 498 268 534 ἀρνησάμενοι
290 497 318 523 δὲ
340 495 570 531 ἀπολυθήσονται,
595 496 642 522 καὶ
661 497 695 522 τά
716 496 871 532 ὑπάρχοντα

82 543 278 579 ἀπολήψονται,
295 541 498 577 κατεφρόνησαν
515 541 563 576 μὲν
583 541 628 567 τοῦ
651 541 725 576 βίου,
740 541 871 572 ἑκουσίως

81 589 110 616 δὲ
124 589 169 616 τὸν
184 588 254 623 ὑπὲρ
269 587 408 618 εὐσεϐείας
423 587 536 614 θάνατον
549 587 659 613 εἴλοντο.

923 276 1012 295 rerum
1027 276 1086 303 qua:
1099 268 1150 296 sibi
1165 274 1257 297 essent
1270 269 1439 302 obvenlnrae,
1454 277 1485 297 ca
1503 274 1592 298 tamen
1607 270 1709 297 discri-

922 313 994 340 mina
1012 314 1097 341 subiit
1111 322 1171 348 qum
1186 315 1371 349 praeviderat?
1387 315 1484 343 Paulus
1510 317 1569 350 ejus
1585 316 1709 351 discipu-

920 359 972 391 lus,
986 367 1047 386 eum
1071 360 1202 387 audiisset
1225 367 1284 394 qua:
1310 361 1360 388 sibi
1377 362 1502 395 patiemla
1519 362 1708 394 imminerent,

921 406 944 432 si
959 404 1108 433 Jerusalem
1131 411 1237 440 peteret
1254 406 1288 438 ³⁸,
1303 406 1424 440 periculo
1451 415 1479 434 se
1497 408 1648 440 commisit,
1666 407 1708 433 in-

923 458 1036 483 crepans
1052 458 1098 478 eos
1112 452 1156 485 qui
1175 452 1259 484 ipsius
1277 456 1377 478 sortem
1394 452 1516 486 lugerent
1531 453 1709 487 impedirent-

924 503 976 530 que
991 497 1135 531 quominus
1158 497 1221 524 illnc
1245 502 1381 531 pergeret.
1400 497 1468 529 Quin
1495 502 1521 524 et
1537 498 1611 525 multi
1630 506 1645 526 e
1660 505 1709 525 no-

924 541 999 571 stris.
1017 541 1141 575 quamvis
1166 541 1249 575 probe
1271 542 1374 568 scirent
1398 549 1437 573 se,
1456 542 1478 569 si
1503 543 1529 568 in
1554 542 1708 570 conﬁtendo

923 586 1134 614 Christianismo
1150 592 1315 622 perstarent,
1331 588 1479 615 morituros
1494 597 1501 621 ;
1515 593 1611 616 contra
1627 590 1709 616 abso-

82 636 170 662 lutum
189 635 221 661 iri
243 639 271 661 et
298 642 361 661 suas
385 633 525 661 facultates
556 638 778 668 recuperaturos,
804 633 826 660 si
855 633 1045 667 desisterent;
1075 635 1176 667 tamen,
1204 635 1328 669 despecta
1351 635 1416 669 vita,
1451 635 1571 663 volentes
1595 641 1708 663 mortem

81 681 195 715 pietatis
209 688 288 707 causa
304 682 502 707 occubuerunt.

124 725 204 760 Ἑξῆς
235 725 263 751 δὲ
288 724 374 760 τούτῳ
395 725 442 752 καὶ
470 725 533 752 ἄλλο
548 723 644 759 εὔηθές
674 726 780 761 φησινό
795 725 870 762 παρὰ

82 769 123 805 τῷ
135 769 232 803 Κέλσῳ
252 768 375 800 Ἰουδαῖος
386 789 392 800 ,
409 769 450 794 ὅτι
465 768 524 800 πῶς
534 788 540 798 ,
558 778 567 793 ι
586 769 671 804 Εἴπερ
690 771 803 805 προεῖπε
819 771 869 797 καὶ

81 815 129 841 τὸν
139 814 312 850 προδώσοντα
328 813 429 840 καὶτὸν
440 815 634 849 ἀρνησόμενον,
647 815 696 841 οὐκ
712 815 744 842 ἂν
760 815 796 847 ὡς
804 815 870 842 Θεὸν

959 725 1002 753 18.
1022 724 1151 760 Sequitur
1163 724 1235 752 aliud
1251 732 1327 758 aeque
1350 725 1481 753 stultum:
1499 735 1508 752 ι
1527 725 1555 753 Si
1571 726 1708 762 praedixit,

923 769 1010 804 inquit
1025 771 1094 804 apud
1108 771 1216 798 Celsum
1230 769 1347 802 Judmus,
1361 771 1442 797 istum
1456 771 1624 806 proditurum
1636 779 1709 804 6550,,

904 834 906 836 -
925 816 998 842 illuxit
1015 823 1079 843 vero
1093 821 1256 851 negaturum
1271 825 1278 850 ;
1297 825 1346 846 cur
1364 817 1438 844 illum
1458 823 1485 844 ut
1500 818 1583 845 Deum
1599 826 1651 845 nou
1666 825 1711 845 ve-

80 859 267 895 ἒιροὸήθησαν,
279 861 315 890 ὼς
329 859 374 885 τὸν
391 859 439 894 μὲν
454 860 490 895 μὴ
506 860 651 896 προδοῦναι
665 860 715 893 ἔτι,
729 861 774 887 τὸν
789 862 817 888 δὲ
833 863 869 897 μὴ

949 862 967 888 ti
991 866 1065 895 sunt,
1081 868 1266 897 caveruntqne
1290 864 1351 896 iste,
1372 871 1406 891 ne
1427 864 1574 898 proderet,
1604 864 1658 896 ille,
1676 873 1709 891 ne

81 905 276 941 ἀρνήσασθαι;
296 914 305 931 ›
330 906 385 932 Καὶ
410 905 460 932 οὐκ
483 904 535 932 εἶδέ
558 906 612 941 (27)
634 915 666 941 γε
691 907 704 932 ό
720 906 872 941 σοφώτατος

82 950 188 981 Κέλσος
203 950 232 976 ἐν
245 950 283 985 τῷ
302 950 377 986 τόπῳ
393 950 442 986 τὴν
465 951 571 987 μάχην,
588 952 629 978 ὅτι
650 953 674 978 εί
695 953 743 988 μὲν
762 953 816 988 (28)
835 953 873 984 ὡς

81 996 151 1028 Θεὸς
168 996 301 1032 προέγνω,
324 996 372 1022 καὶ
397 997 446 1031 οὐχ
469 994 524 1024 οἷόν
549 1006 578 1024 τε
598 995 632 1033 ἦν
647 998 728 1024 αὑτοῦ
743 999 792 1033 τὴν
808 999 873 1033 πρό-

81 1051 184 1076 γνωσιν
197 1041 364 1076 ψεύσασθαι·
379 1042 428 1077 οὺχ
445 1040 500 1069 οἷόν
514 1051 544 1069 τε
559 1041 592 1078 ἦν
608 1043 668 1070 οὕτε
681 1043 725 1070 τὸν
740 1045 874 1080 ἐγνωσμέ-

81 1097 129 1115 νον
150 1088 187 1119 ὡς
209 1087 379 1123 προδώσοντα
401 1088 437 1123 μὴ
460 1087 622 1124 προδοῦναι,
649 1088 711 1115 οὔτε
729 1089 774 1115 τὸν
798 1089 873 1124 ἐλεγ-

82 1135 183 1170 χθέντα
196 1134 378 1169 ἀρνησόμενον
397 1134 433 1170 μὴ
447 1133 627 1170 ἀρνήσασθαι·
648 1134 672 1160 εί
689 1133 712 1160 δ’
732 1131 787 1160 οἷόν
802 1135 824 1160 τ’
838 1132 872 1170 ἦν

82 1180 160 1207 τόνδε
174 1180 222 1215 μὲν
236 1179 272 1214 μὴ
287 1178 446 1214 προδώσειν,
461 1179 534 1205 τόνδε
549 1179 577 1204 δὲ
594 1178 630 1214 μὴ
646 1177 822 1213 ἀρνήσασθαι,
835 1179 873 1210 ὼς

83 1226 132 1252 καὶ
152 1225 277 1259 γενέσθαι
297 1224 330 1251 ἂν
341 1225 371 1250 τὸ
384 1225 420 1260 μὴ
434 1224 578 1260 προδοῦναι
596 1224 641 1250 καὶ
655 1223 685 1250 τὸ
700 1223 737 1259 μὴ
750 1224 872 1259 ἀρνήσα-

82 1271 147 1298 σθαι
161 1272 190 1297 ὲν
204 1273 258 1302 τοῖς
275 1270 362 1297 ταῦτα
379 1270 622 1306 προμεμαθηκύσιν
636 1289 642 1301 ,
663 1269 752 1296 οὐκέτι
772 1269 873 1305 ἀληθὴς

79 1314 116 1352 ἦν
131 1317 146 1342 ό
159 1316 255 1350 λέγων,
269 1316 309 1342 ὅτι
328 1315 372 1342 ὅδε
393 1315 441 1350 μὲν
458 1315 602 1351 προδώσει,
617 1315 658 1341 ὅδε
672 1315 701 1341 δὲ
716 1315 870 1350 ἀρνήσεται.

82 1363 140 1390 Καὶ
154 1362 208 1398 γὰρ
219 1363 242 1387 εί
256 1361 379 1397 προέγνω
395 1361 578 1397 προδώσοντα,
593 1361 642 1396 τὴν
657 1361 787 1395 πονηρίαν
803 1358 872 1387 οἶδεν

81 1409 131 1443 ἀφ’
151 1406 184 1443 ἦς
202 1406 351 1443 προδώσει,
369 1407 431 1442 ἥτις
449 1406 480 1431 οὐ
507 1405 615 1437 πάντως
634 1407 666 1431 ὲκ
679 1406 728 1441 τῆς
750 1405 873 1441 προγνώ-

83 1462 155 1485 σεως
165 1454 356 1488 ἀνετέτραπτο.
374 1452 458 1478 Πάλιν
471 1461 500 1478 τε
515 1451 549 1478 αὖ
566 1452 589 1477 εἰ
605 1451 750 1485 κατείληφε
766 1451 811 1477 τὸν
824 1451 873 1486 ἀρ-

82 1500 233 1536 νησόμενον
244 1519 252 1531 ,
270 1499 318 1534 τὴν
337 1498 478 1525 ἀσθένειαν
497 1496 557 1524 ἰδὼν
568 1517 575 1528 ,
592 1497 638 1531 ἀφ’
661 1493 695 1532 ἦς
714 1497 870 1532 ἀρνήσεται,

82 1532 225 1580 προείπεν,
248 1532 463 1579 ὅτι-ἀρνήσεται·
482 1543 499 1577 ή
513 1541 535 1568 δ’
552 1541 677 1568 ἀσθένεια
692 1542 740 1567 οὐκ
761 1540 872 1576 ἔμελλεν
886 1532 908 1562 C

82 1589 286 1625 ἀνατρέπεσθαι
307 1589 392 1620 οὕτως
409 1588 514 1624 ἀθρόως
537 1588 590 1614 ἀπὸ
614 1588 662 1623 τῆς
682 1586 872 1622 προγνώσεως.

82 1635 172 1662 Πόθεν
185 1635 213 1661 δὲ
230 1636 277 1661 καὶ
292 1634 331 1661 τόυ
348 1644 356 1659 ι
379 1634 446 1660 Ἀλλ’
459 1633 536 1661 αὐτοὶ
552 1633 707 1668 προέἰωκάν
721 1642 749 1659 τε
764 1633 812 1659 καὶ
826 1633 874 1668 ἠρ-

83 1681 214 1716 νήσαντο,
233 1679 314 1715 μηδὲν
326 1678 407 1706 αὑτοῦ
421 1679 625 1714 φροντίσαντες;
644 1687 653 1703 ι
673 1678 791 1714 Ἐδείχθη
807 1678 872 1714 γὰρ,

81 1727 126 1753 ὅτι
144 1726 208 1762 περὶ
223 1726 271 1761 μὲν
290 1725 336 1752 τοῦ
351 1725 494 1761 προδόντος
515 1724 612 1759 ψεῦδος
629 1724 660 1750 τὸ
683 1724 812 1759 μηδαμῶς
826 1725 875 1751 αὺ-

81 1773 130 1798 τὸν
164 1771 360 1807 πεφροντικότα
387 1770 433 1797 τοῦ
465 1770 624 1797 διδασκάλου
658 1771 870 1806 προδεδωκέναι’

80 1817 162 1844 οὐδὲν
176 1817 198 1843 δ’
213 1815 293 1852 ἧττον
308 1816 354 1842 καὶ
377 1816 442 1851 περὶ
466 1814 513 1841 τοῦ
531 1815 718 1851 ἀρνησαμένου
732 1816 811 1842 τοῦτο
824 1816 875 1842 δείν

81 1862 229 1894 κνυται,ὃς
244 1861 357 1895 ἐξελθὼν
368 1861 430 1894 ἔξω,
439 1860 506 1896 μετὰ
519 1861 549 1887 τὸ
563 1861 742 1898 ἀρνήσασθαι,
758 1861 872 1888 ἒκλαυσε

82 1908 205 1944 πικρῶς.

129 1953 302 1980 Ἐπιτιόλαιον
326 1952 353 1979 δὲ
379 1952 426 1978 καὶ
442 1952 471 1979 τό
482 1961 489 1967 ·
510 1961 519 1978 ι
535 1953 604 1988 Ἤδη
627 1953 681 1988 γάρ
696 1961 747 1978 που
769 1951 814 1978 καὶ
828 1952 873 1979 ἅν-

83 1999 196 2035 θρωπος
213 1998 452 2033 ἐπιδουλευόμενός
476 2006 505 2024 τε
526 1998 572 2024 καὶ
587 1997 808 2033 προαισθόμενος,
826 1997 873 2024 ἐὰν

82 2044 207 2080 προείπῃ
223 2045 279 2074 τοῖς
300 2043 532 2074 ἐπιϐουλεύουσιν,
553 2043 749 2078 ἀποτρέπονται
767 2043 812 2069 καὶ
829 2051 875 2076 φυ-

80 2090 240 2116 λάσσονται.
267 2099 277 2115 ι
301 2089 396 2115 Πολλοὶ
415 2088 469 2123 γὰρ
495 2088 542 2115 καὶ
567 2088 790 2123 προαισθομένοις
818 2089 874 2120 τοῖς

79 2133 336 2169 ἐπιϐουλευομένοις
360 2133 567 2160 ἐπεϐούλευσαν.
590 2132 669 2168 Ἑξῆς
688 2133 735 2165 δὲ,
753 2133 873 2168 ὡσπερεὶ

79 2182 113 2207 τὸ
129 2180 315 2215 συμπέρασμα
331 2180 440 2214 ἐπάγων
454 2179 492 2214 τῷ
507 2179 577 2214 λόγῳ
587 2200 594 2212 ,
611 2179 706 2213 φησίν·
739 2188 749 2204 ι
770 2178 872 2205 Οὔκουν

80 2225 178 2261 ἐπειδὴ
201 2225 346 2261 προείρητο
369 2224 472 2255 ταῦτα,
498 2224 627 2258 γέγονεν·
651 2223 780 2250 ἀδύνατον
806 2223 870 2258 γάρ.

86 2271 161 2297 Ἀλλ’
182 2271 276 2305 ἐπειδὴ
297 2271 408 2305 γέγονε,
430 2269 526 2304 ψεῦδος
545 2269 684 2304 ἐλέγχεται
701 2269 730 2295 τὸ
747 2277 874 2305 προειρη-

79 2317 160 2344 κέναι
170 2325 176 2331 ·
194 2317 281 2352 πάντη
296 2317 349 2352 γὰρ
364 2317 503 2351 ἀμήχανον
519 2315 580 2346 τοὺς
596 2314 818 2350 προακούσαντας
832 2314 872 2340 ἔτι

79 2363 229 2398 προδοῦναι
246 2363 292 2389 καὶ
313 2362 490 2398 ἀρνήσασθαι.
516 2370 525 2387 ι
552 2361 744 2395 ’Λνατραπεῐσι
764 2360 792 2386 δὲ
816 2361 873 2392 τοῖς

79 2409 293 2444 προειρημένοις
305 2407 493 2443 συνανετράπη
503 2407 532 2433 τὸ
548 2407 732 2442 συμπέρασμα
746 2407 786 2437 τὸ,
797 2415 805 2431 ι
818 2406 873 2432 Καὶ

78 2454 143 2480 ἐπεὶ
159 2453 214 2488 (29)
237 2453 381 2489 προείρητο
402 2452 497 2483 ταῦτα,
518 2452 622 2486 γέγονε.
645 2460 653 2476 ι
674 2451 765 2486 Φαμὲν
787 2451 809 2477 δ’
831 2451 872 2477 ὅτι

78 2499 128 2526 καὶ
140 2499 262 2533 γέγονεν,
275 2499 313 2530 ὡς
325 2499 435 2525 δυνατόν
514 2507 520 2514 ·
536 2499 581 2525 καὶ
596 2499 657 2524 ἐπεὶ
670 2498 791 2532 γέγονεν,
810 2497 874 2532 ἁλη-

78 2544 128 2576 οὲς
141 2545 278 2572 δείκνυται
293 2545 323 2570 τὸ
337 2544 530 2580 προειρηκέναι
540 2552 546 2559 ·
563 2544 593 2569 τὸ
609 2543 663 2579 γὰρ
679 2543 743 2578 περὶ
761 2542 871 2578 μελλόν-

76 2599 134 2616 των
152 2590 252 2626 ἀληθὲς
273 2591 332 2622 ταῖς
356 2590 483 2617 ὲκΰάσεσι
498 2591 628 2626 κρίνεται.
644 2589 749 2620 Ψεῦδος
772 2587 818 2615 οὖν
843 2588 873 2614 τὸ

78 2637 126 2663 ὑπ’
141 2636 225 2664 αὐτοῦ
240 2636 325 2668 οὕτως
339 2637 500 2672 εἰρημένον,
513 2638 553 2663 ὅτι
572 2636 668 2671 ψεῦδος
689 2635 827 2670 ἐλέγχεται
841 2634 872 2660 τὸ

114 2708 137 2724 ³⁵
156 2708 219 2735 Act.
234 2715 292 2739 xxt,
309 2707 353 2734 l2.
391 2708 412 2725 ³³
432 2707 529 2735 Matth.
546 2715 621 2739 xxvi,
643 2707 687 2734 75.

113 2778 174 2813 (27)
183 2777 368 2818 'Elb‘s._Codd.
383 2778 483 2813 Regius
496 2777 683 2818 ,lllasi'leensis
696 2779 724 2804 et
737 2775 866 2811 Anglica-

77 2811 263 2855 lllliyliyllls.
277 2812 351 2855 Iribqi
366 2811 454 2855 autem
470 2813 548 2844 editi,
562 2811 625 2838 οἶδε.
679 2847 684 2853 ⁸
760 2850 766 2855 ⁸
844 2846 850 2851 Ι

114 2848 172 2882 (28)
192 2847 252 2873 Ὅτι
265 2848 291 2873 εἰ
305 2846 373 2881 μέν.
388 2847 432 2873 Sic
452 2854 525 2874 recte
537 2855 601 2874 mss.
621 2847 769 2874 restituunt
782 2846 867 2882 par_ti-

77 2883 167 2910 cuiam
181 2883 220 2916 ει,
236 2889 298 2917 qua:
313 2882 348 2910 ab
364 2882 443 2910 editis
464 2882 542 2911 libris
562 2882 666 2910 incuria
683 2882 866 2917 typographu-

924 908 1054 942 negaret?
1072 918 1081 935 ι
1100 909 1157 936 Non
1171 910 1236 936 vidit
1252 910 1346 937 Celsus
1366 910 1447 937 homo
1477 909 1522 937 ille
1537 909 1709 944 sapientissi-

923 961 982 981 mus
995 956 1154 989 pugnantia,
1175 963 1204 983 se
1218 956 1302 991 loqui.
1318 955 1384 982 Nam
1413 956 1436 983 si
1455 961 1483 982 ut
1514 955 1584 983 Deus
1604 964 1709 990 prterm-

924 1001 974 1033 vit,
997 1008 1046 1028 nec
1072 1001 1129 1028 fieri
1156 1006 1261 1036 poterat
1289 1007 1318 1029 ut
1344 1003 1477 1037 prmuotio
1505 1002 1707 1034 frustraretur;

923 1046 980 1074 fieri
1009 1047 1102 1081 utique
1128 1055 1181 1074 non
1205 1048 1310 1082 potuit,
1333 1053 1361 1074 ut
1385 1049 1430 1082 qui
1465 1048 1708 1083 przecognosceba-

923 1097 967 1118 tur
981 1092 1153 1126 proditurus,
1171 1093 1193 1120 is
1209 1100 1262 1120 non
1286 1094 1414 1127 proderet
1433 1114 1441 1127 ,
1467 1098 1513 1120 aut
1527 1101 1579 1120 non
1597 1097 1709 1128 negaret

923 1137 977 1170 ille,
994 1137 1050 1172 qui,
1067 1143 1096 1165 ut
1109 1144 1266 1173 negaturus,
1284 1139 1464 1173 reprehensus
1480 1139 1579 1166 fuerat.
1595 1140 1642 1166 Sin
1658 1147 1710 1166 au-

924 1190 976 1212 tem
989 1185 1058 1213 alter
1071 1193 1124 1213 non
1139 1186 1264 1220 prodere,
1287 1186 1357 1212 alter
1379 1193 1432 1212 non
1448 1193 1546 1221 negare
1563 1187 1706 1220 potuisset,

924 1231 958 1258 ita
977 1237 1004 1258 ut
1022 1231 1184 1265 pra-moniti,
1202 1231 1248 1258 ille
1264 1239 1317 1258 non
1336 1231 1521 1265 prodidisset,
1538 1232 1580 1258 hie
1594 1239 1645 1259 non
1661 1239 1708 1258 ne-

923 1282 1031 1312 gasset;
1048 1285 1130 1304 verax
1145 1285 1197 1304 non
1216 1277 1312 1304 fuisset
1329 1278 1382 1310 ille,
1408 1278 1452 1311 qui
1478 1278 1593 1304 alterum
1616 1279 1708 1312 prodi-

924 1327 1026 1355 turum,
1043 1323 1157 1350 alterum
1185 1327 1345 1357 negaturum
1367 1330 1427 1350 esse
1444 1323 1561 1350 dixerat.
1586 1323 1614 1350 Si
1636 1324 1708 1350 enim

923 1371 1053 1405 praenovit
1067 1371 1248 1405 proditurum,
1264 1370 1338 1397 novit
1361 1370 1492 1397 malitiam
1517 1371 1587 1396 unde
1615 1370 1708 1396 nasci—

924 1420 984 1443 tura
999 1421 1058 1443 erat
1072 1416 1200 1450 proditio.
1217 1422 1352 1450 quamque.
1368 1420 1490 1442 evertere
1506 1415 1635 1450 pra'notio
1649 1422 1709 1442 om.

923 1462 988 1488 nino
1002 1469 1054 1488 non
1071 1466 1187 1495 poterat.
1201 1460 1432 1493 Quemadmodum
1448 1460 1470 1487 si
1482 1461 1616 1494 pra‘scivit
1626 1468 1710 1494 nega-

925 1511 1025 1536 turum.
1040 1506 1117 1533 norit
1130 1505 1354 1536 imbecillitatem,
1370 1512 1429 1539 qua:
1440 1505 1534 1531 datura
1549 1505 1636 1532 locum
1649 1510 1709 1532 erat

926 1553 1076 1587 negationi,
1094 1553 1199 1587 haeque
1223 1553 1256 1579 de
1279 1559 1361 1580 causa
1387 1556 1548 1585 negaturum
1564 1559 1625 1579 esse
1641 1559 1709 1585 prat-

925 1598 1070 1625 nuntiavit.
1087 1597 1148 1625 "me
1162 1605 1224 1625 vero
1243 1598 1412 1626 imbecillitas
1427 1598 1550 1625 coerceri
1565 1597 1708 1624 confestim

926 1652 978 1671 non
997 1644 1082 1678 potuit
1106 1652 1120 1670 τι
1139 1644 1316 1678 pramotione.
1333 1645 1409 1672 Unde
1425 1649 1516 1671 autem
1541 1645 1613 1678 cepit
1638 1644 1710 1678 quod

926 1690 981 1716 ait:
998 1699 1007 1716 ι
1027 1690 1064 1717 llli
1088 1694 1176 1716 tamen
1201 1698 1262 1718 eum
1281 1690 1358 1717 nihili
1382 1689 1514 1717 facientes
1530 1690 1710 1724 prodiderunt

924 1741 951 1764 et
965 1737 1153 1771 negaverunt?
1169 1746 1178 1762 ι
1197 1737 1282 1770 Quam
1296 1737 1366 1764 enim
1385 1737 1437 1763 hoc
1452 1737 1486 1764 de
1499 1735 1566 1763 Inda
1591 1737 1626 1763 sit
1642 1736 1709 1762 alie.

927 1791 991 1810 num
1004 1790 1018 1809 a
1028 1783 1154 1813 veritate,
1169 1782 1224 1816 jam
1237 1787 1299 1809 ante
1310 1782 1491 1812 ostendimus;
1504 1789 1554 1808 nec
1569 1782 1656 1816 magis
1666 1789 1711 1807 ar-

924 1828 1006 1855 duum
1013 1833 1054 1855 est
1061 1828 1129 1855 idem
1136 1829 1168 1854 de
1175 1827 1255 1855 Petro
1262 1827 1461 1860 demonstrare,
1469 1827 1567 1861 quippe
1573 1827 1630 1861 qui,
1638 1830 1712 1860 post-

924 1881 1004 1908 quam
1020 1877 1176 1907 negaverat,
1189 1880 1314 1907 egressus
1329 1872 1403 1900 foras
1420 1879 1512 1900 amare
1528 1872 1633 1900 ﬂeverit
1644 1872 1677 1898 ³⁹.

959 1950 1003 1977 l9.
1019 1949 1105 1976 Futile
1119 1949 1200 1976 etiam
1214 1953 1256 1977 est
1273 1950 1344 1977 istud
1359 1957 1366 1975 :
1388 1958 1397 1975 ι
1416 1949 1505 1982 Certe,
1531 1949 1630 1983 inquit,
1647 1957 1708 1977 cum

923 1995 1003 2032 5,05
1022 1996 1101 2022 homo
1117 2000 1224 2030 paratas
1237 1995 1288 2022 sibi
1307 1995 1422 2022 insidias
1445 1995 1584 2029 praesentit
1599 2001 1626 2022 et
1641 1995 1708 2022 iesi-

923 2042 1043 2068 diatores
1059 2047 1218 2076 printnonet,
1243 2041 1270 2068 hi
1291 2041 1460 2069 deterrentur
1483 2048 1497 2067 a
1519 2041 1658 2075 proposito
1679 2046 1708 2068 et

924 2091 1020 2114 cavent
1033 2087 1094 2113 sibi.
1114 2095 1123 2112 ι
1140 2086 1213 2113 Multi
1230 2086 1302 2113 enim
1327 2086 1410 2113 etiam
1426 2086 1459 2113 iis
1484 2087 1529 2120 qui
1549 2087 1710 2120 praesentie-

923 2133 999 2166 bant,
1017 2132 1193 2159 nihilominus
1216 2132 1328 2159 insidias
1342 2132 1427 2160 moliti
1445 2137 1517 2159 sunt.
1535 2132 1596 2159 ll.ec
1611 2132 1710 2160 deinde

925 2179 1000 2213 quasi
1018 2178 1077 2212 ejus
1101 2178 1238 2205 conclusio
1260 2183 1302 2205 est
1327 2186 1334 2205 :
1354 2187 1363 2203 ι
1388 2177 1447 2204 Non
1473 2178 1557 2212 igitur
1580 2178 1707 2212 quoniam

925 2225 981 2252 lucc
993 2225 1121 2260 praedicta
1135 2229 1207 2258 sunt,
1220 2225 1387 2252 acciderunt.
1401 2225 1468 2251 Nam
1482 2224 1646 2259 impossibile
1654 2229 1707 2252 est.

924 2269 982 2298 lmo
1004 2271 1076 2305 quod
1103 2271 1268 2302 acciderint,
1291 2270 1352 2297 ideo
1374 2270 1472 2298 falsum
1495 2275 1537 2298 est
1559 2270 1604 2297 illa
1626 2270 1710 2298 fuisse

924 2315 1062 2350 przedieta.
1080 2315 1144 2342 Nam
1161 2315 1219 2342 fieri
1237 2323 1288 2342 non
1306 2315 1392 2349 potuit
1414 2321 1442 2343 ut
1457 2316 1589 2350 prodituri
1606 2321 1653 2343 aut
1665 2324 1710 2343 ne-

925 2359 1012 2393 gaturi
1037 2363 1137 2392 essent,
1161 2360 1205 2394 qui
1233 2360 1384 2394 prmmouiti
1407 2360 1528 2387 fuerant.
1547 2370 1556 2386 ι
1576 2360 1629 2388 Sed
1645 2361 1709 2387 sub-

924 2406 1012 2432 versis
1031 2413 1090 2438 quae
1105 2411 1167 2432 ante
1191 2407 1271 2436 dixit.
1297 2411 1407 2433 corruat
1425 2413 1536 2433 necesse
1560 2411 1601 2433 est
1616 2411 1642 2433 et
1659 2407 1707 2433 ista

924 2450 1084 2477 conclusio:
1102 2459 1112 2476 ι
1131 2451 1189 2478 Non
1206 2452 1288 2486 igitur
1301 2453 1366 2486 quia
1382 2453 1509 2486 prmdicta
1524 2458 1618 2486 erant,
1636 2454 1709 2480 acei-

924 2496 1032 2524 tierunt.
1048 2506 1058 2521 ι
1072 2497 1151 2524 Certe
1165 2498 1323 2525 acciderunt
1335 2503 1362 2525 et
1379 2499 1488 2532 quidem
1508 2503 1534 2524 ut
1547 2500 1706 2532 possibilia;

925 2548 951 2570 et
961 2542 1023 2576 quia
1039 2543 1207 2575 acciderunt,
1218 2550 1360 2579 propterea
1377 2545 1505 2578 pra-dictu
1519 2543 1603 2570 fuisse
1615 2552 1708 2572 verum

924 2592 975 2616 est.
990 2587 1057 2615 Nam
1075 2597 1137 2616 vera
1155 2598 1244 2616 rerum
1262 2590 1416 2617 futurarum
1431 2591 1568 2624 pr'etlielio
1582 2598 1615 2616 ex
1627 2597 1708 2616 evru—

925 2635 996 2663 tibus
1008 2635 1157 2670 iudicatur.
1175 2635 1241 2663 Cum
1259 2636 1341 2671 igitur
1361 2637 1401 2664 ait
1421 2636 1514 2664 Celsus
1535 2635 1631 2663 falsqu
1648 2643 1708 2663 esse

920 2782 979 2802 rum
998 2774 1151 2802 exciderat.

933 2809 1011 2851 ﬂ(29)
1023 2809 1077 2836 Kal
1091 2809 1163 2836 ἐπει.
1180 2808 1345 2845 Legendum,
1357 2809 1407 2836 οὐκ
1420 2810 1492 2843 ἐπεί,
1508 2818 1540 2838 ex
1555 2812 1710 2846 praeceden-

1031 2880 1077 2913 Ὡς
1092 2879 1232 2908 δυνατόν.
1261 2879 1358 2910 Guielo
1387 2880 1563 2926 scribendum
1591 2883 1708 2918 videtur,
