1843 3097
169 93 223 122 859

913 87 1075 117 ORIGENIS

1753 84 1800 111 $50

169 158 260 185 dictum
291 154 456 187 adhibueris,
481 153 539 181 sive
566 161 630 185 non.
666 152 849 180 convalesces.
865 150 919 179 Sed
936 151 958 178 si

1040 149 1161 184 ιαστήσῃ.
1179 147 1258 174 Ἀλλὰ
1271 147 1318 174 καὶ
1331 147 1354 174 εἰ
1366 146 1492 182 εἵμαρται
1504 155 1545 172 σοι
1558 145 1596 181 μὴ
1611 145 1764 180 ἀναστῆναι
1774 147 1801 172 ὲκ

171 196 256 229 fatum
279 201 326 228 tibi
349 203 392 227 est
415 206 449 226 ex
467 198 520 226 hoc
543 198 639 226 morbo
667 205 720 225 non
746 197 958 228 convalescere;

171 248 228 274 sive
245 245 402 273 adhibueris
420 245 566 276 medicum,
584 244 642 270 sive
653 250 705 270 non
723 241 890 273 adhibueris,
907 249 959 267 non

170 291 355 319 convalesces.
373 290 470 317 Fatum
487 294 578 316 autem
595 289 643 316 tibi
659 292 702 315 est
719 289 909 315 convalescere
928 293 959 313 ex

171 338 222 364 isto
237 337 341 368 morboI
360 341 407 363 aut
437 336 520 363 fatum
540 334 589 362 tibi
607 339 648 361 est
661 334 720 368 {non
742 333 934 359 convalescere
952 340 958 358 :

173 383 272 409 frustra
286 382 369 417 igitur
381 381 494 408 adhibes
515 379 662 406 medicum.
678 377 731 404 Sed
748 377 904 412 hujusmodi
918 383 963 403 ca-

171 428 255 462 ptioni
271 434 319 461 par
332 431 374 453 est
395 425 525 460 jocularis
540 425 592 451 ista
610 432 616 450 :
633 423 655 451 si
672 422 756 450 fatum
779 426 821 450 est
845 423 893 455 ita,
915 421 961 448 tibi

173 477 319 500 nascentur
331 471 427 503 liberi;
443 471 500 498 sive
517 478 573 497 rem
593 469 693 496 habeas
710 476 771 495 eum
794 475 890 500 uxore,
905 468 963 495 sive

172 525 237 551 non,
262 517 340 544 liberi
371 517 417 544 libi
447 520 603 543 nascentur.
623 514 690 541 Etsi
710 513 795 540 fatum
811 513 847 540 ita
861 518 913 546 est,
930 513 962 539 li-

172 564 232 592 beri
255 570 308 590 non
338 567 486 590 nascentur
511 561 559 587 tibi
573 569 579 593 ;
597 560 653 587 sive
667 567 728 587 cum
741 559 854 586 muliere
868 559 962 593 fueris,

173 610 231 637 sive
245 617 309 641 non,
326 608 438 634 minime
461 607 509 633 tibi
529 606 607 633 liberi
636 609 800 637 nascentur;
815 604 898 631 fattnn
914 613 963 631 au-

175 660 229 682 tem
242 659 295 687 est,
309 653 466 680 habitarunt
484 656 509 679 te
523 651 636 682 liberos,
652 655 698 676 aut
716 658 768 678 non
783 651 938 677 habiturum
956 659 961 676 :

178 701 281 728 frustra
301 699 382 733 igitur
397 706 457 725 cum
473 705 557 724 uxore
574 696 763 724 concubueris.
791 696 856 723 Nam
871 703 964 730 quem-

175 746 319 773 admodum
339 744 373 771 ad
402 743 585 778 procreandos
611 742 719 773 liberos,
748 742 876 776 quoniam
899 748 962 776 pro-

174 798 267 819 creare
281 798 334 816 non
348 794 436 824 potest
451 796 465 815 a
482 789 595 816 muliere
610 788 750 816 abstinens
762 808 769 821 ,
786 795 838 814 non
863 787 962 814 frustra

174 844 236 863 etnn
253 836 364 863 muliere
377 835 586 866 concumbitur;
607 835 647 861 sic
659 834 680 862 si
697 833 831 861 medicina
846 833 878 860 ad
896 840 962 859 cou-
979 838 999 865 Β

173 881 364 908 valescendum
380 888 412 907 cx
427 880 520 906 morbo
535 880 674 912 conducit,
690 879 811 906 medicus
834 878 963 905 adhibea-

175 931 218 954 tur
231 933 342 953 neeesse
355 930 396 953 est
410 934 418 958 ;
440 926 560 960 adeoque
575 924 672 951 falsum
690 931 733 951 est
753 924 825 951 istud
839 932 846 952 :
863 923 965 950 frustra

174 973 286 999 adhibes
313 972 458 999 medicum.
485 971 574 1005 Atque
602 971 659 998 hazc
688 970 848 997 adduximus
876 969 965 996 omnia

174 1024 285 1053 propter
298 1017 373 1049 illud,
390 1018 462 1051 quod
477 1016 696 1050 sapientissinms
715 1015 760 1042 ille
772 1015 865 1042 Celsus
890 1015 966 1042 dixe-

174 1068 216 1091 rat
230 1071 238 1092 :
256 1072 264 1089 t
281 1062 331 1096 Qui
344 1063 413 1089 Deus
423 1066 482 1088 erat
497 1062 619 1095 pr:cdixit
639 1069 645 1087 :
662 1061 774 1095 proinde
788 1060 899 1087 evenire
907 1067 966 1086 om-

174 1110 240 1136 nino
267 1108 386 1143 oportuit
401 1108 472 1142 quod
499 1107 656 1142 praedictum
686 1106 784 1133 fuerat.
806 1115 815 1132 ι
838 1104 866 1132 Si
894 1105 966 1131 enim

175 1154 246 1181 hanc
277 1161 369 1180 vocem
401 1153 508 1179 omnino
533 1151 672 1186 usurpavit
698 1159 746 1186 pro
775 1158 807 1178 eo
832 1151 903 1186 quod
926 1156 968 1178 est

175 1199 320 1225 necessario
346 1205 397 1224 non
423 1198 557 1225 assentior
584 1206 591 1224 :
620 1198 709 1232 potuit
730 1197 801 1224 enim
824 1204 876 1224 non
905 1204 968 1224 eve-

176 1244 248 1277 nire;
274 1243 315 1270 sin
341 1243 410 1278 apud
439 1243 513 1269 illum
546 1250 599 1270 vox
625 1243 730 1269 omnino
763 1241 832 1269 idem
864 1241 966 1278 signiti-

176 1294 221 1318 cat
248 1297 279 1317 ac
305 1290 365 1322 erit,
382 1289 453 1324 quod
484 1296 575 1316 verum
596 1296 655 1316 esse
681 1288 748 1315 nihil
774 1288 915 1323 prohibet,
936 1288 969 1315 li-

178 1338 223 1362 cet
251 1335 336 1369 possit
351 1335 435 1361 etiam
450 1341 502 1361 non
518 1335 637 1366 evenire,
657 1333 724 1361 nihil
744 1338 838 1360 contra
865 1341 913 1361 nos
928 1333 967 1361 fa-

176 1381 214 1409 cit
226 1382 282 1416 ejus
299 1381 516 1417 argumentatio;
533 1388 583 1408 nec
600 1388 633 1408 ex
647 1388 680 1408 eo
702 1381 773 1416 quod
801 1379 880 1408 Jesus
899 1389 969 1416 pra:-

175 1428 276 1456 dixerit
295 1428 329 1455 ab
343 1427 429 1454 altero
445 1435 474 1454 se
488 1427 623 1462 proditum
638 1427 682 1459 iri,
701 1427 741 1453 vel
758 1427 792 1454 ab
818 1427 905 1454 altero
921 1435 968 1455 ne-

175 1473 292 1508 gandum
306 1480 376 1505 esse,
401 1473 525 1507 sequitur
541 1477 569 1499 ut
592 1473 646 1499 illis
665 1472 812 1506 impietatis
825 1477 853 1499 et
869 1473 966 1500 nefarii

1010 195 1060 230 τῆς
1081 195 1169 226 νόσου,
1185 193 1232 220 ὲάν
1252 202 1282 219 τε
1299 193 1447 228 εἰσαγάγῃς
1467 192 1512 218 τὸν
1531 192 1636 227 ἰατρὸν,
1658 191 1708 217 ἐάν
1726 200 1755 217 τε
1770 192 1801 226 μὴ

1011 239 1171 276 εἰσαγάγῃς,
1189 239 1239 265 οὐκ
1253 239 1402 273 ἀναστήσῃ.
1415 239 1492 264 Ἤτοι
1505 238 1531 263 δὲ
1546 237 1602 273 (43)
1617 237 1751 272 εἵμαρταὲ
1767 246 1803 263 σοι

1012 286 1161 320 ἀναστῆναι
1177 285 1209 311 ὲκ
1217 285 1274 320 ,τῆς
1293 285 1381 316 νόσου,
1400 284 1416 318 ἢ
1431 283 1559 318 εἷμαρταί
1573 291 1614 309 σοι
1635 282 1674 317 μὴ
1693 283 1806 318 ἀναστῆ-

1013 339 1067 363 ναι,
1087 331 1174 366 μάτην
1192 330 1246 365 ἄρα
1269 330 1389 364 εἰσάγεις
1409 329 1454 355 τὸν
1471 329 1572 362 ἰατρόν.
1605 327 1690 353 Ἀλλὰ
1706 327 1805 362 χαριέν-

1012 385 1067 408 τως
1087 376 1173 412 τούτῳ
1193 376 1232 411 τῷ
1252 376 1322 410 λόγῳ
1342 375 1461 402 τοιοῦτόν
1483 384 1510 401 τι
1533 373 1758 410 παραϐάλλεται·
1778 374 1805 399 Ei

1013 422 1142 457 εἵμαρται
1158 430 1198 447 σοι
1217 421 1407 456 τεκνοποῆσαι,
1425 420 1471 446 ὲάν
1491 429 1521 446 τε
1538 419 1672 454 συνέλθῃς
1690 418 1805 452 γυναικὶ,

1014 468 1061 494 ἐὰν
1074 477 1103 494 τε
1119 468 1156 503 μὴ
1177 467 1315 504 συνέλθῃς,
1333 467 1544 502 τεκνοποιήσεις.
1570 465 1654 491 Ἀλλὰ
1671 466 1720 491 xui.
1735 465 1759 491 εἰ
1771 464 1807 491 εε-

1016 514 1117 549 μαρται
1138 522 1179 540 σοι
1197 514 1233 549 μὴ
1249 513 1456 548 τεκνοποιῆσαι,
1479 513 1525 538 ὲάν
1542 520 1572 538 τε
1602 511 1738 546 συνέλθῃς
1762 519 1806 544 γυ-

1014 561 1096 592 ναικὶ,
1111 560 1127 595 ἢ
1146 559 1182 595 μὴ
1197 559 1338 596 συνέλθῃς,
1353 559 1383 585 οὺ
1395 559 1609 593 τεκνοποιήσεις.
1623 558 1707 583 Ἤτοι
1722 557 1806 592 δὲμὶ)

1015 605 1143 640 εἴμαρταί
1152 613 1193 631 σοι
1209 604 1438 638 τεῃοποιῆσαι,ἢ
1453 603 1489 638 μὴ
1499 602 1710 637 τεκνοποιῆσαι,

1016 651 1069 686 ἄρα
1082 651 1198 686 συνέρχῃ
1207 650 1324 684 γυναικί.
1341 651 1383 682 Ὡς
1395 649 1450 684 γὰρ
1458 649 1503 675 ἐπὶ
1512 648 1622 678 τούτου,
1632 648 1697 673 ἐπεὶ
1708 647 1808 681 ἀμήχα-

1015 705 1059 722 νον
1072 697 1119 723 κα)⁴
1134 696 1262 723 ἀδύνατον
1274 695 1466 729 τεκωποιῆσαι
1478 694 1523 720 τὸν
1539 693 1575 729 μὴ
1588 693 1755 719 συνελθόντα
1766 700 1809 726 γδ-

1016 744 1097 774 ναικὶ,
1109 743 1138 769 οὺ
1152 743 1238 778 μάτην
1248 742 1487 778 παραλαμὸάνεται
1498 741 1527 767 τὸ
1536 739 1679 766 συνελθεῖν
1693 740 1806 773 γυναικῦ

1015 788 1101 819 οὕτως
1117 789 1140 814 εἰ
1158 788 1187 814 τὸ
1205 787 1351 822 ἀναστῆναι
1367 788 1399 813 ὲκ
1420 787 1469 822 τῆς
1485 787 1561 813 νόσου
1647 787 1681 821 τῇ
1704 786 1759 812 ἀπὸ
1775 787 1811 812 Ξα-

1014 834 1112 869 τρικῆς
1124 833 1238 867 γίνεται,
1248 833 1405 867 ἀναγκαίαις
1416 832 1666 868 παραλαμϐάνεται
1679 832 1695 858 ὁ
1709 832 1809 867 ἰατρός·

1017 880 1061 906 καὶ
1080 879 1175 914 ψεῦδος
1190 879 1230 911 τὸ,
1248 879 1345 915 Μάτην
1365 879 1484 913 εἰσάγεις
1502 879 1547 905 τὸν
1568 879 1674 914 ἰατρόν.
1702 878 1769 904 Ὄλα
1788 878 1811 904 ss

1016 925 1099 952 ταῦτα
1126 925 1344 961 παρειλήφαμεν,
1368 925 1399 951 δι’
1416 925 1434 952 ἃ.
1458 924 1592 960 παρέθετο
1613 929 1629 950 ο
1657 924 1810 958 σοφώτατος

1017 970 1118 1002 Κέλσος
1132 970 1230 997 εἰπών·
1249 980 1258 996 ι
1275 971 1341 1001 Θεὸς
1354 970 1391 996 ὢν
1403 972 1526 1005 προεῖπε,
1543 970 1591 996 καὶ
1605 970 1721 1001 πάντως
1733 970 1810 1004 ἐχρῆν

1017 1016 1141 1048 γενέσθαι
1153 1016 1183 1042 τὸ
1193 1016 1398 1052 προειρημένον.
1414 1026 1422 1042 ι
1435 1017 1466 1042 Ei
1478 1015 1531 1051 γὰρ
1543 1015 1573 1041 τὸ
1588 1015 1710 1048 πάντως
1723 1015 1812 1041 ἀκούει

1017 1061 1077 1088 ἀντὶ
1090 1061 1137 1088 τοῦ
1146 1061 1481 1096 κατηναγκασμένως,οὺ
1493 1061 1614 1096 δώσομεν
1628 1060 1707 1095 αὐτῷ
1717 1069 1724 1075 ε
1738 1061 1814 1087 δυνα-

1017 1107 1061 1134 τὸν
1077 1107 1130 1142 γὰρ
1146 1105 1180 1142 ἦν
1193 1108 1238 1134 καὶ
1257 1107 1293 1143 μὴ
1313 1107 1455 1141 γενέσθαι·
1470 1107 1494 1133 εἰ
1512 1107 1540 1133 δὲ
1552 1106 1583 1133 τὸ
1601 1107 1727 1139 πάντως
1742 1107 1814 1139 λέγει

1018 1154 1078 1180 ἀντὶ
1091 1153 1137 1180 τοῦ
1153 1153 1249 1187 ἔσται,
1264 1154 1332 1188 ὅπερ
1353 1154 1382 1179 οὐ
1397 1153 1529 1180 κωλύεται
1543 1150 1612 1179 εἶναι
1633 1152 1750 1187 ἀληθὲς,
1769 1153 1815 1179 κᾶν

1018 1200 1128 1227 δυνατὸν
1183 1200 1213 1226 τὸ
1231 1201 1268 1235 μὴ
1288 1200 1428 1234 γενέσθαι·
1452 1199 1527 1226 οὐδὲν
1547 1199 1628 1226 λυπεῖ
1649 1199 1699 1226 τὸν
1722 1199 1814 1233 λόγον’

1019 1246 1073 1273 οὐδ’
1088 1246 1227 1281 ἠκολούθει
1243 1245 1282 1281 τῷ
1298 1246 1491 1282 προειρηκέναι
1510 1245 1556 1272 τὸν
1576 1245 1683 1280 Ἰησοῦν
1701 1245 1738 1272 τὰ
1756 1245 1816 1280 περὶ

1018 1291 1065 1318 τοῦ
1083 1292 1222 1327 προδότου,
1244 1292 1260 1328 ἢ
1278 1292 1311 1319 τὰ
1329 1292 1393 1327 περὶ
1409 1291 1456 1318 τοῦ
1482 1292 1677 1328 ἀρνησαμένου
1704 1291 1776 1327 (45),
1793 1291 1816 1316 τὸ

1020 1339 1100 1365 αὐτὸν
1125 1339 1215 1370 αὐτοῖς
1235 1339 1320 1365 αἴτιον
1336 1338 1461 1372 γενέσθαι
1483 1338 1611 1370 ἀσεϐείας
1636 1338 1686 1364 καὶ
1710 1338 1816 1364 ἀνοσίου

1020 1384 1156 1419 πράξεως.
1193 1383 1265 1410 Ἰδὼν
1282 1383 1336 1419 γὰρ
1353 1383 1434 1410 αὐτοῦ
1448 1384 1477 1410 τὸ
1493 1383 1631 1418 μοχθηρὸν
1647 1381 1720 1418 ἦθος
1732 1384 1747 1409 ὁ
1761 1382 1815 1408 216'

1019 1430 1093 1464 ἡμᾶς
1111 1429 1270 1463 γιγνώσκων
1285 1429 1311 1455 τί
1327 1427 1360 1464 ἦν
1376 1429 1405 1455 ἐν
1422 1428 1461 1464 τῷ
1478 1428 1624 1464 ἀνθρώπῳ,
1641 1428 1693 1455 καὶ
1716 1428 1790 1464 ὁρῶν
1803 1428 1817 1454 1

1019 1474 1148 1509 τολμήσει
1166 1475 1197 1501 ἐκ
1209 1483 1239 1501 τε
1258 1473 1304 1501 τοῦ
1319 1473 1485 1509 φιλάργυρος
1501 1472 1581 1504 εἶναι,
1598 1474 1647 1500 καὶ
1663 1474 1701 1500 ὲκ
1718 1474 1768 1500 τοῦ
1786 1475 1816 1508 μὴ

177 1519 308 1546 facinoris
324 1526 404 1545 causa
418 1518 511 1546 fuerit.
529 1519 580 1550 Qui
597 1519 667 1545 enim
690 1518 768 1551 juxta
788 1525 836 1545 nos
856 1524 964 1546 noverat

1040 1520 1138 1552 εὸαίως
1162 1521 1225 1556 περὶ
1244 1519 1290 1547 τοῦ
1310 1520 1469 1547 διδασκάλου
1485 1521 1593 1555 φρονεῖν
1607 1519 1626 1546 ἃ
1640 1520 1744 1555 ἐχρῆν,
1763 1518 1816 1546 εἶτ-ε

177 1564 240 1598 quid
264 1568 336 1590 esset
351 1564 382 1593 in_
394 1564 514 1596 homine,
545 1564 641 1590 videns
664 1571 761 1598 pravos
776 1563 847 1591 illius
875 1572 965 1592 mores

177 1617 345 1644 cernensque
375 1617 428 1644 quo
455 1609 528 1636 illum
566 1609 715 1643 impulsura
746 1617 819 1637 esset
846 1611 966 1644 pecunia

1023 1566 1092 1601 μετὰ
1114 1565 1218 1592 πολλῶν
1240 1567 1287 1593 καὶ
1305 1567 1350 1593 τό·
1374 1575 1384 1592 ‹
1408 1566 1436 1593 '0
1453 1566 1580 1602 ἐμϐάψας
1601 1566 1660 1600 μετ’
1680 1565 1756 1600 ἐμοῦ
1777 1566 1818 1601 τὴν

1020 1613 1099 1647 χεῖρα
1115 1612 1154 1643 εις
1170 1612 1200 1638 τὸ
1211 1611 1345 1647 τρυὸλίον,
1362 1612 1465 1644 ἐκεῖνός
1479 1620 1514 1647 με
1526 1611 1697 1647 παραδώσει.
1717 1621 1727 1638 ι

177 1657 313 1692 cupiditas
338 1661 366 1685 et
385 1665 482 1691 parum
508 1657 585 1684 firma
610 1658 643 1684 de
670 1663 838 1693 praeceptore
868 1659 972 1693 opinio,
989 1659 1056 1686 dixit
1078 1660 1149 1687 inter
1173 1664 1271 1687 caetera
1296 1664 1324 1687 et
1349 1660 1435 1687 illud:
1452 1668 1462 1685 ι
1482 1660 1533 1693 Qui
1565 1660 1678 1694 intingit
1714 1667 1818 1688 mecum

178 1713 288 1732 manum
303 1705 330 1731 in
345 1701 502 1739 paropside;
520 1704 565 1731 hic
587 1712 629 1731 tne
647 1705 777 1732 tradet".
798 1715 808 1731 ι

213 1762 256 1789 21.
273 1762 331 1789 Jam
347 1762 407 1789 vide
421 1769 499 1795 quam
526 1769 637 1793 vanum,
660 1769 740 1796 quam
762 1761 904 1789 manifeste
920 1762 970 1789 fal-

177 1815 235 1834 sum
263 1807 298 1834 sit
319 1807 389 1834 istud
415 1807 485 1834 Celsi
512 1815 518 1834 :
551 1816 561 1833 ι
586 1806 730 1842 Nunquam
754 1808 856 1835 homini
890 1809 971 1835 homo

177 1853 264 1880 factus
289 1853 347 1888 ejus
374 1860 474 1880 mensa:
502 1853 637 1888 particeps
673 1853 787 1880 insidias
821 1854 969 1888 paraverit.

176 1898 253 1932 Quod
271 1898 293 1926 si
309 1899 347 1925 ita
363 1903 415 1931 est,
430 1902 531 1933 quanto
550 1899 640 1926 minus
653 1899 707 1926 Deo
721 1899 908 1932 insidiaretur,
924 1900 970 1934 qui

176 1951 237 1971 cum
259 1943 313 1971 Deo
327 1945 413 1971 eidem
441 1951 543 1971 mensae
567 1944 760 1972 occumberet?
778 1954 787 1971 ι
806 1945 872 1978 Quis
898 1946 970 1972 enim

177 1989 263 2016 nescit
278 1989 376 2016 multos
391 1989 484 2022 fuisse,
501 1990 546 2023 qui
560 1991 642 2017 etiam
664 1990 717 2018 illis
729 1990 895 2025 quibuscum
911 1991 968 2018 sale

177 2043 324 2070 mensaque
348 2036 536 2063 communibus
557 2036 712 2067 utebantur,
736 2037 889 2063 struxerint
904 2037 969 2063 insi-

177 2080 253 2107 dias?
267 2080 375 2107 Referte
384 2085 425 2108 est
442 2081 598 2108 Graecorum
613 2081 844 2116 barbarorumque
857 2083 970 2109 historia

177 2124 308 2158 ejusmodi
317 2125 457 2160 exemplis.
465 2126 520 2153 Hoc
530 2126 616 2160 ipsum
624 2126 726 2153 crimen
737 2132 787 2159 est,
795 2127 865 2161 quod
877 2127 970 2154 Parius

1061 1762 1129 1797 Ὅρα
1144 1761 1172 1787 δὲ
1194 1761 1240 1787 καὶ
1268 1760 1298 1786 τὸ
1316 1760 1473 1787 ἐπιπόλαιον
1495 1760 1541 1787 καὶ
1566 1759 1597 1786 τὸ
1611 1760 1751 1795 ἄντικρυς
1762 1760 1819 1795 ψεῦ-

1022 1808 1066 1840 δος
1074 1808 1124 1843 τῆς
1130 1808 1257 1842 τοιαύτης
1268 1807 1314 1834 τοῦ
1321 1807 1424 1834 Κέλσου
1431 1807 1530 1840 λέξεως
1539 1807 1769 1842 ἀποφηναμένου,
1781 1809 1815 1833 ὅτι

1024 1863 1034 1880 ι
1056 1853 1203 1889 Ἀνθρὼπῳ
1218 1854 1265 1889 μὲν
1278 1855 1292 1880 ὸ
1304 1854 1469 1889 κοινωνήσας
1478 1853 1620 1889 τραπέζης
1632 1853 1686 1879 οὐκ
1699 1853 1734 1879 ἂν
1748 1853 1817 1887 αὑτῴ

1020 1899 1252 1925 ἐπιϐουλεύσειεν·
1263 1899 1287 1925 εἰ
1301 1899 1328 1925 δὲ
1341 1898 1476 1934 ἀνθρώπῳ
1488 1898 1538 1924 οὐκ
1548 1898 1581 1924 ἂν
1598 1898 1815 1929 ἐπιϐουλεύσειε,

1021 1944 1110 1980 πολλῷ
1120 1944 1199 1971 πλέον
1212 1945 1225 1971 ὁ
1234 1944 1293 1979 Θεῷ
1306 1943 1502 1979 συνευωχηθεὶς
1513 1944 1564 1970 οὐκ
1576 1944 1608 1970 ἂν
1622 1944 1703 1980 αὐτῷ
1717 1944 1817 1971 ἐπίδω-

1020 1991 1065 2022 λος
1078 1991 1194 2025 ὲγινετο;
1213 2000 1222 2016 ›
1244 1990 1291 2022 Τίς
1305 1989 1359 2026 γὰρ
1375 1990 1424 2016 οὐκ
1438 1988 1518 2021 οἶδεν,
1536 1991 1576 2017 ὃτι
1596 1990 1705 2023 πολλοὶ,
1725 2000 1817 2018 κοινω-

1022 2037 1151 2071 νήσαντες
1161 2036 1232 2063 ἁλῶν
1244 2037 1289 2062 καὶ
1304 2037 1452 2072 τραπέζης,
1466 2037 1667 2063 ἐπεϐούλευσαν
1682 2039 1742 2069 τοῖς
1761 2046 1818 2063 suv-

1023 2082 1138 2115 εστίοιςς
1156 2083 1211 2109 Καὶ
1223 2083 1328 2118 πλήρης
1340 2083 1412 2109 ἐστὶν
1423 2083 1439 2118 ἡ
1462 2083 1595 2118 Ἐλλήνων
1608 2083 1657 2109 καὶ
1671 2083 1817 2119 βαρὸςέῳωῖ

1024 2129 1130 2163 ἱστορία
1151 2128 1278 2154 τοιούτων
1301 2128 1545 2164 παραδειγμάτων·
1565 2129 1611 2155 καὶ
1630 2129 1775 2161 ὀνειδίζων

178 2170 356 2198 iambicorum
370 2171 520 2198 carminum
531 2171 649 2206 scriptor
665 2171 808 2207 Lycambae
820 2172 904 2208 408
917 2179 963 2199 ex-

1048 2174 1149 2209 Πάριος
1178 2174 1337 2209 ἰαμϐοποιὸς
1355 2174 1409 2210 (46)
1432 2175 1477 2201 τὸν
1498 2175 1651 2210 Λυκάμϐην
1669 2175 1733 2211 (Π)
1756 2175 1817 2210 μξτὲι

215 2275 239 2292 δ’
258 2276 352 2305 Matth.
369 2286 443 2312 xxvi,
459 2279 514 2306 25.‘

214 2391 271 2427 (45)
286 2390 365 2418 Libh.
388 2397 466 2419 antea
481 2392 544 2419 editi
564 2393 595 2418 ad
613 2401 689 2420 oram
705 2393 818 2425 habent.
836 2394 892 2420 εἴτε
905 2394 945 2420 δέ.

216 2427 270 2462 (44)
284 2428 364 2453 Iidem
381 2429 406 2453 in
425 2428 557 2461 margine,
573 2427 628 2454 εἴτε
644 2429 681 2455 δέ.
699 2429 782 2456 Paulo
794 2429 863 2456 infra
878 2429 966 2456 Philo-

179 2462 246 2488 calta
271 2462 350 2497 εἴπερ
365 2463 513 2497 ἀμήχανον.

217 2497 279 2535 (45)-
290 2499 434 2535 l’inlnealni
449 2498 584 2535 :_‘I_'qa'oﬁv
596 2498 749 2535 ἀληθῶςητὰ
764 2499 884 2535 περὶτοῦ
901 2506 968 2535 προ-

178 2525 251 2569 δῦτου
265 2525 333 2569 silici
352 2533 415 2567 περὶ
424 2532 476 2569 τοῦ
494 2525 680 2569 ἀρνησαμένου
694 2525 810 2569 Ῑῖἐτρουί
827 2535 886 2560 Mov
900 2525 966 2560 libb.

148 2596 153 2599 _
180 2556 294 2603 cdiIiAa'll
309 2556 394 2603 erant:
405 2568 435 2593 τὸ
445 2556 524 2593 αὑτὸν
536 2556 720 2603 αὖτᾷῗαῖτιον.

213 2600 268 2636 (46)
283 2601 313 2627 ’0
329 2600 622 2637 Πάριοςῐαμϐοποιόξ.
632 2605 755 2635 Intelligit
768 2603 968 2631 Archilm‘hnm.

180 2635 263 2673 (ΣΙιιιιιἴ
280 2637 357 2673 Alt-tt.
374 2637 459 2664 Strom
471 2635 477 2637 ⁷
489 2646 506 2664 ι.
533 2638 586 2664 Ναὶ
611 2638 660 2673 μὲν
676 2638 772 2673 ῖαμέον
791 2638 839 2673 μὲν
856 2638 969 2673 ἐπενόη-

181 2677 226 2708 σεν
244 2671 398 2706 Ἀρχίλοχος
445 2673 556 2708 Πάριος,
574 2671 689 2708 [’uilsan.
706 2671 731 2699 in
747 2671 880 2699 Achaicis.
904 2671 969 2708 Vide

181 2705 368 2765 gdnntauuues
392 2707 426 2733 ad
445 2705 495 2734 lib:
512 2716 542 2734 ιιι
565 2707 663 2735 Contra
685 2709 800 2742 Celsum,
820 2715 896 2734 num.
920 2707 966 2734 24.

203 2746 311 2765 ΡΕΝΩΞΒ.

203 2746 311 2766 PENCEB.

216 2774 271 2807 (Η)
292 2775 346 2812 ζειτζ
356 2776 528 2812 Αιγκάμϐηιπ
542 2777 744 2804 Hmscheliusin
759 2781 841 2805 textu.
856 2777 967 2812 Λυκάμ-

182 2806 276 2836 6αντσί.
289 2809 372 2837 Codd.
387 2806 518 2846 lteglusct
530 2812 706 2847 Basileensis,
724 2812 886 2848 Λυκάμϐαν.
899 2806 966 2841 cum

1023 2394 1103 2421 tiliam
1117 2394 1267 2423 Neobulam
1286 2394 1448 2422 Archilocho
1472 2393 1677 2428 despondisset.
1694 2393 1756 2426 eius
1785 2394 1819 2421 rei

1041 2435 1115 2457 estea
1135 2431 1273 2462 paenituit,
1287 2436 1313 2455 et
1334 2430 1411 2456 alteri
1428 2429 1574 2456 collocavit
1592 2438 1598 2455 :
1614 2431 1688 2455 unde
1706 2430 1818 2461 Quinti-

1033 2466 1119 2495 ianus.
1133 2464 1221 2491 Inslil.
1236 2469 1307 2492 orat.
1326 2465 1370 2491 lib.
1389 2472 1414 2494 Χ,
1430 2472 1490 2498 cap.
1510 2464 1562 2490 ιτ(
1582 2464 1659 2490 Adeo
1678 2470 1710 2490 ut
1729 2465 1819 2490 vitlem

1023 2504 1066 2526 tur
1081 2499 1257 2533 quihusdam,
1273 2501 1344 2533 quod
1373 2500 1481 2533 quidem
1496 2500 1594 2526 veneni
1617 2504 1671 2529 est,
1694 2505 1818 2525 "latera-3

1021 2542 1093 2565 esse.
1107 2542 1159 2562 non
1175 2535 1274 2568 ingenii
1295 2536 1398 2562 vitium.
1419 2544 1427 2560 ι
1450 2533 1557 2569 lloral.,
1574 2535 1658 2568 epod.
1675 2533 1704 2566 6,
1732 2541 1760 2560 ν.
1779 2534 1819 2562 Η,

1023 2569 1131 2601 1%,15:

1093 2613 1172 2645 Cave,
1182 2623 1242 2642 cave
1256 2621 1265 2641 .'
1281 2623 1391 2649 namque
1406 2615 1432 2640 in
1448 2615 1532 2641 malos
1546 2615 1711 2648 asperrimus

1166 2650 1267 2676 Parum
1296 2651 1357 2676 tollo
1380 2658 1497 2681 cornua;

1095 2685 1189 2718 Qualis
1203 2685 1340 2720 Lycumbu:
1361 2690 1464 2719 spretus
1484 2684 1568 2719 inﬁdo
1584 2693 1675 2720 gener.

1020 2741 1177 2770 (Enomaus
1192 2743 1260 2777 apud
1275 2742 1431 2774 Eusebium,
1442 2742 1488 2769 lib.
1503 2750 1530 2773 v.
1543 2750 1604 2776 cap.
1620 2743 1672 2773 55;
1689 2740 1813 2769 TullJih.

1021 2785 1052 2805 ιιι
1070 2778 1108 2804 De
1119 2783 1214 2804 natura
1230 2780 1357 2809 deorum;
1384 2777 1498 2805 Lucian.
1512 2779 1540 2805 in
1556 2777 1742 2811 Pseudolista,
1763 2784 1812 2803 nos

1021 2813 1101 2847 longe
1120 2815 1152 2841 ab
1173 2813 1261 2840 initio.
1281 2813 1412 2841 Srsacen.
