1843 3097
159 85 211 114 8ιὸ

898 88 976 117 ORIG
982 90 1056 119 ENIS

1728 98 1771 130 ω

159 146 259 171 ritatur
276 150 303 171 et
317 143 390 179 luget
401 144 580 179 obsecratque
601 148 630 172 ut
645 146 742 173 mortis
759 150 831 173 metu
848 147 904 174 libe:

1002 149 1106 185 litéGpou
1123 151 1204 185 φόῧον
1221 152 1329 187 εὔχεται
1343 153 1541 190 παραδραμεῖν,
1554 155 1642 189 λέγων
1651 152 1704 182 ὧδέ
1715 164 1771 188 πως·

158 190 257 218 turbis
270 190 358 217 verbis
373 199 379 215 :
396 190 476 217 Pater
490 191 536 222 mi,
550 191 572 218 si
589 195 676 224 potest
692 192 764 218 calix
787 193 838 220 iste
853 197 943 220 trans-

157 236 197 263 ire
209 236 241 262 ".
258 245 267 261 ι
281 236 310 262 Et
327 236 352 262 in
366 235 408 262 liis
427 235 538 263 adverte
549 236 620 263 Celsi
633 236 837 271 malignitatem.
851 238 885 269 Is.
896 246 944 265 nes

157 283 219 308 dum
233 281 414 315 amplectatur
439 282 584 316 ingenuam
611 283 776 316 scriptorum
805 283 942 318 Evangelii

157 327 354 360 sinceritatem,
379 327 436 362 qui,
466 335 527 354 cum
545 333 657 362 possent
674 329 782 355 silentio
809 337 941 363 premere,

155 380 225 406 qua},
235 371 364 399 utCelsus
373 376 459 406 putat,
474 373 616 398 accusandi
630 380 723 400 ansam
733 375 853 408 prmbent
863 394 870 406 ,
889 382 941 401 non

153 426 184 445 ca
198 423 286 445 tatnen
312 417 445 444 siluerunt
466 417 558 446 multis
571 418 603 445 de
613 420 702 446 causis
714 427 780 453 quas
796 420 894 454 aliquis
913 421 939 447 in

152 463 313 498 explicando
327 462 476 497 Evangelio
490 469 644 498 opportune
664 465 775 498 reddet;
794 473 853 500 quae
869 467 938 493 scri-

151 514 263 544 pserunt
281 510 306 536 in
323 509 425 536 crimen
440 513 530 541 vocat,
543 514 581 542 et,
595 515 625 537 ut
643 511 834 540 declamitandi
850 513 936 539 locum

151 557 261 589 habeat,
287 564 346 590 quae
363 564 416 584 non
440 557 609 590 scripserunt
635 558 773 591 proponit.
789 558 848 585 Non
865 559 936 586 enim

151 603 283 636 scriptum
321 602 459 629 invenitur
480 603 584 630 luxisse
606 602 707 630 Jesum.
725 604 763 631 Ac
779 603 857 631 affert
876 606 937 639 qui-

151 650 211 675 dem
229 648 395 676 licetverbis
410 649 547 683 paululum
564 649 680 676 diversis
700 650 771 677 istud
790 658 798 677 :
819 659 828 675 ι
844 650 934 684 Pater,

149 695 171 721 si
196 694 324 728 possibile
339 699 390 726 est.
407 699 528 722 transeat
544 695 613 722 calix
634 695 703 728 iste;
723 705 732 722 ι
751 697 935 731 praetermittit

148 744 239 766 autem
254 740 325 774 quod
341 741 465 774 proxime
480 741 612 774 sequitur,
628 745 653 768 et
665 748 696 768 ex
710 749 763 776 quo
773 742 858 776 pietas
869 742 933 770 Jesu

149 794 212 821 erga
228 786 335 813 Patrem
356 787 620 821 magnanimitasque
634 787 769 822 imprimis
786 787 932 816 eluceseit:

152 842 161 858 ι
178 831 369 859 Verumtamen
389 839 441 858 non
452 833 522 858 sicut
537 840 586 867 ego
598 832 668 866 volo,
682 833 728 860 sed
743 834 813 861 sicut
829 838 855 860 tu
870 834 903 860 “.
921 844 930 860 ι
949 832 970 858 Β

150 878 258 905 Diceres
269 878 352 904 etiam
371 877 446 904 illum
462 885 514 904 non
533 877 633 912 legisse
650 878 731 905 istum
750 878 855 910 locum,
879 887 933 913 quo

146 923 276 957 probatur
287 927 387 956 quanta
400 921 478 949 Jesus
494 922 631 950 docilitate
650 923 720 950 mala
733 924 857 955 subierit,
874 932 934 958 quae

145 969 226 996 Pater
241 968 382 996 subeunda
402 968 441 995 illi
457 975 517 996 esse
531 968 706 1002 iudicaverat
722 978 728 996 :
744 978 753 995 ι
771 970 799 996 Si
815 977 867 997 non
884 977 933 1005 po-

145 1020 197 1042 test
212 1015 256 1042 liic
272 1015 342 1042 calix
360 1014 492 1047 transire,
519 1014 571 1041 nisi
597 1015 688 1042 bibam
706 1015 797 1049 illum,
823 1015 871 1043 ﬁat
886 1024 933 1044 vo-

144 1061 233 1088 luntas
251 1065 295 1088 tua
309 1061 342 1087 “.
363 1069 372 1086 ι
389 1060 447 1093 Qun
464 1060 490 1086 in
507 1068 535 1087 re
550 1060 648 1088 similis
662 1061 717 1088 illis
730 1065 785 1094 est,
802 1062 848 1096 qui
862 1062 934 1089 malo

144 1107 234 1133 animo
251 1106 356 1133 divinas
378 1106 536 1140 Srripturas
553 1107 676 1139 atuliunt,
691 1113 720 1134 et
733 1116 742 1133 ι
759 1107 931 1142 iniquitatem

144 1153 170 1179 in
188 1152 296 1178 excelso
313 1152 470 1185 loquuntur.
489 1161 497 1178 ι
517 1152 548 1179 1ιί
569 1153 640 1180 enim
666 1153 796 1180 videntur
819 1154 869 1180 boc
884 1161 932 1179 att-

144 1197 241 1224 diisse:
254 1206 263 1222 ι
279 1197 333 1231 Ego
348 1196 510 1223 interﬁciam
527 1196 560 1229 ⁸³,
578 1206 587 1222 ι
607 1202 634 1223 et
649 1197 674 1224 id
688 1198 766 1225 nobis
783 1198 848 1225 dant
861 1205 932 1232 saepe

147 1243 276 1275 crimini;
297 1243 369 1270 istud
394 1249 495 1274 autem,
518 1252 527 1268 ‹
545 1244 637 1270 vivere
659 1243 769 1276 faciam,
786 1253 795 1269 ι
811 1245 865 1271 alto
892 1245 930 1271 si-

142 1290 227 1317 lentio
242 1290 382 1322 obruunt;
400 1298 459 1324 qum
475 1293 530 1316 tota
554 1289 691 1316 sententia
713 1289 848 1323 signiﬁcat
873 1296 928 1321 ens,

142 1337 188 1371 qui
205 1337 313 1372 publico
331 1337 417 1364 exitio
432 1338 525 1363 vivunt
544 1343 625 1369 seque
642 1336 762 1369 peccatis
777 1335 929 1369 inquinant,

142 1391 156 1409 a
178 1384 233 1410 Deo
258 1383 392 1416 interﬁci;
413 1384 459 1410 sed
476 1384 526 1414 ita,
553 1386 582 1407 ut
606 1380 747 1408 meliorem
774 1381 827 1408 illis
846 1381 929 1407 vitam

142 1429 275 1461 conferat,
289 1430 394 1463 qualem
409 1429 536 1454 nimirum
549 1428 620 1454 Deus
638 1427 742 1454 confert
755 1427 788 1453 iis
803 1427 849 1460 qui
867 1433 930 1460 pec-

141 1480 203 1502 cato
220 1475 382 1502 moriuntur.
394 1474 459 1501 Item
470 1474 616 1500 audierunt
632 1473 701 1500 hoc:
717 1482 726 1498 ι
738 1472 926 1504 Ρετςυιίίιιηςι

141 1521 213 1548 istud
231 1528 296 1547 vero
312 1521 434 1547 additum
447 1527 499 1546 non
515 1518 624 1545 vident:
640 1527 648 1543 ι
662 1518 693 1544 Et
702 1526 752 1553 ego
764 1517 867 1544 sanabo
875 1517 923 1550 57;:
940 1508 961 1536 (ἶ

141 1567 187 1593 ubi
205 1567 274 1593 Deus
291 1566 411 1600 loquitur
432 1570 460 1591 ut
475 1565 608 1597 medicus,
633 1565 678 1599 qni
705 1564 851 1591 ineidendo
866 1571 927 1590 cor-

140 1620 206 1647 pore
217 1612 390 1645 molestisque
404 1611 556 1638 inferendis
569 1611 740 1643 vulneribus,
759 1611 838 1637 noxia
855 1610 929 1636 sani-

141 1658 247 1692 tatique
261 1658 398 1685 contraria
412 1657 513 1689 evellit,
530 1657 632 1692 quique
645 1657 671 1683 in
693 1656 817 1683 cruciatu
833 1655 928 1682 vulne-

142 1705 270 1738 ribusque
289 1712 342 1731 non
360 1703 543 1738 conquiescit,
572 1704 620 1731 sed
637 1703 669 1730 iis
686 1709 786 1736 corpus
806 1701 927 1730 restituit

141 1749 253 1777 sanitati
279 1750 312 1776 ad
331 1757 413 1784 quam
428 1749 499 1775 velut
515 1749 548 1775 ad
565 1747 645 1776 ﬁnem
663 1748 758 1775 tendit.
775 1747 830 1774 Nec
845 1747 926 1773 etiam

141 1800 225 1823 totum
242 1796 312 1822 istud
329 1795 440 1830 legunt:
460 1805 469 1820 ι
485 1795 544 1830 lpse
556 1795 681 1822 vulnerat
699 1798 727 1821 et
742 1793 922 1826 medetuer

138 1841 187 1868 sed
199 1840 250 1868 hoc
264 1845 367 1867 tantum
380 1849 386 1868 ε
401 1849 410 1866 ι
426 1840 484 1875 Ipse
499 1841 634 1868 vulnerat.
650 1849 660 1865 ι
679 1839 725 1866 Sic
744 1839 835 1874 itaque
855 1838 925 1866 Celsi

139 1886 248 1914 Iudaeus
269 1887 321 1914 hoc
342 1890 473 1914 memorat
496 1885 608 1920 quidem
624 1894 631 1914 :
647 1894 656 1910 ι
676 1884 697 1912 0
714 1884 803 1916 Pater,
822 1884 925 1910 utinam

139 1934 225 1968 possit
249 1932 320 1960 calix
347 1933 398 1959 iste
424 1931 562 1959 transire!
583 1940 592 1957 ι
611 1932 657 1959 sed
685 1936 784 1959 caetera
800 1931 873 1963 silet,
890 1937 924 1958 ex

139 1979 237 2014 quibus
254 1979 429 2013 cognoscitur
453 1985 507 2012 quo
531 1978 624 2004 animo
644 1983 672 2005 et
692 1985 745 2012 qua
770 1977 923 2005 constantia

138 2033 215 2053 suam
231 2024 309 2052 Jesus
322 2025 476 2058 passionem
495 2024 650 2057 pertulerit.
667 2023 694 2049 ln
711 2023 767 2050 haec
783 2028 923 2050 scrutatus

138 2071 185 2097 Dei
208 2070 370 2104 sapientiam
393 2070 528 2096 disserere
543 2068 626 2095 multa
647 2075 755 2102 possem
776 2076 835 2103 qua:
858 2075 923 2095 con-

139 2117 265 2144 venirent
282 2116 315 2143 iis
326 2123 394 2150 quos
410 2115 511 2143 Paulus
538 2114 674 2149 perfectos
689 2119 780 2146 vocat,
790 2122 848 2141 cum
862 2114 899 2140 ait
913 2122 920 2140 :

141 2173 151 2189 ι
175 2162 342 2198 Sapientiam
356 2161 495 2195 loquimur
508 2160 580 2187 inter
593 2159 729 2194 perfectos
739 2160 778 2191 ‘9;
801 2169 810 2185 ›
825 2161 871 2187 sed
889 2160 922 2187 iis
939 2180 960 2207 Β

140 2210 166 2236 in
181 2208 257 2236 aliud
273 2213 378 2242 tempus
402 2206 504 2238 dilatis,
520 2207 587 2233 satis
602 2206 709 2234 habebo
723 2205 817 2240 paucis
831 2207 922 2234 dicere

139 2261 198 2288 qua:
214 2252 342 2287 praesenti
355 2252 494 2287 proposito
511 2251 586 2278 utilia
603 2252 778 2279 videbuntur.

175 2299 221 2327 25.
239 2298 297 2326 Jam
313 2306 395 2332 supra
419 2298 538 2325 diximus
551 2298 674 2332 quaedam
690 2304 750 2324 esse
767 2297 838 2324 dicta
853 2297 920 2331 ejus,

139 2345 185 2380 qui
204 2346 229 2371 in
243 2343 307 2371 Jesu
320 2348 390 2375 erat.
409 2352 418 2369 t
434 2343 607 2378 primogeniti
623 2343 713 2370 omnis
730 2347 862 2369 creaturae
870 2343 920 2373 “,t

139 2395 168 2416 ut
180 2389 251 2417 istud
268 2397 275 2415 ε
295 2398 304 2414 ‹
324 2388 381 2423 Ego
393 2395 452 2415 sum
466 2389 521 2419 via,
536 2388 639 2414 veritas
651 2391 678 2414 et
694 2387 748 2414 vita
764 2387 797 2420 ιι,
819 2396 828 2412 ι
841 2386 924 2422 410

139 2438 167 2461 et
194 2434 248 2461 alia
271 2433 393 2468 ejusdem
411 2433 538 2467 generis;
552 2432 603 2458 alia
621 2436 712 2458 autem
730 2439 792 2458 esse
806 2432 923 2459 hominis

138 2481 221 2512 illius,
249 2480 294 2514 qui
312 2480 338 2506 in
357 2486 390 2507 eo
404 2478 581 2513 intelligitur,
606 2476 758 2510 cuiusmodi
777 2476 827 2503 hoc
850 2481 892 2504 est
912 2484 919 2503 :

141 2526 242 2553 thunc
267 2529 356 2552 autem
381 2524 503 2558 quaeritis
530 2530 572 2549 tne
592 2521 757 2554 interﬁcere,
785 2522 919 2549 hominem

138 2573 182 2606 qui
203 2571 343 2598 veritatem
361 2569 437 2596 vobis
459 2569 567 2596 locutus
593 2575 664 2600 sutn,
687 2574 770 2601 quant
795 2567 885 2594 audivi
907 2575 921 2594 a

170 2629 192 2645 “
204 2629 298 2656 Matth.
316 2635 391 2659 XXVI.
415 2628 459 2655 59.
511 2627 534 2642 ⁸⁸
554 2626 622 2653 Ibid.

138 2663 161 2680 ⁸⁸
175 2664 183 2690 Ι
196 2664 258 2692 Cor.
273 2672 301 2694 η,
322 2664 349 2690 6.
385 2663 408 2678 '°
425 2662 530 2690 Coloss.
547 2669 567 2693 ι,
583 2661 626 2688 15.
664 2661 685 2676 “
699 2659 777 2687 Joan.
794 2667 848 2692 xtv,
865 2660 891 2687 6.

177 2709 233 2744 (54)
253 2708 424 2743 Παρελθεῖν.
446 2705 736 2744 Scripserattprtasse
758 2704 852 2744 (If-risus
867 2711 874 2730 :
890 2705 921 2731 Et

140 2738 249 2771 δύναται
264 2738 433 2778 τδ”ποτὴριον
447 2738 525 2778 τοῦτο
541 2740 694 2777 παρελθεῖν,
704 2738 870 2778 παρελθέτω,

178 2779 234 2812 (55)
257 2779 346 2812 Ἑξῆς
355 2773 454 2811 τούτῳ.
466 2777 510 2812 Sic
522 2773 594 2804 recte
605 2777 688 2803 codex
702 2773 835 2802 Julianus.
844 2773 920 2801 Libb.

142 2817 220 2840 antea
240 2814 316 2843 editi,
330 2812 393 2844 ἑξῆς
412 2812 440 2837 δὲ
453 2811 540 2838 τοῦτο.

679 2626 702 2641 ’⁸⁵
724 2625 809 2657 lbid.,
832 2625 876 2651 42.
911 2625 934 2641 ⁸³
943 2624 1021 2654 Deut.
1030 2624 1169 2655 xxxtt.59.

996 193 1030 221 Ὤ
1037 196 1137 232 Πάτερ,
1146 198 1169 223 εί
1175 197 1283 224 δύναται
1291 199 1320 225 τὺ
1329 201 1455 235 ποτήριον
1463 200 1541 226 τοῦτο
1548 201 1694 237 παρελθεῖν
1700 201 1756 235 (54).
1763 211 1771 227 ι

996 242 1050 268 Καὶ
1070 243 1097 268 ὲν
1114 243 1219 275 τούτοις
1238 244 1266 270 δὲ
1291 245 1342 280 δρα
1359 245 1452 271 τὸ”τοῦ
1480 246 1583 272 Κέλσου
1611 246 1772 281 κακοῦργον,

993 287 1044 320 ὃτι,
1060 288 1096 324 μὴ
1113 289 1314 325 ἀποδεξάμενος
1326 291 1355 316 τὸ
1372 291 1519 326 φιλάληθες
1533 291 1586 318 τῶν
1606 292 1772 327 ἀναγραψάν-

993 342 1046 369 των
1058 335 1091 361 τὰ
1100 335 1253 369 Εὐαγγέλια
1267 336 1435 371 δυνηθέντων
1446 337 1493 372 μὲν
1508 337 1723 372 παρασιωπῆσαι
1735 338 1772 369 τὰ,

992 380 1030 412 ὡς
1047 380 1150 412 Κέλσος
1173 382 1268 413 οἴεται,
1291 382 1419 417 ἔγκλητα,
1437 383 1467 409 οὐ
1483 383 1684 418 σιωπησάντων
1700 383 1725 409 δὲ
1737 383 1774 409 διὰ,

991 425 1104 457 πολλοὺς
1110 426 1215 460 λόγους,
1228 427 1274 459 οὓς
1286 428 1314 453 ὲν
1325 427 1412 462 καιρῷ
1420 437 1462 459 τις
1471 428 1606 454 ἀποδώσει
1616 429 1647 454 τὸ
1662 429 1773 463 Εὐαγγέ-

990 470 1045 498 λιον
1057 471 1241 507 διηγούμενος,
1254 475 1401 508 κατηγορεῖ
1412 474 1460 508 τῆς
1472 474 1657 508 εὐαγγελικῆς
1674 474 1771 507 λέξεως,

989 518 1239 554 προσεκτραγῳδῶν
1255 519 1302 544 καὶ
1316 519 1400 550 τιθεὶς
1417 519 1454 553 μὴ
1470 518 1503 544 τὰ
1529 518 1771 554 ἀναγεγραμμέναν

988 563 1018 588 οὐ
1036 561 1088 598 γὰρ
1103 562 1258 597 εὑρίσκεται
1277 562 1358 593 πῶςὸ
1373 562 1476 597 Ἰησοῦς
1499 562 1635 597 ὀδύρεται.
1659 562 1714 587 Καὶ
1730 570 1773 587 πα-

989 607 1120 642 ραφράζει
1137 607 1185 642 μὲν
1196 608 1236 638 τὺ,
1249 617 1257 632 ι
1271 607 1370 643 Πάτερ,
1380 608 1403 633 εί
1418 607 1607 638 δυνατόνὲστι,
1622 606 1773 642 παρελθέτω

987 653 1016 679 τὺ
1023 654 1149 688 ποτήριον
1160 652 1247 679 τοῦτο·
1256 663 1264 679 ι
1276 653 1365 680 οὐκέτι
1373 653 1401 679 δὲ
1416 653 1463 679 καὶ
1474 653 1505 678 τὸ
1519 652 1633 679 αὐτόθεν
1650 653 1773 686 ἐμφαῖνον

985 699 1034 734 τὴν
1051 700 1118 734 πρὸς
1133 699 1177 725 τὸν
1185 700 1294 735 Πατέρα
1307 699 1447 726 εὐσέόειαν
1458 698 1541 725 αὑτοῦ
1562 699 1610 724 καὶ
1622 697 1771 732 μεγαλοψυ-

985 745 1056 780 χίαν,
1082 745 1143 780 ἑξῆς
1154 745 1240 780 τούτῳ
1253 744 1309 779 (55)
1327 743 1570 780 ἀναγεγραμμένον
1587 742 1772 778 παρατίθεται.

985 789 1070 820 οὕτως
1078 789 1149 824 ἕχον·
1167 798 1176 814 ι
1188 789 1260 824 Πλὴν
1271 789 1320 824 οὐχ
1329 789 1366 820 ὼς
1375 788 1429 822 ὲγὼ
1438 788 1517 820 θέλω,
1525 788 1580 814 ἀλλ’
1587 788 1625 818 ὡς
1638 787 1685 814 σύ.
1693 796 1701 811 ι
1711 787 1771 812 Ἀλλ’

985 834 1043 860 οὐδὲ
1058 834 1106 869 τὴν
1120 834 1187 870 πρὸς
1194 834 1224 860 τὸ
1232 833 1354 868 βούλημα
1367 833 1412 859 τοῦ
1423 833 1527 868 [ἰατρὸς
1541 833 1607 868 περὶ
1621 832 1679 858 τῶν
1687 840 1772 866 κεκρια

987 880 1073 915 μένων
1086 880 1166 906 αὐτὸν
1179 880 1273 906 παθεῖν
1284 879 1436 906 εὐπείθειαν
1445 879 1493 906 τοῦ
1509 879 1596 913 Ἰησοῦ
1608 877 1772 914 δηλουμένην

984 927 1012 953 ἐν
1030 926 1077 961 τῷ·
1093 936 1101 951 ι
1115 927 1145 952 Εί
1160 927 1190 952 οὐ
1205 926 1314 952 δύναται
1329 925 1407 952 τοῦτο
1425 925 1580 960 παρελθεῖν,
1598 924 1647 950 ἐὰν
1665 924 1702 959 μὴ
1714 923 1773 950 αὐτὸ

985 973 1048 1004 πίω,
1063 972 1204 1007 γενηθήτω
1220 972 1249 998 τὸ
1269 971 1375 1007 θέλημά
1398 980 1454 998 σου·
1475 981 1484 997 ι
1507 972 1700 1006 προσποιεῖται
1716 971 1772 997 ἀνε-

984 1019 1125 1053 γνωκέναι,
1134 1018 1224 1053 ὅμοιόν
1234 1027 1260 1044 τι
1270 1018 1352 1044 ποιῶν
1361 1019 1415 1049 τοῖς
1422 1017 1640 1052 κακουργότερον
1649 1016 1773 1043 ἀκούουσι

983 1064 1036 1091 τῶν
1053 1064 1130 1090 θείων
1146 1064 1259 1099 Γραφῶν
1270 1063 1389 1096 ἀσεϐέσι,
1403 1064 1450 1090 καὶ
1466 1073 1475 1088 ι
1489 1063 1594 1090 ἀδικίαν
1603 1064 1645 1094 είς
1662 1063 1693 1088 τὺ
1711 1062 1772 1096 ὕψος

983 1110 1100 1136 λαλοῦσι.
1109 1120 1118 1135 ›
1127 1110 1181 1136 Καὶ
1188 1110 1242 1145 γὰρ
1254 1110 1351 1136 ἐκεῖνοι
1362 1109 1407 1136 τοῦ
1423 1109 1482 1145 μὲν,
1494 1119 1503 1134 ι
1516 1109 1586 1143 Ἐγὼ
1601 1107 1769 1139 amonem},-

982 1154 1104 1181 δοκοῦσιν
1119 1155 1275 1190 ἀκηκοέναι,
1292 1155 1338 1181 καὶ
1349 1154 1479 1186 πολλάκις
1496 1155 1560 1189 ἡμῖν
1580 1153 1649 1180 αὐτὸ
1680 1153 1771 1179 ὀνειδί-

983 1201 1075 1234 ζουσι”
1093 1201 1139 1228 τοῦ
1154 1201 1192 1233 δὲ,
1211 1210 1220 1227 ‹
1243 1201 1291 1236 ζῆν
1316 1200 1515 1236 ποιήσω,ιοὺὸὲ
1538 1199 1693 1234 μέμνηνται
1705 1207 1712 1214 ’
1729 1198 1771 1224 τοῦ

982 1247 1043 1274 ὂλου
1064 1247 1146 1282 ῥητοῦ
1158 1247 1314 1282 δηλοῦντος,
1329 1248 1392 1279 τοὺς
1406 1247 1451 1273 ἐπὶ
1475 1246 1555 1282 κοινῷ
1574 1246 1655 1281 κακῷ
1672 1246 1771 1278 ζῶντας

982 1293 1028 1320 καὶ
1042 1292 1218 1329 ἐνεργοῦντας
1232 1292 1302 1319 κατὰ
1312 1293 1410 1320 κακίαν
1424 1292 1633 1319 ἀποκτείνεσθαι
1652 1292 1709 1326 (56)
1723 1291 1771 1318 ἀπὸ

981 1338 1028 1365 τοῦ
1048 1339 1115 1365 Θεοῦ
1126 1348 1132 1353 ·
1145 1338 1217 1374 ζωὴν
1238 1338 1259 1365 δ’
1273 1339 1365 1370 αὐτοῖς
1382 1338 1524 1373 κρείττονα
1548 1337 1770 1371 ἀντεισάγεσθαι,

982 1385 1028 1411 καὶ
1049 1385 1083 1419 ἦν
1099 1384 1153 1420 δῴη
1168 1384 1200 1411 ἂν
1213 1386 1227 1411 ὁ
1237 1384 1301 1415 Θεὸς
1317 1385 1373 1415 τοῖς
1394 1385 1427 1419 τῇ
1443 1383 1564 1419 ἁμαρτίᾳ
1579 1383 1770 1409 ἀποθανοῦσιν.

983 1430 1060 1457 Οὕτω
1072 1430 1094 1456 δ’
1114 1431 1211 1456 ἐκεῖνοι
1226 1430 1344 1465 ἤκουσαν
1357 1429 1405 1464 μὲν
1419 1429 1476 1460 τοῦ,
1491 1439 1500 1454 ι
1512 1428 1640 1461 Πατάξω,
1655 1438 1664 1454 ι
1682 1429 1772 1455 οὐκέτι

981 1476 1009 1502 δὲ
1024 1475 1107 1510 ὁρῶσι
1117 1475 1156 1506 τδ,
1177 1484 1186 1500 ι
1202 1475 1280 1509 κάγὼ
1294 1475 1413 1510 ἰάσομαι·
1431 1485 1440 1500 ι
1458 1475 1499 1501 ὅτι
1513 1475 1605 1510 ὅμοιόν
1623 1475 1685 1501 ἐστι
1699 1474 1773 1509 λεγο-

981 1521 1052 1556 μένῳ
1066 1521 1118 1546 ὑπὸ
1138 1519 1228 1555 ίατροῦ
1244 1520 1376 1552 διελόντος
1397 1520 1510 1555 σώματα
1521 1541 1528 1553 ,
1557 1521 1605 1547 καὶ
1623 1521 1773 1555 τραύματα

978 1566 1084 1602 χαλεπὰ
1100 1567 1273 1601 ποιήσαντος,
1298 1566 1344 1592 ἐπὶ
1363 1565 1400 1600 τῷ
1420 1565 1519 1598 ἐξελεῖν
1540 1565 1631 1591 αὐτῶν
1654 1564 1690 1591 τὰ
1712 1565 1768 1599 βλα-

978 1621 1078 1639 πτοντα
1098 1613 1145 1638 καὶ
1159 1611 1337 1646 ἐμποδίζοντα
1354 1613 1386 1647 τῇ
1416 1611 1517 1645 ὑγιείᾳ,
1542 1610 1590 1636 καὶ
1601 1610 1633 1636 οὖ
1653 1610 1773 1644 καταλή-

977 1657 1070 1690 ξαντος
1091 1658 1131 1688 εἰς
1150 1658 1211 1688 τοὺς
1229 1657 1325 1688 πόνους
1342 1658 1388 1683 καὶ
1403 1656 1452 1692 τὴν
1465 1656 1606 1691 διαίρεσιν,
1629 1655 1691 1682 ἀλλ’
1709 1656 1773 1682 ἁπο-

977 1703 1158 1734 καθιστῶντος
1169 1704 1202 1738 τῇ
1214 1702 1345 1738 θεραπείᾳ
1356 1702 1386 1728 τὺ
1398 1702 1478 1737 σῶμα
1495 1702 1540 1727 ἐπὶ
1551 1701 1600 1736 τὴν
1621 1702 1774 1737 προκειμέ-

976 1758 1024 1784 νην
1040 1748 1113 1784 αὒτῷ
1133 1749 1248 1783 ὑγίειαν.
1272 1748 1354 1776 Ἀλλὰ
1370 1748 1416 1774 καὶ
1432 1748 1481 1774 οὐκ
1496 1748 1616 1781 ἤκουσαν
1634 1747 1700 1773 ὅλου
1717 1747 1771 1777 τοῦ,

979 1804 988 1820 α
1003 1794 1087 1826 Αὐτὸς
1112 1794 1165 1829 γὰρ
1182 1794 1273 1827 ἀλγεῖν
1304 1794 1389 1824 ποιεῖ,
1413 1793 1459 1819 καὶ
1482 1792 1562 1819 πάλιν
1581 1792 1772 1827 ἀποκαθίστη-

977 1848 1027 1866 σιν·
1048 1849 1057 1864 ι
1076 1839 1142 1866 ἀλλὰ
1160 1839 1238 1874 μόνου
1250 1838 1307 1870 τοῦ,
1321 1847 1330 1864 ‹
1347 1838 1438 1872 ἀλγεῖν
1453 1839 1532 1864 ποιεῖ.
1553 1847 1561 1862 ι
1585 1837 1668 1864 Οὖτω
1684 1839 1772 1863 τοίνυν

976 1884 1022 1910 καὶ
1046 1886 1060 1911 ὁ
1083 1884 1157 1920 παρὰ
1178 1883 1217 1918 τῷ
1242 1884 1336 1918 Κέλσῳ
1359 1883 1482 1913 Ἰουδαῖος
1503 1881 1700 1916 ἐκτεθειμὲνος
1727 1883 1771 1913 τὸ,

978 1939 987 1955 ‹
1005 1928 1037 1956 Ὠ
1051 1930 1151 1965 Πάτερ,
1173 1929 1228 1955 εἴθε
1253 1929 1359 1955 δύναιτο
1376 1929 1406 1954 τὸ
1423 1928 1551 1963 ποτήριον
1574 1927 1659 1954 τοῦτο
1678 1928 1773 1963 παρελ-

975 1975 1045 2001 θεῖνέ
1065 1985 1073 2000 ν
1086 1975 1176 2001 οὐκέτι
1188 1974 1215 2001 δὲ
1227 1974 1273 2001 καὶ
1286 1974 1319 2000 τὰ
1334 1973 1405 2009 ἑξῆς,
1422 1973 1468 1999 καὶ
1484 1973 1518 1999 τὰ
1533 1974 1713 2009 παριστάντα
1727 1974 1772 2008 τὴν

981 2020 1068 2055 Ἰησοῦ
1084 2021 1151 2056 πρὸς
1161 2020 1191 2046 τὸ
1207 2019 1292 2051 πάθος
1308 2020 1484 2055 παρασκευὴν
1499 2019 1545 2046 καὶ
1556 2020 1701 2046 εὐτονίαν.
1719 2020 1772 2046 Καὶ

974 2065 1060 2092 ταῦτα
1079 2065 1116 2096 δὲ,
1138 2065 1236 2100 πολλὴν
1255 2065 1350 2100 ἔχοντα
1369 2064 1493 2100 διήγησιν
1509 2064 1562 2091 ἀπὸ
1585 2064 1690 2099 σοφίας
1706 2064 1771 2091 θεοῦ

974 2109 1014 2143 οἷς
1029 2112 1043 2137 ὁ
1057 2110 1162 2142 Παῦλος
1176 2111 1299 2146 ὠνόμασε
1313 2110 1423 2142 τελείοις
1443 2110 1560 2144 εὐλόγως
1578 2110 1773 2146 παραδοθησο-

977 2157 1070 2192 μένην,
1084 2156 1179 2190 λέγων·
1196 2166 1204 2182 ι
1215 2156 1313 2191 Σοφίαν
1328 2156 1355 2182 δὲ
1363 2155 1494 2191 λαλοῦμεν
1511 2156 1539 2182 ὲν
1550 2157 1607 2187 τοῖς
1624 2156 1770 2187 τελείοις)

976 2203 1022 2229 ἐπὶ
1038 2203 1085 2229 τοῦ
1104 2203 1236 2238 παρόντος
1254 2197 1475 2238 ύπερτιθέμένοι,
1503 2202 1546 2227 ἐπ’
1556 2201 1651 2235 ὀλίγον
1671 2203 1773 2238 67:951.:-

978 2249 1154 2284 μνησκόμεθα
1170 2248 1223 2275 τῶν
1234 2248 1301 2283 πρὸς
1312 2248 1342 2273 τὸ
1354 2248 1533 2283 προκείμενον
1549 2247 1713 2282 χρησίμων.

1018 2295 1161 2329 Ἑλέγομεν
1181 2293 1212 2329 δὴ
1232 2294 1279 2319 καὶ
1311 2293 1339 2318 ὲν
1362 2295 1417 2324 τοῖς
1443 2292 1581 2327 ἀνωτέρω,
1607 2292 1653 2319 ὃτι
1675 2294 1706 2319 αἱ
1722 2293 1775 2328 μὲν

974 2341 1046 2373 τινές
1054 2343 1106 2367 εἰσι
1119 2340 1204 2375 φωναὶ
1216 2338 1262 2365 τοῦ
1272 2340 1300 2365 ὲν
1311 2339 1349 2374 τῷ
1361 2338 1448 2374 Ἰησοῦ
1461 2348 1469 2364 ‹
1485 2338 1664 2373 πρωτοτόκου
1680 2339 1772 2373 etim;

975 2388 1098 2420 κτίσεως,
1110 2397 1118 2413 ι
1129 2388 1167 2418 ὡς
1178 2389 1204 2422 ὴ·
1219 2398 1227 2412 ι
1243 2387 1312 2420 Ἐγώ
1322 2388 1378 2420 είμι
1389 2388 1405 2421 ὴ
1417 2385 1486 2416 ὁδὸς,
1497 2385 1544 2411 καὶ
1554 2385 1571 2419 ἡ
1583 2384 1715 2419 ἀλήθεια,
1727 2384 1772 2410 καὶ

974 2435 990 2468 ἡ
1007 2433 1072 2469 ζωὴ,
1093 2442 1102 2458 ›
1120 2434 1166 2460 καὶ
1183 2433 1211 2459 αἱ
1225 2432 1328 2463 τούτοις
1343 2430 1540 2466 παραπλήσιαι·
1554 2429 1584 2454 αί
1600 2429 1633 2454 δὲ
1645 2429 1697 2455 τοῦ
1712 2429 1770 2455 κατ’

974 2479 1055 2505 αὐτὸν
1081 2478 1224 2513 νοουμένου
1241 2476 1395 2512 ἀνθρώπου,
1413 2475 1450 2506 ὡς
1466 2476 1483 2509 ἡ
1499 2474 1545 2500 τοῦ
1556 2482 1562 2488 ·
1585 2483 1594 2498 ε
1614 2474 1676 2500 Νῦν
1689 2474 1718 2500 δέ
1738 2482 1769 2508 με

975 2524 1078 2559 ζητεῖτε
1093 2525 1260 2554 ἀποκτεῖναι,
1282 2522 1423 2557 ἄνθρωπον
1439 2520 1468 2551 ὃς
1483 2520 1533 2554 τὴν
1554 2519 1692 2555 ἀλήθειαν
1708 2520 1770 2554 ὑμῖν

975 2571 1119 2607 λελάληκα,
1142 2571 1175 2606 ἢν
1195 2570 1298 2605 ηκουσα
1318 2567 1393 2603 παρὰ
1408 2567 1455 2594 τοῦ
1471 2565 1579 2602 Πατρός
1594 2565 1671 2600 (57),
1691 2575 1701 2592 ι
1717 2565 1770 2592 Καὶ

1210 2627 1233 2643 ⁵⁷
1245 2627 1297 2654 Isa.
1320 2633 1384 2658 Lvn,
1400 2626 1441 2658 Π,
1458 2625 1502 2651 18.
1557 2624 1582 2640 ⁸⁸
1598 2623 1652 2651 Job
1680 2631 1706 2656 τ’,
1727 2622 1766 2650 18.

1013 2704 1069 2740 (56)
1090 2704 1177 2740 Codex
1196 2701 1605 2740 Basileensis,_&1rox1!vyuai33t.

1012 2737 1067 2773 (57)
1087 2739 1172 2766 Codd.
1199 2738 1298 2771 llegius
1321 2744 1347 2765 et
1363 2737 1535 2773 Basiﬁlceusis,
1559 2737 1672 2773 Πατρός
1698 2742 1761 2772 puu-

975 2771 1134 2802 Libb.'editi
1151 2774 1184 2800 ad
1199 2780 1274 2800 oram
1289 2773 1396 2805 habent,
1414 2771 1492 2798 Θεοῦ.
