1843 3097
80 107 138 135 εδδ

686 108 826 137 CONTRA
846 108 985 137 CELSUM
1004 108 1067 136 LIB.
1088 109 1119 137 ll.

1660 117 1712 146 846

82 168 181 194 ἐνθάδε
193 168 283 195 τοίνυν
299 169 444 205 διαγράφει
472 170 500 197 ὲν
512 170 551 206 τῷ
566 171 728 207 ἀνθρωπίνῳ
740 170 822 197 αὐτοῦ
835 170 873 196 κα¹

963 173 1012 196 ttre
1028 169 1061 196 δ’.
1081 178 1091 194 ι
1110 168 1160 196 llic
1179 169 1262 204 igitur
1275 169 1405 198 describit
1430 171 1509 200 Jesus
1525 180 1596 208 eam,
1614 183 1673 210 qum
1689 179 1714 205 in

81 213 115 240 τὸ
131 214 182 248 τῆς
197 214 370 252 ἀνθρωπίνης
381 216 482 251 σαρκὸς
496 217 619 249 ἀσθενὲς,
636 217 682 243 καὶ
694 217 724 243 τὸ
735 216 781 242 τοῦ
793 216 875 243 πνεύ-

84 268 173 294 ματος
187 260 336 296 πρόθυμον*
357 262 387 288 τὺ
403 262 451 297 μὲν
464 262 587 295 ἀσθενὲς,
600 264 628 290 ὲν
641 263 690 298 τῷ,
704 273 713 288 ‹
729 263 820 299 Πάτερ
832 283 838 294 ,
852 263 876 289 εί

82 305 199 332 δυνατόν
211 308 279 338 ἐστι,
294 307 452 343 παρελθέτω
460 309 506 335 ἀπ’
515 309 582 344 ἐμοῦ
591 309 621 335 τὸ
630 310 758 345 ποτήριον
768 308 855 335 τοῦτο·
865 318 873 334 t

83 351 115 377 τὸ
129 351 159 377 δὲ
173 352 311 388 πρόθυμον
322 353 367 379 τοῦ
383 354 546 389 πνεύματος,
561 355 589 381 ὲν
600 355 648 390 τῷ,
667 365 675 380 ι
694 355 766 390 Πλὴν
778 355 827 389 οὐχ
839 355 877 386 ὡς

85 397 143 430 ἐγὼ
155 397 234 429 θέλω,
253 398 310 425 ἀλλ’
324 399 362 430 ὡς
380 399 421 427 σύ,
443 408 452 424 ι
466 401 496 426 Εἰ
511 400 539 426 δὲ
553 401 599 427 καὶ
613 401 660 436 τὴν
672 400 747 432 τάξιν
764 400 817 427 τῶν
828 400 871 426 λε-

84 443 228 478 λεγμένων
249 444 368 480 τηρῆσαι
393 445 443 476 δεῖ,
470 446 597 481 πρόσχες,
622 446 663 472 ὅτι
680 446 811 481 πρότερον
829 446 877 481 μὲν

84 489 196 524 εἴρηται
209 490 240 515 τὸ
255 489 302 524 (ὡς
320 489 351 516 ἂν
366 489 437 517 είποι
451 494 502 524 τις)
520 492 589 518 κατὰ
610 492 658 527 τὴν
673 492 813 519 ἀσθένειαν
829 493 877 528 τῆς

86 535 191 570 σαρκὸς
208 535 236 561 ἓν
245 536 379 570 τυγχάνον
387 537 453 572 (58),
464 537 575 573 ὕστερον
587 538 614 563 δὲ
625 538 659 564 τὰ
673 538 744 565 κατὰ
757 539 805 574 τὴν
816 548 879 574 προ-

85 580 188 615 θυμίαν
199 581 244 608 τοῦ
261 582 414 617 πνεύματος
430 583 494 610 ὄντα
509 584 629 611 πλείονα.
647 585 695 612 Ἓν
708 585 756 620 μὲν
771 585 823 621 γὰρ
837 586 876 617 τὸ,

87 627 210 663 «Πάτερ,
221 628 246 654 εί
260 628 371 655 δυνατόν
384 630 451 660 ἐστι,
468 629 625 665 παρελθέτω
639 631 684 656 ἀπ’
702 631 768 665 ἐμοῦ
783 632 812 657 τὸ
828 639 877 657 πο·-

83 673 182 707 τὴριον
198 673 285 699 τοῦτο·
302 683 310 698 ι
324 673 433 700 πλείονα
448 674 475 700 δὲ
490 675 520 700 τό
532 683 572 706 τε.
584 684 592 700 ι
608 675 663 710 Οὐχ
677 676 714 708 ὡς
727 676 781 710 ἐγὼ
798 677 876 708 θέλω,

83 717 144 743 ἀλλ’
160 718 198 749 ὡς
215 719 256 744 σύ·
274 729 284 744 ι
307 720 353 745 καὶ
372 719 419 751 τὸ,
442 729 451 745 ι
473 720 564 756 Πάτερ
590 730 650 756 μου,
674 723 698 748 εί
721 723 750 748 οὺ
767 722 877 749 δύναται

83 763 166 790 τοῦτο
180 765 334 800 παρελθεῖν,
347 765 393 792 ἐὰν
409 766 445 801 μὴ
464 767 529 793 αὐτὸ
543 767 606 799 πίω,
631 769 772 804 γενηθήτω
786 770 815 796 τὸ
833 770 877 796 θέ-

82 810 163 845 λημά
176 820 232 837 σου.
255 812 414 846 »Τηρητέον
439 812 467 839 δὲ
490 813 536 839 καὶ
558 814 588 840 τὸ
615 814 652 850 μὴ
674 815 800 850 εἰρῆσθαι
817 817 877 851 μὲν,

87 865 98 881 ε
119 856 262 883 ἀπελθέτω
276 857 322 883 ἀπ’
339 857 405 892 ἐμοῦ
422 858 452 884 τὺ
465 859 592 894 ποτήριον
604 859 699 886 τοῦτο’
722 870 730 885 ι
753 861 877 896 λελέχθαι

86 902 118 928 δὲ
134 902 255 934 εὐσεϐῶς
267 902 313 929 καὶ
327 903 386 939 μεθ’
402 904 593 940 ὑποτιμήσεως
610 905 668 932 δλον
693 905 781 932 τοῦτο’
799 916 808 931 ι
825 908 879 934 Πά-

85 955 147 982 τερ,
161 948 185 972 εἰ
198 948 307 974 δυνατόν
321 950 389 979 ἐστι,
405 949 560 984 παρελθέτω
570 950 617 975 ἀπ’
629 949 695 985 ἐμοῦ
709 951 739 977 τὺ
752 951 878 986 ποτήριον

84 994 177 1020 τοῦτο.
197 1004 207 1019 ›
226 991 290 1020 Οἶδα
314 995 342 1020 δέ
366 1003 425 1021 τινα
447 995 494 1022 καὶ
517 995 644 1031 τοιαύτην
667 997 707 1028 είς
729 997 774 1023 τὸν
797 998 879 1024 τόπον

80 1039 223 1075 διήγησιν·
241 1041 282 1066 ὅτι
295 1040 365 1076 ὁρῶν
383 1041 396 1066 ό
412 1041 507 1076 Σωτὴρ
521 1040 564 1067 οἷα
575 1043 590 1067 ὁ
601 1041 664 1073 λαὸς
678 1042 725 1069 καὶ
746 1042 880 1078 Ἰερουσα-

85 1084 145 1121 λὴμ
157 1085 279 1112 πείσεται
296 1086 342 1112 ἐπὶ
359 1087 391 1121 τῇ
399 1086 534 1122 ἐκδικήσει
550 1086 604 1113 τῶν
620 1087 679 1113 κατ’
692 1087 772 1114 αὑτοῦ
787 1089 875 1114 τετολ-

86 1130 219 1164 μημένων
233 1130 285 1156 ὑπὸ
306 1131 450 1164 Ἰουδαίων,
469 1132 500 1158 οὐ
512 1132 545 1158 δι’
557 1127 619 1159 ἄλλο
633 1141 659 1159 τι
673 1133 689 1168 ἢ
707 1133 750 1159 διὰ
765 1133 794 1160 τὸ
812 1134 879 1169 πρὸς

83 1175 210 1207 ἐκείνους
232 1176 431 1211 φιλάνθρωπον,
449 1177 534 1203 θέλων
551 1177 588 1212 μὴ
606 1178 702 1204 παθεῖν
716 1178 762 1205 τὸν
784 1178 847 1205 λαὸν
861 1179 879 1206 ἃ

80 1220 185 1256 ἔμελλε
201 1222 325 1256 πάσχειν,
346 1223 412 1257 φησὶ
429 1222 469 1253 τὸ,
493 1232 501 1247 t
523 1223 623 1259 Πάτερ,
639 1224 662 1249 εί
681 1223 791 1250 δυνατόν
806 1224 877 1256 ὲστι,

84 1266 248 1301 παρελθέτω
259 1268 306 1293 ἀπ’
323 1267 389 1302 ἐμοῦ
405 1268 434 1294 τὸ
445 1268 573 1303 ποτήριον
588 1268 677 1295 τοῦτο.
699 1278 707 1294 ι
734 1269 777 1301 Ὠς
788 1270 811 1295 εἰ
822 1269 880 1295 ἕλε-

85 1320 146 1346 γεν·
169 1313 245 1339 Ἐπεὶ
256 1314 288 1340 ἐκ
302 1313 347 1339 τοῦ
362 1322 395 1348 με
407 1315 477 1339 πιεῖν
490 1314 543 1349 (59)
558 1314 633 1340 τουτὶ
642 1314 672 1341 τὸ
683 1316 731 1350 τῆς
743 1315 879 1348 κολάσεως

84 1358 230 1394 ποτήριον,
257 1358 316 1385 ὅλον
337 1358 413 1390 ἔθνος
434 1358 486 1385 ὑπὸ
510 1359 556 1385 σοῦ
581 1360 876 1396 ὲγκαταλειφθήσεται·

82 1404 215 1440 εὔχομαι,
234 1405 258 1430 εξ
275 1405 384 1431 δυνατόν
402 1406 470 1437 ἐστι,
488 1405 632 1440 παρελθεῖν
643 1405 689 1432 ἀπ’
706 1406 771 1441 ἐμοῦ
785 1406 815 1432 τὸ
831 1415 878 1433 πο-

84 1451 184 1486 τήριον
201 1450 295 1477 τοῦτο’
319 1451 361 1477 ἵνα
379 1451 415 1487 μὴ
433 1452 453 1486 ἡ
471 1451 548 1487 μερίς
565 1460 622 1483 σου,
641 1452 799 1487 τολμήσασα
819 1453 877 1480 κατ’

86 1495 169 1530 ἐμοῦ,
183 1496 269 1531 πάντη
282 1496 333 1523 ὑπὸ
351 1496 397 1523 σοῦ
413 1497 622 1532 ὲγκαταλειφθῇ.
642 1497 720 1524 Ἀλλὰ
729 1499 774 1524 καὶ
790 1499 825 1530 εἰ,
840 1498 878 1530 ὧς
891 1517 912 1544 C

84 1550 174 1576 φησιν
192 1542 206 1567 ὁ
224 1542 337 1574 Κέλσος,
358 1542 421 1577 μήτ’
440 1542 562 1577 ἀλγεινόν
586 1551 612 1569 τι
635 1543 698 1579 μήτ’
713 1543 824 1578 ἀνιαρὸν
839 1543 879 1578 τῷ

93 1586 183 1621 Ἰησοῦ
203 1587 274 1613 κατὰ
292 1586 337 1613 τὸν
358 1587 450 1624 καιρὸν
466 1587 560 1614 τοῦτον
584 1587 716 1621 ἐγίγνετο,
737 1587 795 1619 πῶς
809 1588 841 1614 ἂν
854 1590 878 1615 οἰ

89 1632 162 1668 μετὰ
178 1632 264 1659 ταῦτα
281 1633 484 1668 παραδείγματι
493 1632 540 1659 τοῦ
557 1633 701 1668 ὑπομένειν
713 1633 746 1659 τὰ
754 1633 787 1659 δι’
803 1634 879 1660 εὐσέ-

85 1678 167 1705 6ειαν
189 1679 305 1705 ἐπίπονα
325 1678 452 1705 ἐδύναντο
472 1678 625 1715 χρήσασθαι
649 1679 746 1715 Ἰησοῦ,
767 1679 804 1715 μὴ
825 1688 877 1706 πα-

88 1723 165 1751 θόντι
187 1723 237 1759 μὲν
253 1724 288 1751 τὰ
302 1724 470 1760 ἀνθρώπινα,
487 1724 566 1759 μόνον
585 1724 613 1750 δὲ
629 1724 733 1757 δόξαντι
750 1725 879 1752 πεπονθέ-

86 1778 131 1796 ναι
144 1778 151 1802 ;

126 1817 188 1843 Ἔτι
218 1816 247 1842 δὲ
277 1816 350 1850 λέγει
374 1817 388 1842 ὁ
403 1816 477 1851 παρὰ
500 1816 538 1851 τῷ
556 1816 652 1852 Κέλσῳ
672 1817 796 1848 Ἰουδαῖος
812 1818 878 1854 πρὸς

85 1863 151 1893 τοὺς
168 1862 255 1897 Ἰησοῦ
269 1862 390 1898 μαθητὰς
402 1863 440 1894 ὡς
455 1861 643 1897 πλασαμένους
651 1862 746 1895 ταῦτα,
757 1863 810 1888 ὅτι(
819 1862 884 1889 οὐδὲ

85 1906 249 1941 ψευδόμενοι
269 1906 302 1933 τὰ
319 1907 463 1941 πλάσματα
486 1906 562 1941 ὑμῶν
578 1905 697 1936 πιθανῶς
713 1905 878 1939 ἑπικαλύῲαι

86 1953 252 1988 ἡδυνήθητε.
270 1962 278 1977 ι
294 1952 349 1978 Καὶ
358 1952 426 1987 πρὸς
436 1951 500 1978 τάδε
514 1951 648 1984 λελέξεται
664 1950 730 1986 (60),
745 1951 786 1976 ὅτι
803 1950 879 1985 εὐχε-

87 1999 139 2034 ρὴς
155 1999 206 2034 μὲν
221 1996 255 2034 ἦν
271 1998 329 2030 ὁδὸς
344 1998 412 2033 πρὸς
424 1998 454 2024 τὸ
468 1997 634 2032 ἐπικαλύψαι
654 1997 688 2023 τὰ
708 1995 833 2028 τοιαῦτα,
848 1996 878 2022 τὺ

87 2044 157 2079 μηδὲ
177 2044 227 2079 τὴν
245 2043 332 2079 ἀρχὴν
355 2043 427 2069 αὐτὰ
449 2042 615 2078 ἀναγράψαι.
633 2042 681 2073 Τίς
695 2043 748 2077 γὰρ
765 2041 807 2072 ἂν,
824 2041 878 2067 τῶν

85 2090 263 2124 Εὑαγγελίων
276 2089 362 2116 ταῦτα
379 2090 416 2124 μὴ
431 2089 619 2124 περιεχόντων,
632 2088 758 2114 ὀνειδίσαι
768 2088 878 2114 ἐδύνατο

84 2138 153 2172 ἡμῖν
172 2136 220 2162 ἐπὶ
234 2136 273 2170 τῷ
286 2135 329 2162 τὸν
349 2134 452 2170 Ἰησοῦν
471 2134 583 2160 τοιαῦτα
601 2133 675 2169 παρὰ
691 2134 723 2168 τῇ
738 2133 878 2167 οἰκονομίᾳ

931 223 978 244 sua
993 217 1110 243 humana
1130 221 1224 244 natura
1240 221 1307 250 erat,
1323 218 1448 246 liumanzc
1464 222 1556 248 carnis
1572 222 1716 250 infirmita-

932 266 985 288 tem
1011 265 1037 288 et
1062 261 1231 289 alacritatem
1252 263 1365 297 spiritus
1380 273 1386 291 :
1403 265 1590 295 infirmitatem
1603 269 1716 303 quidem

931 315 990 335 cum
1009 307 1066 334 ait:
1087 317 1096 333 ι
1115 307 1208 340 Pater,
1230 309 1253 336 si
1271 309 1398 343 possibile
1421 316 1478 343 est,
1501 317 1623 341 transeat
1641 323 1655 341 a
1674 324 1717 344 me

931 354 1000 381 calix
1015 354 1082 386 iste;
1105 364 1114 380 ι
1142 354 1311 382 alacritatem
1328 363 1392 384 vero
1407 357 1518 392 spiritus
1541 360 1584 387 his
1603 361 1691 389 verbis
1706 371 1713 388 :

933 409 942 425 (
967 400 1162 427 Verumtamen
1179 408 1230 427 non
1255 401 1326 428 sicut
1344 409 1394 437 ego
1413 403 1484 436 volo,
1499 405 1545 432 sed
1557 405 1627 432 sicut
1645 411 1683 433 tu.
1705 417 1713 432 ι

930 443 987 471 Iino
1006 445 1028 471 si
1047 444 1184 471 dictorum
1211 446 1307 472 seriem
1334 448 1506 477 considerari
1529 456 1646 486 oportet,
1666 454 1716 478 ad-

930 494 1007 523 verte
1020 489 1145 523 praemitti
1161 489 1243 523 quod,
1260 495 1288 516 nt
1302 491 1341 518 sic
1353 492 1460 527 loquar,
1479 496 1511 522 ad
1530 498 1620 525 carnis
1640 498 1716 526 infir-

931 533 1052 560 mitatem
1067 533 1196 567 pertinet,
1211 538 1237 560 et
1251 542 1332 561 unum
1352 541 1414 570 est;
1439 543 1529 571 postea
1557 547 1632 571 vero,
1657 549 1717 574 qua:

931 578 1044 612 spiritus
1072 579 1243 606 alacritatem
1268 585 1475 614 repraesentant,
1500 587 1528 609 et
1549 583 1626 617 plura
1642 589 1714 612 sunt.

932 623 1021 650 Unum
1031 625 1104 651 enim
1117 631 1158 652 est
1171 626 1239 652 hoc:
1252 634 1260 650 ι
1275 625 1365 657 Pater,
1382 627 1403 654 si
1421 627 1549 662 possibile
1563 634 1615 661 est,
1627 633 1717 657 trans-

931 677 976 696 eat
995 678 1009 697 a
1026 678 1069 698 me
1081 670 1150 698 calix
1166 671 1232 703 iste;
1247 681 1256 698 ι
1275 672 1351 706 plura
1366 677 1458 699 autem
1470 677 1535 700 sunt
1552 673 1602 701 hoc
1615 683 1621 700 :
1634 684 1643 700 ‹
1660 674 1717 702 Non

931 715 1004 742 sicut
1034 723 1084 750 ego
1109 716 1179 748 volo,
1195 716 1242 743 sed
1269 717 1342 744 sicut
1359 722 1404 751 tu;
1423 728 1431 744 ι
1453 722 1480 745 et
1498 719 1588 746 istud:
1611 729 1620 745 ί
1639 719 1719 747 Pater

932 761 979 793 mi,
994 761 1015 788 si
1027 770 1079 789 non
1092 762 1236 796 potesthic
1249 762 1319 789 calix
1333 764 1450 791 transire
1463 764 1516 791 nisi
1525 764 1615 791 bibam
1629 764 1717 796 illum,

933 807 979 835 fiat
994 807 1119 835 voluntas
1138 813 1194 836 tua.
1213 818 1222 834 ι
1251 809 1459 837 Observandum
1476 818 1585 845 quoque
1606 816 1647 838 est
1665 820 1717 838 non

929 853 1031 880 dictum
1048 853 1156 881 fuisse:
1181 863 1190 879 ι
1211 853 1345 882 Transeat
1364 862 1378 881 a
1402 863 1444 882 me
1460 856 1530 883 calix
1556 856 1625 890 iste;
1646 867 1653 882 ι
1669 857 1716 884 sed

929 898 1058 932 adjuncta
1085 900 1129 933 pia
1156 899 1237 927 veluti
1264 900 1452 932 correctione,
1471 901 1509 927 sic
1528 909 1535 927 :
1553 909 1562 926 ι
1587 900 1678 932 Pater,
1695 903 1718 928 si

929 944 1055 978 possibile
1068 950 1120 976 est,
1136 949 1258 972 transeat
1272 952 1287 971 a
1307 953 1349 972 me
1363 945 1434 972 calix
1447 946 1508 973 iste.
1528 955 1537 971 ›
1552 945 1617 974 Scio
1635 947 1717 974 aliam

929 990 987 1017 dari
1000 991 1111 1024 hujusce
1124 990 1180 1017 loci
1197 990 1466 1025 interpretationem,
1485 999 1544 1026 qua:
1561 992 1716 1027 hujusmot'i

929 1041 980 1063 est.
999 1035 1066 1063 Cum
1083 1035 1209 1063 Salvator
1223 1032 1387 1070 praevideret
1411 1044 1479 1071 quas
1493 1037 1609 1072 populus
1625 1037 1718 1065 Ju'dai-

930 1089 977 1110 cus
993 1087 1020 1110 et
1039 1081 1192 1109 Jerusalem
1208 1083 1301 1110 luituri
1320 1088 1410 1110 essent
1428 1090 1523 1118 poenas
1539 1085 1572 1111 ob
1591 1085 1715 1112 facinora

929 1136 990 1164 qua:
1007 1129 1033 1156 in
1048 1129 1133 1164 ipsum
1150 1129 1208 1156 ausi
1225 1129 1341 1162 fuerant,
1355 1137 1410 1164 prae
1425 1137 1475 1157 suo
1500 1131 1527 1157 in
1547 1130 1608 1158 illos
1624 1139 1718 1159 amore

929 1175 1023 1202 volens
1039 1175 1124 1203 averti
1137 1176 1172 1202 ab
1184 1175 1230 1202 illo
1246 1175 1348 1210 populo
1364 1180 1404 1202 tot
1418 1176 1500 1208 mala,
1522 1183 1582 1211 qum
1602 1177 1652 1212 ipsi
1667 1178 1719 1204 im-

930 1221 1096 1255 pendebant,
1113 1221 1203 1248 dixit:
1225 1230 1235 1247 ι
1252 1221 1342 1254 Pater,
1355 1222 1375 1248 si
1391 1221 1519 1256 possibile
1532 1228 1584 1253 cst,
1600 1227 1719 1250 transeat

930 1274 945 1293 a
967 1273 1010 1293 me
1037 1267 1108 1293 calix
1136 1266 1198 1294 iste.
1218 1277 1227 1293 ι
1248 1267 1329 1301 Qua'si
1348 1267 1485 1295 dixisset:
1503 1269 1637 1301 Quoniam
1664 1278 1716 1296 non

930 1319 1039 1346 possum
1063 1312 1176 1340 ebibere
1199 1313 1270 1340 hunc
1293 1313 1416 1348 supplicii
1440 1314 1562 1347 calicem,
1580 1315 1644 1349 quin
1661 1323 1676 1342 a
1693 1321 1718 1343 te

930 1362 984 1384 tota
1003 1365 1069 1392 gens
1082 1351 1234 1392 deseratur,
1251 1366 1299 1386 oro
1311 1363 1339 1386 ut
1355 1363 1476 1386 transeat
1490 1367 1504 1386 a
1520 1368 1562 1387 nte
1572 1361 1640 1387 calix
1655 1361 1716 1393 iste,

929 1404 951 1430 si
966 1404 1022 1431 fieri
1036 1404 1132 1439 possit,
1150 1413 1184 1432 ne
1202 1409 1247 1431 tua
1266 1405 1323 1432 lmc
1342 1405 1432 1440 portio
1445 1410 1558 1441 propter
1583 1406 1717 1434 nefarium

930 1449 956 1476 in
973 1457 1015 1477 me
1035 1450 1213 1478 commissum
1243 1451 1349 1478 facinus
1369 1458 1383 1477 a
1410 1455 1436 1478 te
1460 1452 1641 1486 relinquatur.
1667 1452 1717 1479 Sin

930 1500 1032 1528 autem,
1057 1501 1087 1523 ut
1113 1497 1179 1524 dicit
1204 1497 1309 1530 Celsus,
1338 1505 1426 1533 neque
1458 1498 1603 1525 molestum
1631 1505 1718 1533 neque

930 1548 1011 1574 grave
1028 1541 1093 1568 Jesu
1109 1540 1214 1573 fuisset.
1229 1544 1302 1576 quod
1318 1543 1368 1577 ipsi
1388 1547 1451 1570 tunc
1465 1543 1597 1578 temporis
1615 1543 1717 1571 illatum

928 1591 970 1612 cst
988 1587 1164 1620 supplicium;
1184 1588 1319 1621 quomodo
1333 1589 1378 1623 qui
1394 1589 1479 1616 secuti
1493 1594 1573 1620 sunt.
1598 1589 1645 1617 illo
1662 1589 1718 1618 vel-

930 1636 958 1658 ut
976 1633 1099 1667 exemplo
1122 1633 1271 1661 toleranda:
1295 1639 1407 1669 propter
1426 1635 1556 1669 pietatem
1581 1635 1716 1663 molestia:

931 1677 970 1704 uti
988 1679 1151 1712 potuissent,
1170 1687 1231 1707 eum
1245 1687 1298 1706 non
1319 1689 1415 1715 passus
1428 1686 1500 1709 esset
1519 1682 1650 1715 humana,
1669 1684 1716 1709 sed

930 1728 1033 1751 tantum
1046 1725 1101 1758 pati
1113 1725 1185 1753 visus
1201 1725 1316 1753 fuisset?

965 1812 1010 1840 26.
1027 1812 1122 1841 Adhuc
1138 1813 1202 1840 Jesu
1220 1814 1380 1848 discipulos,
1398 1822 1466 1849 quos
1485 1822 1593 1849 semper
1605 1815 1717 1843 finxisse

930 1858 1015 1891 ponit,
1032 1858 1073 1885 sic
1089 1857 1236 1892 compellat
1247 1858 1317 1885 Celsi
1332 1853 1440 1885 Iudaeus
1459 1866 1465 1884 :
1484 1867 1493 1883 ε
1513 1859 1643 1892 Quamvis
1659 1868 1716 1887 me-

930 1911 974 1930 ras
994 1903 1098 1931 fabulas
1117 1904 1300 1937 obtruseritis,
1319 1909 1409 1931 vestra
1426 1909 1516 1931 tamen
1539 1905 1667 1940 figmenta
1683 1913 1717 1933 ne

929 1948 1021 1975 colore
1038 1949 1147 1983 quidem
1173 1949 1231 1976 veri
1254 1949 1363 1976 illinere
1388 1950 1527 1983 potuistis.
1554 1959 1564 1976 ι
1581 1951 1623 1977 Ad
1644 1952 1717 1985 quod

930 2001 1032 2028 repono
1048 2001 1091 2022 res
1103 1994 1165 2021 illas
1184 1995 1219 2021 ab
1243 1995 1283 2021 eis
1308 1994 1382 2022 facili
1409 1995 1531 2030 potuisse
1547 1998 1656 2031 negotio
1670 2004 1717 2023 oc-

929 2040 1038 2073 cultari,
1055 2040 1077 2067 si
1095 2040 1222 2067 videlicet
1243 2040 1346 2067 nullam
1363 2041 1395 2068 de
1414 2041 1467 2068 illis
1486 2041 1616 2069 fecissent
1638 2050 1716 2070 men-

932 2085 1041 2112 tionem.
1058 2085 1125 2112 Nam
1144 2085 1205 2119 quis
1224 2085 1277 2113 nisi
1295 2086 1353 2113 haec
1371 2087 1397 2113 in
1416 2086 1572 2121 Evangeliis
1596 2087 1716 2122 legisset,

931 2133 1063 2166 potuisset
1086 2132 1164 2160 nobis
1189 2133 1360 2167 exprobrare
1386 2133 1451 2160 talia
1475 2132 1567 2161 Jesum
1596 2139 1718 2169 tempore

85 2183 143 2217 (61)
165 2181 362 2216 λελαληκέναι;
381 2181 417 2206 Οὺ
440 2179 543 2206 συνεῖδε
564 2179 592 2206 δὲ
612 2180 626 2205 ὁ
642 2179 755 2209 Κέλσος,
771 2179 813 2205 ὅτι
827 2178 873 2205 οὐκ

963 2177 1144 2211 spensationis
1160 2185 1216 2205 suae
1240 2178 1360 2206 dixisse?
1378 2178 1436 2206 Non
1462 2179 1597 2206 intellexit
1622 2180 1718 2207 Celsus

82 2229 145 2254 ἔστι
160 2227 233 2253 κατᾶ
247 2227 308 2258 τοὺς
327 2227 425 2257 αὐτοὺς
442 2226 488 2252 καὶ
504 2224 659 2260 ἡπατῆσθαι
677 2225 739 2259 περὶ
752 2224 799 2250 τοῦ
823 2224 876 2258 Ἰη-

83 2274 146 2305 σοῦ,
168 2273 208 2304 ὡς
228 2272 295 2298 Θεοῦ
317 2273 363 2298 καὶ
383 2271 626 2307 προφητευθέντος,
650 2271 698 2297 καὶ
721 2269 876 2296 πλάσασθαι

82 2322 152 2356 περὶ
170 2319 253 2347 αὑτοῦ
275 2319 396 2354 δηλονότι
420 2317 582 2351 ἐγνωκότας,
604 2317 644 2343 ὅτι
665 2316 714 2343 οὐκ
735 2315 821 2351 ἀληθῆ
844 2315 878 2342 τὰ

84 2365 248 2400 πλάσματα.
258 2364 336 2390 Ἤτοι
345 2361 391 2389 οὖν
404 2363 454 2389 οὐκ
470 2362 591 2388 ἔπλασαν
600 2381 606 2392 ,
625 2361 680 2387 ἀλλ’
694 2360 780 2391 οὕτως
795 2360 876 2396 ἐφρό-

83 2420 161 2444 νουν,
179 2412 228 2437 καὶ
250 2411 280 2437 οὺ
297 2410 456 2445 ψευδόμενοι
480 2407 650 2443 ἀνέγραψαν·
672 2407 689 2442 ἢ
712 2407 878 2442 ψευσάμενοι

81 2457 258 2493 ἀνέγραψαν,
276 2457 322 2484 καὶ
336 2456 422 2483 ταῦτα
435 2456 484 2482 οὐκ
495 2454 634 2490 ἐφρόνουν,
652 2453 712 2479 οὐδὲ
727 2452 878 2488 ἀπατηθέν-

81 2512 131 2534 es;
148 2502 216 2529 Θεον
229 2502 309 2528 αὑτὸν
320 2501 453 2536 ἐνόμιζον.

121 2583 146 2599 ’ί
166 2581 247 2609 Jonn.
261 2589 320 2612 vin.
332 2581 378 2608 l0.

120 2663 182 2698 (58)
207 2663 263 2688 Ἐν
281 2660 441 2698 τυγχάνον.
466 2658 512 2686 Sic
531 2658 600 2698 lego,
617 2658 680 2698 licet
697 2663 775 2698 antea
803 2657 872 2683 scri-

82 2692 163 2734 pttlm
173 2692 218 2724 'sit
234 2692 406 2731 ὲντυγ-λᾶνον,
422 2703 483 2721 nam
497 2694 641 2720 manifeste
655 2692 705 2719 hoc
719 2692 778 2719 loco
789 2699 871 2718 unum

82 2732 381 2769 opponitanpluribus.
566 2763 578 2768 α
618 2762 623 2769 ι
711 2762 722 2769 η

121 2761 181 2802 {59)
203 2761 280 2794 Libl).
300 2772 379 2802 antea
395 2765 471 2802 editi.
486 2765 518 2791 ἐκ
533 2762 645 2802 τοῦ-μὲν
666 2762 747 2802 πιεῖν,
763 2761 812 2802 sed
827 2768 871 2802 re-

82 2795 158 2831 ctilis
169 2795 266 2829 onmes
281 2809 357 2837 mss,
372 2801 404 2827 ὲκ
416 2800 461 2826 τοῦ
480 2808 511 2834 με
533 2795 612 2837 πιεῖν.
627 2797 708 2837 Paulo
723 2801 781 2837 post
793 2795 872 2822 Gele-

83 2839 149 2866 nius
171 2838 308 2871 interpres
323 2836 428 2863 videtur
443 2832 548 2867 legiISse,
564 2834 608 2859 ἵνα
626 2832 661 2867 μὴ
676 2832 692 2866 ἡ
707 2832 784 2866 μερίς
800 2838 868 2866 pou:

932 2224 989 2251 haec
1007 2224 1059 2251 duo
1079 2224 1106 2251 in
1127 2225 1237 2252 eosdem
1258 2233 1312 2253 non
1334 2225 1450 2259 cadere,
1476 2226 1566 2260 decipi
1582 2227 1717 2254 credendo

931 2268 1021 2296 Iesum
1042 2269 1127 2297 Deum
1143 2277 1204 2298 esse
1221 2278 1337 2305 eumque
1363 2279 1377 2298 a
1397 2272 1540 2306 prophetis
1557 2273 1719 2306 praenuntia-

932 2318 1001 2347 tum,
1019 2320 1046 2342 et
1061 2315 1164 2350 tingere
1177 2316 1210 2343 de
1227 2316 1273 2343 illo
1288 2324 1348 2351 qua:
1366 2324 1430 2343 vera
1446 2324 1498 2343 non
1511 2324 1571 2344 esse
1583 2322 1659 2344 certo
1673 2325 1720 2344 no-

932 2361 1029 2387 verint.
1044 2361 1099 2388 Aut
1109 2360 1190 2396 41],
1209 2361 1292 2396 igitur
1307 2370 1360 2388 non
1374 2362 1524 2396 finxerunt,
1542 2363 1590 2389 sed
1605 2363 1644 2389 sic
1656 2371 1718 2390 sen-

933 2405 1047 2438 tiebant,
1058 2410 1086 2432 et
1099 2407 1172 2433 nullo
1186 2407 1248 2434 dolo
1263 2407 1448 2441 scripserunt;
1466 2412 1512 2434 aut
1530 2408 1636 2435 mentiti
1649 2409 1717 2435 scri-

932 2455 1055 2485 pserunt,
1077 2456 1105 2478 et
1130 2452 1188 2479 hanc
1215 2460 1271 2479 non
1295 2452 1470 2485 sentiebant,
1495 2459 1584 2487 neque
1612 2453 1716 2488 decepti

934 2496 1016 2523 Deum
1030 2496 1103 2524 illum
1122 2497 1264 2532 putabant.

927 2664 989 2684 nam
1003 2656 1097 2684 vertit:
1116 2665 1124 2680 ε
1143 2654 1181 2681 Ne
1194 2659 1373 2692 porttomea.
1394 2662 1419 2692 ι’
1446 2685 1464 2692 ﬁ
1501 2685 1517 2692 η
1592 2685 1598 2691 ⁸
1643 2685 1714 2692 _"__

963 2692 1018 2726 (60)
1041 2692 1076 2717 Ita
1095 2695 1169 2726 recte
1180 2685 1378 2726 civilibﬂegius
1396 2690 1426 2726 et
1446 2685 1626 2713 Basileensis.
1643 2685 1715 2713 Editi

927 2723 1091 2764 vet-Qy'ﬁeb;
1104 2724 1163 2751 τόδε
1176 2723 1375 2764 δὲὶιελέξεταιτ
1390 2757 1396 2764 -
1419 2724 1426 2764 ν.
1551 2755 1557 2764 ’

963 2762 1019 2795 (6|)
1041 2757 1140 2788 Guieto
1161 2760 1337 2788 scribendum
1353 2757 1474 2790 videtur,
1487 2757 1563 2793 mpii
1582 2757 1630 2791 τὴν
1648 2757 1715 2784 clm-

926 2805 1032 2830 νομιαν.
