1843 3097
79 133 136 160 διο

689 129 828 158 CONTRA
847 128 985 157 CELSUM
1004 130 1069 159 LIB.
1087 131 1117 157 ll.

1660 129 1712 156 850

116 194 275 225 Φθὰσαντες
296 194 319 220 δ’
343 194 372 220 ὲν
393 194 449 225 τοῖς
477 193 604 229 ἀνωτέρω
630 193 782 229 εἰρήκαμεν
811 201 863 228 περ

965 192 1041 229 512
1057 193 1102 221 29.
1117 193 1176 220 Jam
1189 197 1252 220 ante
1267 191 1386 219 diximus
1399 189 1534 225 duplicem
1552 187 1652 215 Christi
1671 188 1711 213 in-

78 239 138 265 τῶν
152 239 197 266 τὸν
210 239 327 275 Χριστὸν
340 239 560 275 προφητεύεσθαι
575 238 639 274 (67),
653 239 700 264 δύο
714 237 871 272 ὲπιδημίαις

80 285 254 320 γρησόμενον
272 286 311 316 είς
327 286 357 311 τὸ
372 285 426 311 τῶν
440 285 589 321 ἀνθρώπων
602 285 679 319 γένος
690 292 696 298 ·
715 283 808 318 διόπερ
825 282 874 308 οὐκ

81 330 124 356 Et:
150 330 230 365 χρεία
251 331 325 364 ἡμᾶς
347 329 568 365 ἀπολογήσασθαι
588 330 658 365 πρὸς
682 329 712 356 τὸ
730 328 875 362 λεγόμενον

81 376 122 408 ὡς
149 377 201 402 ὑπὸ
221 376 267 402 τοῦ
294 376 430 408 Ἰουδαίου,
454 377 494 403 ὅτι
516 385 525 402 ‹
552 377 645 410 Μέγαν
665 375 711 402 καὶ
730 374 874 409 δυνάστην,

83 422 133 448 καὶ
151 422 240 456 πάσης
254 422 303 457 τῆς
320 422 382 457 γῆς,
400 422 446 448 καὶ
459 422 567 449 πάντων
575 422 629 448 τῶν
641 415 728 448 ἔῡνῶν
739 421 786 447 καὶ
797 427 877 454 στρα-

82 467 206 493 τοπέδων
221 467 322 502 Κύριόν
339 475 420 501 φασιν
436 469 459 494 οἱ
481 468 618 503 προφῆται
640 465 708 493 εἶναι
724 466 769 492 τὸν
784 465 877 499 ἐπιδη-

85 513 210 548 μήσοντα
231 513 296 547 (68).
313 523 323 538 ι
339 513 488 544 Ἰουδαϊκῶς
504 513 537 544 δ’,
552 511 638 548 οἶμαι,
660 510 721 538 εἷπε
742 511 789 538 καὶ
806 509 877 537 κατὰ

82 558 136 593 τὴν
152 558 263 585 ἐκείνων
287 558 368 593 χολὴν
385 558 453 594 μετὰ
467 558 515 584 τοῦ
530 559 614 593 χωρὶς
633 557 806 589 ἀποδείξεως,
824 555 876 582 κᾶν

84 603 210 635 πιθανῶς
234 603 306 639 (69),
338 603 468 639 λοιδορεῖν
498 603 543 629 τὸν
559 602 673 638 Ἰησοῦν,
698 602 740 628 ὅτι
753 602 802 629 δὲ(
817 601 878 636 οὐχ).

83 648 208 675 τοιοῦτον
232 648 341 684 ὄλεθρον
358 647 537 683 κατήγγειλεν
550 649 616 682 (70),
628 657 637 673 ι
657 647 725 674 Οὔτε
746 646 876 678 Ἰουδαῖοι,

83 693 149 720 οὔτε
174 693 286 726 Κέλσος,
305 693 366 720 οὔτε
384 693 463 725 ἄλλος
487 702 529 725 τις
552 693 620 728 μετὰ
642 692 804 725 ἀποδείξεως
822 691 878 726 ἔχει

83 739 272 774 παραστῆσαι,
299 739 339 764 ὅτι
360 738 469 774 ὕλεθρος
489 739 632 770 τοσούτους
645 737 804 773 ἀνθρώπους
816 737 878 762 em-

85 785 198 820 στρέφει
215 785 270 811 ἀπὸ
293 785 343 820 τῆς
359 785 462 820 χύσεως
485 784 539 811 τῶν
562 784 656 811 κακῶν
670 785 716 810 ἐπὶ
735 784 783 810 τὸν
808 781 879 809 κατὰ

83 830 168 864 φύσιν
199 830 268 866 μετὰ
294 830 470 865 σωφροσύνης
497 831 544 856 καὶ
571 830 626 857 τῶν
648 829 749 856 λοιπῶν
774 828 878 864 ἀρετῶν

86 875 156 911 βίον.

123 920 280 956 Παρέρῤιψε
295 921 318 947 δ’
331 922 346 947 ὁ
368 921 470 953 Κέλσος
486 922 531 948 καὶ
550 921 593 947 τό·
613 930 622 946 ε
643 920 710 948 Θεὸν
724 920 751 947 δὲ
768 920 814 947 καὶ
830 919 876 946 τοῦ

84 967 155 993 Θεοῦ
174 968 237 994 Υἰὸν
249 968 337 999 οὐδεὶς
355 969 387 994 ὲκ
406 967 533 994 τοιούτων
557 967 698 1001 συμϐόλων
720 968 767 993 καὶ
787 975 877 1002 παρα-

84 1013 261 1048 κουσμάτων,
278 1013 332 1040 οὐδ’
353 1012 382 1045 ἐξ
395 1013 480 1045 οὕτως
506 1013 625 1047 ἀγεννῶν
640 1013 796 1048 τεκμηρίων
815 1020 877 1038 σνν-

86 1056 205 1092 ίστησιν.
220 1066 229 1082 ι
253 1057 351 1093 Ἐχρῆν
367 1058 395 1084 δὲ
417 1058 507 1090 αὑτὸν,
522 1058 556 1084 τὰ
569 1058 786 1093 παρακούσματα
803 1057 878 1084 ἐκθέ-

87 1111 180 1138 μενον,
203 1103 321 1137 ἐλέγξαι,
339 1104 386 1130 καὶ
407 1104 442 1130 τὰ
465 1104 565 1139 ἀγεννῆ
587 1105 723 1139 τεκμήρια
740 1104 811 1138 λόγῳ
825 1112 878 1129 πα-

87 1149 236 1184 ραστῆσαι,
251 1149 284 1175 ἵν’
293 1149 320 1175 εἴ
331 1158 356 1175 τι
373 1149 483 1176 πιθανὸν
493 1149 707 1184 ὲδόκει).έγειν,ὁ
718 1149 878 1185 Χριστιανὸς

87 1193 274 1226 ἀγωνίσασθαι
289 1194 356 1229 πρὸς
372 1194 438 1220 αὐτὸ
457 1194 583 1230 παραϐῇ,
599 1195 646 1220 καὶ
667 1194 815 1230 ἀνατρέψαι
833 1195 878 1221 τὸν

86 1239 177 1273 λόγον.
196 1239 284 1274 Ὅπερ
297 1240 324 1265 δὲ
335 1238 395 1266 εἷπε
404 1239 468 1275 περὶ
481 1239 528 1266 τοῦ
548 1239 646 1275 Ἰησοῦ,
663 1240 802 1275 ἀπήντησε
819 1241 878 1275 μὲν,

87 1284 128 1316 ὡς
158 1285 223 1320 περὶ
247 1285 375 1320 μεγάλου,
394 1285 443 1312 οὐκ
466 1284 598 1320 ἐϐουλήθη
618 1285 646 1312 δὲ
665 1286 738 1317 ἰδεῖν,
753 1286 794 1312 ὅτι
806 1285 878 1311 τοῦτ’

88 1331 257 1366 ἀπήντησεν,
275 1331 326 1358 κᾶν
343 1331 399 1366 (71)
412 1333 429 1367 ἡ
443 1332 571 1367 ἐνάργεια
590 1332 740 1367 παρίστησι
756 1333 819 1367 περὶ
832 1332 879 1358 τοῦ

94 1376 194 1412 Ἰησοῦ.
215 1386 225 1402 t
251 1377 294 1408 Ὠς
320 1378 375 1413 γὰρ
399 1379 414 1404 ὁ
434 1378 525 1413 ἣλιος,
549 1377 630 1413 φησὶ,
655 1377 746 1404 πάντα
765 1377 800 1404 τὰ
813 1377 879 1404 ἄλλα

88 1420 216 1454 φωτίζων
242 1421 350 1457 πρῶτον
372 1421 453 1448 αὐτὸν
479 1422 604 1449 δεικνύει·
628 1421 714 1453 οὕτως
738 1422 819 1457 ἐχρῆν
832 1431 880 1449 πε-

87 1467 233 1501 ποιηκέναι
258 1467 305 1494 τὸν
319 1467 383 1494 Υἱδν
405 1466 453 1494 τοῦ
473 1467 550 1494 Θεοῦ.
581 1477 590 1493 ι
616 1468 746 1503 Εἵποιμεν
768 1468 800 1494 ἂν
821 1466 878 1500 οὖν,

86 1513 132 1539 ὅτι
150 1513 198 1539 καὶ
212 1512 374 1547 πεποίηκεν·
398 1522 407 1538 ε
428 1513 559 1540 Ἀνὲτειλε
574 1513 628 1548 γὰρ
642 1515 672 1540 ὲν
685 1515 744 1545 ταῖς
760 1513 877 1549 ἡμέραις
892 1527 913 1556 C

86 1557 173 1584 αὐτοῦ
201 1557 367 1593 δικαιοσύνη,
389 1558 436 1585 καὶ
463 1559 564 1594 πλῆθος
594 1560 704 1594 εἰρήνης
729 1558 850 1592 γέγονεν,
867 1569 876 1584 1

84 1603 242 1639 ἀρξάμενον
260 1603 315 1630 ἀπὸ
335 1603 386 1638 τῆς
410 1604 543 1638 γενέσεως
560 1603 652 1635 αὑτοῦ,
675 1603 879 1639 εύτρεπίζοντος

83 1648 136 1674 τοῦ
157 1648 226 1675 Θεοῦ
241 1650 274 1684 τῇ
288 1649 446 1684 διδασκαλίᾳ
466 1649 549 1677 αὑτοῦ
566 1650 600 1676 τὰ
616 1649 689 1684 ἔθνη,
708 1649 740 1675 ἵν’
757 1649 811 1676 ὑπὸ
832 1649 879 1676 ἕνα

85 1694 203 1729 γένηται
217 1693 272 1720 τῶν
289 1694 430 1730 Ῥωμαίων
448 1695 569 1730 βασιλέα.
583 1695 630 1722 καὶ
648 1695 695 1730 μὴ,
709 1695 753 1722 διὰ
767 1695 798 1722 τὸ
814 1703 881 1732 προ-

85 1740 172 1774 φάσει
184 1740 239 1766 τῶν
257 1741 361 1767 πολλῶν
375 1741 516 1776 βασιλειῶν
527 1741 582 1776 (72)
599 1741 715 1776 ἄμικτον
729 1741 783 1768 τῶν
796 1741 880 1768 ἐθνῶν

86 1785 161 1821 πρὸς
178 1786 291 1821 ἄλληλα,
316 1787 503 1822 χαλεπώτερον
516 1788 628 1824 γένηται
646 1790 702 1820 τοῖς
723 1788 880 1820 ἀποστόλοις

83 1831 137 1857 τοῦ
157 1831 246 1866 Ἰησοῦ
260 1832 291 1858 τὸ
305 1833 415 1868 ποιῆσαι
430 1833 497 1870 ὅπερ
515 1834 679 1868 προσέταξεν
689 1834 779 1866 αὐτοῖς
793 1834 807 1860 ὁ
828 1835 880 1870 Ἰη-

86 1876 167 1908 σοῦς,
186 1876 286 1904 εἰπών·
306 1887 316 1904 ‹
339 1878 520 1914 Πορευθέντες
541 1879 728 1915 μαθητεύσατε
743 1879 831 1906 πάντα
846 1880 880 1906 τὰ

85 1922 163 1957 ἔθνη.
187 1931 196 1948 ι
216 1923 271 1949 Καὶ
289 1924 375 1957 σαφές
396 1932 439 1958 γε,
456 1925 496 1951 ὅτι
513 1925 584 1952 κατὰ
598 1925 648 1961 τὴν
657 1925 811 1959 Αὐγούστου
831 1925 880 1960 βα·

85 1968 193 1996 σιλειαν
215 1970 230 1995 ό
256 1968 360 2004 Ἰησοῦς
375 1970 440 2006 (75)
460 1971 634 2006 γεγέννηται,
661 1970 709 1997 τοῦ
725 1971 768 2006 (ἶν’
794 1970 880 2002 οὕτως

83 2013 226 2048 ὀνομάσω)
250 2015 427 2050 ὀμαλίσαντος
442 2016 486 2042 διὰ
509 2017 573 2051 μιᾶς
589 2016 726 2051 βασιλείας
741 2017 803 2048 τοὺς
815 2017 879 2044 πολ-

85 2058 152 2090 λοὺς
171 2058 226 2085 τῶν
241 2060 287 2086 ἐπὶ
302 2060 364 2094 γῆς,
381 2058 434 2087 Ἦν
462 2061 490 2088 δὲ
511 2061 544 2088 ἂν
561 2062 688 2097 ἐμπόδιον
702 2062 749 2088 τοῦ
763 2061 881 2097 νεμηθῆ-

84 2114 132 2131 ναι
150 2105 202 2140 τὴν
219 2105 305 2140 Ἰησοῦ
318 2106 490 2132 διδασκαλίαν
504 2108 543 2138 είς
556 2107 645 2134 πᾶσαν
657 2107 705 2142 τὴν
719 2107 880 2143 οἰκουμένην

83 2150 117 2177 τδ
132 2149 234 2181 πολλὰς
254 2148 322 2177 εἶναι
342 2151 488 2186 βασιλείας,
504 2151 534 2177 οὐ
552 2152 630 2186 μόνον
644 2152 688 2179 διὰ
703 2152 737 2180 τὰ
753 2161 881 2189 προειρη-

86 2196 171 2231 μένα,
197 2195 267 2222 ἀλλὰ
279 2197 326 2223 καὶ
350 2196 395 2224 διὰ
410 2197 441 2223 τὸ
456 2197 659 2232 ἀναγκάζεσθαι
684 2198 878 2234 στρατεύεσθαι

85 2242 135 2268 καὶ
151 2242 223 2277 ὑπὲρ
238 2241 293 2268 τῶν
309 2243 445 2279 πατρίδων
463 2242 589 2278 πολεμεῖν
605 2244 668 2276 τοὺς
684 2244 821 2280 πανταχοῦ
834 2254 839 2260 ·
864 2246 878 2271 ὅ

82 2298 111 2315 τι
129 2288 236 2322 ἐγίνετο
251 2289 306 2324 (74)
320 2290 373 2325 πρὸ
393 2289 448 2315 τῶν
468 2289 624 2324 Αὐγούστου
640 2291 753 2326 χρόνων,
774 2291 820 2317 καὶ
838 2291 878 2317 ἔτι

82 2342 117 2368 γε
137 2334 279 2368 ἀνωτέρω,
307 2335 351 2361 ὅτε
370 2343 402 2369 γε
427 2335 505 2370 χρεία
525 2333 569 2370 ἦν,
597 2336 634 2366 ὡς
656 2335 878 2371 Πελοποννησίων

82 2379 134 2405 καὶ
155 2377 304 2413 Ἀθηναίων
316 2377 385 2406 εἶναι
403 2380 529 2415 πόλεμον,
542 2379 612 2406 οὕτω
629 2380 675 2407 καὶ
694 2381 794 2416 ἑτέρων
811 2382 877 2417 πρὸς

82 2423 210 2459 ἑτέρους.
229 2424 291 2456 Πῶς
316 2423 362 2451 οὖν
379 2422 434 2452 οἷόν
457 2434 487 2451 τε
501 2423 534 2461 ἦν
551 2425 599 2460 τὴν
619 2426 760 2462 εἰρηνικὴν
776 2428 877 2463 ταύτην

80 2469 273 2503 διδασκαλίαν,
295 2472 341 2498 καὶ
360 2471 427 2507 μηδὲ
448 2471 560 2507 ἐχθροὺς
581 2471 780 2508 ἐπιτρέπουσαν
805 2473 876 2509 ἀμύ-

122 2527 146 2543 ⁸³
162 2527 236 2554 Psal.
251 2535 328 2559 Lxxt,
340 2528 366 2555 7.
405 2528 428 2544 ⁵⁸
441 2528 536 2556 Matth.
549 2536 647 2561 xxvnt,
665 2529 710 2556 19.

121 2593 181 2626 (67)
200 2593 371 2621 llmschelius
389 2594 414 2620 in
429 2597 515 2625 textu,
528 2593 674 2626 ποιεῖσθαι,
693 2594 771 2622 male.

121 2627 181 2664 (68)
198 2627 277 2664 Libb.
295 2629 360 2655 editi
376 2630 410 2664 ad
427 2630 586 2664 marginem,
603 2629 821 2664 ἐπιδημήσαντα.

122 2663 182 2699 (69)
200 2662 265 2699 Κᾶν
288 2663 428 2699 πιθανῶς.
446 2663 603 2699 Boherellus
624 2662 699 2699 legit,
718 2662 781 2691 ’κᾶν
798 2664 878 2691 πιθα-

81 2700 145 2734 νῆς.
161 2697 278 2734 Guiellls
298 2706 373 2730 vero,
390 2698 592 2734 xivﬁnwavog.

122 2733 181 2769 (70)
198 2732 410 2769 Κατήγτειλεν.
436 2732 614 2769 scribendum
637 2733 747 2769 videtur
777 2735 877 2769 κατήγ-

80 2768 207 2804 γειλανη
221 2772 252 2804 ut
274 2768 415 2804 referatur
437 2768 470 2794 ad
489 2767 643 2804 προφῆται.
671 2768 734 2796 Post
759 2767 877 2804 sequens

79 2803 165 2843 οὔτε..
174 2802 328 2843 iniciendum
344 2803 452 2843 videtur
462 2802 526 2843 γάρ.

120 2836 270 2872 (71)Κᾶν.
290 2837 369 2866 Deest
383 2838 409 2865 in
430 2836 556 2866 omnibus
572 2846 636 2866 mss.

928 243 970 265 ter
995 239 1119 266 homines
1146 239 1290 265 adventum
1330 244 1344 263 a
1373 235 1514 271 prophetis
1548 233 1710 268 praedictum

927 283 1022 310 fuisse.
1036 283 1208 317 Quapropter
1223 282 1318 309 inutile
1339 281 1423 308 fuerit
1446 279 1573 307 refellere
1599 279 1625 305 id
1641 277 1711 312 quod

928 329 1005 356 ﬁctus
1017 329 1125 356 Jlttlmtls
1137 328 1211 355 addit
1227 337 1233 354 :
1251 337 1259 352 ι
1278 327 1327 360 Qui
1352 331 1481 353 venturus
1503 329 1554 357 est,
1571 331 1632 351 eum
1650 330 1712 357 pro-

927 375 1014 410 pheta:
1033 380 1225 409 prwpotcntem
1237 373 1380 407 quemdam
1397 379 1497 405 regem,
1511 370 1642 397 universae
1659 374 1712 394 lcr-

928 429 974 452 rm,
991 421 1110 456 gentium
1122 420 1243 447 onmium
1265 418 1486 451 exercituumque
1505 414 1711 443 dominnml‘ore

927 466 1117 500 pronuntiant.
1135 475 1144 491 ι
1159 465 1235 497 Quod
1248 471 1312 490 vero
1328 463 1461 496 sequitur,
1482 471 1491 487 ‹
1509 465 1562 488 tam
1579 460 1712 495 pernicio-

928 519 986 538 sam
1002 516 1104 545 pestem
1120 511 1154 537 ab
1169 510 1222 537 illis
1242 517 1294 536 non
1313 508 1395 535 fuisse
1414 507 1630 541 przenuntiatam,
1648 515 1657 531 ι
1669 506 1712 532 hic

929 566 1047 592 agnosco
1074 556 1228 583 Judaeorum
1252 554 1435 586 stomachum,
1462 560 1516 586 quo
1538 552 1568 578 iit
1589 556 1618 578 ut
1640 551 1712 578 nullo

929 608 1090 638 argumento
1107 602 1213 630 nullave
1226 600 1419 636 probabilitate
1437 599 1530 626 Jesum
1545 598 1710 632 vitupercnt.

929 649 983 676 Nec
996 649 1068 676 enim
1083 647 1178 680 Judaei,
1193 655 1242 674 nec
1256 647 1358 678 Celsus,
1372 653 1421 672 nec
1444 644 1511 670 alius
1527 643 1638 678 quilibet
1653 650 1713 676 pro-

930 695 995 722 bare
1008 702 1127 728 unquam
1148 693 1249 728 poterit.
1263 691 1442 727 perniciosam
1459 694 1560 725 pestem
1570 695 1631 716 eum
1642 695 1713 718 csso,

929 740 974 774 qui
999 745 1039 767 tot
1060 739 1185 766 homines
1204 738 1360 765 avitiorttm
1386 735 1509 770 proluvie
1526 737 1655 761 avocatos
1680 733 1714 759 ad

931 785 1013 812 vitam
1029 790 1134 812 naturae
1159 788 1373 811 consentaneam
1390 786 1417 808 οι
1438 779 1617 814 temperantia
1636 782 1715 805 mete-

932 831 1022 865 risqtte
1037 830 1184 858 virtutibus
1197 833 1320 855 ornatam
1333 827 1484 855 advocavit.

965 920 1009 948 50.
1023 919 1129 957 Adjecit
1148 924 1175 946 et
1192 919 1244 946 hoc
1257 917 1352 944 Celsus
1368 925 1374 943 :
1393 924 1401 942 ι
1420 915 1504 942 Nemo
1520 913 1651 950 ejusmodi
1674 913 1714 939 si-

937 967 1010 1001 guis,
1026 965 1298 999 interpretationibus
1317 969 1399 997 prave
1418 961 1541 993 detortis,
1560 965 1614 986 tam
1628 959 1715 986 inani-

930 1012 981 1039 bus
991 1011 1158 1046 argnmentis
1170 1014 1198 1036 et
1211 1009 1293 1036 Deum
1309 1013 1336 1034 et
1351 1007 1396 1034 Dei
1413 1006 1509 1033 Filium
1524 1013 1585 1033 esse
1601 1007 1714 1032 demou~

930 1056 1072 1083 straverit.
1093 1064 1102 1081 ι
1120 1054 1155 1082 Ut
1171 1061 1268 1088 pravas
1289 1054 1350 1081 illas
1366 1051 1603 1086 interpretationes
1618 1051 1713 1077 redar-

930 1106 1039 1138 gueret,
1070 1102 1202 1129 adductas
1227 1101 1364 1135 oportuit;
1390 1099 1482 1126 debuit
1500 1103 1527 1126 et
1555 1097 1645 1124 inania
1669 1096 1715 1123 illa

930 1153 1091 1183 argumenta
1111 1149 1252 1179 exhibere,
1280 1152 1309 1174 ut
1327 1146 1350 1174 si
1370 1146 1433 1180 quid
1457 1144 1598 1179 probabile
1620 1147 1714 1170 contra

930 1193 1029 1221 atl'erre
1042 1194 1114 1221 visus
1128 1199 1212 1226 esset,
1230 1193 1255 1220 id
1272 1193 1431 1227 impugnare
1446 1190 1617 1218 Christianus
1627 1192 1715 1215 tenta-

931 1245 981 1272 ret,
1002 1245 1030 1267 et
1043 1248 1102 1274 qua:
1114 1239 1220 1272 obieeta
1234 1239 1350 1266 fuissent
1362 1241 1494 1264 evertere.
1519 1235 1596 1268 Quod
1623 1239 1713 1261 autem

930 1286 963 1312 de
978 1284 1040 1312 Jesu
1063 1285 1140 1317 dixit,
1161 1285 1286 1311 debuisse
1311 1284 1386 1311 illtuu
1406 1281 1620 1318 magnitudinem
1637 1288 1713 1307 suam

930 1329 1086 1361 ostendere,
1102 1329 1128 1356 id
1143 1330 1247 1356 exitum
1266 1328 1381 1360 habuit;
1397 1329 1444 1355 sed
1462 1327 1486 1354 id
1507 1326 1599 1353 videre
1616 1324 1713 1355 nolnit,

930 1374 1255 1409 quamlibetevidentibus
1265 1374 1434 1410 argumentis
1443 1376 1605 1399 astruatur.r
1618 1372 1717 1404 Queru-

931 1422 1078 1449 admodum
1106 1422 1146 1449 sol
1160 1441 1167 1453 ,
1189 1422 1298 1455 inquit,
1322 1429 1365 1448 res
1383 1427 1476 1448 omnes
1496 1420 1634 1446 illustrans
1658 1418 1714 1452 pri-

932 1476 1006 1495 mum
1031 1476 1060 1497 se
1084 1469 1143 1504 ipse
1169 1469 1305 1500 ostendit;
1332 1468 1372 1494 sic
1397 1467 1539 1501 oportebat
1558 1466 1648 1492 facere
1667 1463 1714 1490 Dei

931 1513 1039 1540 Filium.
1064 1522 1072 1538 ι
1096 1513 1129 1540 Et
1159 1513 1223 1541 fecit
1261 1513 1369 1548 quidem
1393 1519 1400 1538 :
1426 1521 1434 1537 t
1454 1510 1520 1538 Orta
1544 1516 1585 1538 est
1600 1511 1672 1537 enim
1688 1511 1714 1536 in

932 1560 1026 1587 diebus
1051 1559 1109 1594 ejus
1127 1559 1233 1593 justitia
1254 1565 1281 1586 et
1308 1559 1473 1586 abundantia
1487 1556 1600 1592 pacis“,
1612 1566 1621 1582 ι
1635 1557 1715 1590 idque

931 1605 1023 1632 statim
1036 1613 1068 1632 ae
1082 1609 1162 1632 natus
1175 1610 1227 1632 est.
1239 1605 1309 1632 Deus
1321 1604 1405 1636 enim,
1421 1611 1481 1631 cum
1498 1608 1593 1637 gentes
1608 1603 1640 1629 ad
1658 1601 1716 1634 eius

931 1652 1082 1679 doctrinam
1099 1652 1362 1687 praeparatasvellet,
1381 1651 1538 1686 providitut
1555 1650 1600 1677 nni
1617 1649 1716 1675 Roma-

933 1707 1031 1726 nortttn
1052 1699 1209 1733 imperatori
1228 1702 1357 1733 parerent
1374 1705 1381 1724 :
1400 1705 1445 1730 ne,
1469 1697 1491 1724 si
1517 1697 1609 1731 plures
1623 1699 1716 1723 essent

932 1752 1009 1780 reges
1023 1749 1172 1779 gentesque
1185 1749 1276 1772 essent
1289 1752 1302 1770 a
1319 1751 1347 1770 se
1359 1744 1474 1770 invicem
1501 1743 1606 1774 alienae,
1621 1741 1717 1769 dimei-

931 1789 984 1815 lius
1003 1789 1123 1823 Apostoli
1141 1793 1358 1822 exsequerentur
1383 1786 1421 1818 id,
1437 1786 1508 1820 quod
1532 1785 1584 1812 illis
1609 1792 1624 1811 a
1651 1783 1714 1811 Jesu

931 1840 1094 1869 praeceptum
1112 1834 1162 1861 fuit
1175 1834 1217 1861 his
1236 1834 1344 1860 verbis:
1361 1842 1370 1857 ι
1389 1833 1500 1863 Euntes,
1513 1832 1607 1858 docete
1621 1836 1715 1856 omnes

931 1885 1027 1915 gentes
1040 1879 1073 1905 “.
1093 1889 1102 1905 ι
1117 1880 1205 1914 Atque
1219 1879 1302 1906 etiam
1317 1883 1424 1910 constat
1438 1877 1529 1904 Jesum
1548 1880 1639 1902 natum
1655 1882 1715 1901 esse

932 1926 981 1953 sub
992 1926 1124 1960 Augusto,
1136 1925 1181 1960 qui
1198 1925 1223 1952 in
1236 1933 1317 1951 tnmm
1335 1931 1446 1958 regnum
1463 1923 1607 1948 maximam
1628 1920 1716 1948 homi-

933 1978 996 1997 num
1012 1970 1058 2004 qui
1074 1970 1100 1996 in
1119 1971 1185 1998 orbe
1202 1975 1336 1997 terrarum
1349 1968 1464 2003 dispersi
1477 1971 1550 2000 sunt,
1564 1964 1714 1993 multitudi-

932 2024 993 2043 nem
1006 2016 1090 2043 veluti
1116 2016 1332 2043 consociaverat.
1359 2014 1511 2049 Regnorum
1536 2014 1608 2040 enitn
1625 2011 1715 2038 multi-

933 2062 996 2089 tudo
1019 2062 1212 2096 impedimento
1226 2061 1332 2092 fuisset,
1347 2059 1494 2094 quominus
1520 2059 1547 2085 iu
1567 2063 1652 2085 totmn
1669 2065 1716 2084 or-

931 2109 992 2135 bem
1006 2108 1129 2136 doctrina
1141 2107 1205 2135 Jesn
1221 2107 1457 2133 disseminaretnr.
1481 2104 1508 2131 1d
1523 2103 1638 2131 cilicitur
1652 2110 1714 2130 cum

932 2161 964 2181 ex
980 2153 1014 2180 iis
1025 2161 1086 2188 qua:
1097 2152 1152 2188 jam
1173 2153 1303 2183 diximus,
1325 2157 1380 2178 tum
1407 2151 1469 2178 inde
1492 2149 1620 2180 maxime,
1642 2148 1715 2183 quod

932 2207 979 2234 pro
991 2199 1086 2233 patria:
1102 2198 1259 2225 defensione
1272 2197 1342 2224 bella
1356 2196 1466 2231 gerendi
1483 2195 1631 2223 necessitas
1647 2194 1714 2222 l‘uis-

931 2249 991 2277 set;
1022 2249 1049 2271 ut
1074 2243 1153 2278 paulo
1175 2249 1239 2270 ante
1260 2243 1372 2277 Augusti
1392 2247 1513 2276 tempora
1536 2240 1715 2274 superiusque

931 2291 1031 2317 factum
1055 2290 1155 2320 fuerat.
1171 2290 1281 2323 quando
1293 2309 1301 2321 ,
1318 2293 1347 2315 ut
1369 2287 1580 2322 Peloponnesios
1597 2286 1666 2312 inter
1687 2290 1715 2311 et

929 2335 1121 2366 Athenienses,
1132 2336 1171 2362 sic
1186 2335 1258 2362 inter
1273 2334 1340 2360 alias
1351 2337 1444 2368 gentes
1455 2332 1553 2359 bellum
1569 2338 1631 2358 esse
1646 2337 1714 2364 opus

931 2382 991 2409 fuit.
1019 2382 1159 2415 Quomodo
1178 2381 1260 2416 igitur
1269 2380 1381 2414 pacilica
1393 2379 1450 2405 inec
1461 2378 1596 2410 doctrina,
1607 2385 1668 2411 qua:
1680 2383 1713 2403 ne

931 2427 1103 2454 inimicorum
1118 2425 1225 2461 quidem
1253 2425 1367 2458 injurias
1385 2424 1481 2451 ulcisci
1507 2422 1649 2457 permittit,
1666 2428 1713 2455 po-

933 2472 1224 2504 tuissetinvaleseere,
1250 2471 1301 2498 nisi
1325 2475 1383 2498 toto
1398 2470 1463 2497 orbe
1483 2469 1615 2495 adventus
1631 2466 1712 2502 413

965 2593 1021 2630 (72)
1044 2593 1133 2630 Codex
1149 2593 1260 2630 Regius,
1277 2593 1419 2628 βασιλέων.
1448 2593 1559 2630 Guietus
1583 2594 1712 2630 expungi:

926 2628 1030 2671 τὺέδιρι
1055 2628 1341 2671 couqnodprxpedit,
1366 2634 1393 2669 et
1421 2628 1547 2671 sicilegit
1573 2629 1655 2671 :‘xetl;
1674 2628 1711 2670 μὴ

927 2664 1061 2699 προφάσει
1076 2664 1130 2689 τῶν
1142 2663 1245 2689 πολλῶν
1259 2663 1410 2697 βασιλειῶν,
1428 2664 1550 2699 ἀμίκτων
1563 2663 1617 2691 τῶν
1627 2663 1712 2690 ὲθνῶν

927 2699 994 2726 ’πρὸς
1012 2698 1113 2726 ἄλληλα
1134 2698 1228 2726 ὄντων,
1245 2698 1442 2726 γαλεπώτερον.
1461 2704 1513 2726 etc.

926 2707 994 2735 ’προς
1012 2707 1113 2734 αΛΛηΛα
1134 2707 1228 2728 οντων,
1245 2707 1442 2734 χαλεπωτερον,
1461 2707 1513 2726 CIC.

940 2766 947 2768 Ξ
963 2734 1018 2768 (75)
1041 2733 1092 2760 Pro
1108 2734 1121 2759 ὸ
1145 2732 1257 2766 Ἰησοῦς,
1284 2733 1453 2768 [lassent-lius
1479 2735 1504 2760 in
1531 2738 1605 2761 textu
1631 2734 1712 2760 habet.

925 2765 975 2809 cie;
996 2765 1023 2795 et
1051 2769 1084 2795 ad
1110 2765 1260 2802 marginem
1286 2765 1330 2802 ἦς,
1353 2768 1408 2802 σού,
1423 2772 1542 2802 utraque
1567 2769 1647 2797 lectio
1672 2776 1711 2796 Vt-

927 2809 1020 2873 Wfilin)
1036 2837 1112 2865 Libh.
1129 2837 1193 2866 editi
1207 2836 1238 2864 ad
1257 2837 1414 2872 marginem,
1428 2836 1543 2871 ἐγένετο.
