1843 3097
169 126 218 154 851

895 125 1055 154 ORIGE’NIS

1741 121 1788 148 852

170 183 246 215 Jesu,
275 182 388 218 placatis
412 182 520 215 animis,
550 182 661 210 dissidia
677 183 765 210 omnia
787 183 942 217 composuis

1036 182 1107 214 σθαι,
1122 181 1267 218 κρατῆσαι,
1285 181 1308 207 εί
1333 179 1369 216 μὴ
1385 179 1419 207 τὰ
1438 178 1486 214 τῆς
1507 177 1674 213 οἰκουμένης
1687 178 1721 212 τῇ
1741 179 1787 214 Ίηο

170 230 229 257 set?

201 319 244 347 51.
263 318 387 345 Posthmc
407 326 467 345 eum
488 317 650 345 Christianis
666 319 827 352 expostulat,
852 328 861 344 ι
880 319 951 352 quod

166 363 294 398 captiosis
312 363 427 397 argutiis
451 363 514 389 freti
543 363 641 389 Filium
668 362 714 390 Dei
740 369 865 390 asset-ant
888 371 952 397 pro-

166 410 253 444 prium
275 417 335 436 esse
358 409 404 436 Dei
423 409 558 441 Verbum;
575 418 586 434 ι
612 413 743 443 putatque
766 417 797 436 se
821 409 952 436 crimina-

165 456 231 483 tioni
255 456 308 482 vim
335 455 446 486 addere,
469 463 530 481 eum
548 455 587 482 ait
615 462 675 485 nos,
696 465 705 480 ε
723 463 772 488 pro
791 454 882 482 Verbo
907 455 953 483 illo

165 509 233 536 puro
250 506 276 529 et
293 507 388 529 saneto
409 502 480 535 quod
498 501 596 527 Filium
616 501 661 527 Dei
679 507 739 527 esse
762 501 951 534 prmtlicamus,

164 549 294 575 exhibere
309 547 555 581 despicatissitnum
573 547 722 580 hominem,
740 545 831 582 ﬂagris
853 555 951 574 caesum

163 599 192 620 et
212 595 237 620 in
256 601 363 621 erucem
383 598 504 620 actumn
522 592 551 619 In
572 593 763 627 superioribus
778 593 834 626 jam
856 601 952 621 omnes

165 639 216 666 hac
230 641 262 666 de
281 646 309 665 re
326 638 487 672 compendio
511 638 624 672 repulsa:
640 643 701 665 sunt
721 638 792 665 Celsi
817 639 949 665 crimina-

168 684 264 710 tiones.
290 683 346 711 lliic
364 683 435 710 enim
453 688 591 710 ostensum
612 687 653 710 est
674 691 772 717 corpus
789 689 814 710 et
832 684 951 710 animam

167 729 312 755 humanam
341 734 466 762 suscepta
492 729 574 755 fuisse
591 736 605 755 a
633 739 643 754 ε
659 729 840 763 primogenito
863 730 952 756 omnis

166 779 300 802 creaturae
312 774 350 807 '5;
367 784 376 799 ι
400 775 426 801 in
452 782 542 801 rermn
567 775 647 809 hujus
673 776 765 802 mundi
795 776 952 803 conditione

162 820 279 853 jussisse
296 820 388 850 Deum,
404 819 550 853 statimque
573 820 633 846 illas
648 827 753 847 creatas
773 828 851 852 esse;
873 821 951 848 deni-

163 875 215 900 que
235 866 318 893 Deum
336 865 454 892 Verbum
475 866 569 899 fuisse,
591 867 636 900 qui
661 867 816 894 mandatum
835 874 949 902 aceepe-
967 863 987 891 Β

164 910 209 935 rit.
226 910 360 942 Quoniam
384 918 448 937 vero
465 910 574 938 Judmus
593 916 633 939 est
657 913 701 946 qui
719 913 777 940 haec
797 914 868 947 apttd
891 913 952 940 Cel-

164 962 222 981 sum
238 955 312 988 dicit,
331 964 383 983 non
402 957 518 983 alienum
539 957 620 984 fuerit
639 957 677 984 uti
701 958 858 986 testimonio
873 959 952 993 cujus

162 1007 243 1034 supra
267 1001 380 1028 memini
399 1009 406 1028 :
426 1011 435 1026 ‹
455 1001 527 1028 Misit
545 1001 664 1029 Verbum
689 1009 780 1035 suum,
794 1007 821 1030 et
845 1005 953 1030 sanavit

162 1053 220 1077 eos,
244 1049 272 1073 et
293 1045 393 1081 eripuit
419 1054 467 1073 eos
493 1054 507 1073 a
534 1047 758 1081 corruptionibus
785 1055 879 1075 eorum
892 1049 948 1075 ⁵⁸.»

163 1090 239 1123 Quod
264 1095 353 1118 autem
370 1091 464 1118 Celsus
488 1099 609 1126 persona;
630 1092 714 1119 Judaei
740 1093 871 1127 assignat,
889 1101 949 1120 eum

162 1136 203 1163 sic
237 1136 390 1170 loquentem
425 1136 557 1164 inducens
584 1146 591 1164 :
623 1146 633 1163 ι
656 1137 684 1165 Si
721 1137 838 1165 Verbum
873 1139 950 1167 vobis

162 1185 203 1208 est
229 1181 311 1209 Filius
342 1181 405 1213 Dei,
436 1182 602 1209 assentimur
624 1188 651 1209 et
675 1189 740 1215 nos;
755 1192 764 1208 ι
788 1183 814 1210 id
837 1191 852 1210 a
877 1183 950 1211 nullo

165 1234 282 1261 unquam
311 1226 403 1254 Iudaeo
431 1227 538 1259 audivi,
562 1229 686 1262 quamvis
716 1236 777 1256 eum
800 1229 892 1256 multis
908 1237 950 1256 eo-

164 1280 238 1304 rum,
259 1273 304 1306 qui
326 1280 354 1299 se
379 1273 516 1307 sapientes
536 1274 692 1309 venditant,
709 1274 873 1310 colloquium
902 1276 950 1302 ha-

161 1319 278 1346 buerim.

198 1364 244 1392 5‘2.
263 1364 321 1392 lam
341 1369 403 1392 ante
418 1365 521 1393 dictum
538 1370 578 1394 est
593 1366 684 1394 Jesum
701 1375 749 1395 nec
763 1372 946 1401 arrogantem,

163 1418 212 1437 nec
227 1413 454 1446 praestigiatorcm
471 1420 531 1440 esse
556 1420 648 1446 posse;
674 1414 786 1448 proinde
815 1413 881 1440 nihil
900 1421 948 1439 ne-

161 1464 238 1484 cesse
261 1463 302 1484 est
325 1458 419 1485 eadem
436 1458 481 1485 hic
509 1464 642 1493 repetere,
661 1467 694 1486 ne
716 1461 809 1486 eadem
838 1467 946 1494 semper

160 1503 304 1529 occinente
318 1503 407 1534 Celso,
427 1504 521 1530 eadem
538 1509 564 1530 et
585 1511 633 1530 nos
653 1511 761 1538 semper
776 1504 944 1531 occinamus.

162 1547 231 1574 Hine
248 1547 430 1582 genealogiam
455 1549 632 1582 aggreditur:
653 1549 697 1576 ubi
720 1549 820 1575 rutilant
836 1549 945 1576 omnino

164 1593 329 1620 mentionem
347 1593 412 1620 facit
434 1601 526 1620 eorum
545 1601 604 1628 qua:
625 1594 664 1620 vel
686 1595 756 1628 apud
774 1594 946 1622 Christianos

163 1639 189 1665 in
206 1639 420 1666 controversiam
437 1644 578 1672 vocantur,
598 1647 713 1674 quaeque
728 1648 760 1667 ex
777 1641 947 1676 genealogia-

163 1691 222 1710 rum
240 1684 311 1711 inter
327 1692 356 1711 se
373 1685 558 1719 discrepantia
580 1685 682 1712 ducunt
697 1685 818 1711 nonnulli
837 1690 865 1713 et
881 1686 946 1713 vitio

163 1734 283 1758 vertunt.
308 1729 411 1764 Quippe
435 1730 477 1757 sui
505 1735 661 1758 ostentator
692 1730 736 1757 ille
770 1731 865 1758 Celsus
897 1733 941 1766 qui

161 1775 381 1803 Christianorum
415 1777 506 1805 omnia
538 1784 568 1803 se
606 1777 678 1804 scire
711 1777 866 1811 profitetur,
896 1786 945 1805 ne-

161 1821 265 1848 sciebat
286 1821 463 1856 prudcntere
487 1822 638 1857 Scripturis
666 1823 812 1858 decerpere
836 1831 895 1858 quae
919 1825 944 1850 in

161 1867 272 1894 dubium
308 1872 458 1895 revocaret.
483 1868 529 1895 Ait
555 1869 647 1903 itaque
673 1877 682 1894 ε
699 1870 780 1897 nimis
800 1870 946 1898 insolenter

161 1912 250 1946 egisse
269 1920 326 1946 eos,
345 1914 391 1945 qui
409 1914 597 1948 genealogiam
621 1914 686 1942 Jesu
703 1919 857 1949 texuerunt,
882 1924 944 1943 cum

161 1958 235 1985 iilum
251 1966 265 1985 a
281 1960 368 1994 primo
381 1960 491 1986 homine
505 1959 716 1995 Judaeorumque
731 1961 841 1995 regibus
855 1962 947 1988 oriun-

161 2006 223 2032 dum
247 2013 307 2033 esse
326 2006 511 2040 scripserunt;
528 2015 537 2031 ι
557 2011 584 2033 et
611 2011 752 2033 strenuum
778 2007 878 2041 aliquid
901 2007 944 2033 af-

160 2052 231 2079 ferre
249 2060 278 2080 se
293 2057 380 2087 putat,
402 2060 464 2079 cum
483 2053 541 2079 ait:
561 2062 569 2078 ι
585 2051 677 2087 Neque
698 2053 768 2079 fabri
786 2061 854 2080 uxor
871 2057 945 2080 tanto

160 2105 259 2131 genere
277 2102 364 2125 ortam
382 2105 412 2125 se
437 2098 602 2131 ignorasset.
617 2107 626 2123 ›
650 2097 718 2130 Quid
742 2099 793 2126 hoc
810 2099 844 2126 ad
864 2099 945 2126 rem?

160 2144 237 2176 Esto,
262 2151 315 2171 non
343 2144 506 2178 ignorasset.
522 2143 592 2176 Quid
617 2144 667 2170 hoc
686 2150 780 2171 contra
803 2145 871 2172 nos?
890 2145 945 2172 Fac

1004 228 1051 254 σοῦ
1068 228 1199 263 ἐπιδημία
1223 226 1404 262 μετεϐέϐλητο
1427 224 1562 260 πανταχοῦ
1581 224 1629 251 ἐπὶ
1642 223 1674 249 τὺ
1688 223 1788 259 ἡμερώ-

1001 282 1079 309 τερον
1095 273 1161 307 (75);

1037 318 1114 344 Μετὰ
1133 318 1220 344 ταῦτα
1243 319 1415 353 Χριστιανοῖς
1443 317 1562 351 ἐγκαλεῖ,
1585 325 1595 342 ‹
1618 316 1658 346 ὡς
1688 314 1788 348 σοφιζο-

1004 363 1094 397 μένοις
1110 364 1138 390 ὲν
1158 363 1196 398 τῷ
1211 364 1299 397 λέγειν
1310 363 1354 389 τὸν
1371 363 1433 389 Υἰὺν
1448 362 1493 389 τοῦ
1509 361 1576 388 Θεοῦ
1591 359 1663 387 εἶναι
1678 361 1788 387 Αὐτολέ-

1003 417 1066 442 γονν
1083 419 1092 434 ι
1109 410 1158 436 καὶ
1176 403 1260 436 οἴεταί
1284 418 1315 443 γε
1339 408 1481 444 κρατύνειν
1501 407 1531 433 τὸ
1548 407 1694 441 ἐγκλημα-
1715 406 1787 438 Erat,

1006 463 1015 479 ι
1030 453 1113 487 Λόγον
1133 454 1360 489 ἐπαγγελλόμενοι
1384 453 1447 479 Υἱὸν
1470 450 1538 478 εἶναι
1556 451 1603 478 τοῦ
1626 450 1707 481 Θεοῦ,
1725 451 1789 477 ἀπο-

1002 498 1143 532 δείκνυμεν
1156 498 1186 524 οὺ
1201 498 1286 532 Λόγον
1305 497 1423 532 καθαρὸν
1443 498 1490 523 καὶ
1509 497 1596 530 ἆγιον,
1615 495 1674 522 ἀλλ’
1689 495 1789 531 ἂνθρω-

1003 551 1055 569 πον
1072 543 1233 578 ἀτιμότατον
1261 542 1316 578 (7G)
1342 542 1499 576 ἀπαχθέντα
1525 542 1572 567 καὶ
1600 541 1789 575 ἀποτυμπανι-

1004 588 1109 615 σθέντα.
1123 601 1131 614 1
1158 589 1213 614 Καὶ
1229 589 1291 624 περὶ
1305 588 1399 614 τούτου
1414 588 1436 614 δ’
1450 589 1478 614 ὲν
1492 588 1546 618 τοῖς
1560 587 1703 621 ἀνωτέρω,
1717 586 1753 617 ὡς
1765 588 1790 612 ὲν

1004 635 1136 669 ἐπιτομῇ,
1161 635 1229 670 πρὸς
1249 634 1298 665 τὰς
1318 633 1421 660 Κέλσου
1436 633 1603 668 κατηγορίας
1623 633 1749 667 εἴρηται·
1765 632 1791 657 ὲν

1003 677 1043 711 οἷς
1071 680 1247 706 ἀπεδείκνυτο
1271 681 1307 706 «ὁ
1329 680 1418 715 πάσης
1447 679 1561 710 κτίσεως
1593 679 1765 714 πρωτότοκος
1780 687 1788 702 ι

1003 725 1155 760 ἀνειληφὼς
1170 726 1248 760 σῶμα
1268 725 1314 751 καὶ⁴
1330 725 1417 760 ψυχὴν
1443 725 1634 760 ἀνθρωπίνην·
1655 724 1704 750 καὶ
1725 724 1763 749 ὅτι
1778 724 1790 748 ὁ

1002 771 1068 802 Θεὸς
1095 771 1244 797 ἐνετείλατο
1262 771 1324 805 περὶ
1340 770 1392 796 τῶν
1416 770 1549 796 τοσούτων
1566 771 1594 796 ἐν
1617 769 1726 804 κόσμῳ,
1748 770 1791 795 12‘:

1003 816 1127 851 ἐκτίσθη·
1146 817 1194 843 καὶ
1212 816 1251 842 ὅτι
1267 817 1280 842 ὁ
1296 816 1345 851 τὴν
1367 816 1474 850 ἐντολὴν
1492 815 1582 842 λαϐὼν
1596 816 1610 841 ὁ
1624 815 1692 846 Θεὸς
1711 815 1791 847 Λόγος

1001 860 1046 898 ἦν.
1060 863 1114 889 Καὶ
1124 863 1184 889 ἐπεὶ
1203 863 1326 893 Ἰουδαῖός
1339 863 1411 888 ἐστιν
1424 863 1438 888 ὁ
1452 862 1527 897 παρὰ
1543 861 1582 896 τῷ
1595 861 1695 896 Κέλσῳ
1710 861 1792 887 ταῦτα

1003 908 1099 942 λέγων,
1113 908 1163 934 οὐκ
1187 909 1296 939 ἀτόπως
1315 908 1472 943 χρησόμεθα
1496 907 1544 942 τῷ,
1573 918 1581 932 ε
1602 908 1791 940 Ἐξαπέστειὶε

1001 955 1150 989 τὺννΛόγον
1174 954 1266 986 αὑτοῦ,
1285 955 1330 980 καὶ
1356 955 1449 980 ίάσατο
1468 954 1576 985 αὐτοὺς,
1591 954 1639 980 καὶ
1658 954 1793 989 ἐρρύσατο

1002 1001 1098 1032 αὐτοὺς
1112 1002 1143 1027 ὲκ
1159 1001 1213 1027 τῶν
1227 1000 1378 1035 διαφθορῶν
1398 999 1500 1027 αὐτῶν·
1514 1009 1523 1024 ι
1543 996 1573 1025 οὗ
1595 1000 1643 1026 καὶ
1664 999 1793 1034 ἀνωτέρω

1001 1047 1186 1082 ἐμνήσθημεν,
1207 1046 1277 1080 Ἐγὼ
1289 1046 1327 1078 δὲ,
1345 1046 1392 1072 καὶ
1407 1044 1514 1076 πολλοῖς
1532 1044 1670 1075 Ἰουδαίοις
1692 1045 1741 1070 καὶ
1758 1053 1793 1070 σοι

1001 1094 1060 1127 φοῖς
1084 1102 1116 1126 γε
1143 1092 1385 1127 ἐπαγγελλομένοις
1411 1089 1479 1118 εἶναι
1508 1090 1666 1125 συμϐαλὼν,
1689 1090 1792 1121 οὐδενὸς

1001 1139 1106 1174 ἀκήκοα
1122 1138 1294 1169 ἐπαινοῦντος
1315 1137 1356 1169 τὸ,
1377 1147 1385 1162 ‹
1401 1137 1488 1170 Λόγον
1505 1135 1573 1163 εἶναι
1593 1136 1640 1162 τὸν
1658 1136 1725 1162 Ὶτίδν
1751 1136 1793 1162 τοῦ

1000 1184 1080 1216 Θεοῦ,
1094 1195 1103 1210 ›
1121 1185 1159 1216 ὡς
1180 1185 1194 1210 ὸ
1210 1184 1313 1215 Κέλσος
1332 1183 1440 1219 εἴρηκε·
1458 1184 1506 1209 καὶ
1528 1182 1609 1209 τοῦτο
1634 1183 1793 1218 περιάκτων

999 1230 1038 1265 τῷ
1055 1230 1102 1256 τοῦ
1124 1230 1247 1256 Ἰουδαίου
1271 1229 1418 1265 προσώπῳ,
1439 1229 1584 1264 λέγοντος·
1598 1228 1638 1260 ὡς
1661 1238 1670 1254 ι
1685 1229 1719 1255 Εἰ
1735 1236 1767 1262 γε
1783 1230 1793 1254 ὁ

999 1277 1084 1310 Λόγος
1108 1275 1182 1302 ἐστὶν
1199 1276 1261 1311 ὑμῖν
1277 1276 1341 1307 Υἱὸς
1363 1275 1408 1302 τοῦ
1432 1275 1509 1307 Θεοῦ,
1533 1275 1580 1301 καὶ
1605 1274 1692 1311 ἡμεῖς
1718 1276 1792 1301 ἐπαε-

999 1320 1107 1356 νοῦμεν.
1121 1331 1130 1347 ι

1034 1367 1198 1402 Προείρηται
1221 1366 1243 1392 δ’
1269 1367 1333 1402 ἡμῖν
1346 1385 1353 1398 ,
1379 1367 1419 1392 ὅτι
1443 1364 1500 1391 οὒτ’
1521 1362 1629 1396 ἀλαζὼν
1647 1363 1712 1390 οὔτε
1730 1363 1791 1397 γόης

997 1411 1108 1438 δύναται
1118 1410 1186 1438 εἶναι
1197 1413 1210 1438 ὁ
1224 1411 1326 1447 Ἰησοῦς
1336 1420 1342 1426 ·
1357 1411 1396 1437 διὸ
1410 1412 1459 1438 οὐκ
1471 1411 1620 1444 ἀναγκαῖον
1631 1410 1791 1444 ἐπαναλαμ-

998 1458 1089 1484 ϐάνειν
1111 1457 1143 1484 τὰ
1169 1457 1311 1493 εἰρημένα,
1333 1457 1376 1482 ἵνα
1398 1456 1435 1491 μὴ
1451 1456 1520 1492 πρὸς
1536 1455 1587 1486 τὰς
1613 1455 1791 1488 ταυτολογίας

997 1502 1101 1528 Κέλσου
1122 1503 1168 1528 καὶ
1191 1503 1271 1537 ἡμεῖς
1294 1501 1497 1535 ταυτολογῶμεν
1515 1500 1582 1534 (77).
1603 1499 1747 1534 Ἐγκαλῶν
1768 1499 1792 1524 δὲ

999 1550 1031 1583 τῇ
1047 1548 1217 1583 γενεαλογίᾳ,
1231 1547 1265 1574 τὰ
1285 1547 1333 1582 μὲν
1348 1547 1395 1573 καὶ
1409 1546 1484 1582 παρά
1502 1547 1681 1581 Χριστιανοῖς
1701 1545 1792 1580 ζητῶ-

1000 1601 1076 1628 μενα,
1090 1593 1137 1619 καὶ
1152 1593 1203 1619 ὑπό
1221 1602 1300 1620 τινων
1314 1592 1350 1624 ὡς
1364 1592 1524 1628 ἐγκλήματα
1542 1591 1744 1626 προσαγόμενα
1762 1592 1791 1625 τῇ

997 1638 1129 1673 διαφωνία
1151 1638 1204 1664 τῶν
1220 1638 1407 1672 γενεαλογιῶν,
1430 1637 1554 1673 οὐδαμῶς
1579 1637 1736 1672 ὠνόμασεν.
1758 1637 1790 1662 Οὐ

997 1685 1050 1720 γὰρ
1063 1685 1120 1720 ᾔδει
1134 1686 1147 1711 ὁ
1161 1685 1197 1716 ὼς
1220 1685 1327 1719 ἀληθῶς
1342 1683 1449 1716 ἀλαζὼν
1467 1683 1571 1714 Κέλσος
1591 1684 1640 1709 καὶ
1657 1683 1791 1717 ἐπαγγελ-

997 1731 1108 1766 λόμενος
1121 1730 1218 1757 εἰδέναι
1232 1731 1321 1757 πάντα
1338 1731 1371 1757 τὰ
1384 1730 1552 1766 Χριστιανῶν
1568 1729 1714 1763 φρονίμως
1729 1730 1792 1755 ἑπα-

997 1778 1116 1813 πορῆσαι
1138 1779 1170 1813 τῇ
1198 1777 1302 1812 Γραφῇ.
1323 1777 1391 1811 Φησὶ
1415 1776 1444 1802 δὲ
1470 1775 1706 1811 «ἀπηυθαδῆσῦαι
1732 1776 1791 1805 τοὺς

996 1824 1243 1859 γενεαλογήσαντας
1255 1823 1307 1848 ἀπὸ
1320 1822 1366 1849 τοῦ
1385 1821 1492 1858 πρώτου
1508 1821 1607 1856 φύντος
1622 1822 1672 1848 καὶ
1689 1822 1746 1848 τῶν
1765 1823 1791 1847 ἐν

1003 1870 1138 1901 Ἰουδαίοις
1153 1869 1282 1904 βασιλέων
1295 1869 1339 1895 τὸν
1362 1868 1473 1903 Ἰησοῦν.
1487 1877 1497 1894 ι
1517 1868 1572 1894 Καὶ
1589 1867 1680 1894 οἴεται
1695 1876 1722 1894 τι
1738 1868 1791 1893 εἱα-

997 1915 1090 1950 φέρειν
1112 1916 1243 1948 γενναῖον,
1259 1915 1299 1940 ὅτι
1323 1914 1401 1939 «Οὐκ
1422 1913 1454 1939 ἂν
1469 1914 1486 1948 ἡ
1500 1912 1546 1939 τοῦ
1570 1913 1702 1944 τέκτονος
1725 1914 1790 1948 γυνὴ

996 1961 1152 1997 τηλικούτου
1181 1961 1276 1995 γένους
1305 1960 1475 1995 τυγχάνουσα
1510 1959 1614 1994 ἠγνόει.
1631 1969 1642 1984 ›
1677 1960 1712 1985 Τί
1740 1961 1790 1994 γὰρ

997 2007 1074 2033 τοῦτο
1094 2007 1160 2042 πρὸς
1183 2007 1229 2032 τὸν
1251 2006 1343 2040 λόγον;
1366 2006 1470 2036 Ἔστω,
1496 2005 1536 2030 ὅτι
1562 2005 1613 2030 οὐκ
1638 2005 1751 2040 ἠγνόει·
1768 2005 1789 2029 τί

997 2053 1076 2079 λυπεῖ
1089 2052 1130 2086 ,τὰ
1155 2052 1339 2087 προκείμενα;
1370 2050 1438 2077 Ἀλλ’
1463 2051 1609 2084 ἀγνοείτω-
1636 2051 1731 2082 πόθεν,
1752 2052 1790 2076 ὅτι

997 2099 1098 2133 ἠγνόει,
1112 2098 1161 2124 οὐκ
1181 2096 1215 2134 ἦν
1228 2098 1281 2124 ἀπὸ
1296 2097 1342 2124 τοῦ
1362 2097 1470 2132 πρώτου
1484 2096 1649 2132 ἀνθρώπου;
1673 2097 1722 2123 καὶ
1743 2098 1790 2122 οὐκ

997 2145 1111 2180 ἀνήγετο
1130 2145 1213 2179 αὐτῆς
1226 2144 1256 2170 τὸ
1274 2144 1351 2178 γένος
1368 2143 1414 2169 ἐπὶ
1430 2143 1492 2174 τοὺς
1506 2143 1534 2169 ὲν
1553 2142 1697 2174 Ἰουδαίοις
1716 2142 1789 2177 βασις

161 2190 311 2222 ignorasse.
340 2189 445 2215 lliuene
472 2189 605 2222 sequitur,
631 2193 661 2215 ut
682 2197 696 2215 a
722 2189 809 2224 primo
835 2190 942 2218 homine

1032 2190 1158 2222 ἔσαντας;
1175 2190 1209 2216 Ἥ
1233 2190 1379 2223 ἀναγκαῖον
1399 2188 1483 2215 οἴεται
1499 2190 1514 2215 ὁ
1530 2189 1636 2220 Κέλσος
1654 2189 1723 2219 τοὺς
1744 2196 1789 2214 πε-

162 2242 239 2261 suam
258 2242 311 2262 non
329 2235 409 2261 ducat
430 2234 580 2269 originem?
594 2239 622 2262 ut
639 2242 703 2262 suos
719 2235 824 2263 natales
847 2237 879 2263 ad
899 2237 945 2264 Ju-

162 2281 280 2307 dazorum
304 2287 380 2314 reges
398 2287 450 2306 non
478 2279 602 2306 referat?
631 2280 747 2308 Putatne
772 2280 868 2308 Celsus
895 2290 944 2309 ne-

162 2333 237 2352 cesse
255 2333 326 2358 esse,
350 2329 380 2352 ut
404 2332 537 2360 pauperes
560 2332 574 2352 a
588 2326 764 2359 .panperibus
777 2328 943 2360 parentibus,

161 2378 239 2405 reges
261 2378 275 2396 a
298 2371 406 2405 regibus
434 2370 600 2397 nascantur?
626 2371 696 2404 Ergo
721 2371 747 2398 in
774 2372 816 2399 his
843 2372 945 2399 diutius

159 2416 297 2443 immorari
329 2423 560 2450 supervacaneum
591 2416 719 2448 videtur,
743 2425 803 2443 cum
840 2418 944 2452 perspi-

158 2470 238 2489 cuum
254 2462 289 2489 sit
304 2462 386 2489 etiam
412 2465 505 2489 nostra
530 2466 610 2489 astate
625 2470 658 2489 ex
680 2462 808 2489 divitibus
832 2463 944 2490 illustri-

159 2509 262 2543 busque
279 2508 438 2543 parentibus
466 2513 544 2536 natos
558 2516 619 2536 esse
633 2509 764 2542 quosdam
781 2508 864 2535 Maria
879 2516 944 2542 pau-

993 2236 1135 2270 νεστέρους
1149 2237 1181 2261 ἐκ
1198 2235 1305 2262 πάντων
1322 2234 1490 2269 πενεστέρων
1511 2234 1655 2269 προγόνων
1669 2234 1727 2270 (78)
1745 2242 1788 2267 γε-

993 2281 1116 2315 γονέναι,
1137 2281 1153 2316 ἢ
1175 2282 1238 2312 τοὺς
1268 2281 1384 2315 βασιλεῖς
1407 2281 1439 2306 ἐκ
1462 2280 1611 2314 βασιλέωνς
1634 2280 1786 2316 Διατρίεειν

993 2324 1039 2352 οὖν
1056 2326 1119 2361 περὶ
1136 2326 1182 2352 τὸν
1202 2326 1280 2360 λόγον
1297 2326 1369 2352 δοκεῖ
1393 2334 1436 2361 μοι
1458 2323 1527 2351 εἶναι
1547 2325 1684 2359 μάταιον;
1710 2333 1787 2360 φανε-

995 2372 1042 2407 ροῦ
1066 2372 1150 2404 ὄντος,
1171 2373 1211 2398 ὅτι
1227 2372 1274 2398 καὶ
1294 2371 1364 2398 κατὰ
1379 2372 1442 2403 τοὺς
1453 2372 1605 2406 ἡμετέρους
1622 2372 1738 2407 χρόνους
1756 2373 1786 2397 ἐκ

999 2417 1133 2444 πλουσίων
1153 2418 1198 2444 καὶ
1223 2416 1335 2449 ἐνδόξων
1357 2417 1484 2451 γεγόνασί
1507 2425 1580 2448 τινες
1602 2417 1654 2452 τῆς
1680 2418 1786 2452 Magia;

999 2464 1165 2498 πενέστεροι,
1179 2465 1225 2490 καὶ
1238 2464 1267 2495 ἐξ
1282 2463 1471 2499 ἀσημοτάτων,
1485 2462 1632 2498 ἡγούμενοι
1644 2463 1730 2489 ἐθνῶν
1741 2462 1786 2488 καὶ

998 2509 1126 2544 βασιλεῖς.

159 2556 296 2590 periores;
312 2561 339 2582 et
359 2563 392 2582 ex
409 2556 625 2590 ignobilissiinis,
644 2555 726 2582 duces
740 2559 767 2582 et
787 2563 864 2587 rcges
878 2555 1007 2589 gentium.

193 2603 238 2629 35.
263 2612 271 2628 ι
284 2603 352 2636 Quid
371 2602 485 2636 insigne,
502 2602 601 2636 inquit,
616 2601 679 2628 fecit
702 2601 780 2629 Jcsus
795 2609 849 2636 quo
865 2601 936 2628 Deus

471 2670 493 2684 "
518 2669 588 2696 [’sal.
611 2677 664 2700 cvr,
681 2670 725 2696 ‘20.

195 2669 218 2686 "
233 2669 338 2697 Coloss.
356 2678 375 2701 ι,
390 2670 433 2696 15.

194 2738 251 2808 ξ’ἵέὶζ
272 2739 353 2766 Iidem
370 2739 395 2765 in
414 2739 544 2773 margine,
559 2739 702 2775 ἡμέτερον.

207 2773 240 2799 7ϋ
272 2774 393 2805 Quatuor
407 2774 487 2800 codd.
506 2782 570 2801 mss.
583 2774 649 2808 Reg.
662 2776 698 2802 lia

207 2773 251 2808 76)
272 2774 393 2805 Quatuor
407 2774 487 2800 codd.
506 2782 570 2801 mss.
583 2773 653 2808 lle-gf
662 2775 827 2802 ltasileensis
844 2779 870 2801 et
888 2775 940 2802 duo

160 2807 310 2842 Anglicani.
326 2808 484 2842 ἀτιμότατα.
626 2807 636 2808 ί
658 2819 662 2822 ~

197 2841 252 2877 (77)
269 2842 562 2878 Tac-zottoyciwer._Sic
572 2851 666 2872 omnes
678 2851 742 2872 mss.
752 2844 851 2872 rectius
861 2852 940 2880 quam

1029 2613 1038 2628 ι
1056 2603 1088 2630 Τί
1101 2603 1140 2635 δὲ,
1168 2604 1242 2639 φησι,
1261 2604 1308 2631 καὶ
1339 2605 1460 2638 γενναῖον
1492 2604 1605 2639 ἔδρασεν
1630 2599 1687 2630 οἷον
1709 2602 1780 2634 Θεὸς,

995 2741 1120 2775 impressi
1137 2741 1208 2769 libri.
1222 2741 1446 2775 ταυτολογοῦμεν.

1030 2773 1086 2811 (78)
1107 2777 1271 2810 Πριιγόνων.
1295 2773 1497 2803 Ιὶυὶίιεόιιιιιοε
1513 2775 1592 2803 codd.
1610 2783 1689 2809 mss.,
1710 2773 1777 2802 male

994 2819 1059 2840 vero
1075 2813 1138 2839 libb.
1154 2811 1258 2844 excusi,
1273 2811 1423 2845 ἀπογόνων.
