1843 3097
94 143 145 172 861

696 143 833 172 CONTRA
849 141 987 170 CELSUM
1008 141 1069 168 LIB.
1092 141 1122 168 ll.

1667 139 1719 167 862

94 199 160 228 στοῦ
179 201 383 236 ἁποθεμὲνους;
405 202 434 229 '0
452 203 501 237 μὲν
518 203 572 238 γὰρ
584 203 687 238 Πέτρος
706 201 775 238 μετὰ
787 202 816 227 τὸ
837 202 881 236 ἀρ‹

970 207 1025 225 nem
1047 197 1190 225 exercitati
1208 205 1214 223 :
1230 202 1256 224 at
1271 205 1323 224 non
1347 201 1482 225 exuerunt
1500 205 1579 232 quam
1595 198 1628 224 de
1644 205 1675 224 eo
1691 203 1720 224 ut

93 247 230 282 νήσασθαι
255 248 462 283 συναισθόμενος
479 247 507 276 οἴ
524 250 617 284 γέγονε
647 248 749 281 κακῶν,
770 247 885 279 ἐξελθὼν

92 291 157 324 ἔξω,
180 292 293 318 ἕκλαυσε
320 293 442 327 πικρῶς·
460 294 484 319 οἱ
501 294 529 320 δὲ
544 293 632 320 λοιποὶ
650 292 819 327 πεπληγότες
834 291 885 317 ὑπὸ

92 339 145 373 τῆς
168 339 210 364 ἐπ’
225 338 300 373 αὐτῷ
323 338 442 374 ἀθυμίας
460 340 509 375 (ἔτι
535 340 589 376 γὰρ
613 340 692 366 αὐτὸν
717 338 884 374 ἐθαύμαζον)

92 386 298 422 ἐϐεϐαιώθησαν
312 387 356 413 διὰ
371 388 420 422 τῆς
433 388 592 422 ἐπιφανείας
612 387 694 415 αὐτοῦ
710 387 778 422 πρὸς
792 387 822 412 τὺ
839 396 884 413 πι-

93 430 202 456 στεύειν
212 431 252 457 έτι
262 431 361 466 μᾶλλον
371 433 417 458 καὶ
431 433 603 469 βεϐαιότερον
613 432 689 468 παρὰ
701 433 731 459 τὸ
741 432 883 468 πρότερον,

91 476 134 503 ὃτι
151 477 214 509 Υἱὸς
228 475 262 513 ἦν
273 478 319 504 τοῦ
334 478 410 505 Θεοῦ.

127 609 184 635 Καὶ
195 609 356 645 ἀφιλόσοφον
365 606 392 636 δέ
402 619 427 636 τι
442 610 534 637 παθὼν
542 612 556 638 ὁ
566 611 678 642 Κέλσος,
688 611 737 646 τὴν
745 612 773 638 ὲν
784 612 884 648 ἀνθρὼ-

91 661 156 685 ποις
170 654 306 690 ὑπεροχὴν
321 655 370 682 οὐκ
385 657 413 682 ὲν
424 655 493 691 λόγῳ
508 657 643 692 σωτηρίας
659 656 821 692 (1)καὶῆθει
836 665 884 683 κα-

90 699 171 734 θαρῷ
178 700 340 734 φαντάζεται
347 699 415 729 εἶναι
420 723 426 735 ,
434 702 501 728 ἀλλὰ
507 703 535 728 ἐν
541 702 579 737 τῷ
586 702 660 737 παρὰ
665 703 714 737 τὴν
722 703 848 729 ὑπόθεσιν
854 701 883 729 οὗ

90 747 224 781 ἀνείληφε
232 747 376 782 προσώπου
391 749 512 783 ποιῆσαι,
520 749 567 776 καὶ
575 749 738 785 ἀνειληφότα
745 749 775 775 τὺ
788 750 884 785 θνητὸν

90 793 132 827 μὴ
147 792 291 819 ἀποθανεῖν
302 802 308 808 ·
323 793 338 828 ἢ
351 794 497 821 ἀποθανεῖν
509 795 569 828 μὲν,
581 795 641 830 οὐχὶ
655 795 683 821 δὲ
700 795 822 826 θάνατον,
840 795 884 821 τὸν

88 838 242 873 δυνάμενον
253 840 427 876 παράδειγμα
435 841 560 875 γενέσθαι
574 843 630 873 τοῖς
639 842 686 868 καὶ
701 841 745 868 ὑπ’
754 842 836 868 αὐτοῦ
845 841 882 876 (2)

88 883 140 910 τοῦ
151 884 232 920 ἔργου
242 887 389 921 είσομένοις
402 887 471 922 ὑπὲρ
483 887 623 919 εὐσεϐείας
637 888 828 924 ἀποθνήσκειν,
836 889 882 915 καὶ

89 930 330 964 παρρησιάζεσθαι
363 933 390 958 ὲν
407 933 474 968 αὐτῇ
493 933 562 968 πρὸς
577 934 639 965 τοὺς
655 934 838 968 ὲσφαλμένους
854 934 882 959 ὲν

88 974 131 1009 τῷ
164 976 228 1010 περὶ
263 977 403 1009 εὐσεϐείας
425 978 471 1004 καὶ
503 979 628 1010 ἀσεϐείας
648 979 685 1014 (3)
715 980 807 1014 τόπῳ·
837 980 883 1006 κα)¹

88 1020 253 1054 νομίζοντας
279 1023 342 1054 τοὺς
370 1023 418 1058 μὲν
441 1024 562 1055 εὐσεϐεῖς
586 1024 654 1051 εἶναι
675 1025 881 1056 ἀσεϐεστάτους,

88 1067 155 1098 τοὺς
168 1067 196 1094 δὲ
211 1068 401 1104 πλανωμένους
421 1071 484 1105 περ).
500 1071 578 1102 Θεοῦ,
594 1071 641 1097 καὶ
655 1072 737 1098 παντὶ
755 1071 881 1106 μᾶλλονῆ

88 1111 152 1147 Θεῷ
183 1114 388 1149 ὲφαρμόζοντας
424 1116 471 1151 τὴν
499 1117 562 1151 περὶ
591 1116 672 1142 αὐτοῦ
706 1117 882 1152 ἁδιάστροιρον

89 1156 206 1189 ἔννοιαν,
231 1158 470 1194 ὑπολαμϐάνοντας
494 1157 562 1186 εἶναι
587 1160 812 1191 εὐσεϐεστάτους’
836 1160 883 1186 καὶ

93 1203 213 1239 μάλιστα
242 1204 285 1230 ὅτε
312 1205 359 1231 καὶ
381 1205 428 1231 ἐπὶ
454 1205 483 1231 τὺ
509 1206 628 1242 ἀναιρεῖν
648 1205 753 1242 ὁρμῶσι
768 1207 832 1238 τοὺς
849 1207 882 1242 τῇ

90 1250 224 1286 ἐναργείᾳ
249 1250 294 1277 τοῦ
319 1251 378 1283 ἑνὸς
399 1253 445 1278 καὶ
467 1253 513 1278 ἐπὶ
534 1254 600 1279 πᾶσι
616 1253 682 1280 Θεοῦ
700 1254 812 1285 ἑαυτοὺς
835 1254 883 1290 ὅλῃ

88 1297 165 1332 ψυχῇ
182 1296 263 1332 μέχρι
281 1296 395 1324 θανάτου
412 1298 615 1330 ὲπιδεδωκότας.

129 1385 191 1411 Ἔτι
205 1385 228 1411 δ’
245 1386 356 1420 ἐγκαλεῖ
381 1387 420 1421 τῷ
442 1387 528 1423 Ἰησοῦ
548 1389 562 1414 ὁ
584 1388 688 1420 Κέλσος
704 1389 747 1416 διὰ
759 1390 805 1416 τοῦ
824 1391 884 1417 Ἰου·

86 1430 185 1457 δαῖκοῦ
196 1431 353 1466 προσώπου,
370 1442 378 1458 ι
390 1433 428 1464 ὡς
444 1433 480 1473 μὴ
493 1433 609 1465 δείξαντι
622 1435 717 1460 ἑαυτὸν
733 1435 840 1461 πάντων
850 1436 882 1471 δὴ

87 1475 185 1501 κακῶν
197 1475 392 1510 καθαρεύοντα.
414 1487 422 1502 ι
441 1477 529 1504 Ποίων
555 1478 586 1513 δὴ
612 1478 714 1510 κακῶν,
740 1478 841 1513 λεγέτω
869 1480 883 1506 ὸ

88 1521 196 1552 Κέλσος
214 1520 262 1556 (4),
281 1522 330 1548 οὐκ
354 1521 452 1554 ἔδειξεν
473 1523 569 1549 ἑαυτὸν
591 1523 776 1559 καθαρεύοντα
792 1527 805 1551 ὁ
831 1525 882 1561 Ἰη-

90 1567 156 1598 σοῦς
166 1575 172 1581 ·
191 1568 223 1593 Εἰ
237 1567 286 1602 μὲν
301 1567 355 1603 γὰρ
365 1568 418 1594 τῶν
433 1568 535 1604 κυρίως
550 1569 642 1595 κακῶν
658 1569 731 1604 λέγει
747 1570 827 1596 αὑτὸν
845 1571 882 1606 μὴ

87 1612 333 1648 κεκαθαρευκέναι,
344 1615 543 1649 παραστησάτω
556 1615 677 1650 ἐναργῶς
692 1616 791 1647 κακίας
804 1617 883 1652 ἔργον

87 1658 118 1684 ὲν
134 1658 220 1693 αὐτῷ,
236 1659 260 1684 εί
277 1658 305 1685 δὲ
315 1659 388 1685 κακὰ
408 1659 511 1695 νομίζει
529 1661 623 1687 πενίαν
638 1661 684 1687 καὶ
700 1662 824 1697 σταυρὸν,
836 1663 883 1689 καὶ

86 1704 140 1739 τὴν
164 1704 219 1730 ἀπὸ
239 1705 293 1731 τῶν
315 1705 423 1732 ἀτόπων
448 1706 599 1742 ἀνθρώπων
616 1707 771 1744 ἐπιϐουλὴν,
793 1709 881 1744 δῆλον,

88 1750 132 1776 ὃτι
161 1750 210 1776 καὶ
234 1751 373 1786 Σωκράτει
396 1753 462 1787 φησι
476 1752 549 1779 κακὰ
565 1753 777 1789 συμϐεϐηκέναι,
794 1755 830 1789 μὴ
842 1755 883 1780 δυ-

87 1795 202 1830 νηθέντι
222 1796 316 1822 ἑαυτὸν
337 1797 475 1831 ἀποδεῖξαι
496 1798 615 1834 καθαρὸν
694 1800 747 1826 ἀπὸ
763 1800 816 1826 τῶν
831 1809 882 1826 κα-

85 1841 157 1868 κῶν.
183 1842 264 1873 Ὂσος
291 1843 320 1869 δὲ
345 1844 392 1870 καὶ
407 1844 486 1876 ἄλλος
503 1845 582 1880 χορὸς
597 1846 722 1885 πενήτων
743 1846 801 1872 ἐστὶ
818 1848 882 1882 παρ’

88 1887 206 1922 Ἕλλησι
230 1888 477 1925 φιλοσοφησάντων,
494 1891 541 1917 καὶ
565 1891 686 1917 ἑκούσιον
707 1892 802 1918 πενίαν
816 1892 882 1918 ἀνα-

85 1933 257 1968 δεξαμένων,
274 1935 320 1961 καὶ
332 1936 355 1961 οἱ
367 1935 458 1961 πολλοὶ
472 1936 604 1972 Ἑλλήνων
617 1937 704 1963 ἴσασιν
713 1938 745 1963 ἐκ
754 1937 807 1963 τῶν
818 1938 882 1964 ἀνα-

86 1979 252 2014 γραφέντων
272 1980 337 2015 περὶ
360 1980 408 2014 μὲν
431 1981 600 2015 Δημοκρίτου
622 1981 768 2016 μηλόϐοτον
783 1981 819 2016 (6)
835 1982 882 2008 ὲά-

87 2032 190 2056 σαν-τος
206 2025 255 2059 τὴν
268 2025 371 2056 οὐσίαν,
388 2026 452 2060 περ).
468 2025 495 2051 δὲ
510 2027 652 2061 Κράτητος
666 2026 761 2052 ἑαυτὸν
774 2026 881 2053 ἐλευθε-

86 2069 240 2104 ρώσαντος,
255 2069 299 2096 διὰ
313 2069 359 2095 τοῦ
375 2071 431 2100 τοῖς
445 2069 574 2104 Θηϐαίοις
590 2070 753 2106 χαρίσασθαι
767 2071 797 2097 τὸ
812 2071 882 2106 ὑπὲρ

86 2116 184 2150 πάσης
200 2116 249 2150 τῆς
274 2116 397 2151 κτήσεως
413 2116 452 2151 (7)
471 2115 621 2151 πραθείσης
642 2116 718 2142 δοθὲν
739 2116 814 2151 αὐτῷ
831 2117 881 2152 ἀρ-

84 2160 196 2196 γύριον.
227 2160 306 2186 Ἀλλά
323 2161 370 2187 καὶ
387 2161 515 2196 Διογένης
538 2161 570 2188 δι’
589 2161 808 2196 ὑπερϐάλλουσαν
839 2163 882 2189 εὐ-

937 244 1045 271 Christo
1070 247 1252 278 conceperant
1277 244 1445 278 opinionem.
1472 243 1538 271 Nam
1564 243 1660 271 Petrus
1674 244 1718 270 vix

937 295 1092 324 negaverat,
1109 297 1169 317 cum
1192 289 1314 316 sentiens
1327 297 1380 324 quo
1395 298 1424 317 se
1443 290 1575 317 malorum
1596 291 1720 325 praecipi-

937 340 1030 368 taseet,
1049 343 1174 370 egressus
1190 341 1232 363 est
1253 335 1326 362 foras
1338 341 1365 362 et
1381 335 1455 363 ﬂevit
1471 344 1562 363 amare
1570 336 1609 369 ἐς
1626 336 1718 363 creteri

936 389 999 409 vero
1030 389 1148 409 mmrore
1176 381 1298 416 percussi
1323 388 1357 408 ex
1380 382 1413 408 iis
1431 389 1490 415 quae
1509 382 1547 409 illi
1563 382 1719 409 acciderant

936 427 1034 463 (adhuc
1062 428 1133 454 enim
1160 427 1234 454 illum
1257 426 1486 462 admirabantur),
1506 433 1647 462 postquam
1666 427 1719 454 illis

936 473 1145 508 conspicabilem
1171 480 1200 499 se
1224 478 1315 506 postea
1345 473 1470 506 prmbuit,
1500 473 1616 500 rohurati
1646 477 1717 505 sunt,

936 519 1073 552 multoque
1092 518 1197 545 ﬁrmius
1211 525 1290 553 quam
1309 523 1387 545 antea
1408 525 1470 545 eum
1487 517 1534 545 Dei
1549 517 1644 545 Filium
1659 525 1721 545 esse

936 564 1121 590 crediderunt.

971 609 1054 645 418
1060 610 1104 636 40.
1113 609 1251 644 Indignata
1266 614 1356 636 autem
1365 613 1406 636 est
1415 609 1576 643 philosopho
1585 609 1654 643 quod
1668 609 1718 636 sibi

936 654 962 681 in
979 655 1099 681 animum
1121 654 1225 681 inducit
1245 653 1423 686 Cclsus,Jesu
1443 655 1628 688 praestantiam
1651 655 1721 681 inter

937 700 1061 727 homines
1070 708 1123 728 non
1137 701 1163 726 in
1178 701 1300 727 doctrina
1310 700 1426 727 salutari
1437 699 1655 733 incorruptisque
1667 706 1722 725 mo-

937 747 1010 774 ribus
1023 746 1187 779 consistere;
1203 746 1248 773 sed
1269 746 1423 780 oportuisse
1441 750 1578 773 utcontra
1599 746 1625 772 id
1649 746 1721 780 quod

936 796 1061 827 suscepta
1074 792 1108 818 ab
1122 799 1151 819 se
1164 799 1278 826 persona
1295 791 1605 826 postulabat,ageret,et
1617 799 1721 818 assmu-

937 844 981 874 pto
1008 838 1115 866 mortali
1143 847 1255 873 corpore
1277 847 1329 866 non
1353 844 1522 872 moreretur;
1537 843 1583 865 aut
1601 845 1721 865 morere-

936 889 978 911 tur
991 884 1110 919 quidem,
1124 885 1170 912 sed
1194 893 1246 911 non
1271 893 1302 912 ea
1323 890 1409 911 morte
1440 893 1498 919 qua:
1522 885 1644 919 exemplo
1661 891 1721 911 csse

937 935 1018 964 queat
1035 930 1096 956 aliis
1111 931 1156 965 qui
1173 938 1206 958 eo
1225 931 1283 965 ipso
1299 931 1405 958 discent
1422 938 1471 965 pro
1490 931 1589 965 pietate
1609 931 1677 957 mori
1691 935 1720 957 et

934 985 994 1004 eam
1010 977 1094 1003 libere
1107 985 1199 1003 coram
1213 977 1253 1004 eis
1264 977 1395 1011 proﬁteri,
1411 978 1457 1012 qui
1474 978 1602 1011 pietatem
1620 977 1718 1010 impie-

936 1027 990 1049 tate
1007 1030 1060 1049 nou
1074 1023 1275 1056 diguosceutes.
1291 1023 1350 1057 pios
1365 1030 1414 1057 pro
1430 1023 1523 1057 impiis
1540 1023 1651 1056 habent,
1672 1029 1719 1049 eos

937 1076 1011 1100 vero,
1027 1068 1073 1102 qui
1088 1068 1166 1095 falsis
1179 1069 1211 1095 de
1223 1069 1275 1095 Deo
1288 1068 1459 1103 opinionibus
1473 1068 1567 1095 imbuti
1579 1068 1668 1103 potius
1684 1067 1718 1094 ad

934 1121 1105 1148 quaecunque
1119 1114 1172 1141 alia
1189 1122 1271 1149 quam
1293 1115 1326 1141 ad
1352 1114 1435 1141 Deum
1456 1114 1533 1141 ﬁrme
1559 1114 1717 1148 impressam

935 1159 1026 1186 animo
1043 1160 1075 1186 de
1103 1160 1148 1187 illo
1173 1160 1310 1187 notionem
1337 1160 1551 1192 accommodant,
1580 1160 1718 1194 piissimos

934 1212 996 1232 esse
1018 1205 1203 1238 arbitrantur;
1221 1206 1302 1240 idque
1319 1210 1373 1232 tum
1393 1206 1522 1237 maxime,
1537 1213 1597 1232 cum
1613 1204 1719 1231 interﬁ-

934 1258 996 1277 cere
1021 1252 1131 1278 student
1158 1259 1204 1279 eos
1227 1252 1272 1287 qui
1294 1252 1431 1279 evidentia
1452 1252 1530 1279 unius
1545 1251 1720 1286 supremique

935 1297 983 1324 Dei
998 1298 1113 1331 perculsi
1126 1307 1156 1326 se
1172 1304 1227 1326 tota
1246 1305 1337 1327 mente
1357 1299 1429 1326 eiad
1445 1303 1558 1326 mortem
1574 1305 1658 1332 usque
1672 1297 1720 1324 de-

935 1348 1076 1370 νονειύιιι.

971 1391 1015 1420 41.
1031 1391 1122 1419 Jesum
1141 1397 1274 1426 praeterea
1298 1391 1391 1425 culpat
1404 1390 1499 1418 Celsus
1518 1390 1591 1417 larva
1608 1389 1719 1418 Judaica

935 1443 1107 1472 personatus,
1122 1447 1131 1463 σ
1145 1438 1216 1472 quod
1232 1445 1262 1464 se
1278 1445 1332 1464 non
1349 1437 1383 1464 ab
1393 1437 1518 1464 omnibus
1531 1436 1608 1463 malis
1623 1436 1721 1462 immu—

935 1490 997 1510 nem
1012 1483 1175 1510 ostenderit.
1193 1492 1202 1508 ι
1223 1483 1299 1509 Dicat
1314 1482 1358 1509 ille
1375 1490 1389 1509 a
1407 1482 1505 1516 quibus
1523 1482 1600 1509 malis
1617 1490 1669 1508 nun
1691 1489 1721 1508 se

896 1537 918 1566 ρ
935 1529 1013 1556 Jesus
1036 1528 1187 1555 ostenderit
1212 1528 1371 1555 immunem.
1396 1527 1464 1554 Nam
1486 1528 1508 1555 si
1531 1527 1658 1561 intelligit
1674 1526 1718 1553 illa

934 1582 994 1609 quae
1018 1575 1087 1601 mala
1104 1574 1214 1608 proprie
1232 1578 1374 1606 vocantur,
1390 1573 1517 1601 ostendat
1537 1573 1645 1607 aliquod
1662 1573 1721 1607 ejus

934 1629 1003 1655 opus
1017 1621 1132 1654 malum;
1151 1621 1191 1647 sin
1218 1621 1288 1647 mala
1306 1620 1424 1655 appellat
1442 1624 1641 1654 paupertatem,
1658 1626 1720 1646 cru-

935 1676 1004 1700 cem,
1024 1667 1137 1695 insidias
1151 1675 1165 1694 a
1183 1667 1298 1701 perditis
1312 1666 1467 1693 hominibus
1480 1665 1517 1692 illi
1533 1669 1718 1700 comparatas;

933 1721 998 1749 ergo
1016 1720 1048 1739 ex
1071 1712 1116 1739 illo
1140 1712 1246 1739 Socrati
1267 1713 1349 1739 etiam
1365 1711 1522 1738 aeeiderunt
1540 1710 1621 1743 mala,
1634 1717 1720 1743 quau-

934 1759 1078 1793 doquidem
1100 1766 1129 1785 se
1147 1766 1199 1785 non
1224 1758 1343 1792 potuerit
1362 1757 1507 1784 illiusmodi
1525 1757 1657 1783 malorum
1672 1763 1720 1782 ex-

934 1809 1037 1839 pertem
1050 1808 1189 1838 praestare.
1203 1803 1275 1836 Quot
1290 1803 1372 1830 etiam
1388 1803 1458 1837 apud
1470 1803 1579 1829 Graecos
1597 1803 1720 1836 philoso—

933 1850 977 1884 phi
995 1848 1105 1881 fuerint,
1122 1849 1167 1882 qui
1183 1852 1279 1882 sponte
1295 1855 1441 1883 pauperem
1458 1847 1518 1873 vitae
1535 1847 1719 1874 conditionem

933 1894 1078 1928 eligerent,
1102 1892 1212 1922 Graecos
1239 1899 1296 1919 sua:
1323 1892 1444 1918 historia:
1460 1892 1556 1918 docent
1572 1892 1598 1918 in
1622 1892 1719 1925 quibus

933 1939 1023 1974 legere
1043 1943 1086 1966 est
1111 1938 1296 1965 Democritum
1320 1944 1383 1964 suas
1407 1937 1549 1964 facultates
1563 1937 1659 1964 ovibus
1674 1937 1719 1964 tle-

934 1982 1083 2017 pascendas
1111 1981 1263 2013 dimisisse;
1293 1981 1438 2012 Cratetem,
1465 1985 1494 2007 ul.
1517 1988 1547 2008 se
1565 1981 1590 2007 iu
1609 1981 1718 2008 liberta-

936 2033 988 2055 tem
1017 2033 1163 2059 assereret,
1190 2027 1326 2061 simulque
1348 2027 1487 2054 Thebanis
1507 2026 1718 2061 gratiﬁcaretur,

933 2075 1078 2108 elargitum
1103 2081 1163 2102 esse
1187 2073 1341 2107 pecuniam,
1358 2081 1439 2107 quam
1468 2081 1501 2100 ex
1527 2073 1636 2108 praadiis
1652 2080 1717 2099 vcn-

934 2121 997 2148 ditis
1016 2120 1184 2148 confecerat.
1201 2120 1233 2146 Et
1245 2119 1380 2154 Diogenes
1394 2127 1448 2154 pne
1465 2120 1546 2146 nimia
1563 2120 1718 2153 frugalitate

934 2167 960 2193 in
976 2167 1047 2194 dolio
1069 2166 1213 2199 habitavit,
1231 2172 1281 2193 uec
1301 2166 1403 2192 idcirco
1416 2166 1442 2192 in
1464 2166 1541 2193 malis
1555 2173 1616 2193 eum
1634 2166 1719 2193 fuisse

85 2206 197 2233 τέλειαν
224 2207 301 2233 πίθον
327 2206 403 2241 ᾤκει,
429 2208 492 2242 παρ’
523 2207 609 2233 οὐδενὶ
623 2207 676 2233 τῶν
691 2207 752 2233 νοῦν
765 2208 881 2243 ἐχόντων

974 2213 1070 2248 ispiam
1086 2220 1158 2240 sana:
1174 2214 1273 2240 mentis
1291 2213 1400 2240 dixerit.

86 2253 142 2280 κᾶν
172 2253 281 2288 μέτριον
301 2254 395 2280 τούτου
420 2263 452 2289 γε
482 2254 560 2290 χάριν
589 2255 715 2290 Διογένης
735 2256 762 2282 ὲν
787 2258 881 2288 κακοῖς

83 2297 133 2336 ἦν.

128 2344 190 2370 Ἔτι
209 2344 237 2370 δὲ
258 2345 319 2371 ἐπεὶ
340 2345 464 2380 βούλεται
483 2355 492 2371 ι
514 2346 580 2382 μηδὲ
602 2347 783 2382 ἀνεπίληπτον
801 2355 880 2381 γεγο-

85 2389 166 2417 νέναι
178 2390 222 2416 τὸν
245 2391 349 2426 Ἰησοῦν
364 2401 373 2417 ι
388 2391 523 2423 ὁΚέλσος,
540 2393 752 2427 παραστησάτω,
770 2394 811 2424 τίς
826 2392 879 2419 τῶν

85 2435 282 2470 ἀρεσκομένων
304 2435 344 2470 τῷ
367 2435 438 2471 λόγῳ
466 2436 548 2463 αὑτοῦ
566 2437 597 2463 τὺ
612 2437 717 2472 ἀληθῶς
733 2437 881 2473 ἐπίληπτον

124 2494 148 2508 ⁵³
163 2492 257 2519 Matth.
274 2501 348 2524 xxvr,
365 2494 408 2522 75.

125 2540 165 2577 (l)
179 2540 256 2577 Libh.
274 2547 350 2567 antea
368 2542 432 2568 editi
448 2542 480 2568 ad
497 2543 658 2577 marginem,
673 2541 807 2576 σωτηρίῳ.

126 2575 167 2612 ('2)
190 2576 253 2608 T079
271 2576 319 2602 καὶ
336 2577 385 2602 ὑπ’
400 2577 503 2604 αὐτοῦ.
516 2575 598 2612 Lego,
608 2578 663 2608 τοῖς
678 2577 725 2603 καὶ
738 2575 784 2602 ἀπ’
798 2575 879 2602 αὐτοῦ

84 2610 137 2638 τοῦ
155 2610 237 2645 ἔργου
254 2611 414 2645 εἰσομένοις,
432 2617 485 2639 etc.

126 2646 166 2680 (5)
187 2646 242 2672 Καὶ
273 2647 423 2678 ἀσεϐείας.
452 2647 628 2674 Desitlcratur
660 2647 687 2674 in
708 2645 774 2673 libb.
799 2650 879 2672 antea

106 2680 187 2709 (lllIS.
205 2682 250 2706 sed
269 2682 385 2708 habetur
402 2683 427 2707 in
443 2683 568 2709 omnibus
583 2690 648 2709 mss.

86 2688 187 2711 euntis.
205 2688 250 2706 seu
270 2688 385 2708 uanetur
402 2690 427 2707 m
443 2688 568 2709 omlIlDUS
583 2690 648 2709 mss.

126 2715 167 2750 (4)
185 2715 300 2749 Λεγέτω
314 2718 330 2742 o'
341 2716 468 2749 Κέλσος.
488 2717 524 2743 Ita
542 2718 626 2745 codex
653 2717 763 2751 Regius.
779 2715 880 2751 rectius

87 2758 175 2784 quam
198 2750 264 2777 editi
287 2751 313 2778 in
329 2751 428 2786 quibus
447 2753 554 2787 legitur,
570 2752 672 2787 λεγέτω
684 2749 818 2779 οΚέλσου
838 2749 880 2775 λό-

109 2804 169 2874 35)
199 2819 288 2848 Codex
310 2821 419 2855 [\cgius,
440 2821 476 2856 μὴ
496 2822 665 2855 ἀποδείξαντι
680 2821 774 2849 ἑαυτὸν
794 2823 880 2850 καθα-

90 2863 151 2891 ρον.

970 2345 1016 2372 42.
1039 2345 1170 2378 Quoniam
1195 2349 1276 2380 negat
1298 2345 1395 2371 iterum
1422 2345 1515 2372 Celsus
1536 2354 1545 2370 ι
1572 2343 1661 2371 Iesum
1684 2344 1718 2370 al)

935 2392 1008 2419 omni
1032 2392 1241 2426 reprehensiorte
1267 2392 1395 2423 abfuisse,
1412 2402 1422 2417 ι
1443 2391 1523 2425 dicat;
1545 2391 1638 2425 ecquis
1671 2398 1718 2416 co-

937 2445 1006 2470 rum,
1025 2439 1069 2473 qui
1099 2438 1158 2472 ejus
1185 2439 1314 2466 doctrina.-
1343 2438 1449 2465 assensi
1477 2441 1551 2469 sunt,
1578 2436 1719 2470 scripserit

969 2541 1007 2575 (6)
1025 2540 1095 2574 Περὶ
1107 2541 1165 2574 μὲν
1185 2540 1368 2575 Δημοκρίτου
1389 2539 1569 2574 μηλόϐοτον,
1586 2543 1639 2567 etc.
1663 2537 1717 2566 llo-

933 2577 1029 2608 ratius,
1043 2576 1088 2602 lih.
1104 2584 1122 2606 ι.
1135 2576 1214 2610 epist.
1234 2576 1277 2606 l2,
1294 2583 1318 2602 v.
1336 2576 1369 2602 12
1386 2584 1392 2601 :

969 2620 1025 2647 Nec
1042 2622 1137 2647 mirum
1151 2622 1173 2647 ai
1186 2620 1328 2647 Democriti
1340 2629 1418 2654 pecus
1433 2621 1485 2647 edit
1502 2619 1610 2655 agellos.

933 2677 1000 2703 Vide
1024 2677 1162 2711 Philonem
1183 2676 1230 2702 lib.
1245 2676 1315 2709 Περὶ
1333 2676 1405 2707 ,ϐίον
1419 2676 1618 2711 θεωρητικοῦ;
1633 2675 1717 2702 Laer-

935 2713 999 2738 tium
1018 2713 1044 2738 in
1059 2710 1118 2738 Vila
1138 2711 1266 2740 Cratetis.
1285 2717 1312 2736 et
1336 2711 1509 2738 Plutarchum
1527 2713 1572 2739 lib.
1591 2711 1656 2744 Πῶς
1679 2711 1718 2737 ἄν

932 2755 976 2779 τις
989 2747 1038 2773 ὑπ’
1053 2746 1166 2780 ἐχθρῶν·
1177 2745 1329 2779 ὠφελοῖτο.

969 2782 1008 2817 (7)
1030 2782 1118 2808 Codex
1140 2781 1270 2814 Julianus,
1289 2781 1423 2815 κτήσεως,
1439 2781 1541 2808 rectius
1554 2789 1634 2815 quatit
1652 2781 1717 2808 libb.

934 2817 1010 2849 editi,
1027 2817 1152 2848 κτίσεως.
