1843 3097
174 98 227 126 867

915 96 1076 124 ORIGENIS
1752 103 1794 130 868

176 156 286 184 meliam
313 155 471 189 nullumque
496 154 594 182 mortis
621 162 706 190 genus
729 153 921 186 reformidant,

1035 154 1142 189 ιουργδν
1156 154 1307 188 εὐσέϐειαν,
1331 155 1362 182 't'v'
1374 155 1457 192 αὐτὴν
1470 156 1603 192 εἰλικρινῆ
1621 157 1670 184 καὶ
1687 159 1795 194 καθαρὰν

176 210 239 229 cum
265 201 415 228 latronibus
442 201 562 228 conferri
582 206 716 236 possunt;
747 200 839 228 Jesunt
869 201 962 234 utique

174 247 252 276 istius
267 247 398 274 doctrina:
417 251 558 281 parentem
571 252 783 274 consentaneum
801 252 844 275 est
857 255 871 274 ιι
884 247 962 275 Celso

173 301 234 319 eum
260 293 396 319 latronum
417 293 587 327 principibus
615 293 779 327 comparari.
811 294 845 320 At
873 301 961 329 neque

173 338 224 364 iste
238 338 348 372 publico
365 339 510 366 commodo
531 339 661 372 moriens,
686 347 774 374 neque
797 339 835 366 illi
851 339 961 374 pietatis

171 391 253 410 causa
287 385 427 419 suppliciis
452 384 582 418 multati,
608 386 713 419 solique
740 386 812 412 inter
836 386 960 413 homines

170 429 269 464 quibus
283 430 318 457 ob
331 437 425 456 verum
444 430 490 456 Dei
504 430 606 457 cultum
619 431 726 458 insidia:
741 435 893 464 struantur,
908 439 961 458 non

170 474 269 508 injuste
286 476 494 509 interimuntur,
510 484 597 511 neque
608 485 662 504 non
678 477 759 511 impie
771 476 834 504 Jesu
847 481 960 505 structae

169 527 234 548 sunt
250 522 368 550 insidiae.

206 653 253 680 45.
271 652 351 686 Vide,
369 653 494 685 obsecro,
508 660 589 688 quam
606 653 664 681 leve
678 653 714 680 sit
734 653 806 688 qnod
827 654 860 682 de
877 654 959 681 disci-

168 699 240 734 pulis
252 700 299 735 qui
314 704 378 726 tunc
397 699 506 726 fuerunt
521 700 587 726 dicit
603 708 610 726 :
627 709 636 725 ι
648 700 686 726 llli
701 701 747 734 qui
763 709 824 727 ctttn
840 708 873 728 eo
884 701 958 727 vive-

167 747 244 778 bant,
259 746 303 780 qui
317 753 410 773 vocem
425 746 483 780 eius
501 746 658 777 audiebant,
684 746 730 780 qui
756 746 801 773 illo
829 746 958 781 magistro

168 793 324 823 utebantur,
338 799 399 818 cum
416 792 490 818 illuni
520 791 662 825 suppliciis
686 792 873 819 excruciatum
899 801 956 819 nio-

167 839 338 872 rientemque
364 838 531 872 aspicerent,
557 846 607 865 nec
628 846 689 865 cum
711 838 757 865 illo
775 843 823 865 aut
846 847 894 874 pro
908 839 955 866 illo

166 889 281 911 mortem
296 885 453 912 occubuere
465 904 472 916 ,
489 889 535 911 aut
554 884 686 918 supplicia
709 890 953 920 contempserunt;

165 931 220 957 imo
232 938 261 958 se
275 930 423 965 discipulos
436 931 494 965 ejus
509 938 569 957 esse
586 935 768 965 negaverunt;
788 935 815 958 et
829 939 877 959 vos
892 940 957 961 cunt

164 978 211 1004 illo
223 977 436 1004 commorimini.
461 987 470 1002 ι
488 977 536 1004 llic
550 977 645 1004 iterum
664 977 769 1009 Celsus,
786 982 816 1004 ut
831 983 953 1005 nostram

163 1024 323 1050 criminetur
331 1023 496 1054 doctrinam,
506 1028 645 1056 peccatum
656 1024 727 1057 quod
736 1024 849 1058 apostoli
859 1031 953 1051 recens

162 1068 243 1104 421
266 1065 366 1096 initiati
383 1073 409 1096 et
422 1069 511 1096 adhuc
535 1069 726 1097 imbecilliores
744 1072 951 1104 commiserunt,

162 1123 196 1142 es
213 1115 367 1150 Evangeliis
381 1115 479 1148 arripit
496 1114 638 1148 ereditque
652 1122 745 1142 verum
763 1125 769 1143 :
786 1122 883 1151 atquae
900 1117 952 1144 illis

163 1167 224 1195 post
240 1165 379 1196 peccatum
402 1166 478 1187 recte
492 1165 568 1194 gesta
589 1161 652 1192 sint,
680 1169 731 1195 qua
758 1161 881 1190 libertate
903 1162 952 1189 Ju-

162 1209 235 1235 dazos
252 1207 378 1239 adierint,
393 1215 452 1241 qua:
466 1207 530 1241 ipsis
553 1208 683 1242 Supplicia
697 1207 731 1235 ab
758 1208 859 1237 Iudaeis
875 1209 950 1237 illata

162 1254 274 1285 fuerint,
290 1261 342 1288 qua
355 1253 508 1280 constantia
526 1258 641 1280 mortem
658 1262 706 1287 pro
732 1254 796 1282 Jesu
824 1256 949 1283 doctrina

160 1299 335 1334 appetierint,
368 1301 426 1327 haec
449 1301 541 1328 omnia
566 1302 622 1327 alto
651 1301 760 1328 silentio
783 1301 948 1331 dissimulat.

159 1345 252 1381 Neque
264 1346 336 1374 enim
354 1345 445 1374 Jesum
468 1347 562 1374 audire
576 1347 662 1374 voluit
687 1346 766 1374 Petro
796 1348 949 1381 pra'diceu-

160 1401 241 1422 tem:
268 1405 277 1421 ι
308 1396 374 1423 Cum
405 1400 495 1423 autem
528 1395 669 1428 senueris,
695 1396 825 1422 extendes
852 1403 949 1424 manus

160 1447 221 1469 tuas
236 1443 270 1475 “,
284 1446 351 1474 ete.,
365 1451 374 1468 ι
389 1441 486 1476 quibus
498 1441 635 1476 Scriptura
651 1441 761 1475 subjicit
775 1449 781 1467 :
801 1451 810 1467 ι
829 1441 887 1468 Hoc
898 1449 947 1468 au-

1012 200 1210 234 διαφυλόιξωσιν
1230 201 1301 227 κατὰ
1315 201 1363 236 τὴν
1375 202 1421 228 τοῦ
1444 203 1531 237 Ἰησοῦ
1548 203 1739 235 διδασκαλίαν,
1754 206 1796 230 :i-

1013 253 1062 272 σαν
1074 245 1164 271 αἰκίαν
1180 246 1226 272 καὶ
1242 246 1347 278 πάντας
1357 247 1488 279 θανάτους
1498 248 1703 283 ἀναδεχόμενον
1717 249 1794 283 δῆλον,

1011 290 1052 316 ὅτι
1071 291 1117 317 καὶ
1131 292 1145 317 ὁ
1162 291 1274 327 Ἰησοῦς,
1288 292 1302 318 ὁ
1315 293 1406 328 πατὴρ
1417 293 1466 327 τῆς
1481 294 1610 329 τοιαύτης
1620 294 1795 327 διδασκαλίας,

1011 337 1128 370 εὐλόγως
1140 337 1192 363 ὑπὸ
1206 337 1253 364 τοῦ
1276 338 1380 365 Κέλσου
1397 339 1565 375 λῃστὰρχαις
1588 341 1794 376 παραϐάλλεται.

1017 382 1085 409 Ἀλλ’
1103 382 1158 409 οὔτ’
1172 384 1285 416 ἐκεῖνος,
1300 385 1371 411 κατὰ
1384 385 1415 411 τὸ
1427 387 1586 413 κοινωνικὸν
1602 387 1709 422 ἀποθνή
1715 396 1779 414 σκων
1788 408 1794 417 ,

1010 428 1067 455 οὔθ’
1083 426 1165 461 οὗτοι,
1176 430 1209 456 δι’
1226 431 1364 458 εὐσέϐειαν
1380 432 1529 466 πάσχοντες
1543 432 1632 459 ταῦτα
1642 452 1650 464 ,
1671 434 1718 459 καὶ
1730 434 1795 468 μόνοι

1011 475 1119 501 πάντων
1134 475 1284 511 ἀνθρώπων
1306 477 1350 503 διὰ
1364 478 1412 513 τὴν
1428 479 1557 512 φανεῖσαν
1573 479 1668 510 αὐτοῖς
1682 480 1740 505 ὁδὸν
1754 480 1795 515 τῆς

1011 521 1050 552 εἰς
1077 520 1108 546 τὸ
1128 520 1204 547 Θεῖον
1231 522 1314 556 τιμῆς
1340 523 1599 559 ἐπιϐουλευόμενοι,
1628 525 1680 551 οὐκ
1705 525 1794 557 ἀδίκως

1010 565 1204 600 ἀναιροῦνται,
1233 566 1290 593 οὔθ’
1319 569 1333 595 ὁ
1355 568 1458 603 Ἰησοῦς
1478 569 1528 596 οὐκ
1558 569 1667 601 ἀσεϐῶς
1693 569 1795 596 ἐπεϐου-

1009 611 1101 646 λεύθη.

1043 659 1166 694 Πρόσχες
1178 660 1206 686 δὲ
1225 661 1271 686 καὶ
1296 660 1334 696 τῷ
1357 661 1507 696 ἐπιπολαίῳ
1525 661 1573 687 τοῦ
1590 661 1656 697 περὶ
1674 662 1728 687 τῶν
1742 662 1793 687 τότε

1009 703 1138 738 μαθητῶν
1161 705 1248 740 Ἰησοῦ
1268 705 1346 740 λόγου
1363 706 1417 741 (15)
1442 707 1471 732 ἐν
1539 715 1633 741 φησιν’
1658 717 1667 732 ι
1692 705 1755 733 Εἶτα
1774 708 1793 733 οἱ

1009 750 1057 785 μὲν
1086 751 1146 776 τότε
1175 750 1256 782 ζῶντι
1281 751 1355 786 αὐτῷ
1384 751 1524 783 συνόντες,
1547 752 1595 778 καὶ
1626 751 1678 786 τῆς
1712 752 1793 786 φωνῆς

1007 795 1187 827 ἐπακούοντες
1208 796 1290 822 αὑτοῦ
1303 817 1310 828 ,
1332 797 1379 822 καὶ
1403 796 1556 832 διδασκάλῳ
1572 796 1730 832 χρώμενοι,
1754 805 1792 822 κο-

971 829 992 856 B
1007 839 1153 876 λαζόμενον
1182 842 1228 868 καὶ
1255 841 1460 877 ἀποθνήσκοντα
1485 842 1615 878 ὁρῶντες,
1645 843 1710 869 οὔτε
1740 851 1793 868 συν-

1006 886 1160 918 απέθανον,
1194 887 1256 913 οὔτε
1286 888 1493 923 ὑπεραπέθανον
1518 889 1619 921 αὐτοῦ,
1643 889 1705 915 οὐδὲ
1722 889 1793 915 κολά-

1007 939 1074 957 σεων
1090 935 1269 968 καταφρονεῖν
1287 934 1461 969 ἐπείσθησαν·
1481 933 1549 960 ἀλλὰ
1573 935 1621 961 καὶ
1645 936 1793 970 ἠρνήσαντο

1005 975 1074 1004 εἶναι
1092 979 1221 1014 μαθηταί·
1238 979 1286 1006 νῦν
1300 980 1327 1006 δὲ
1344 980 1422 1015 ὑμεῖς
1439 980 1513 1015 αὐτῷ
1528 981 1790 1016 συναποθνήσκετε.)

1004 1024 1060 1051 Καὶ
1076 1025 1104 1050 ὲν
1117 1024 1222 1056 τούτοις
1232 1024 1260 1050 δὲ
1281 1025 1310 1051 τὸ
1326 1026 1374 1060 μὲν
1401 1025 1440 1052 ἔτι
1460 1025 1652 1061 εἰσαγομένοις
1672 1028 1728 1057 τοῖς
1749 1036 1792 1061 μσς

1004 1070 1098 1106 θηταῖς
1121 1070 1169 1096 καὶ
1189 1070 1374 1106 ἀτελεστέροις
1396 1069 1471 1098 οὖσιν
1496 1072 1659 1107 ἀμαρτηθὲν
1684 1073 1732 1098 καὶ
1754 1081 1794 1106 γε·

1003 1117 1159 1153 γραμμένον
1178 1118 1207 1143 ὲν
1228 1119 1282 1150 τοῖς
1299 1118 1475 1152 Εύαγγελίοις
1493 1119 1617 1145 πιστεύει
1643 1120 1790 1154 γεγονέναι,

1003 1163 1036 1189 ἶν’
1056 1163 1157 1198 ἐγκαλῇ
1173 1162 1212 1197 τῷ
1226 1162 1306 1198 λόγῳ·
1328 1163 1358 1189 τὸ
1380 1164 1408 1190 δὲ
1427 1164 1495 1199 μετὰ
1517 1164 1566 1200 τὴν
1586 1165 1731 1200 ἁμαρτίαν
1750 1165 1791 1190 αὐ·

1002 1209 1057 1239 τοῖς
1079 1208 1259 1244 κατορθωθὲν,
1284 1209 1553 1244 παρῤησιασαμένοις
1576 1210 1636 1245 (14)
1663 1211 1712 1236 ἐπὶ
1735 1211 1791 1237 Ἰου-

1000 1254 1092 1286 δαίων,
1108 1255 1155 1281 καὶ
1173 1255 1258 1290 μυρία
1280 1255 1330 1281 ὅσα
1352 1255 1513 1282 πεπονθόσιν
1538 1255 1585 1281 ὑπ’
1604 1256 1732 1287 ἐκείνων,
1752 1257 1790 1282 ui.

1001 1301 1031 1327 τὸ
1047 1301 1198 1328 τελευταῖον
1212 1301 1393 1328 ἀποθανοῦσιν
1409 1302 1477 1338 ὑπὲρ
1493 1301 1543 1335 τῆς
1561 1302 1653 1337 Ἰησοῦ
1670 1302 1790 1329 διδασκα-

1000 1347 1070 1379 λίας,
1084 1349 1260 1383 παρασιωπᾷ.
1270 1347 1338 1374 Οῠτε
1351 1348 1406 1383 γὰρ
1429 1348 1516 1383 Ἰησοῦ
1529 1348 1666 1384 ἐϐουλήθη
1683 1348 1789 1375 ἀκοῦσαι

1000 1393 1177 1430 προλέγοντος
1197 1394 1235 1429 τῷ
1259 1393 1364 1429 Πέτρην
1389 1403 1398 1419 (
1423 1394 1505 1420 ’Ὀταν
1534 1393 1562 1420 δὲ
1588 1394 1730 1430 γηράσῃς,
1750 1395 1789 1420 ὲκ-

1000 1440 1086 1471 τενεῑς
1099 1439 1149 1470 τὰς
1163 1440 1257 1475 χεῖράς
1277 1448 1335 1472 σου,
1362 1449 1370 1465 ι
1392 1439 1486 1467 καὶτὰ
1502 1439 1576 1474 ἑξῆς·
1633 1441 1787 1476 ἐπιφέρειὴ

161 1493 215 1514 tem
243 1487 323 1518 dixit,
358 1487 517 1521 signiﬁcans
545 1493 598 1520 qua
632 1490 720 1512 morte
746 1486 937 1514 clariﬁcaturu:

1035 1485 1104 1519 καφή·
1118 1493 1127 1509 ε
1140 1484 1224 1510 Τοῦτο
1238 1484 1260 1510 δ’
1275 1482 1346 1516 εἶπε,
1361 1484 1498 1519 σημαίνων
1509 1483 1579 1518 ποίῳ
1596 1483 1712 1519 θανάτῳ
1722 1483 1789 1515 δοξὰ-

158 1537 231 1560 esset
256 1532 352 1560 Deum.
371 1541 381 1558 ι
397 1532 450 1559 Pro
468 1532 551 1559 nihilo
580 1539 688 1566 quoque
715 1532 796 1560 habet
813 1533 946 1560 Iacobum

157 1580 271 1606 fratrem
286 1577 409 1609 Joannis,
424 1579 590 1612 aposwlum,
607 1578 721 1612 apostoli
747 1578 874 1612 fratrem,
889 1580 947 1614 gla-

158 1625 203 1652 dio
217 1632 315 1652 cwsum
333 1624 366 1651 ab
389 1623 497 1650 Herode
519 1623 601 1651 fuisse
622 1629 732 1658 propter
750 1622 815 1651 Jesu
841 1625 945 1652 doctri-

157 1679 219 1698 nam
231 1671 254 1687 '°
270 1679 276 1697 :
292 1677 340 1697 nec
354 1670 440 1704 pluris
461 1670 527 1697 facit
555 1677 615 1704 qme
637 1675 745 1704 propter
759 1670 883 1698 eamdem
897 1671 946 1699 Pe-

156 1722 216 1745 trus
235 1721 263 1744 et
278 1716 374 1751 reliqui
388 1715 502 1751 apostoli
519 1723 624 1742 summa
650 1716 747 1744 (iducia
766 1717 890 1751 fecerint,
915 1723 945 1745 nt

154 1772 228 1796 cunt,
252 1769 394 1798 postquam
421 1763 536 1797 ﬂagellis
561 1763 623 1790 euasi
651 1763 770 1795 fuerant,
796 1773 805 1789 ε
826 1765 915 1791 ierunt
929 1773 943 1792 ιι

154 1815 303 1844 conspectu
318 1810 427 1837 concilii
446 1810 594 1844 gaudentes
605 1810 677 1844 quod
692 1811 765 1845 digni
779 1811 864 1838 habiti
879 1811 945 1838 fuis-

153 1862 275 1891 sentpro
292 1856 364 1884 illius
380 1857 490 1883 nomine
508 1857 703 1884 contumeliam
716 1857 771 1891 pati
784 1858 817 1890 τι,
842 1867 852 1884 ι
874 1859 944 1885 mul-

153 1907 233 1937 taque
244 1902 324 1937 longe
339 1903 442 1937 majora
460 1901 613 1928 tolerantia:
629 1907 656 1929 et
671 1902 840 1929 fortitudinis
864 1910 943 1938 argn-

153 1954 242 1976 menta
258 1950 401 1979 dederunt,
418 1956 498 1983 quam
514 1948 550 1975 illi
566 1957 582 1976 e
595 1948 709 1981 Grmcis,
727 1949 771 1983 qui
793 1948 835 1975 his
859 1949 942 1975 \‘irlu-

153 1994 223 2021 tibus
236 1994 430 2021 excelluerunt.
450 1993 519 2021 lline
538 1994 607 2028 apud
636 1993 699 2021 Iesu
729 1995 867 2021 auditores
890 1994 942 2021 hoc

152 2040 224 2066 illitis
245 2044 411 2075 praeceptum
441 2040 475 2066 ab
500 2040 579 2066 initio
607 2040 730 2072 invaluit,
757 2041 940 2074 spernendam

151 2086 224 2113 hanc
249 2093 312 2113 esse
337 2087 419 2113 vitam
450 2094 531 2120 quant
559 2086 683 2121 plerique
720 2088 830 2120 ardent;
866 2089 940 2121 aspi-

151 2130 266 2157 randum
298 2131 333 2158 ad
361 2131 449 2158 solam
476 2131 567 2163 illam,
594 2139 654 2165 qua:
685 2132 732 2159 Dei
759 2132 821 2159 vitae
843 2133 939 2159 similis

149 2181 203 2203 εει.

183 2223 228 2249 46.
243 2221 337 2249 Nonne
348 2221 430 2248 etiam
448 2222 577 2249 mentitur
597 2223 668 2257 apud
691 2222 797 2251 Celsum
819 2224 936 2256 Judaeus.

149 2275 210 2295 cum
225 2267 263 2294 ait
290 2276 298 2292 ε
318 2267 420 2299 Jesum,
449 2267 511 2294 dum
535 2275 656 2301 praisens
684 2269 800 2303 adesset,
830 2270 935 2299 nonnisi

148 2314 242 2341 decem
262 2314 359 2340 nautas
378 2313 591 2348 publicanosque
611 2315 838 2344 sceleratissimos
864 2319 936 2345 asci-

147 2361 218 2387 visse
235 2360 297 2393 sibi,
316 2367 348 2386 ac
363 2368 397 2387 ne
413 2368 508 2387 omnes
524 2360 584 2388 illos
595 2361 726 2394 quidem?
750 2372 760 2388 ι
783 2362 876 2390 Palam
896 2369 938 2391 est

146 2407 218 2434 cnim
236 2406 277 2433 vel
292 2405 401 2434 Judteos
432 2406 506 2440 ipsos
530 2407 653 2436 fassuros
678 2416 750 2442 esse,
782 2409 855 2436 illum
883 2418 935 2437 non

107 2464 114 2472 -
147 2453 240 2480 de’cem
257 2453 347 2485 tnodo,
357 2461 410 2480 non
419 2459 540 2486 centum,
551 2462 604 2482 non
615 2454 698 2488 mille,
710 2455 755 2482 sed
766 2457 845 2483 modo
859 2457 938 2491 quin-

145 2507 208 2533 que,
230 2500 309 2527 modo
333 2505 450 2534 quatuor
473 2500 570 2532 millia,
599 2504 637 2528 tot
655 2501 772 2535 denique
795 2494 847 2528 sibi
872 2509 937 2529 con-

184 2567 207 2582 "
223 2566 304 2594 Joan.
321 2576 379 2601 xxi,
395 2569 439 2601 18,
459 2569 502 2596 l9.

181 2635 238 2673 (15)
250 2636 365 2673 Λόγου.
383 2637 420 2663 1ιιι
441 2638 524 2665 codex
544 2637 655 2673 Regius.
682 2637 756 2664 Libri
772 2643 863 2665 autem
881 2646 931 2665 ex-

145 2673 214 2702 cusi,
227 2671 307 2705 λόγῳ,
326 2673 402 2698 male.

182 2705 238 2741 (Μ)
259 2707 336 2733 Lthb.
356 2707 421 2734 editi
444 2707 477 2734 ad
505 2708 665 2742 marginem,
686 2708 933 2743 πεπαῤῥησιασμέ-

144 2747 209 2767 νοις.

183 2759 238 2809 (15)
251 2775 331 2801 Iidem
348 2781 407 2809 post
429 2777 551 2809 ἅπαντας
579 2778 679 2805 addunt
693 2783 719 2805 et
733 2778 868 2804 uncinnlis
888 2778 929 2805 in-

146 2808 258 2835 cludunt
285 2808 411 2842 ἐπείτε,
440 2820 508 2846 quos
530 2808 577 2840 nos
595 2822 609 2841 e
634 2818 706 2840 textu
731 2814 925 2848 expunximlIS,

999 1539 1040 1557 σει
1054 1530 1099 1557 τὸν
1114 1530 1190 1557 Θεόν·
1212 1540 1220 1556 I
1233 1529 1289 1556 οὗθ’
1301 1531 1342 1556 ὅτι
1354 1530 1481 1562 Ἰάκωϐος
1495 1531 1509 1556 ό
1522 1530 1640 1564 ἁδελφὸς
1658 1531 1789 1561 Ἰωάννου,

998 1576 1144 1607 ἀπόστολος
1149 1576 1296 1603 ἀποστόλου
1304 1576 1425 1610 ἀδελςοὸς,
1432 1575 1550 1613 ἀνῃρέθη
1557 1576 1613 1602 ὑπὸ
1618 1576 1667 1602 τοῦ
1676 1577 1790 1612 Ἦρὼᾱυ

997 1622 1042 1649 διὰ
1057 1622 1102 1649 τὸν
1120 1622 1197 1657 λόγον
1209 1622 1326 1658 Χριστοῦ
1339 1622 1469 1658 μαχαίρᾳ·
1482 1622 1538 1648 ἀλλ’
1552 1622 1608 1648 οὐδ’
1624 1624 1678 1649 ὅσα
1690 1623 1791 1658 παρρη-

1000 1669 1156 1704 σιαζόμενοι
1173 1668 1219 1695 ἐπὶ
1242 1668 1280 1703 τῷ
1303 1668 1373 1703 λόγῳ
1390 1669 1572 1703 πεποιήκασιν
1591 1669 1605 1694 ὀ
1622 1668 1733 1703 Πέτρος
1751 1668 1791 1694 καὶ

996 1715 1021 1740 οἱ
1041 1714 1129 1741 λοιποὶ
1149 1714 1304 1745 ἀπόστολοι,
1327 1715 1374 1740 καὶ
1391 1714 1429 1745 ὡς
1455 1724 1463 1739 ι
1491 1714 1545 1740 ἀπὸ
1570 1714 1726 1749 προσώπου
1751 1713 1790 1739 τοῦ

997 1760 1133 1795 συνεδρίου
1153 1760 1264 1795 ἐξῆλθον
1284 1771 1293 1785 ι
1313 1759 1381 1795 μετὰ
1403 1759 1433 1786 τὸ
1454 1761 1685 1796 μαστιγωθῆναι,
1708 1771 1717 1786 ‹
1739 1762 1791 1796 χαί-

996 1814 1098 1840 ροντες,
1115 1807 1156 1832 ὅτι
1174 1805 1381 1841 κατηξιώθησαν
1401 1806 1472 1841 ὑπὲρ
1492 1806 1539 1832 τοῦ
1555 1807 1695 1842 ὀνόματος
1716 1807 1790 1834 αὐτοῦ

994 1852 1190 1887 ἀτιμασθῆναι,
1218 1862 1227 1878 ι
1253 1853 1299 1879 κα)¹
1320 1853 1515 1888 ύπεραίροντες
1540 1853 1628 1879 πολλὰ
1649 1854 1708 1880 τὼν
1733 1855 1790 1889 παρ’

996 1899 1122 1935 Ἕλλησιν
1140 1899 1336 1934 ἱστορουμένων
1356 1899 1402 1925 ἐπὶ
1419 1901 1452 1934 τῇ
1476 1900 1610 1935 καρτερίᾳ
1631 1900 1682 1926 καὶ
1699 1901 1790 1935 ἀνδρίᾳ

993 1945 1047 1971 τῶν
1062 1945 1310 1980 φιλοσοφησάντων.
1340 1945 1471 1981 Ἀρχῆθεν
1495 1944 1542 1971 οὖν
1564 1945 1688 1980 μάλιστα
1718 1946 1790 1972 τοῦτο

993 1990 1039 2017 τοῦ
1062 1990 1149 2025 Ἰησοῦ
1168 1990 1282 2027 μάθημα
1301 1991 1465 2027 ἐκρατύνετο
1484 1991 1559 2026 παρὰ
1575 1993 1634 2023 τοῖς
1647 1993 1788 2019 axe-Jama

992 2035 1085 2068 αὐτοῦ,
1101 2037 1225 2063 διδάσκον
1242 2037 1469 2073 καταφρονεῖσθαι
1487 2038 1535 2072 μὲν
1548 2038 1579 2064 τὸ
1591 2039 1648 2065 ὑπὸ
1659 2039 1717 2065 τῶν
1733 2039 1790 2065 τηλ-

992 2083 1046 2109 λῶν
1063 2083 1260 2119 περιεπόμενον
1282 2082 1343 2118 ζῆν,
1373 2083 1572 2115 σπουδάζεσθαι
1595 2084 1626 2110 δὲ
1648 2084 1681 2111 τὸ
1706 2094 1790 2120 παρα-

993 2130 1107 2166 πλήσιον
1123 2130 1162 2165 τῷ
1179 2130 1229 2165 ζῆν
1244 2130 1290 2156 τοῦ
1307 2130 1374 2157 Θεοῦ
1388 2130 1448 2165 ζῆν,

1027 2221 1089 2253 Πῶς
1111 2221 1132 2247 δ’
1152 2220 1181 2247 οὺ
1213 2220 1341 2255 ψεύδεται
1372 2222 1386 2247 ὁ
1408 2221 1494 2255 λέγων
1515 2221 1592 2256 παρᾶ
1616 2222 1659 2257 τῷ
1695 2223 1789 2257 Κέλσῳ

998 2269 1135 2299 Ἰουδαῖος,
1151 2268 1190 2294 ὅτι
1208 2277 1217 2292 α
1235 2266 1334 2303 Παρὼν
1350 2267 1416 2294 δέκα
1425 2267 1526 2299 ναύτας
1534 2268 1581 2294 καὶ
1596 2268 1722 2300 τελώνας
1731 2270 1789 2299 τοῦς

991 2313 1188 2346 ὲξωλεστάτους
1207 2313 1305 2348 μόνους
1322 2310 1393 2345 εἷλε,
1416 2314 1462 2340 καὶ
1479 2313 1539 2339 οὐδὲ
1559 2313 1678 2346 τούτους
1705 2315 1789 2341 ᾶπαν-

989 2370 1038 2392 τας
1059 2360 1132 2395 (l5);
1161 2369 1170 2385 ι
1195 2359 1282 2393 Σαφὲς
1302 2359 1357 2395 γὰρ
1377 2359 1417 2385 ὃτι
1440 2359 1487 2386 καὶ
1508 2359 1633 2386 Ἰουδαῖοι
1655 2361 1788 2395 ὁμολογή-

990 2417 1064 2435 σαιεν
1084 2408 1127 2440 ἂν,
1139 2409 1180 2435 ὅτι
1194 2409 1223 2435 οὐ
1233 2407 1298 2434 δέκα
1314 2407 1410 2442 μόνους
1424 2403 1505 2438 εἶλεν,
1519 2406 1580 2432 οὐδὲ
1599 2407 1715 2438 ἑκατὸν,

990 2455 1102 2490 χιλίους,
1120 2454 1176 2481 ἀλλ’
1191 2453 1297 2490 ἀθρόως
1310 2453 1355 2479 ὁτὲ
1373 2453 1421 2487 μὲν
1438 2452 1519 2478 πέντε
1537 2452 1676 2487 χιλιάδας,
1698 2454 1742 2480 ὁτὲ
1762 2453 1786 2479 δὲ

990 2502 1123 2537 τέσσαρας
1138 2500 1203 2536 (16)·
1221 2500 1269 2527 καὶ
1292 2499 1338 2526 ἐπὶ
1355 2498 1480 2525 τοσοῦτόν
1496 2506 1529 2532 γε
1547 2495 1635 2531 εἶλεν,
1656 2499 1730 2526 ὥστε
1744 2500 1786 2525 καὶ

542 2569 564 2585 ⁷⁰
576 2569 637 2597 Act.
651 2577 700 2601 xu,
716 2569 750 2601 2;
771 2577 831 2602 xui,
843 2569 889 2597 46.
923 2570 944 2585 ⁷¹
957 2571 1016 2598 Act.
1033 2571 1112 2603 V,/l-l.

984 2641 1046 2674 quia
1062 2641 1088 2667 in
1102 2648 1167 2668 mss.
1187 2648 1240 2668 non
1262 2640 1401 2675 reperitur
1413 2644 1440 2668 et
1453 2640 1513 2668 sine
1526 2639 1680 2676 dispendio
1692 2643 1783 2670 abesse

1004 2681 1082 2702 OlCSI.

1022 2684 1027 2701 l
1049 2684 1082 2702 SI.

985 2684 1264 2749 Ροὸϋιῑέσσαρης.
1283 2712 1328 2739 Sic
1342 2718 1518 2749 omnesmss.
1541 2712 1664 2749 rectius,
1678 2714 1780 2749 opinor.

987 2747 1145 2785 guunt-libi).
1161 2749 1223 2785 t-d:ti
1238 2757 1263 2773 ιιι
1282 2749 1381 2785 _r1ni_hus
1398 2748 1512 2785 legitur,
1541 2748 1687 2784 τέσσαρας
1697 2747 1781 2785 χιλιά-

987 2781 1044 2813 δεις.
1063 2781 1152 2817 Neque
1168 2783 1239 2809 enim
1252 2783 1375 2818 χιλιάδας
1389 2783 1429 2810 his
1447 2783 1509 2818 poni
1528 2781 1676 2812 convenit.
