1843 3097
75 122 129 150 869

678 117 818 146 CONTRA
836 117 978 147 CELSUM
998 117 1060 146 LIB.
1079 117 1110 146 li.

1650 122 1703 151 8'10

76 181 116 211 εἰς
129 179 179 211 τὰς
195 179 314 215 ἐρημίας
327 177 400 214 αὐτῷ
417 177 581 210 ἀκολουθεῖν,
605 176 653 208 τὰς
673 176 752 212 μόνον
765 174 852 211 χωρού

949 176 1029 203 liasse
1045 175 1179 209 homines,
1201 179 1230 204 ut
1244 176 1319 204 illum
1347 177 1373 204 in
1398 177 1515 210 deserta,
1540 177 1596 206 sola
1621 183 1703 207 tanta:

77 234 128 257 σας
142 225 240 261 ἁθρόον
254 234 280 252 τι
295 224 394 260 πλῆθος
416 224 470 251 τῶν
489 223 668 250 πιστευόντων
685 221 724 257 τῷ
744 221 803 256 Θεῷ
824 221 868 248 διὰ

76 272 123 298 τοῦ
151 270 250 306 Ἰησοῦο
267 271 295 296 ἐν
320 268 364 302 αἷς
385 270 414 296 οὐ
435 270 514 304 μόνον
528 269 632 303 λόγους,
650 267 717 294 ἀλλὰ
736 267 783 293 καὶ
799 267 868 302 ἔργα

77 318 171 347 αὐτοῖς
185 316 370 342 ἐπεδείκνυτο.
397 315 557 348 Ἀναγκὰςει
571 314 592 340 δ’
607 314 681 349 ἡμᾶς
700 311 867 346 ταυτολογῶν

74 356 106 382 τὸ
124 356 315 390 παραπλήσιον
329 356 402 390 αὐτῷ
416 357 510 382 ποιεῖν·
523 356 582 382 ἐπεὶ
593 355 782 390 φυλασσόμεθα
798 356 862 382 ὐπο-

75 401 264 435 λαμῦάνεσθαι
286 401 457 436 ὑπερὸαίνειν
473 400 533 427 τινὰ
548 400 601 426 τῶν
619 401 681 435 παρ’
696 400 769 435 αὐτῷ
787 401 863 435 λεγο-

78 446 169 479 μένων
194 445 382 480 ἐγκλημάτων.
405 446 459 472 Καὶ
479 447 508 472 ὲν
528 445 567 479 τῷ
584 445 756 481 προκειμένῳ
776 445 863 473 τοίνυν

76 490 151 525 λόγῳ
166 490 227 516 καθ’
247 491 279 525 ἢν
295 490 391 526 ἔχομεν
405 490 481 524 τάξιν
495 491 543 525 τῆς
557 491 674 526 γραφῆς,
690 491 785 525 φησιν·
804 500 813 516 ι
832 492 862 518 Εἰ

75 538 132 570 ζῶν
150 538 199 573 μὲν
213 538 292 569 αὐτὸς
308 538 409 573 μηδένα
425 538 542 570 ἔπεισεν,
555 538 733 569 ἀποθανόντος
745 538 766 563 δ’
783 537 865 564 αὑτοῦ

75 583 217 611 πείθουσιν
239 584 264 610 οί
287 583 441 618 βουλόμενοι
467 583 618 615 τοσούτους·
638 584 697 615 πῶς
713 583 792 610 τοῦτο
817 584 866 618 οὺχ

72 630 248 665 ὑπεράτοπόν
264 631 336 660 ὲστις
355 639 363 655 ι
379 629 438 656 δέον
452 629 542 660 λέγειν
557 629 716 655 ἀκολουθίαν
733 628 864 662 σώζοντα,

72 677 115 702 ἵκει
133 676 212 711 εἴπερ
228 675 406 706 ἀποθανόντος
422 675 516 707 αὑτοῦ,
532 674 681 707 πείθουσιν,
697 675 746 709 οὐχ
759 675 865 708 ἁπαξα-

72 721 152 753 πλῶς
162 721 187 747 οἱ
198 721 362 756 βουλόμενοι,
380 720 436 747 ἀλλ’
447 721 471 746 oi
485 719 639 755 βουλόμενοι
652 720 698 746 καὶ
708 720 862 755 δυνάμενοι,

72 765 140 797 τοὺς
151 765 303 797 τοσούτους
322 765 396 800 πόσῳ
420 764 519 800 μᾶλλον
535 763 644 797 εὒλογον
669 764 758 795 αὑτὸν,
783 763 862 798 ἡνίκα

72 811 113 846 τῷ
143 811 192 846 βίῳ
213 811 354 846 ἐπεδήμει,
381 809 596 841 πολλαπλασίους
619 809 667 835 καὶ
686 809 863 844 δυνατωτέρῳ

70 857 148 891 λόγῳ
163 857 209 883 καὶ
221 857 337 892 πράξεσι
351 856 528 888 πεπεικέναι;

115 900 221 935 Ἑαυτῷ
235 900 263 926 δὲ
279 900 411 935 λαμῦἀνει
430 901 468 931 ὼς
486 899 620 935 ἡμετέραν
634 898 777 935 ἀπόκρισιν
796 898 864 934 πρὸς

70 945 172 972 πεῦσιν
194 945 276 972 αὐτοῦ
303 945 452 981 λεγομένην
476 945 620 980 φήσαντος·
648 954 656 970 ι
681 944 740 971 Τίνι
761 944 864 980 προσή-

67 989 158 1025 χθητε
172 989 227 1025 (ΓΙ)
245 989 367 1025 λογισμῷ
383 989 476 1016 τοῦτον
493 988 613 1024 νομίζειν
632 989 697 1016 Υίὸν
710 988 795 1021 Θεοῦ;
813 997 864 1015 πε-

69 1035 172 1070 ποίηκε
184 1034 238 1070 γὰρ
258 1035 333 1070 ἡμᾶς
354 1034 597 1070 ἀποκρινομένους,
609 1033 649 1060 ὅτι
659 1033 747 1069 τούτῳ
761 1035 864 1070 προσή-

67 1080 189 1116 χθημεν,
215 1081 239 1107 εί
262 1080 310 1107 καὶ
329 1080 384 1115 (l8)
407 1079 485 1115 ῐσμεν
508 1079 555 1115 τὴν
570 1079 679 1106 κόλασιν
694 1079 776 1106 αὑτοῦ
794 1079 863 1114 ὑπὲρ

67 1125 263 1161 καθαιρέσεως
279 1125 326 1152 τοῦ
352 1125 455 1160 πατρὸς
478 1124 527 1159 τῆς
549 1124 648 1156 κακίας
671 1125 822 1159 γεγονυῖαν.
850 1133 860 1150 ι

68 1171 181 1202 ’Δλλοις
195 1171 249 1206 γὰρ
267 1169 372 1206 μυρίοις
394 1169 600 1205 προσήχθημεν,
627 1165 665 1196 ὤν
682 1169 863 1205 πολλοστημό-

67 1225 130 1252 ριον
141 1218 170 1242 ὲν
185 1217 241 1247 τοῖς
259 1216 311 1251 πρὸ
328 1215 430 1241 τούτων
443 1215 600 1250 ὲξεθέμεθα,
620 1215 677 1246 καὶ,
696 1214 762 1241 Θεοῦ
779 1214 863 1242 διδόν-

63 1270 125 1294 τος,
141 1260 325 1296 ἐκθησόμεθα,
339 1261 369 1287 οὗ
390 1260 470 1295 μόνον
487 1260 516 1285 ἐν
532 1261 590 1291 τοῖς
611 1259 679 1294 πρὸς
694 1259 738 1286 τὸν
754 1259 862 1294 νομιζό-

68 1316 153 1343 μενον
174 1307 277 1334 Κέλσου
298 1306 384 1342 ἀληθῆ
409 1306 487 1339 λόγον
511 1305 768 1341 πραγματευόμενοι
789 1304 860 1340 (l9),

65 1353 139 1381 ἀλλὰ
155 1353 203 1379 καὶ
218 1354 246 1379 ὲν
260 1352 349 1383 ἄλλοις
367 1352 485 1387 μυρίοις.
500 1352 555 1378 Καὶ
569 1351 606 1382 ὠς
627 1350 704 1386 ἡμῶν
718 1350 860 1385 λεγόντων,

64 1400 109 1426 ὅτι
126 1398 190 1424 Υίδν
203 1397 283 1424 αὑτὸν
298 1396 443 1431 νομίζομεν
454 1395 534 1426 Θεοῦ,
552 1395 613 1421 ἐπεὶ
627 1395 769 1430 ἐκολάσθη,
785 1395 859 1430 φησι,

921 221 975 248 Deo
993 229 1040 255 per
1053 221 1144 248 Jesum
1164 223 1332 249 credentium
1353 223 1519 251 multitudini
1533 225 1703 252 continendae

920 266 1006 300 paria,
1033 270 1225 300 sequerentur,
1251 267 1294 294 ubi
1320 275 1372 294 non
1389 268 1479 295 verbis
1501 268 1597 300 solum,
1615 269 1662 297 sed
1675 275 1703 297 et

918 310 1046 345 operibus
1062 318 1111 339 eos
1126 311 1251 338 doeebat.
1267 312 1354 346 Atque
1368 314 1460 340 eadem
1483 320 1614 349 perpetuo
1626 323 1703 343 reco-

918 362 1004 390 quens
1015 356 1071 388 ille,
1085 364 1135 383 nos
1161 357 1229 383 idem
1247 357 1336 384 facere
1357 359 1442 392 cogit.
1466 359 1600 387 Curemus
1627 361 1701 388 enim

919 409 953 429 ne
965 401 1045 428 ullan‘.
1058 409 1091 428 ex
1107 401 1178 429 illius
1194 402 1429 430 crirninulionibus
1447 405 1588 438 praeterire
1618 405 1702 432 silen-

918 446 955 473 tio
967 446 1116 472 videamur.
1134 446 1197 474 llaec
1211 446 1295 480 igitur
1305 448 1375 481 apud
1392 448 1467 474 illu-u
1490 450 1584 476 ordine
1609 451 1702 484 sequi-

919 496 963 518 tur
986 500 994 519 :
1015 500 1025 517 ‹
1053 491 1095 524 Si,
1111 492 1174 519 dtttn
1196 492 1311 525 vireret,
1339 494 1440 520 nemini
1471 495 1615 528 persuasit.
1641 501 1702 530 post

917 542 1031 565 mortem
1048 543 1138 565 autem
1155 538 1214 573 ejus
1227 538 1381 573 quicunque
1397 539 1501 572 volunt,
1529 545 1583 567 tam
1608 541 1701 568 multis

917 583 1092 617 persuadent,
1106 590 1196 611 nonne
1209 591 1250 610 res
1264 590 1305 611 est
1322 592 1452 619 perquam
1463 585 1598 612 absurda?
1612 595 1622 612 ›
1632 587 1700 613 Cum

917 628 1009 655 dicere
1026 628 1174 661 debuisset,
1189 629 1210 656 si
1225 629 1334 664 quidem
1349 635 1531 657 consentanea
1556 631 1629 664 loqui
1646 631 1701 658 vel-

915 673 952 701 let
966 674 1017 707 :si,
1031 682 1064 702 eo
1074 680 1193 708 mortuo,
1207 682 1260 702 non
1281 676 1327 710 qui
1356 676 1517 711 simpliciter
1531 677 1631 709 volunt,
1653 676 1700 705 sed

916 721 961 755 qui
977 721 1069 748 volunt
1084 725 1110 748 et
1121 726 1244 756 possunt,
1262 720 1498 757 totpcrsuadent;
1513 728 1614 758 quanto
1640 724 1700 758 plu-

917 774 959 793 res
976 766 1044 800 ejus,
1075 767 1139 794 dum
1166 768 1279 801 viveret,
1306 773 1333 795 et
1359 769 1507 802 potentiori
1533 776 1660 798 sermone
1673 773 1702 797 el.

916 811 993 839 factis
1005 820 1148 847 persuasus
1159 813 1242 841 fuisse
1261 814 1391 842 credibile
1404 815 1464 842 est?

950 900 996 928 47.
1016 900 1140 928 Posthme
1155 905 1333 935 percontatus
1351 911 1360 927 ι
1378 909 1430 936 quo
1451 907 1610 936 argumento
1641 902 1700 929 ani-

915 953 989 972 mum
1006 946 1194 974 induxerimns
1214 947 1288 974 illum
1306 954 1368 974 esse
1390 947 1436 974 Dei
1460 947 1569 980 Filium,
1590 955 1599 972 ι
1615 947 1700 974 sumit

913 990 965 1017 sibi
996 992 1048 1018 hoc
1078 999 1238 1026 responsum
1268 994 1340 1027 quod
1366 997 1489 1019 nostrum
1517 999 1578 1020 esse
1610 992 1697 1027 litigii,

913 1034 994 1071 422
1009 1045 1018 1062 ‹
1036 1036 1062 1063 id
1079 1044 1128 1064 nos
1143 1038 1263 1064 animum
1280 1038 1428 1072 induxisse,
1442 1038 1506 1072 quia
1523 1038 1623 1065 scimus
1635 1045 1696 1065 eum

913 1089 1022 1115 passum
1048 1090 1119 1115 esse,
1144 1088 1173 1110 ut
1199 1083 1308 1110 malitia:
1332 1071 1431 1118 parcus
1462 1084 1658 1111 destrueretur.
1684 1093 1695 1110 ι

914 1127 1098 1163 Suppetebant
1109 1129 1182 1156 enim
1196 1129 1274 1156 nobis
1289 1130 1341 1156 alia
1358 1135 1496 1162 sexcenta,
1514 1137 1629 1164 quorum
1647 1130 1698 1156 mi-

913 1173 1014 1201 nimam
1040 1179 1146 1209 partem
1174 1174 1332 1206 attulimus,
1351 1182 1418 1202 nova
1442 1176 1614 1209 postmodum
1641 1175 1698 1202 Deo

913 1219 993 1247 dante
1008 1219 1128 1252 allaturi,
1142 1224 1170 1247 et
1191 1221 1340 1247 refellendo
1370 1227 1445 1252 vero,
1463 1226 1492 1247 ut
1511 1224 1598 1255 putat,
1625 1221 1697 1249 Celsi

913 1273 1047 1298 sermone,
1063 1271 1090 1293 et
1102 1266 1163 1293 aliis
1177 1267 1204 1293 in
1217 1266 1286 1293 locis
1303 1267 1371 1293 bene
1386 1267 1487 1295 multis.
1503 1266 1605 1294 Deinde
1617 1267 1696 1301 quasi

912 1311 1076 1339 dixissemus
1097 1319 1159 1338 eum
1185 1319 1200 1338 a
1229 1312 1307 1339 nobis
1325 1312 1480 1339 existimari
1512 1312 1558 1338 Dei
1586 1311 1696 1343 Filium,

912 1357 976 1391 quia
992 1364 1089 1391 passus
1100 1362 1151 1390 est,
1167 1366 1176 1382 ι
1191 1364 1292 1390 annon,
1308 1358 1405 1392 inquit,
1424 1362 1451 1384 et
1463 1357 1507 1384 alii
1527 1357 1603 1384 multi
1623 1358 1696 1391 passi

910 1407 985 1434 sunt,
1003 1410 1053 1429 nec
1066 1402 1156 1430 nlinus
1182 1403 1323 1436 turpiter?
1341 1412 1351 1428 ι
1374 1404 1402 1429 in
1418 1411 1472 1436 quo
1491 1403 1586 1430 Celsus
1606 1403 1697 1429 imita-

69 1455 78 1470 t
105 1444 139 1471 Τί
155 1441 213 1476 οὖν,
230 1442 289 1478 οὐχὶ
313 1442 360 1469 καὶ
386 1441 459 1468 ἄλλοι
487 1440 578 1467 πολλοὶ
596 1440 792 1475 ἐκολάσθησαν,
815 1440 855 1467 καΊ

948 1446 1242 1478 rvilissimos-eorum,
1265 1454 1334 1480 quos
1356 1451 1448 1473 nostra
1467 1447 1591 1474 doctrina
1616 1447 1697 1473 habet

64 1490 117 1525 οὺχ
137 1487 220 1526 ἦττον
239 1487 375 1522 ἀγεννῶς;
397 1496 406 1511 ι
426 1486 536 1521 Ὅμοιον
556 1485 578 1512 δ’
595 1486 623 1512 ὲν
640 1485 726 1520 τούτῳ
747 1487 820 1512 ποιεῖ
844 1486 855 1512 ιε

948 1492 1092 1523 versarios,
1105 1492 1150 1525 qui
1166 1496 1262 1526 putant
1286 1491 1356 1526 quod
1373 1492 1498 1519 Christus
1510 1493 1583 1519 cruci
1597 1491 1695 1519 allixus

64 1536 174 1566 Κέλσος
198 1536 254 1566 τοῖς
282 1532 578 1569 ἀνδραποδωδεστάτοις
602 1531 657 1558 τῶν
682 1531 787 1567 ἐχθρῶν
812 1531 855 1558 τοῦ

948 1545 997 1565 isse
1010 1538 1195 1572 perhibeatur,
1223 1545 1392 1571 consequens
1415 1545 1474 1565 esse
1491 1543 1520 1566 ut
1537 1545 1632 1566 omnes
1649 1545 1696 1565 eo-

63 1582 160 1615 λόγου,
175 1581 222 1606 καὶ
236 1579 378 1614 οἰομένοις,
395 1578 436 1603 ὅτι
451 1576 591 1604 ἀκολουθεῖ
609 1578 640 1612 τῇ
665 1577 728 1612 περὶ
744 1577 788 1603 τὸν
809 1577 859 1612 ’1η-

65 1627 133 1654 σοῦν
161 1625 265 1660 ἱστορίᾳ
293 1623 482 1659 σταυρωθέντα
508 1622 540 1649 τὸ
566 1622 655 1649 σέὸειν
694 1623 766 1658 ἡμᾶς
796 1622 858 1654 τοὺς

63 1671 305 1707 ὲσταυρωμένους.

99 1717 239 1748 Πολλάκις
253 1717 275 1743 δ’
295 1717 309 1742 ὁ
327 1715 429 1745 Κέλσος
440 1714 500 1749 ἤδη,
521 1713 558 1749 μὴ
573 1713 720 1748 δυνάμενος
735 1714 858 1740 ἀντιϐλέ-

62 1773 129 1791 πειν
144 1760 191 1795 αἷς
207 1763 413 1798 ἀναγέγραπται
426 1761 603 1796 πεποιηκέναι
617 1760 762 1795 δυνάμεσιν
773 1762 787 1787 ὁ
805 1761 857 1796 ἰη-

63 1810 143 1841 σοῦς,
158 1809 295 1836 διαϐάλλει
307 1807 390 1839 αὑτὰς
403 1807 440 1838 ὡς
456 1807 591 1842 γοητείας·
614 1807 661 1833 καὶ
681 1807 809 1838 πολλάκις
819 1806 858 1842 τῷ

62 1855 151 1889 λόγῳ,
171 1854 242 1881 κατὰ
258 1853 287 1879 τὸ
297 1852 407 1879 δυνατὸν
423 1853 499 1887 ἡμῖν,
513 1851 683 1886 ἁντείπομεν.
703 1851 755 1878 Καὶ
771 1851 817 1878 νῦν
829 1852 858 1878 δέ

63 1909 150 1936 φησιν
160 1901 244 1926 σίονεί
260 1899 333 1934 ἡμᾶς
353 1897 564 1933 ἀποκρίνασθαι,
586 1897 626 1924 ὅτι
645 1896 689 1922 διὰ
709 1895 780 1923 τοῦτ’
805 1897 858 1923 ἐνο-

63 1947 189 1982 μίσαμεν
205 1944 285 1971 αὑτὸν
302 1942 371 1970 εἶναι
388 1943 451 1970 Υἰὸν
470 1943 549 1974 Θεοῦ,
571 1953 579 1968 ι
602 1942 664 1969 ἐπεὶ
684 1942 786 1977 χωλοὺς
811 1943 857 1969 καὶ

59 1991 188 2026 τυφλοὺς
200 1989 377 2025 ἐθεράπευσε.
404 1999 411 2013 ι
437 1988 601 2024 Προστίθησι
617 1988 645 2014 δὲ
661 1988 707 2014 καὶ
722 1988 762 2014 τόν
781 1997 790 2013 ι
814 1988 857 2020 Ὠς

61 2037 147 2072 ὑμεῖς
161 2043 242 2069 φατε,
255 2033 350 2068 ἀνίστη
368 2033 491 2075 νεκροιξς.
509 2043 519 2058 ›
537 2033 596 2059 ’Ότι
620 2032 667 2067 μὲν
684 2029 731 2058 οὖν
756 2031 857 2066 χωλοὺς

61 2083 114 2110 καὶ
130 2081 251 2113 τυφλοὺς
269 2080 447 2116 ἐθεράπευσε,
465 2078 560 2114 διόπερ
580 2078 696 2114 Χριστὸν
713 2077 793 2104 αὐτὸν
810 2078 856 2104 καὶ

61 2128 131 2155 Υιὸν
149 2126 219 2153 θεοῦ
242 2126 396 2161 νομίζομεν,
426 2125 505 2160 δῆλον
525 2125 590 2159 ἡμῖν
607 2124 680 2150 ἐστιν
701 2125 733 2150 ὲκ
748 2124 794 2150 τοῦ
811 2125 857 2150 καὶ

61 2175 92 2200 ὲν
123 2172 307 2208 προφητείαις
331 2170 500 2207 γεγράφθαι,
525 2179 534 2194 (
563 2169 628 2195 Τότε
654 2168 856 2203 ἀνοιχθήσονται

60 2218 203 2253 ὀφθαλμοὶ
215 2217 332 2251 τυφλῶν,
355 2216 401 2243 καὶ
419 2213 475 2242 ὦτα
492 2214 591 2249 κωφῶν
611 2214 780 2245 ἀκούσονται,
796 2214 856 2240 τότε

62 2265 174 2291 ἁλεῖται
182 2264 220 2295 ὡς
227 2263 324 2297 ἔλαφος
334 2263 348 2288 ὁ
355 2261 448 2297 χωλός·
463 2270 472 2286 ι
485 2260 560 2287 ὅτιόὲ
575 2260 620 2286 καὶ
628 2259 739 2294 νεκροὺς
749 2259 854 2294 ἀνίστη,

58 2310 115 2337 καὶ
129 2309 181 2335 οὐκ
194 2308 251 2334 ἔστι
268 2307 380 2340 πλάσμα
398 2305 451 2332 τῶν
465 2305 499 2332 τὰ
516 2303 666 2338 Εὑαγγέλια
682 2303 854 2339 γραψάντων,

61 2354 276 2390 παρίσταταιὲκ
283 2354 340 2380 τοῦ
356 2352 388 2378 Εἰ
398 2351 446 2387 μὲν
455 2350 564 2385 πλάσμα
574 2347 617 2385 ἦν,
632 2349 742 2380 πολλοὺς
756 2343 855 2383 ἀναγε-

60 2400 191 2436 γράφθαι
207 2399 263 2434 (20)
282 2399 343 2429 τοὺς
360 2397 538 2428 ἀναστάντας,
565 2395 612 2421 καὶ
634 2395 697 2426 τοὺς
723 2395 773 2430 ἠδη
794 2395 857 2430 χρό-

61 2456 129 2478 νους
142 2446 254 2480 ἔχοντας
267 2445 392 2476 πλείονας
405 2445 434 2470 ὲν
449 2444 505 2474 τοῖς
523 2441 674 2477 μνημείοιςο
692 2441 751 2467 ἐπεὶ
767 2441 790 2466 δ’
805 2441 855 2467 οὐκ

62 2493 125 2518 ἔστι
142 2491 266 2526 πλάσμα,
280 2490 351 2516 πάνυ
372 2488 570 2525 εὐαριθμήτους
586 2487 708 2521 λελέχθαι
722 2486 789 2521 (21),
806 2487 855 2522 τήν

99 2559 126 2575 ⁷⁸
140 2558 205 2586 lsai.
220 2565 302 2589 xxxv,
315 2557 341 2584 5.

99 2627 164 2664 (Π)
188 2624 391 2664 Προσήκθητε·
428 2622 462 2664 Ψ
492 2621 572 2664 p““',°
606 2619 853 2664 Ρ,9ξέ-ξρ9ῖῇκβη·

102 2652 127 2690 ξδ’
139 2652 252 2689 -Ιίιὼὲηι
280 2652 375 2687 omnes
396 2657 474 2684 codd.
493 2652 580 2685 ἰιιεε..
598 2652 852 2690 rexcepto'Jolinno,

138 2687 202 2724 cum
229 2693 371 2729 impressis
391 2692 490 2723 habet,
505 2689 660 2725 προήχθητε
675 2693 700 2715 et
714 2687 853 2723 προήχθη-

98 2743 117 2760 ν
120 2753 128 2760 ι

61 2744 163 2803 μεῖίὶἰ)
180 2767 216 2792 El
232 2765 291 2792 καί.
307 2763 459 2803 Legendum
472 2761 576 2803 videtur
589 2758 658 2803 ἐπεί.

99 2792 161 2838 il-
185 2792 470 2838 Ilpagwatsbjdperot.
489 2795 562 2838 _Sun't
580 2795 625 2838 qui
639 2792 850 2838 legendum

62 2829 122 2867 tant
141 2829 424 2872 πραγματευομένοις,
448 2832 495 2860 sed
513 2830 618 2865 vulgata
639 2829 716 2856 lectio
738 2829 847 2855 retineri

912 1584 972 1611 dem
985 1583 1118 1619 supplicio
1130 1583 1245 1611 allectos
1260 1590 1430 1611 veneremur.

946 1703 990 1730 48.
1005 1702 1064 1730 Jam
1077 1709 1150 1737 saepe
1164 1702 1269 1735 Celsus,
1286 1702 1349 1737 quia
1366 1702 1481 1730 inliciari
1506 1710 1558 1730 non
1584 1707 1694 1737 poterat

911 1749 1042 1776 miracula
1057 1757 1118 1784 qua:
1129 1747 1211 1775 Jesus
1224 1748 1320 1775 fecisse
1337 1749 1475 1781 scribitur,
1491 1749 1534 1775 illa
1551 1749 1695 1783 praestigiis

912 1795 1051 1822 tribuenda
1069 1801 1130 1821 esse
1141 1794 1322 1821 calumniatus
1337 1799 1393 1825 est;
1409 1798 1436 1820 et
1452 1802 1501 1821 nos
1513 1799 1606 1821 contra
1622 1802 1694 1829 saepe

911 1847 960 1875 pro
978 1840 1082 1867 viribus
1098 1839 1288 1874 pugnavimus.
1315 1838 1392 1865 Nunc
1419 1843 1508 1866 autem
1524 1840 1601 1866 nobis
1616 1841 1693 1874 quasi

911 1886 1084 1920 interrogatis
1102 1892 1154 1919 qua
1170 1893 1250 1912 causa
1262 1885 1337 1912 illum
1350 1893 1410 1912 esse
1419 1885 1464 1912 Dei
1481 1884 1576 1911 Filium
1587 1884 1695 1918 judica-

910 1932 1039 1963 verimus,
1061 1932 1087 1958 id
1112 1931 1233 1965 responsi
1257 1931 1388 1963 ascribit,
1414 1938 1463 1958 nos
1485 1931 1521 1957 ita
1545 1931 1692 1965 judicasse,

913 1987 922 2004 ι
947 1977 1018 2012 quod
1039 1981 1066 2005 et
1092 1976 1203 2004 claudos
1223 1980 1250 2004 et
1277 1984 1363 2004 caecos
1392 1977 1544 2008 curaverit;
1567 1985 1576 2001 ι
1596 1977 1693 2010 quibus

911 2024 996 2055 addit,
1016 2032 1025 2049 ι
1045 2023 1180 2057 quodque,
1197 2026 1226 2049 ut
1241 2022 1329 2050 dicitis
1349 2030 1409 2054 vos,
1430 2027 1551 2049 mortuos
1578 2022 1694 2049 suscita-

910 2069 990 2097 verit.
1015 2068 1153 2096 rClaudos
1169 2073 1196 2096 et
1224 2075 1310 2095 caecos
1332 2076 1346 2095 a
1372 2067 1435 2095 Jesu
1463 2072 1571 2094 curatos
1595 2066 1690 2097 fuisse,

909 2115 1085 2150 quamobrem
1099 2115 1174 2141 illum
1185 2122 1233 2149 pro
1246 2114 1354 2142 Christo
1364 2114 1464 2148 Deique
1472 2113 1541 2140 Filio
1550 2113 1691 2145 habemus,

911 2160 972 2188 inde
987 2161 1158 2195 perspicuum
1169 2163 1219 2192 est,
1237 2160 1307 2193 quod
1320 2164 1346 2186 et
1358 2159 1383 2186 iu
1400 2158 1546 2193 prophetiis
1561 2159 1691 2193 scriptum

909 2206 945 2233 sit
962 2215 968 2233 :
989 2215 999 2231 ι
1023 2205 1099 2233 Tune
1123 2205 1280 2240 aperientur
1304 2206 1374 2233 oculi
1400 2212 1553 2236 cmcorum,
1569 2209 1596 2231 et
1612 2211 1693 2231 aures

908 2253 1051 2280 surtlorum
1079 2252 1201 2284 audient,
1231 2256 1294 2278 tunc
1326 2251 1405 2278 saliet
1442 2250 1556 2277 claudus
1582 2254 1612 2276 ut
1634 2256 1694 2276 cer»

908 2307 958 2326 vus
969 2299 1002 2325 τ’.
1022 2309 1030 2324 ι
1048 2299 1166 2326 Mortuos
1179 2303 1267 2325 autem
1285 2297 1368 2324 fuisse
1381 2298 1537 2329 suscitatos,
1554 2303 1603 2323 nec
1619 2295 1691 2323 istud

911 2350 1080 2372 commentos
1101 2352 1161 2372 esse
1175 2344 1219 2378 qui
1242 2343 1386 2377 Evangelia
1421 2342 1589 2376 scripserint,
1616 2348 1692 2374 aeque

909 2396 1029 2424 constat;
1044 2398 1104 2417 nam
1125 2390 1147 2417 si
1160 2391 1314 2425 ﬁgmentum
1331 2394 1414 2422 esset,
1433 2389 1525 2422 plures
1547 2386 1693 2414 suscitatos

910 2438 1110 2466 recensuissent
1126 2443 1227 2473 eosque
1238 2437 1339 2464 diutius
1353 2436 1379 2461 iu
1395 2433 1577 2461 monumentis
1603 2431 1691 2458 dixis-

909 2489 969 2513 sent
982 2484 1064 2512 l'uisse
1079 2488 1208 2511 moratos.
1223 2481 1286 2509 Illos
1300 2485 1406 2512 contra,
1429 2485 1488 2512 qua:
1512 2484 1558 2503 sua
1574 2474 1690 2503 sinceri-

907 2621 1004 2651 potest.

942 2653 997 2686 (20)
1026 2649 1165 2686 Πολλοὺς
1187 2646 1414 2686 ᾀναγεγρτίςᾳθαι.
1438 2644 1607 2686 .chentlttm'
1629 2641 1691 2686 πολ-

907 2679 969 2719 λοῦς
986 2679 1019 2713 ἂν
1029 2679 1289 2719 ὰναγεγρᾶφθαι,ὐί
1295 2679 1399 2716 optime
1411 2679 1549 2708 adnotavit
1562 2679 1690 2706 Bulterel-

909 2723 998 2791 “15(21)
1016 2755 1100 2783 Codd.
1123 2754 1221 2790 Regius
1244 2759 1271 2782 et
1294 2750 1468 2783 Basileensis,
1492 2748 1616 2783 γενέσθαι
1640 2754 1688 2783 pro

902 2791 1035 2826 λελέχθαι.
