1843 3097
167 115 221 145 875

905 117 1065 146 ()RIGENIS

1747 126 1790 153 876

203 175 248 201 50.
268 174 306 202 Ac
325 173 423 201 Paulus
437 173 545 208 quidem
564 181 590 200 tn
610 174 727 201 secunda
743 181 791 214 sua
809 174 843 200 ad
860 173 913 201 The

1034 175 1089 201 Kal
1101 174 1114 200 ὁ
1124 174 1228 207 Παῦλος
1238 176 1258 202 δ’
1273 176 1301 203 ὲν
1314 178 1346 213 τῇ
1358 177 1425 213 πρὸς
1432 178 1641 211 Θεσσαλωικεῖς
1659 181 1790 218 Ἐπιστολῇ

167 220 349 248 salonicenses
363 220 484 254 Epistola
500 220 621 247 declarat
634 220 770 254 quomodo
790 220 950 248 revelandus

167 266 203 292 sit
219 275 227 291 ι
243 266 325 292 homo
339 265 455 299 peccati,
467 265 539 292 tilius
554 266 713 300 perditionis
729 266 774 300 qui
791 267 950 294 adversatur

166 314 192 336 et
210 309 349 336 extollitur
367 317 448 344 supra
470 317 550 337 omne
572 311 644 344 quod
669 311 770 338 dicitur
792 312 880 342 Deus,
905 316 950 338 aut

165 356 238 390 quod
254 355 364 389 colitur,
381 357 417 383 ita
432 360 460 383 ut
477 356 503 382 in
522 356 621 391 templo
636 357 681 384 Dei
697 357 790 383 sedeat
803 357 950 384 ostendens

164 409 193 429 se
220 406 349 436 tauquam
375 403 411 429 sit
432 403 506 430 Deus
524 401 547 417 ¹¹⁹
561 410 568 434 ;
584 411 593 427 ι
609 410 759 437 rursusque
775 402 950 429 Thessaloni-

165 448 292 475 censibus
317 448 383 475 dicit
398 457 405 475 :
421 457 430 474 ‹
448 448 481 475 Ει
503 455 575 476 nunc
591 448 656 482 quid
674 449 795 475 detineat
811 449 887 475 scitis
900 468 907 480 ,
920 453 950 474 ιιι

164 493 300 520 reveletur
324 494 350 520 in
378 501 429 522 suo
456 498 587 528 tempore.
615 493 683 520 Nam
711 494 868 528 mysterium
893 494 948 528 jam

163 543 295 574 operatur
311 539 480 573 iniquitatis,
501 544 605 566 tantum
631 539 677 574 qui
701 544 773 566 tenet
796 547 886 572 nunc,
911 545 950 566 tc-

163 590 246 617 neat,
262 586 347 612 donec
364 584 397 612 de
412 585 502 612 medio
518 586 575 612 ﬁat.
592 585 625 612 Et
644 590 707 612 tunc
724 585 889 612 revelabitur
905 585 948 612 ille

164 631 274 665 iniquus
285 651 293 664 ,
309 639 388 666 quem
404 631 533 658 Dominus
550 631 698 658 interticiet
711 631 808 665 spiritu
823 631 878 658 oris
890 631 947 664 sui,

163 681 190 702 et
213 677 335 703 destruet
357 676 540 704 illustratione
556 677 690 704 adventus
713 677 754 703 sui
772 684 832 703 eum
845 696 851 708 ,
870 676 948 711 cujus

163 727 206 750 est
217 724 347 749 adventus
357 723 505 749 secundum
515 722 702 757 operationem
715 722 824 749 Satauaa
833 722 860 749 in
873 723 945 749 omni

163 769 263 796 virtute
277 773 305 796 et
317 768 402 803 signis
415 773 442 795 et
452 768 583 803 prodigiis
598 767 819 799 mcudacibus,ct
832 768 858 794 in
874 768 946 794 omni

162 815 323 842 seductione
333 813 487 848 iniquitatis
502 814 536 841 iis
549 814 594 848 qui
609 812 766 848 pereunt“.
781 821 790 837 ι
801 812 862 839 Mox
874 812 947 839 addit

161 867 270 887 causam
284 867 332 886 cur
347 859 456 893 iniquus
469 858 514 886 ille
529 859 556 886 in
568 858 623 885 vita
639 858 742 885 versari
755 858 944 892 permittatur:

159 907 240 943 425
265 916 273 933 ι
295 905 333 934 Eo
347 907 417 940 quod
436 907 597 933 charitatem
625 905 748 932 veritatis
766 912 818 932 non
837 912 947 939 recepe-

161 958 235 984 runt,
251 951 357 979 utsalvi
371 951 478 978 ﬁerent.
499 951 561 978 ideo
585 950 669 977 mittit.
693 950 745 977 illis
761 949 830 976 Deus
849 956 947 983 opera-

161 999 261 1026 tionem
275 998 391 1030 erroris,
411 1003 439 1024 ut
455 999 570 1025 credant
583 997 734 1029 mendacio,
752 1001 781 1023 ιιι
793 995 946 1029 iudicentur

159 1053 254 1073 omnes
270 1045 314 1079 qui
329 1051 381 1071 non
397 1043 574 1070 crediderunt
591 1042 712 1074 veritati,
737 1042 785 1069 sed
799 1048 940 1069 consense-

159 1095 223 1117 runt
241 1090 377 1124 iniquitati
391 1089 426 1115 3‘.
445 1098 453 1114 ι
471 1089 549 1116 Dicat
572 1096 644 1116 nunc
668 1087 776 1122 aliquis,
793 1095 826 1114 an
845 1087 870 1114 in
887 1087 946 1113 istis

158 1137 296 1171 Evangelii
322 1140 350 1163 et
379 1135 493 1169 apostoli
526 1135 689 1162 testimoniis
717 1134 868 1169 quidquam
900 1133 945 1164 sit,

158 1183 231 1218 quod
247 1183 312 1210 dare
328 1183 415 1209 locum
439 1181 521 1216 possit
540 1180 695 1215 suspicandi
718 1179 945 1214 praestigiatorum

157 1233 231 1255 artes
251 1227 305 1255 illic
321 1227 405 1254 fuisse
430 1227 582 1260 praedictas.
612 1227 648 1253 De
665 1225 837 1253 Antichristo
852 1223 946 1252 Daniel

156 1281 265 1309 quoque
280 1273 363 1301 edidit
375 1272 530 1300 vaticinium
553 1272 589 1304 ⁸⁵,
603 1271 674 1306 quod
701 1271 770 1305 legat
787 1270 833 1305 qui
853 1269 946 1297 volue—

157 1321 203 1348 rit.
220 1321 255 1347 At
265 1320 346 1347 verba
358 1318 421 1346 Jesu
436 1320 567 1351 depravat
583 1317 689 1344 Celsus.
704 1315 797 1350 Neque
809 1315 880 1342 enirn
901 1316 946 1344 ille

156 1364 226 1392 dixit
242 1371 371 1398 unquam,
396 1363 466 1397 quod
491 1363 525 1389 ab
551 1361 597 1388 illo
624 1362 727 1388 dictum
757 1367 816 1388 esse
830 1360 946 1388 alIirmat

156 1410 261 1442 Celsus,
279 1414 409 1436 venturos
423 1408 468 1442 qui
484 1407 578 1434 eadem
593 1406 712 1434 facerent
725 1406 866 1439 miracula,
883 1406 946 1434 licet

155 1455 272 1490 improbi
304 1459 331 1482 et
365 1453 585 1489 praestigiatores.
621 1452 689 1479 Nam
714 1452 944 1486 quemadmodum

1001 219 1113 255 δευτέρᾳ
1128 220 1305 254 ἀποφαίνεται
1335 222 1395 249 τίνα
1421 224 1520 257 τρόπον
1542 225 1791 261 ἀποκαλυφθήσεται

1001 273 1067 291 ποτε
1080 271 1090 288 ι
1105 266 1118 292 ὁ
1132 265 1272 301 ἄνθρωπος
1288 268 1336 302 τῆς
1351 268 1464 303 ἀνομίας
1476 269 1543 305 (52),
1560 271 1574 296 ὁ
1590 271 1648 302 υἱὸς
1665 272 1716 306 τῆς
1727 273 1791 299 ἀπω-

1002 309 1085 342 λείας,
1107 311 1122 336 ὁ
1137 311 1320 346 ἀντικείμενος
1340 314 1386 339 καὶ
1402 314 1621 350 ὑπεραιρόμενος
1641 317 1689 343 ἐπὶ
1713 318 1791 344 πάντα

1000 355 1143 390 λεγόμενον
1164 356 1258 393 Θεὸνῆ
1279 358 1412 393 σέϐασμα,
1430 359 1494 386 ὥστ’
1514 361 1596 387 αὐτὸν
1612 362 1652 393 εἰς
1673 363 1719 388 τὸν
1736 365 1791 391 ναὸν

1000 401 1046 427 τοῦ
1055 401 1121 428 Θεοῦ
1131 402 1250 435 καθῖσαι,
1257 404 1467 432 ἁποδεικνύοντα
1476 406 1571 434 ἑαυτὸν
1586 407 1627 433 ὅτι
1636 408 1696 435 ἐστὶ
1704 409 1789 442 Θεὸς.»

1000 450 1054 476 Καὶ
1067 449 1146 476 πάλιν
1156 451 1222 485 φησι
1231 452 1285 482 τοῖς
1298 451 1532 479 Θεσσαλονικεῦσι·
1544 463 1553 479 ι
1569 455 1625 480 Καὶ
1638 455 1686 481 νῦν
1697 456 1727 481 τι
1738 465 1792 483 κιτ-

1000 495 1060 529 έχον
1075 495 1162 522 οἴδατε
1177 497 1216 527 είς
1229 496 1260 522 τὸ
1275 497 1500 533 ἀποκαλυφθῆναι
1516 499 1599 526 αὐτὸν
1617 501 1648 526 ἐν
1661 500 1700 535 τῷ
1716 502 1791 528 αὐτοῦ

1000 539 1097 575 καιρῷ.
1107 541 1144 566 Τὸ
1152 541 1206 576 γὰρ
1220 542 1367 576 μυστήριον
1382 542 1430 578 ἤδη
1445 543 1597 578 ἐνεργεῖται
1610 545 1660 580 τῆς
1672 546 1790 581 ἀνομίας·

1002 586 1081 621 μόνον
1091 586 1105 612 ὁ
1116 587 1238 621 κατέχων
1252 587 1312 622 ἀρτι
1327 587 1380 619 ἕως
1392 588 1424 614 ὲκ
1438 588 1519 622 μέσου
1532 589 1658 625 γένηται.
1669 591 1725 617 Καὶ
1739 592 1791 618 τότε

999 631 1255 667 ἀποκαλυφθήσεται
1271 633 1286 658 ό
1301 632 1409 667 ἄνομος,
1425 633 1454 659 ὃν
1470 634 1573 669 Κύριος
1594 636 1607 661 ὁ
1619 635 1688 667 Θεὸς
1710 637 1793 663 ἀνελεῖ

999 677 1037 712 τῷ
1048 677 1101 712 (55)
1111 677 1245 712 πνεύματι
1255 677 1301 703 τοῦ
1317 678 1449 713 στόματος
1461 679 1555 711 αὑτοῦ,
1568 681 1615 706 καὶ
1628 683 1792 718 καταργήσει

999 725 1030 758 τῇ
1041 723 1186 758 ἐπιφανείᾳ
1193 723 1241 758 τῆς
1249 724 1399 759 παρουσίας
1408 725 1500 751 αὑτοῦ·
1510 722 1541 751 οὗ
1552 726 1625 752 ἐστιν
1633 727 1650 761 ἡ
1662 729 1793 762 παρουσία

998 770 1057 796 κατ’
1070 769 1208 804 ἐνέργειαν
1224 769 1269 795 τοῦ
1282 770 1388 796 Σατανᾶ
1407 772 1436 796 ὲν
1455 771 1529 806 πάσῃ
1544 772 1669 807 δυνάμει,
1689 774 1737 799 καὶ
1751 783 1794 808 ση-

1000 814 1095 848 μείοις,
1114 814 1160 840 καὶ
1175 814 1271 849 τέρασι
1287 814 1411 849 ψεύδους,
1428 816 1475 842 καὶ
1490 817 1518 842 ἐν
1534 816 1609 853 πάσῃ
1626 817 1720 853 ἀπάτῃ
1740 819 1793 845 ἀδι-

997 859 1058 890 κίας
1069 860 1097 885 ἐν
1107 861 1162 890 τοῖς
1174 859 1394 894 ἀπολλυμένοις.»
1405 860 1595 895 Ἑκτιθέμενος
1605 862 1633 888 δὲ
1646 863 1695 888 καὶ
1702 862 1752 897 τὴν
1762 864 1797 889 αἱ·

997 905 1055 930 τίαν
1068 905 1115 931 τοῦ
1125 904 1319 940 ἐπιτρέπεσθαι
1335 905 1380 931 τὸν
1398 905 1498 940 ἄνομον
1515 907 1662 942 ἐπιδημεῖν
1675 908 1715 943 τῷ

997 951 1093 985 φησίν”
1118 960 1127 976 ι
1157 950 1228 976 Ἀνθ’
1245 948 1282 977 ὧν
1309 951 1359 985 τὴν
1387 950 1497 986 ἀγάπην
1521 951 1574 986 τῆς
1595 951 1725 986 ἀληθείας
1750 955 1795 980 οὐκ

991 996 1121 1029 ἐδέξαντο
1137 997 1177 1027 εἰς
1191 997 1220 1022 τὸ
1236 995 1354 1031 σωθῆναι
1374 996 1481 1027 αὐτούς.
1498 997 1554 1022 Καὶ
1570 996 1614 1023 διὰ
1628 997 1710 1023 τοῦτο
1725 999 1795 1034 πέμ-

998 1051 1042 1068 πει
1057 1042 1110 1075 (5-4)
1127 1042 1218 1073 αὐτοῖς
1241 1043 1255 1068 ό
1272 1041 1337 1072 Θεὸς
1360 1041 1501 1077 ἐνέργειαν
1525 1041 1630 1077 πλάνης
1650 1044 1692 1074 εἰς
1707 1043 1738 1069 τὸ
1757 1052 1795 1069 πι-

999 1088 1110 1114 στεῦσαι
1127 1088 1225 1118 αὐτοὺς
1246 1086 1285 1121 τῷ
1301 1087 1402 1121 ψεύδει,
1421 1088 1464 1113 ἵνα
1487 1087 1620 1122 κριθῶσιν
1638 1088 1763 1121 ἅπαντες
1775 1090 1795 1115 οι

999 1134 1036 1169 μὴ
1053 1133 1247 1164 πιστεύσαντες
1262 1135 1296 1168 τῇ
1322 1133 1446 1168 ἀληθείᾳ,
1463 1133 1521 1160 ἀλλ’
1546 1135 1751 1170 εὐδοκήσαντες
1772 1137 1796 1162 ὲν

997 1181 1032 1215 τῇ
1046 1179 1148 1214 ἀδικίᾳ.
1169 1189 1177 1204 ι
1197 1179 1307 1213 Λεγέτω
1320 1188 1362 1210 τις
1376 1177 1422 1205 οὖν
1434 1180 1509 1214 ἡμῖν,
1529 1181 1554 1206 εί
1567 1180 1681 1207 δύναταί
1702 1190 1729 1208 τι
1746 1182 1796 1207 τῶν

997 1225 1025 1251 ὲν
1048 1225 1086 1260 τῷ
1105 1225 1263 1260 Εὑαγγελίῳ
1278 1225 1293 1260 ἢ
1310 1225 1363 1251 τῶν
1387 1225 1471 1261 παρὰ.
1484 1225 1524 1260 τῷ
1543 1227 1688 1262 ἀποστολῳ
1704 1227 1796 1263 χώραν

997 1271 1125 1306 παρέχειν
1147 1271 1274 1301 ὑπονοίας
1294 1271 1421 1305 γοητείας
1439 1272 1700 1308 προαγορευομένης
1726 1273 1795 1299 κατὰ

996 1317 1041 1342 τὸν
1056 1317 1146 1343 τόπον.
1167 1317 1304 1350 Παρέσται
1322 1317 1351 1343 δὲ
1377 1317 1416 1351 τῷ
1433 1316 1587 1352 βουλομένῳ
1605 1319 1654 1344 καὶ
1679 1319 1737 1345 ἀπὸ
1752 1319 1795 1344 τοῦ

996 1362 1094 1398 Δανιὴλ
1114 1362 1238 1388 ἐκλαϐεῖν
1254 1362 1303 1397 τὴν
1321 1362 1384 1397 περ).
1407 1362 1454 1388 τοῦ
1477 1363 1669 1399 Ἀντιχρίστου
1689 1373 1796 1399 προεξη-

996 1408 1079 1434 τείαν.
1095 1407 1300 1442 Καταψεύδεται
1321 1407 1350 1433 δὲ
1373 1407 1426 1434 τῶν
1439 1407 1525 1442 λόγων
1547 1408 1647 1443 Ἰησοῦ,
1667 1409 1744 1441 ἐπεὶ,
1763 1410 1795 1444 μὴ

996 1453 1117 1484 εἰπόντος
1140 1453 1232 1484 αὑτοῦ,
1256 1453 1323 1478 διότι
1343 1452 1506 1488 παρέσονται
1531 1453 1621 1489 ἕτεροι
1646 1454 1796 1489 δυνάμεων

154 1501 347 1536 ΛΕεγριίοι-υιιι
366 1500 567 1526 incantatorum
595 1505 644 1533 par
667 1505 721 1525 non
737 1503 797 1524 erat
824 1501 911 1530 potest

1008 1499 1102 1534 ιμοίαις
1126 1498 1273 1534 χρώμενοι,
1299 1499 1380 1524 κακοὶ
1399 1499 1447 1524 καὶ
1472 1499 1580 1534 γόητες,
1604 1500 1689 1531 αὐτός
1714 1509 1795 1535 φησιν

158 1547 281 1575 miriﬁca;
298 1545 347 1579 illi,
361 1553 420 1579 qua:
433 1545 460 1571 in
477 1544 568 1580 Moyse
583 1548 652 1578 erat,
670 1544 781 1579 gratiae;
805 1548 832 1570 et
848 1550 942 1570 eorum

158 1599 241 1627 opera
260 1598 351 1619 meras
364 1597 425 1617 esse
442 1589 606 1624 praestigias,
619 1596 678 1623 quae
698 1596 762 1616 vero
779 1588 885 1623 Moyses
902 1588 942 1615 fe-

157 1638 209 1670 cit,
236 1645 252 1664 a
278 1636 369 1664 divina
394 1636 495 1663 virtute
521 1635 657 1670 proﬁcisci
684 1635 869 1669 comprobavit
886 1635 943 1662 exi-

159 1689 202 1710 tus
215 1682 259 1715 “;
274 1682 311 1709 ita
325 1689 386 1715 qua:
404 1681 471 1707 mira
487 1680 591 1707 faciunt
606 1680 770 1713 antichristi,
797 1679 870 1713 iique
895 1680 942 1714 qui

156 1737 185 1756 se
199 1727 339 1763 patrandis
361 1726 499 1753 miraculis
521 1733 600 1760 pares
623 1726 686 1753 Jesu
714 1725 855 1760 discipulis
881 1732 943 1752 esse

155 1773 312 1805 venditant,
326 1776 477 1798 vocantur:
497 1772 575 1806 signa
591 1775 617 1798 et
634 1770 756 1805 prodigia
772 1771 939 1802 mendacia,’

155 1826 215 1853 qua:
232 1828 242 1844 ι
262 1818 290 1845 in
303 1817 377 1844 otnni
391 1817 549 1844 seductione
569 1816 722 1850 iniquitatis
740 1827 749 1842 ι
767 1816 820 1842 vim
840 1815 941 1843 habent

156 1873 167 1890 ι
187 1864 214 1891 in
231 1871 277 1891 eos
293 1863 338 1898 qui
351 1867 480 1897 pereunt;
501 1872 509 1888 ι
526 1862 717 1889 miraculorum
734 1868 824 1889 autem
842 1862 942 1889 Christi

153 1915 182 1938 et
195 1910 253 1945 ejus
269 1909 463 1943 discipulorum
477 1908 582 1936 fructus
596 1912 647 1941 est,
670 1916 722 1935 non
744 1908 878 1942 deceptio,
894 1908 942 1935 sed

153 1958 307 1984 animarum
331 1955 415 1983 salus.
455 1954 521 1987 Quis
552 1956 624 1982 enim
651 1955 750 1982 dixerit
784 1955 942 1989 deceptione

153 2000 233 2033 ellici,
245 2005 274 2028 ut
289 2000 449 2028 emendetur
466 1999 520 2026 vita
541 2005 570 2027 et
592 2000 694 2027 malitia
712 1999 835 2034 quotidie
854 1999 941 2034 magis

153 2054 185 2074 ac
197 2047 284 2082 magis
299 2046 435 2074 minuatur
446 2046 457 2065 7

191 2139 235 2165 5L
255 2137 386 2165 Nonnihil
402 2138 428 2164 in
455 2137 595 2172 Scriptura
617 2137 728 2164 videbat
754 2137 858 2170 Celsus,
877 2145 938 2164 cum

995 1545 1076 1571 αὑτὸν
1088 1544 1228 1580 εἰρηκέναι
1243 1544 1273 1570 τὺ
1290 1544 1419 1570 τοιοῦτον.
1438 1545 1482 1575 Ὧς
1499 1545 1554 1580 γὰρ
1577 1546 1628 1580 οὐχ
1648 1546 1736 1580 ὁμοία
1753 1546 1796 1572 δι-

993 1598 1075 1625 ναμις
1102 1589 1188 1625 ἡτῶν
1215 1590 1243 1615 ὲν
1262 1590 1392 1624 Αἰγύπτῳ
1420 1590 1533 1624 ἐπῳδῶν
1558 1590 1616 1625 (35)
1705 1592 1737 1618 ἐν
1761 1591 1796 1625 τῷ

993 1636 1096 1671 Μωῦσῇ
1114 1635 1256 1671 παραδόξῳ
1269 1635 1360 1670 χάριτι
1370 1644 1377 1650 ·
1399 1634 1467 1661 ἀλλά
1481 1636 1512 1661 τὸ
1528 1635 1604 1667 τέλος
1618 1636 1752 1672 διήλεγχε
1765 1638 1796 1663 τὰ

995 1682 1044 1717 μὲν
1074 1681 1128 1708 τῶν
1149 1681 1307 1715 Αἰγυπτίων
1330 1681 1394 1708 ὄντα
1420 1683 1600 1717 μαγγανείας,
1629 1682 1664 1708 τα
1685 1683 1715 1709 δὲ
1751 1683 1795 1709 τοῦ

985 1726 1123 1758 Μωῡσέως
1135 1725 1209 1752 θεῖα·
1225 1725 1312 1758 οὕτως
1331 1726 1364 1753 τὰ
1390 1727 1438 1762 μὲν
1455 1726 1509 1753 τῶν
1524 1727 1724 1762 ἀντιχρίστων,
1750 1729 1796 1754 καὶ

993 1773 1045 1799 τῶν
1062 1771 1302 1808 προσποιουμένων
1322 1772 1452 1808 δυνάμεις
1474 1773 1512 1804 ὡς
1538 1773 1671 1808 μαθητῶν
1693 1773 1794 1808 Ἰηπῧ,

996 1827 1005 1843 ι
1023 1820 1124 1853 σημεῖα
1144 1819 1190 1845 καὶ
1218 1820 1318 1854 τέρατα
1340 1828 1348 1843 ι
1365 1818 1473 1852 λέγεται
1490 1816 1559 1844 εἶναι
1579 1827 1589 1844 ί
1617 1819 1751 1853 ψεύδους,
1768 1820 1796 1845 ἐν

993 1864 1066 1899 πάσῃ
1078 1864 1170 1900 ἀπάτῃ
1185 1865 1291 1895 ἀδικίας
1299 1865 1356 1896 τοῖς
1370 1863 1569 1898 ἀπολλυμένοις
1579 1864 1723 1899 ἰσχύοντα·
1741 1875 1751 1890 ι
1764 1866 1794 1890 τὰ

992 1909 1019 1936 δὲ
1043 1910 1090 1936 τοῦ
1113 1910 1231 1946 Χριστοῦ
1259 1911 1306 1936 καὶ
1335 1910 1388 1936 τῶν
1412 1909 1541 1945 μαθητῶν
1570 1910 1657 1937 αὑτοῦ
1685 1912 1795 1946 καρπὸν

992 1956 1070 1992 ἔσχεν
1093 1957 1143 1982 οὐκ
1159 1957 1277 1991 ἀπάτην,
1304 1956 1373 1983 ἀλλὰ
1389 1957 1525 1992 σωτηρίαν
1541 1956 1649 1991 ψυχῶν.
1666 1957 1719 1989 Τίς
1741 1958 1794 1992 γὰρ

991 2001 1037 2027 τὸν
1054 2002 1196 2036 κρείττονα
1214 2002 1280 2036 βίον,
1299 2003 1345 2028 καὶ
1367 2001 1544 2029 συστέλλοντα
1562 2001 1597 2028 τὰ
1620 2002 1673 2036 τῆς
1694 2003 1795 2034 κακίας

991 2046 1125 2082 ὁσημέραι
1140 2047 1185 2072 ἐπὶ
1203 2047 1232 2072 τὸ
1244 2046 1361 2078 ἔλαττον,
1377 2047 1495 2080 εὐλόγως
1511 2046 1594 2081 φησὶν
1612 2047 1671 2072 ἀπὸ
1684 2047 1795 2082 ἀπάτης

991 2091 1113 2126 γίνεσθαι
1125 2099 1132 2124 ;

1032 2137 1169 2163 ’Υπείδετο
1186 2137 1214 2163 δὲ
1230 2138 1244 2163 ὁ
1261 2137 1364 2168 Κέλσος
1376 2137 1406 2163 τὸ
1422 2136 1475 2163 ἀπὸ
1491 2137 1542 2171 τῆς
1564 2137 1694 2172 Γραφῑκ,
1711 2139 1795 2171 ποιῇ-

154 2181 327 2209 dixitJesum
347 2181 542 2216 prazmonuisse
565 2182 633 2213 fore,
657 2191 666 2207 ι
696 2181 852 2209 tItSatanas
877 2189 911 2216 qn

1009 2191 1041 2214 ας
1055 2183 1100 2209 τὸν
1119 2182 1220 2217 Ἰησοῦν
1237 2183 1386 2218 εἰρηκέναι,
1404 2191 1413 2207 ι
1426 2183 1466 2208 ὅτι
1474 2182 1595 2213 Σατανᾶς
1611 2191 1655 2214 τις
1676 2183 1795 2210 τοιαῦτα

153 2228 217 2254 dam
233 2228 354 2262 prodigia
382 2227 494 2255 faceret.
520 2237 529 2254 ι
557 2227 610 2254 Sed
628 2228 692 2254 hinc
712 2227 795 2254 nimis
823 2235 938 2262 propere

153 2273 259 2308 colligit
282 2282 292 2298 ι
314 2274 365 2301 hoc
387 2281 447 2301 esse
473 2274 564 2305 fateri,
590 2273 711 2308 prodigia
728 2273 786 2300 haec
802 2273 868 2300 nihil
891 2273 939 2300 ba-

152 2318 219 2346 bere
242 2319 405 2352 divinitatis,
422 2319 469 2346 sed
493 2326 553 2346 esse
577 2319 771 2346 sceleratorum
797 2319 936 2345 hominum

150 2371 246 2400 opera.
266 2375 276 2391 ι
299 2365 346 2393 Sic
371 2366 465 2393 eodem
493 2373 592 2401 genere
616 2365 761 2398 concludit,
790 2373 849 2399 quae
873 2370 937 2393 sunt

150 2411 260 2446 generis
277 2411 356 2447 longe
384 2412 496 2438 diversi.
517 2411 593 2438 Sicut
612 2411 684 2438 enim
708 2411 787 2446 lupus
805 2415 832 2438 et
848 2411 935 2443 canis,

151 2457 289 2490 palumbes
308 2461 336 2484 et
361 2457 498 2489 columba,
517 2465 570 2484 non
593 2457 712 2491 ejusdem
739 2460 802 2483 sunt
818 2457 935 2490 generis,

150 2503 259 2531 tametsi
276 2511 374 2538 corpus
391 2507 418 2532 et
436 2511 486 2532 vox
507 2503 630 2530 nonnihil
646 2503 734 2530 simile
749 2502 878 2536 prarferre
896 2502 936 2529 vi—

992 2229 1263 2264 παραμηχανήσεται.
1293 2238 1303 2254 ι
1339 2227 1417 2254 Ἀλλὰ
1448 2228 1495 2254 καὶ
1532 2227 1709 2263 συναρπάζει
1745 2228 1794 2253 τὸν

991 2275 1079 2308 λόγον,
1110 2275 1221 2308 φάσκων
1251 2283 1259 2299 ι
1293 2274 1330 2308 μὴ
1355 2273 1466 2307 ἔξαρνον
1496 2270 1566 2298 εἶναι
1594 2273 1643 2299 τὸν
1669 2273 1793 2308 Ἰησοῦν,

990 2320 1028 2351 ὡς
1050 2319 1134 2346 ταῦτα
1148 2319 1223 2346 οὐδὲν
1245 2319 1315 2345 Θεῖον
1328 2318 1393 2353 ἔχει,
1413 2317 1479 2344 ἀλλὰ
1497 2318 1626 2353 πονηρῶν
1641 2319 1719 2344 ἐστιν
1744 2319 1794 2352 ἑρ-

989 2373 1042 2398 γα·
1065 2374 1074 2390 ι
1091 2364 1208 2399 ὁμογενῆ
1221 2363 1275 2399 γὰρ
1291 2364 1361 2390 αὐτὰ
1374 2363 1522 2399 πεποίηκεν
1548 2364 1698 2398 ἑτερογενῆ
1721 2373 1795 2397 τυγο

988 2410 1113 2445 χάνοντα.
1131 2410 1185 2436 Καὶ
1198 2410 1292 2446 ὥσπερ
1312 2410 1393 2441 λύκος
1412 2410 1474 2436 κυνὶ
1497 2409 1547 2443 οὐχ
1563 2409 1712 2444 ὁμογενὴς,
1735 2410 1795 2436 κᾶν

989 2456 1053 2492 δοκῇ
1064 2456 1136 2491 ἔχειν
1151 2465 1177 2482 τι
1198 2455 1385 2492 παραπλήσιον
1401 2456 1429 2481 ὲν
1447 2455 1485 2490 τῷ
1506 2454 1553 2481 τοῦ
1574 2454 1704 2490 σώματος
1718 2456 1794 2490 art;-

991 2510 1055 2536 ματι
1070 2501 1116 2528 καὶ
1131 2502 1164 2536 τῇ
1181 2502 1266 2536 φωνῇ,
1282 2500 1342 2527 οὐδὲ
1354 2500 1444 2533 φάσσα
1457 2500 1490 2534 τῇ
1506 2499 1658 2534 περιστερᾷ
1668 2507 1675 2513 ·
1693 2498 1794 2530 οὕτως

192 2559 215 2574 '”
233 2558 256 2586 ll
267 2559 362 2587 Thess.
377 2566 406 2591 ιι,
421 2559 447 2585 5.
486 2559 508 2573 ⁸ο
525 2558 591 2585 Ibid.
609 2558 626 2584 6
640 2565 716 2592 seqq.
732 2557 754 2573 ⁸¹
773 2556 843 2583 Ibid.
858 2556 903 2589 10,

1008 2550 1105 2582 ἰ’ῡιιιι.
1130 2563 1179 2589 vn,
1199 2555 1246 2582 9.6.
1261 2556 1284 2571 ⁸³
1299 2555 1382 2582 Exod.
1407 2562 1455 2587 vn,
1473 2554 1518 2580 12.

185 2626 241 2662 (5‘2)
257 2626 456 2662 Otnuesrmss”
480 2626 602 2661 ἀνομίας.
629 2625 781 2662 Spenccrus
799 2624 825 2651 in
851 2629 934 2662 textu,

150 2659 294 2696 ἁμαρτίας.
310 2661 393 2688 Paulo
405 2666 465 2694 post
485 2659 578 2696 omnes
598 2668 675 2696 mssa,
694 2659 837 2696 λεγόμενον
859 2659 934 2696 Θεον.

149 2694 226 2731 μωῂ
239 2696 340 2731 excusi,
355 2696 500 2731 λεγόμενον
514 2695 530 2730 ἢ
542 2694 718 2731 ΘεόνκΡιιυΙο
734 2694 841 2731 infra_iu
856 2695 934 2721 codd.

149 2729 232 2763 Regio
244 2737 270 2757 et
283 2728 428 2757 Basileeusi
445 2728 595 2761 deest'roi;
612 2728 847 2755 Θεσσαλονικεῦσι.

184 2765 238 2799 (55)
251 2766 301 2791 Ὃν
314 2766 421 2798 Κύριος
435 2767 450 2792 o'
466 2765 537 2797 Θεὸς
551 2764 653 2792 ἀνελεῖ
668 2764 716 2796 τῷ,
731 2768 783 2790 etc.
801 2763 936 2799 Sicrrccte

149 2805 242 2825 Omnes
257 2807 320 2826 mss.
340 2805 368 2826 et
391 2799 568 2826 stchelius.
596 2799 739 2832 l’erperant
759 2806 823 2824 vero
849 2798 935 2832 Spen-

150 2840 228 2859 cerus
254 2834 279 2860 in
302 2838 374 2860 textu
400 2834 488 2868 habet,
514 2834 542 2860 ὃν
567 2834 667 2869 Κύριος
695 2833 846 2865 ἀναλώσει,
872 2834 934 2860 ἁνε-

985 2623 1025 2649 λεί
1040 2623 1089 2658 τῷ,
1104 2628 1156 2650 etc.

1020 2659 1076 2693 (5t)
1098 2657 1266 2685 lloeschelius
1281 2662 1309 2684 et
1320 2665 1414 2685 omnes
1428 2665 1506 2689 mss.,
1522 2657 1639 2693 πέμπει.
1657 2657 1789 2691 Βρρηοε-

981 2692 1042 2725 a‘us,
1058 2693 1171 2728 πέμψει.
1192 2693 1273 2728 Infra?
1288 2693 1368 2728 codd.
1391 2693 1489 2726 Regius
1510 2698 1537 2719 et
1558 2692 1742 2728 Basileettsis.
1768 2693 1787 2727 ἢ

984 2728 1038 2754 τῶν
1056 2728 1084 2753 ὲν
1098 2727 1138 2762 τῷ
1154 2727 1314 2762 ’Δποπὸλῳ.
1334 2727 1417 2753 Paulo
1446 2733 1505 2761 post
1526 2727 1595 2760 libb.
1616 2727 1715 2754 excusi
1745 2729 1786 2754 ad

984 2761 1143 2798 marginem,
1157 2761 1412 2798 προαγορευομένης
1427 2761 1495 2788 κατὰ
1508 2762 1554 2788 τὸν
1572 2762 1682 2798 τρόπον.

985 2796 1302 2858 ὲτὲιῖξέιξριωζιὶρειυς,
1319 2796 1480 2824 Uasilcensis
1497 2804 1524 2825 et
1543 2796 1598 2825 duo
1615 2796 1786 2832 Anglicani,

984 2839 995 2858 ε
1000 2839 1125 2859 παοιοων.
