1843 3097
151 124 204 152 E79

150 235 210 254 sum
229 224 356 259 loquitur,
380 222 444 248 libet
459 228 521 247 eum
539 221 579 247 sic
596 220 758 253 compellare
775 228 782 245 :
800 219 838 246 Tu
859 227 930 251 vero,

151 273 220 298 bone
235 271 285 301 vir,
301 277 350 296 cnr
376 266 515 297 miracula,
543 274 603 300 qme
624 274 637 291 a
667 265 721 292 Deo
744 273 792 300 per
815 265 932 301 Moysen]

149 317 217 344 facta
235 321 295 342 esse
315 318 366 339 tum
383 311 525 345 scripturae
541 310 675 342 referunt,
690 310 779 336 divina
795 316 854 336 esse
873 316 934 336 cre-

148 362 198 392 dis,
214 365 240 387 ct
258 359 386 386 adversus
409 364 467 389 eos,
493 356 538 389 qui
570 355 615 382 illa
642 360 668 382 et
691 362 832 390 magorum
848 354 934 389 [Egy-

147 407 264 441 ptiorum
282 402 435 438 praestigias
453 401 547 428 eodem
564 403 622 426 loco
638 405 794 431 numerant.
808 399 876 426 tueri
893 404 934 426 at-

147 459 199 486 que
212 450 359 478 defendere
382 447 502 478 conaris.
529 451 556 473 ct
585 445 729 480 Egyptios
755 449 815 472 tuos
842 445 933 472 hostes

147 497 266 523 imitatus
282 494 410 522 infitiaris
425 493 515 519 divina
529 499 599 521 esse,
613 498 672 526 qua:
688 490 765 517 .lcsus
793 491 878 524 teipso
893 491 934 516 fa-

146 547 221 570 tente
239 540 358 576 patravit
377 537 526 566 miracula?
541 537 606 563 Nam
621 537 642 563 si
660 535 855 563 miraculorum
876 537 932 563 exi-

147 595 201 622 ltl<,
225 589 246 615 si
271 592 325 614 tota
347 594 413 620 gens
429 593 478 620 per
495 583 625 612 miracula
649 583 748 618 Muysis
772 583 930 615 constituta,

146 635 286 662 evidenter
301 632 416 668 probant
440 631 473 658 de
500 630 591 664 Moyse
612 630 696 656 Deum
714 637 762 663 per
778 628 851 655 illum
875 629 932 656 haec

148 681 243 707 fecisse
284 677 432 710 miracula;
467 684 516 703 cur
543 676 613 702 idem
645 682 697 701 non
735 675 872 702 constabit
899 675 932 701 de

145 726 207 753 .lesu
222 746 228 757 ,
261 725 305 758 qui
329 723 411 750 multo
433 722 545 756 maiora,
570 729 650 755 quam
679 720 796 755 Moyses.
821 720 930 747 effecit?

145 772 225 808 42⁵1
250 771 294 798 llle
307 769 378 797 enim
401 768 514 804 gentiles
532 775 594 795 suos
606 776 619 793 a
629 768 732 794 semine
743 766 878 794 Abraham
891 774 932 792 or-

146 815 418 851 tos,circumcisionis
427 815 595 848 aliorumque
609 813 789 840 abAhraham
803 813 930 840 continua

145 862 316 891 successione
332 865 505 895 acceptorum
524 861 624 886 rituum
643 859 782 893 religiosos
799 859 929 886 observa-

145 915 226 938 tores,
239 912 319 941 atque
335 911 472 941 promptos
486 905 540 937 jam
560 911 586 931 et
600 909 709 939 paratos
722 908 828 936 nactus,
838 904 930 931 eduxit

143 962 176 981 ex
190 953 317 988 Egypto,
343 952 436 985 eisque
459 951 575 982 divinas,
593 955 622 977 ut
639 950 739 981 credis,
756 951 828 984 leges
844 950 928 984 impo-

142 999 207 1025 snit.
237 998 284 1024 llic
303 1002 391 1024 autem
417 996 502 1030 majus
516 997 644 1031 quiddam
664 1004 756 1028 ausus,
781 996 928 1030 antiquatis

144 1044 274 1071 institutis
295 1043 416 1078 pristinis
446 1042 620 1077 moribusque
649 1043 754 1076 patriis,
779 1042 804 1068 in
830 1042 929 1076 quibus

142 1095 234 1124 gentes
257 1090 378 1116 educata“:
403 1089 520 1121 fuerant,
543 1088 696 1122 reipublicze
715 1088 828 1114 formam
844 1095 928 1114 eratt-

141 1135 234 1166 uelicis
272 1135 437 1169 praescriptis
475 1139 687 1162 consentaneam
725 1134 926 1168 superiuduxit.

143 1181 373 1214 Quemadmodum
386 1181 467 1216 igitur
480 1181 597 1216 Moyses,
612 1186 642 1207 ut
653 1180 703 1208 sibi
721 1180 788 1214 apud
805 1185 926 1207 senatum

143 1227 300 1262 plebemque
327 1226 429 1254 faceret
463 1227 554 1260 fidem,
576 1235 643 1262 opus
670 1228 763 1254 habuit
789 1227 927 1254 miraculis

142 1281 201 1308 quae
223 1272 367 1306 Scriptura:
382 1278 615 1306 commemorant;
629 1280 678 1299 cur
692 1281 744 1299 non
761 1271 823 1299 Jesu
841 1273 923 1299 mira-

141 1319 209 1346 culis
222 1325 290 1352 opus
303 1317 360 1348 fuit,
377 1323 404 1344 ut
418 1318 454 1344 illi
469 1318 547 1344 fidem
569 1317 729 1351 adiungeret
741 1317 866 1352 populus,
880 1319 925 1352 qui

141 1365 216 1400 signa
239 1369 265 1391 et
280 1364 402 1402 prodigia
422 1365 560 1398 postulare
580 1363 784 1391 consueverat?
802 1364 856 1391 lmo
870 1371 926 1391 ma-

139 1410 241 1443 joribus
255 1410 498 1444 divinioribusque,
513 1417 593 1444 quam
610 1417 670 1444 qua:
687 1409 792 1443 Moyses
810 1409 926 1441 fecerat,

140 1464 207 1490 opus
221 1456 279 1488 fuit,
297 1461 325 1483 nt
341 1461 494 1483 averterent
509 1456 543 1482 ab
565 1455 689 1482 inanibus
709 1455 807 1481 fabulis
828 1455 924 1481 Imma-

887 116 1048 144 ORIGENIS

193 179 237 206 5‘2.
252 178 283 205 Et
302 176 428 210 quoniam
447 173 556 201 Judteus
573 178 613 200 est
637 174 681 208 qui
700 173 758 201 huic
782 175 851 208 apud
874 174 933 201 Cel-
949 177 973 204 Α

1724 123 1771 149 880

1027 176 1102 202 Ἐπεὶ
1117 175 1139 202 δ’
1160 176 1282 208 Ἰουδαῖός
1307 176 1380 203 ἐστιν
1400 178 1414 204 ὁ
1431 178 1505 212 παρὰ
1518 178 1557 214 τῷ
1571 179 1670 214 Κέλσῳ
1690 180 1771 208 ταῦτα

985 220 1081 255 λέγων,
1100 221 1224 257 εἴποιμεν
1241 221 1274 248 ἂν
1292 222 1360 257 πρὸς
1385 223 1480 249 αὐτόν’
1498 224 1534 249 Σὺ
1547 224 1574 250 δὲ
1590 225 1633 259 δὴ,
1649 222 1672 251 ὦ
1689 223 1771 257 οὗτος.

984 266 1010 292 τί
1033 267 1132 302 δήποτε
1156 267 1190 293 τὰ
1218 268 1268 302 μὲν
1292 268 1366 303 παρὰ
1387 269 1428 294 σοι
1449 269 1640 304 γεγραμμένα,
1664 271 1702 301 ὼς
1723 272 1772 297 ὑπὸ

984 311 1051 337 Θεοῦ
1065 311 1107 338 διὰ
1125 312 1267 344 Μωῡσέως
1293 313 1509 345 ἐπιτελεσθέντα,
1533 314 1593 341 θεῖα
1609 313 1680 341 εἶναι
1696 317 1771 342 πεπί-

986 365 1109 389 στευκας,
1125 358 1171 384 καὶ
1185 359 1281 393 πειρᾷς
1297 359 1364 394 πρὸς
1375 360 1438 390 τοὺς
1450 360 1642 392 διαϐάλλοντας
1655 361 1723 387 αὐτὰ
1736 362 1771 393 ὡς

984 403 1053 430 κατὰ
1068 404 1194 438 γοητείαν
1211 405 1381 440 γεγενημένα
1398 405 1498 440 ὁμοίως
1512 408 1569 438 τοῖς
1594 407 1671 442 παρὰ
1693 409 1771 441 Αἰγυ-

984 448 1068 474 πτίων
1085 449 1177 482 σοφοῖς
1198 449 1412 484 ἐπιτελουμένοις
1432 449 1604 477 διαλύεσθαι’
1630 451 1665 478 τὰ
1682 451 1709 478 δὲ
1721 452 1772 478 ἀπὸ

983 492 1030 518 τοῦ
1056 493 1143 529 Ἰησοῦ
1166 495 1212 520 καὶ
1235 495 1310 529 παρὰ
1336 494 1377 520 σοὶ
1399 494 1603 530 ὁμολογούμενα
1620 496 1770 530 γεγονέναι,

983 539 1044 570 τοὺς
1073 538 1142 565 κατὰ
1159 539 1206 565 σοῦ
1223 539 1387 574 Αἰγυπτίους
1412 540 1587 575 μιμούμενος,
1611 543 1772 576 κατηγορεξ

983 584 1021 616 ὡς
1043 585 1072 610 οὐ
1092 584 1168 617 θεῖα;
1193 586 1224 611 Ei
1249 585 1303 621 γὰρ
1324 585 1354 611 τὺ
1370 585 1455 616 τέλος,
1482 586 1529 612 καὶ
1553 586 1612 612 ὅλον
1642 587 1674 612 τὸ
1699 586 1770 618 ἔθνος

983 629 1049 665 (40),
1081 630 1182 657 συστὰν
1203 631 1247 657 διὰ
1272 632 1327 658 τῶν
1356 633 1385 659 ὲν
1411 633 1515 668 Μωῦσῇ
1534 633 1697 668 τεραστίων,
1725 633 1771 668 τὴν

982 676 1125 711 ἐνάργειαν
1159 675 1205 702 τοῦ
1232 676 1298 702 Θεὸν
1324 675 1393 704 εἶναι
1424 678 1479 713 (M)
1508 678 1554 704 τὸν
1576 677 1666 704 ταῦτα
1698 679 1771 713 ποιή-

984 730 1067 748 σαντα
1083 722 1210 756 γενέσθαι
1225 723 1380 759 συνίστησιν
1396 725 1442 750 ἐπὶ
1456 725 1595 755 Μωῦσέως
1605 733 1611 739 ·
1640 723 1699 755 πῶς
1714 724 1770 758 οὐχὶ

984 767 1083 802 μᾶλλον
1122 767 1152 794 τὸ
1181 768 1301 795 τοιοῦτον
1334 770 1380 795 ἐπὶ
1406 769 1445 804 τῷ
1472 769 1558 804 Ἰησοῦ
1581 769 1769 803 δειχθήσεται,

985 811 1076 847 μεῖζον
1095 814 1237 849 ποιήσαντι
1264 813 1339 848 παρὰ
1361 814 1390 840 τδ
1420 815 1560 846 Μωῡσὲως
1582 814 1681 850 ἔργονς
1701 814 1769 839 ἐκείε

983 868 1025 890 νος
1052 860 1100 893 μὲν
1128 859 1182 894 γὰρ
1203 860 1264 891 τοὺς
1282 859 1335 886 ἀπὸ
1364 859 1410 885 τοῦ
1438 859 1529 891 ἔθνους
1561 861 1593 886 ὲκ
1617 860 1771 894 σπέρματος

987 907 1111 942 Ἀϐρααμ
1128 906 1198 932 κατὰ
1214 906 1338 941 διαδοχὴν
1352 907 1401 941 τὴν
1418 906 1568 941 περιτομὴν
1590 906 1769 940 φυλάξαντας,

981 953 1027 978 καὶ
1039 952 1092 978 τῶν
1108 951 1176 978 ὲθῶν
1192 951 1238 977 τοῦ
1256 951 1382 987 Ἀϐραὰμ
1394 952 1555 986 γενομένους
1569 952 1695 988 ζηλωτὰς
1707 954 1772 979 ἑτοι-

982 999 1111 1034 μοτέρους
1137 996 1319 1033 παραλαϐὼν,
1341 997 1473 1032 ἐξήγαγεν
1495 998 1527 1024 ἐκ
1551 999 1601 1033 τῆς
1623 999 1770 1033 Αἱγὺπον,

979 1046 1040 1076 τοὺς
1055 1044 1152 1076 θείους,
1166 1043 1212 1075 οὓς
1225 1044 1418 1076 πεπίστευκας,
1432 1045 1651 1080 παρατιθέμενος
1662 1045 1717 1079 (42)
1730 1046 1773 1071 αὑ-

979 1093 1035 1122 τοῖς
1055 1091 1153 1125 νὸμους
1165 1099 1171 1105 ⁸
1187 1087 1262 1121 οὗτος
1278 1090 1305 1115 δὲ
1330 1089 1421 1124 μεῖζόν
1442 1099 1467 1116 τι
1484 1090 1625 1126 τολμήσας
1636 1111 1642 1122 ,
1662 1091 1772 1126 ἐπεισή-

979 1145 1047 1171 γαγε
1066 1134 1103 1171 ¹τῇ
1127 1135 1370 1171 προκαταλαϐοὑσῃ
1393 1135 1532 1170 πολιτεία,
1557 1136 1604 1162 καὶ
1627 1135 1701 1161 ἔθεσι
1721 1144 1771 1162 πα-

978 1181 1084 1217 τρῴοις,
1099 1182 1146 1208 καὶ
1162 1182 1328 1216 ἁνατροφαῖς
1340 1182 1399 1212 ταῖς
1414 1181 1484 1207 κατά
1497 1182 1561 1212 τοὺς
1575 1181 1720 1215 κειμένους
1731 1182 1771 1207 νο-

980 1236 1055 1262 μους,
1069 1227 1118 1262 τὴν
1132 1225 1202 1252 κατὰ
1218 1226 1248 1251 τὺ
1260 1225 1417 1260 εὐαγγέλιον
1436 1226 1584 1252 πολιτείαν.
1603 1227 1660 1252 Καὶ
1680 1226 1770 1262 ὥσπερ

978 1272 1103 1308 ἕχρηζεν,
1117 1273 1160 1298 ἴνα
1171 1271 1291 1306 Μωῦσῆς
1309 1272 1440 1306 πιστευθῇ
1451 1272 1481 1297 οὺ
1501 1271 1581 1306 μόνον
1598 1272 1652 1298 ὑπὸ
1664 1272 1716 1307 τῆς
1728 1281 1771 1306 γε-

981 1319 1099 1354 ρουσίας,
1113 1317 1180 1345 ἀλλὰ
1193 1318 1239 1344 καὶ
1251 1317 1297 1343 τοῦ
1310 1317 1385 1349 λαοῦ,
1400 1317 1530 1352 σημείων,
1543 1314 1581 1344 ὧν
1592 1320 1769 1354 πεποιηκέναι

979 1364 1182 1400 ἀναγέγραπται
1196 1371 1202 1378 ⁸
1224 1363 1268 1389 διὰ
1291 1363 1317 1389 τί
1343 1363 1402 1397 οὐχὶ
1422 1363 1468 1389 καὶ
1486 1363 1606 1398 Ἰησοῦς,
1622 1364 1666 1390 ἵνα
1681 1364 1713 1400 δὴ
1727 1373 1769 1390 πι-

979 1409 1076 1444 στευθῇ
1096 1408 1148 1434 ὑπὸ
1169 1407 1223 1434 τῶν
1240 1408 1294 1433 ἀπὸ
1309 1407 1356 1433 τοῦ
1379 1407 1443 1433 λαοῦ
1458 1407 1659 1443 μεμαθηκότων
1672 1410 1768 1444 σημεῖα

978 1456 1025 1483 καὶ
1036 1455 1138 1490 τέρατα
1158 1455 1252 1484 αἰτεῖν,
1274 1453 1397 1488 δεήσεται
1416 1453 1543 1480 τοιούτων
1565 1454 1726 1489 δυνάμεων,
1742 1455 1768 1481 αἳ

143 1502 238 1536 nisque
254 1502 456 1533 traditionibus,
478 1509 538 1535 qua:
552 1500 621 1535 apud
643 1500 752 1527 Judatos
778 1501 924 1534 vigebant;

1016 1511 1019 1528 ι
1032 1502 1062 1528 τὸ
1077 1501 1169 1536 μεῖζον
1180 1501 1227 1526 καὶ
1241 1499 1376 1534 θειότερον
1395 1499 1536 1533 συγκρίσει
1555 1499 1611 1525 τῶν
1630 1500 1676 1526 διὰ
1694 1501 1769 1527 Μωᾷ

141 1551 168 1574 et
180 1546 374 1580 persuaderent
392 1545 471 1580 hujus
488 1546 617 1572 doctrina:
631 1546 789 1578 magistrum
815 1545 926 1572 horum-

141 1600 194 1627 que
209 1593 401 1619 miraculorun‘.
427 1592 582 1618 echctorem
599 1591 677 1625 longe
691 1591 831 1625 prophetis
851 1597 928 1619 antc-

141 1638 252 1665 cellerc.
268 1637 301 1664 Et
313 1638 446 1672 quomodo
459 1637 544 1670 major
555 1637 692 1671 prophetis
704 1645 756 1664 non
772 1642 831 1664 erat
847 1644 926 1671 quem

141 1685 275 1711 Christum
291 1688 318 1711 et
334 1684 442 1719 generis
458 1684 568 1711 humani
594 1683 756 1710 salvatorem
788 1684 926 1718 propheta:

140 1729 402 1764 praenuntiaveranti

175 1862 218 1889 55.
234 1861 326 1897 Neque
338 1869 405 1889 vero
423 1863 571 1896 quidquam
587 1863 630 1890 hic
643 1863 713 1890 Celsi
732 1862 840 1890 Judznns
858 1871 925 1890 cou-

139 1913 179 1935 tra
194 1909 284 1936 lideles
299 1909 374 1940 dicit,
395 1910 466 1943 quod
482 1918 533 1936 non
550 1909 636 1944 possit
651 1909 677 1936 in
698 1909 817 1944 Moysem
834 1915 924 1936 retor-

139 1955 214 1988 queri
230 1965 236 1981 :
254 1955 288 1981 ita
301 1959 329 1981 ut
344 1955 364 1982 si
380 1955 457 1982 Jesus
477 1955 658 1990 praestigiator
681 1955 774 1987 fuerit,
799 1954 881 1982 fuerit
898 1960 926 1982 et

139 2002 255 2037 Moyses,
274 2006 299 2029 et
315 2008 439 2036 uterque,
454 2002 476 2029 si
491 2011 494 2014 ~
509 2003 573 2036 quid
588 2003 643 2030 veri
664 2003 728 2030 dicit
751 2002 869 2034 Iudaeus,
892 2003 925 2028 de

141 2047 235 2074 iisdem
248 2047 329 2073 rebus
345 2048 466 2073 accusari
477 2048 591 2080 possint.
611 2048 686 2080 Quod
708 2048 782 2074 verbi
796 2054 877 2074 causa
892 2048 924 2073 de

139 2091 200 2118 Jesu
216 2090 322 2117 Iuda-us
338 2092 394 2118 ait:
416 2100 425 2117 ι
439 2092 460 2119 Ο
476 2092 563 2119 lucem
577 2097 604 2119 et
621 2093 761 2119 veritatem
775 2093 782 2119 ι
805 2093 862 2127 ipse
876 2100 923 2119 sua

141 2145 207 2165 \oce
224 2138 355 2170 declarat,
392 2139 618 2172 quemadmodum
643 2144 732 2165 vestra
759 2139 859 2173 scripta
883 2145 923 2166 te-

140 2188 257 2215 stantur,
267 2189 395 2210 venturos
409 2184 487 2218 alios,
497 2185 542 2218 qui
557 2185 649 2210 eadem
669 2184 798 2211 miracula
813 2185 922 2217 faciant,

141 2229 254 2264 improbi
267 2234 356 2255 tamen
371 2234 397 2256 et
407 2230 635 2264 pratstigiatores;
650 2239 659 2255 ι
682 2230 708 2256 id
722 2229 755 2256 de
771 2229 862 2265 Moyse
882 2238 924 2256 re-

140 2279 231 2309 petere
244 2274 328 2308 possit
343 2274 467 2308 quisquis
478 2273 570 2300 Jlld‘JEO
581 2282 634 2300 non
649 2274 784 2306 crederet,
799 2273 922 2306 Grmcus,

139 2318 294 2353 ngyptins,
313 2319 446 2353 quilibet:
465 2328 474 2344 ‹
490 2319 512 2345 0
527 2319 613 2346 lucem
628 2324 655 2346 et
679 2320 837 2346 veritatem!
864 2320 923 2354 ipse

139 2371 187 2391 sua
213 2372 276 2391 voce
301 2365 402 2392 diserte
422 2365 554 2397 declarat,
580 2365 808 2399 quemadmodum
831 2369 922 2391 vestra

139 2411 239 2445 Scripta
257 2416 400 2445 testantur,
415 2416 542 2438 venturos
563 2411 640 2443 alios,
665 2411 710 2445 qni
728 2411 824 2437 eadem
843 2410 924 2436 mira-

139 2455 200 2482 cula
215 2456 326 2490 faciant,
343 2457 457 2492 improbi
470 2463 561 2484 tamen
576 2462 601 2483 et
613 2456 832 2491 pl'zestigiatores.
853 2456 923 2483 Scri-

141 2505 213 2534 ptum
236 2507 277 2529 est
291 2503 363 2529 enim
381 2502 409 2529 iu
425 2507 513 2530 vestra
529 2503 604 2537 lege:
621 2501 650 2528 Si
664 2500 806 2528 surrexerit
824 2500 851 2527 in
867 2508 922 2527 me-

177 2580 233 2615 (iQ)
248 2581 344 2607 Gnleto
361 2581 532 2608 scribendqu
549 2583 665 2611 videtur,
678 2581 702 2606 et
723 2580 769 2606 καὶ
789 2581 843 2615 γὰρ
862 2580 924 2606 τότε

141 2615 188 2640 καὶ
201 2613 260 2641 ὅλον
272 2615 301 2640 τὸ
317 2615 402 2647 ἔθνος,
415 2621 467 2642 etc.

176 2649 232 2683 (Η)
260 2649 318 2683 Τὴν
336 2650 489 2685 ἐνάργειαν
502 2650 554 2676 τσῦ
576 2649 649 2676 Θεὸν
668 2650 754 2676 εἶναι.
773 2650 809 2676 ita
839 2650 924 2678 codex

142 2683 312 2720 itasileepsis.
332 2683 505 2720 ιιωέάιιυιιυε
529 2691 629 2715 autem,
653 2685 702 2719 τὴν
719 2686 863 2720 ἐνάργειαν
876 2685 924 2720 τοῦ

141 2718 207 2743 Θεοῦ
224 2716 308 2754 εἶναι.
329 2719 494 2752 Spcncerus,
517 2720 566 2754 τὴν
585 2716 723 2754 ἐνέργειαν
740 2716 868 2746 τάδ’Θεοῦ
887 2717 924 2745 εἷ-

141 2753 309 2790 yo'..-Guieto
326 2754 498 2790 scribendum
518 2753 635 2786 videtur,
649 2755 698 2789 τὴν
721 2755 861 2790 ενέργειαν
874 2754 923 2781 τοῦ

141 2786 207 2825 θεοῦ
222 2785 292 2825 εξναι
305 2788 453 2825 τοῦῠταῦτα
470 2790 630 2824 ποιήσαντος
645 2785 772 2823 γενέσθαι
790 2785 923 2825 ’συνίστη-

143 2829 184 2846 σιν
198 2822 249 2846 ὑπὸ
268 2822 413 2854 Μωῦσέως.
424 2840 427 2842 ν

980 1549 1058 1579 σέως,
1072 1545 1125 1573 οἷαί
1142 1555 1171 1572 τε
1183 1544 1252 1580 ἦσαν
1265 1545 1416 1579 ἀποστῆσαι
1432 1545 1480 1580 μὲν
1493 1545 1542 1579 τῆς
1561 1544 1711 1581 Ἰουδαϊκῆς
1723 1556 1769 1581 μυ-

978 1593 1100 1626 θολογίας
1122 1592 1167 1618 καὶ
1187 1592 1241 1617 τῶν
1263 1590 1440 1626 ἀνθρωπίνων
1462 1591 1526 1625 παρ’
1545 1590 1640 1622 αὐτοῖς
1653 1591 1770 1626 παραδο-

979 1646 1046 1664 σεων
1056 1646 1062 1651 ·
1078 1636 1188 1670 ποιῆσαι
1199 1635 1228 1661 δὲ
1243 1634 1443 1670 παραδέξασθαι
1455 1634 1500 1660 τὸν
1512 1634 1598 1660 ταῦτα
1610 1635 1768 1662 διδάσκοντα

977 1683 1023 1709 καὶ
1040 1681 1222 1713 ἐπιτελοῦντα,
1235 1681 1276 1707 ὅτι
1292 1680 1393 1715 μείζων
1405 1679 1458 1706 τῶν
1475 1680 1625 1715 προφητῶν
1643 1678 1678 1715 ἦν
1689 1689 1696 1712 ;
1709 1681 1768 1712 Πῶς

977 1727 1031 1763 γὰρ
1044 1728 1072 1753 οὺ
1092 1726 1192 1763 μείζων
1208 1727 1262 1753 τῶν
1278 1725 1425 1762 προφητῶν
1443 1723 1487 1760 ἦν,
1504 1727 1518 1752 ὁ
1531 1726 1583 1752 ὑπὸ
1596 1726 1652 1752 τῶν
1667 1736 1768 1762 Aﬁr/A97;

977 1773 1029 1799 τῶν
1045 1773 1082 1803 ὡς
1095 1772 1212 1807 Χριστὸς
1224 1772 1271 1798 καὶ
1284 1771 1374 1806 σωτὴρ
1381 1771 1426 1797 τοῦ
1440 1771 1535 1804 γένους
1547 1771 1603 1797 τῶν
1619 1771 1767 1807 ἀνθρώπων

977 1816 1044 1844 εἶναι
1061 1826 1095 1852 κη
1100 1826 1131 1852 ρυ
1136 1817 1182 1843 σσό
1186 1825 1265 1851 μενος
1275 1825 1282 1849 ;

1012 1865 1067 1891 Καὶ
1086 1865 1134 1891 ὅλα
1147 1864 1185 1896 δὲ,
1203 1864 1275 1900 ἅπερ
1291 1865 1306 1889 ὸ
1320 1863 1396 1898 παρὰ
1408 1863 1446 1902 τῷ
1462 1863 1558 1898 Κέλσῳ
1582 1863 1711 1895 Ἰουδαῖος
1726 1863 1767 1889 λέν

975 1920 1018 1946 γει
1037 1912 1104 1946 πρὸς
1128 1911 1189 1942 τοὺς
1208 1910 1383 1942 πιστεύοντας
1401 1911 1440 1942 εἰς
1459 1910 1504 1937 τὸν
1521 1909 1640 1946 ἔίησοῦνε
1660 1910 1766 1936 δύναται

976 1956 1183 1983 κοινοποιεῖσθαι
1208 1957 1248 1987 εἰς
1263 1955 1311 1991 τὴν
1329 1956 1468 1988 Μωῡσέως
1492 1956 1664 1991 κατηγορίαν
1676 1964 1683 1971 ·
1701 1957 1766 1983 ὥστε

977 2003 1059 2038 μηδὲν
1073 2002 1211 2037 διαφέρειν
1228 2002 1282 2037 (45)
1305 2001 1494 2037 παραπλήσιον
1510 1999 1580 2028 εἶναι
1598 2001 1692 2035 λέγειν
1709 2011 1767 2035 γοη-

974 2048 1049 2075 τείαν
1060 2049 1109 2084 τὴν
1128 2048 1212 2083 Ἰησοῦ
1232 2050 1264 2083 τῇ
1285 2047 1434 2079 Μωῦσέως,
1450 2047 1615 2082 ἀμφοτέρων
1635 2048 1709 2082 (ὅσον
1725 2047 1767 2073 ἐπὶ

974 2095 1007 2129 τῇ
1024 2093 1093 2125 λέξει
1114 2093 1159 2119 τοῦ
1176 2093 1250 2128 παρὰ
1270 2093 1308 2128 τῷ
1330 2093 1425 2127 Κέλσῳ
1451 2093 1589 2129 Ἰουδαίου)
1611 2093 1766 2128 δυναμένων

974 2141 1029 2170 τοῖς
1049 2139 1140 2170 αὐτοῖς
1164 2139 1317 2173 ὑπάγεσθαι
1344 2139 1530 2174 ἐγκλήμασιν·
1554 2136 1610 2165 οἷον
1636 2141 1703 2175 περὶ
1723 2141 1766 2174 μὲν

940 2175 962 2202 Ῑ)
976 2183 1093 2220 Χριστοῦ
1108 2185 1121 2210 ὁ
1140 2183 1215 2218 παρὰ
1232 2182 1328 2217 Κέλσῳ
1349 2183 1473 2214 Ἰουδαῖος
1496 2182 1587 2216 λέγει,
1608 2183 1668 2209 ἀλλ’
1683 2191 1690 2198 ·
1710 2193 1719 2208 1
1737 2181 1767 2208 Ὠ

977 2229 1033 2263 φῶς
1052 2229 1098 2255 καὶ
1118 2228 1246 2264 amem:
1266 2229 1297 2263 τῇ
1315 2227 1395 2254 αὐτοῦ
1410 2229 1484 2263 φωνῇ
1509 2228 1660 2263 διαρρήδην
1674 2227 1766 2261 ἐξαγο-

978 2275 1050 2310 ρεύει
1071 2274 1174 2310 Ἰησοῦς
1189 2273 1285 2305 ταῦτα,
1301 2273 1371 2300 καθὰ
1385 2274 1431 2300 καὶ
1443 2274 1521 2309 ὑμεῖς
1543 2275 1766 2309 συγγεγράφατῂ

974 2320 1040 2347 διότι
1063 2320 1226 2355 παρέσονται
1245 2319 1309 2354 ὑμῖν
1331 2319 1378 2345 καὶ
1393 2319 1480 2354 ἕτεροι
1501 2319 1650 2354 δυνάμεσιν
1662 2320 1767 2355 ὁμοίαις

974 2364 1127 2400 χρώμενοι,
1152 2365 1231 2390 κακοὶ
1252 2365 1298 2390 καὶ
1316 2364 1430 2399 γόητες·
1462 2373 1471 2389 ι
1501 2365 1565 2400 περὶ
1582 2364 1612 2390 δὲ
1629 2366 1768 2395 Μωῡσέως

972 2411 1035 2446 εἴπῃ
1053 2411 1085 2436 ἂν
1101 2411 1115 2436 ὁ
1132 2410 1252 2436 ἀπιστῶν
1270 2411 1337 2444 πρὸς
1350 2410 1395 2436 τὸν
1419 2410 1544 2436 Ἰουδαίόν
1567 2419 1610 2442 τις
1631 2411 1689 2437 εἴτε
1707 2411 1768 2437 Ἕλ-

974 2456 1023 2491 λην
1037 2456 1102 2491 (44),
1124 2456 1171 2482 εἴτ’
1194 2456 1351 2489 Αἰγύπτιος,
1375 2455 1424 2482 εἴθ’
1451 2456 1585 2487 ὁστισοῦν,
1609 2456 1686 2482 ἀλλ’·
1705 2466 1716 2482 ι
1736 2455 1768 2482 Ὠ

979 2502 1036 2536 φῶς
1052 2503 1098 2528 καὶ
1114 2501 1241 2536 ἀλήθειαί
1256 2503 1289 2537 τῇ
1303 2501 1383 2528 αὑτοῦ
1401 2503 1475 2537 φωνῇ
1488 2502 1608 2537 Μωῡσῆς
1619 2502 1768 2538 διαρρήδην

1013 2581 1068 2616 (xl?)
1087 2583 1330 2616 Παρατιθέμενυς.
1358 2582 1471 2610 Guietus
1496 2583 1580 2616 legit,
1599 2583 1767 2618 τφοτιθέμι-

977 2625 1031 2647 νος.

1013 2651 1068 2685 (43)
1089 2651 1167 2687 Libb.
1185 2657 1266 2678 antea
1286 2651 1383 2687 excusi
1405 2656 1466 2685 post
1479 2651 1622 2687 διαφέρειν
1634 2653 1764 2685 majorem

978 2686 1166 2723 distinetiopis
1179 2686 1396 2723 notamhabcnt,
1409 2686 1668 2723 etdeimieilegnut,
1679 2696 1765 2723 παρα-

976 2720 1088 2756 πλήσιον
1103 2720 1126 2747 δ’
1140 2718 1220 2753 εἶναι,
1234 2722 1279 2748 sed
1296 2729 1361 2748 mss.
1375 2721 1535 2755 particulam
1551 2718 1665 2748 δέίιιυιιν
1680 2718 1764 2757 351.10-

976 2761 1066 2784 scunl.
1080 2761 1106 2781 et
1123 2761 1196 2782 recte
1216 2757 1335 2782 omnino.

976 2790 1066 2851 Ἕῧά)
1092 2790 1242 2826 Mss,an
1257 2790 1302 2817 τὸν
1321 2791 1444 2817 Ἰουδαῖον
1466 2791 1522 2822 τοῖς
1542 2791 1762 2824 Μωῦσέως,εῐτι

1042 2833 1086 2851 τιν.

1042 2833 1086 2859 ην.
