1843 3097
107 163 160 191 881

725 161 862 189 CONTRA
880 162 1016 190 CELSUM
1037 163 1099 190 LIB.
1121 163 1151 190 ll.

1680 164 1731 191 882

106 217 279 254 ἐξαγορεύει,
288 218 360 245 καθὰ
375 219 422 246 καὶ
435 219 514 254 ὑμεῖς
525 221 741 255 συγγεγράφατε,
750 221 817 248 διότι
831 230 882 258 παρ

963 223 996 248 tio
1015 223 1054 248 tui
1069 222 1217 255 prophetes,
1231 226 1276 248 aut
1291 221 1335 256 qui
1352 220 1481 248 somnium
1495 222 1642 254 somniet-il,
1653 227 1675 248 et
1686 222 1731 249 de-

107 263 219 290 έσονται
250 264 314 298 ὑμῖν
345 264 433 300 ἕτεροι
466 265 610 300 δυνάμεσιν
628 266 732 301 ὁμοίαις
754 266 899 302 χρώμενοι,

106 310 192 336 κακοὶ
208 309 254 335 καὶ
271 309 377 344 γόητες.
393 310 549 345 Γέγραπται
562 311 615 346 γὰρ
629 311 705 346 ὑμῶν
720 313 749 338 ὲν
762 311 800 347 τῷ
814 313 898 348 νόμῳ·

115 355 190 382 Ἐὰν
205 355 239 381 δὲ
254 356 372 390 ἀναστῇ
386 356 421 382 ἐν
434 357 483 383 σοὶ
505 357 669 391 προφήτης,
686 358 704 391 ἢ
727 357 899 389 ἐνυπνιαζό-

103 409 201 434 uer-or;
214 401 359 428 ἐνύπνιον
369 422 377 434 ,
394 402 441 429 καὶ
457 402 546 429 δώσει
561 403 687 437 σημεῖον
703 404 721 437 ἢ
739 404 834 438 τέρας,
851 404 900 430 καὶ

106 448 184 482 ἔλθῃ
199 448 231 474 τὸ
252 448 377 482 σημεῖον
398 449 416 483 ἢ
431 449 464 476 τὸ
490 449 576 484 τέρας
595 450 610 476 ὃ
627 449 759 483 ἐλάλησεν
773 449 847 484 πρὸς
862 450 900 476 σὲ

106 493 222 528 λέγων’
242 495 450 530 Πορευθῶμεν,
474 496 528 531 ,καὶ
551 496 800 531 ἀκολουθήσωμεν
823 497 899 530 θεοῖς

106 539 232 573 ἑτέροις,
246 539 301 572 οὒς
314 541 368 567 οὐκ
380 541 490 572 οἴδατε,
505 542 553 568 καὶ
565 543 775 576 λαζρεύσωμεν
786 543 897 575 αὐτοῖς’

105 585 167 611 οὐκ
187 585 355 612 ἀκούσεσθε
372 586 442 618 τοὺς
460 587 571 621 λόγους
591 587 646 622 (45)
670 588 722 614 τοῦ
745 588 898 622 προφήτου

107 630 228 656 ἐκείνου
242 651 248 662 ,
278 631 297 665 ἢ
325 631 378 657 τοῦ
412 632 662 667 ἐνυπνιαζομένου
692 634 724 660 τὸ
756 635 899 663 ἐνύπνιον

106 675 226 707 ἐκεῖνο,
247 685 257 701 ι
276 677 323 702 καὶ
338 676 372 702 τὰ
395 676 469 712 ἑξῆς.
483 678 538 704 Καὶ
557 678 571 704 ὁ
589 679 638 713 μὲν
658 680 719 711 τοὺς
742 679 836 714 λόγους
851 680 898 707 τοῦ

115 721 204 756 Ἰησοῦ
216 722 376 754 διαϐάλλων,
393 724 468 758 φησὶ,
490 732 498 748 ι
517 724 564 750 καὶ
578 724 698 751 Σατανᾶν
712 734 772 751 τινα
787 725 898 752 τοιαῦτα

107 768 380 804 παραμηχανώμενῡν
389 768 531 804 ὀνομάζειν
541 778 547 784 ·
564 779 572 795 ι
584 770 598 795 6
606 770 634 796 δὲ
649 770 806 797 καινοποιῶν
820 771 897 798 τοῦτο

106 814 180 848 πρὸς
192 814 309 840 Μωῡσέα
325 815 391 850 ὲρεῖ·
411 824 420 840 ι
438 816 492 841 Καὶ
512 815 653 850 προφήτην
673 816 897 851 ὲνυπνιαζὸμενον

105 857 222 885 τοιαῦτα
234 859 505 895 παραμηχανώμενον
523 860 673 895 ὀνομάζειν.
692 871 700 887 ι
722 862 825 897 Ὥσπερ
839 862 862 887 δ’
882 863 896 888 ὁ

104 904 185 939 παρὰ
196 904 235 939 τῷ
246 905 341 940 Κέλσῳ
360 906 484 937 Ἰουδαῖός
495 915 560 941 φησι
577 906 698 941 περὶτοῦ
717 907 813 941 Ἰησοῦ,
831 916 839 933 ι
854 908 895 934 ὃτι

104 949 180 976 ὥστε
203 951 258 977 οὐδ’
279 951 358 983 αὐτὸς
375 951 486 987 ἔξαρνός
508 953 580 979 ἐστιν
593 973 600 984 ,
618 953 655 984 ὡς
673 953 759 980 ταῦτά
775 962 806 987 γε
822 954 896 980 οὐδὲν

105 995 190 1026 θεῖον,
215 996 281 1022 ἀλλὰ
306 997 431 1032 πονηρῶν
459 998 532 1023 ἐστιν
555 997 642 1033 ἔργα·
666 1008 674 1023 ι
693 998 779 1030 οὕτως
805 999 819 1025 6
841 1001 897 1031 τοῖς

105 1040 248 1072 Μωῦσέως
265 1041 386 1068 ἀπιστῶν
404 1043 484 1078 φήσει
507 1043 575 1078 πρὸς
597 1044 692 1076 αὑτὸν,
714 1044 748 1070 τὰ
768 1053 897 1080 προειρη-

108 1085 181 1119 μένα
195 1086 376 1121 ἐκτιθέμενος,
390 1087 419 1114 τὸ
429 1087 494 1114 αὑτό
506 1096 512 1102 ·
531 1097 540 1113 ι
562 1088 642 1114 Ὥστε
655 1088 708 1114 οὐδ’
723 1089 802 1120 αὐτὸς
814 1090 895 1116 Minit—

107 1130 162 1164 σῆς
175 1129 285 1166 ἔξαρνός
297 1132 380 1165 ἐστιν,
393 1133 430 1165 ὡς
443 1133 529 1161 ταῦτά
542 1143 573 1168 γε
586 1135 660 1161 οὐδὲν
674 1135 758 1166 θεῖον,
772 1135 838 1162 ἀλλὰ
850 1145 897 1162 πο-

105 1175 199 1209 νηρῶν
213 1177 286 1203 ἐστιν
300 1177 377 1212 ἔργα.
399 1188 408 1203 ι
424 1178 460 1204 Τὸ
475 1179 541 1205 αὐτὸ
554 1179 583 1206 δὲ
596 1181 702 1215 ποιήσει
718 1182 765 1208 καὶ
780 1182 826 1208 ἐπὶ
837 1183 897 1209 τού-

105 1228 155 1245 του
173 1220 239 1256 (46),
259 1231 268 1246 ι
288 1221 447 1257 βιαζόμενος
456 1223 508 1250 ὑπὸ
520 1224 569 1258 τῆς
579 1224 706 1259 ἀληθείας
713 1226 791 1261 ὁμοῦ,
809 1228 896 1255 καὶτὰ

103 1263 164 1291 τῶν
177 1265 263 1293 ἄλλων
277 1267 445 1302 ἀπεκάλυψε,
458 1269 505 1295 καὶ
517 1269 551 1295 τὰ
566 1270 626 1296 καθ’
643 1271 737 1298 ἑαυτὸν
753 1272 866 1307 ἤλεγξεν
880 1275 894 1300 6

106 1309 238 1345 Μωῦοῆς.
255 1321 264 1337 ι
279 1311 390 1346 Λέγοντι
404 1313 432 1339 δὲ
445 1313 483 1348 τῷ
503 1314 620 1350 Ἰουδαίῳ
637 1317 683 1342 καὶ
692 1317 722 1342 τό
732 1325 738 1331 ·
750 1326 758 1342 ι
775 1317 837 1350 Πῶς
850 1316 895 1345 οὖν

105 1357 139 1382 οὺ
149 1357 279 1391 σχέτλιον,
289 1358 342 1384 ἀπὸ
353 1358 407 1385 τῶν
419 1359 508 1385 αὐτῶν
519 1360 607 1396 ἔργων
618 1361 662 1388 τὸν
677 1362 726 1396 μὲν
743 1363 818 1395 Θεὸν,
833 1365 896 1397 τοὺς

105 1400 136 1427 δὲ
163 1402 263 1439 γρητας
275 1403 417 1438 ήγεῖσϐαι;
442 1414 451 1429 ι
473 1405 551 1432 Εἴποι
567 1415 608 1438 τις
620 1407 651 1433 ἂν
665 1408 732 1443 πρὸς
746 1409 836 1441 αὑτὸν,
852 1410 896 1437 διὰ

104 1446 157 1478 τὰς
178 1447 315 1481 Μωῡσέως
332 1449 485 1484 ἐκτεθείσας
507 1452 593 1485 λέξεις
604 1462 610 1468 ’
628 1462 637 1478 ι
657 1454 719 1485 Πῶς
731 1453 776 1481 οὖν
790 1455 820 1481 οὐ
836 1456 895 1491 σχέ-

105 1491 180 1518 τλιον
191 1493 244 1520 ἀπὸ
255 1494 308 1520 τῶν
324 1496 411 1522 αὐτῶν
424 1497 520 1533 ἔργων,
537 1499 582 1525 τὸν
599 1499 646 1534 μὲν
665 1501 806 1536 προφήτην
827 1501 894 1528 Θεοῦ

104 1537 155 1586 καὶ
173 1537 325 1586 δερᾴποντα
347 1542 444 1574 αὐτοῦ,
459 1545 521 1575 τοὺς
539 1544 567 1570 δὲ
588 1545 689 1578 γόητας
709 1546 833 1581 ἡγεῖσθαι
852 1556 859 1580 ;
882 1557 891 1574 ι
907 1559 928 1586 α

114 1582 233 1628 Ἐπεὶῌδὲ
248 1586 460 1622 προσδιατρίϐων
477 1588 515 1623 τῷ
529 1589 602 1624 τόπῳ
616 1590 630 1615 ὁ
643 1590 744 1622 Κέλσος
760 1592 894 1628 προσέθη-

176 1625 216 1660 οἴς
238 1629 368 1665 ἐξεοέμην
388 1633 594 1668 κοινοποιηθεῖσι
610 1636 661 1665 ,καὶ
679 1635 729 1661 τόδ
754 1646 762 1662 ι
783 1625 893 1672 Τί-γάρ

107 1671 209 1705 μᾶλλον
223 1674 276 1700 ἀπό
289 1683 320 1708 γε
335 1675 436 1703 τούτων
451 1678 514 1709 τοὺς
528 1679 624 1711 ἄλλους
641 1681 783 1716 πονηροὺς,
803 1681 818 1717 ἢ
835 1671 895 1708 τοῦγ-

101 1724 153 1744 τον
165 1720 305 1753 νομιστέον
319 1721 392 1756 αὐτῴ
404 1723 559 1758 χρωμένους
569 1724 688 1760 μάρτυρι
703 1725 756 1760 (47)
767 1735 774 1758 ;
787 1735 795 1751 ι
812 1735 896 1762 προσ-

103 1763 225 1799 θήσομεν
242 1767 298 1797 τοῖς
320 1765 473 1802 λεγομένοις
500 1770 547 1795 καὶ
563 1771 640 1804 ἡμεῖς
655 1770 775 1801 τοιαῦτα,
798 1772 824 1797 τί
839 1772 892 1807 γὰρ

105 1808 208 1842 μᾶλλον
229 1810 282 1837 ἀπό
304 1819 335 1845 γε
356 1812 473 1846 τούτων,
498 1812 537 1845 οἷς
566 1815 731 1851 ἀπαγορεύει
753 1816 892 1844 πείθεσθαι

103 1853 226 1888 Μωῡσῆς
243 1855 472 1892 ἐπιδεικνυμένοις
488 1861 588 1894 σημεῖα
610 1860 657 1886 καὶ
677 1860 777 1895 τέρατα
790 1880 796 1891 ,
820 1861 891 1887 ὲκεί-

104 1906 169 1929 νους
182 1901 314 1935 πονηροὺς
328 1903 475 1937 νομιστέον,
494 1903 510 1938 ἢ
529 1904 661 1936 Μωῡσὲαφ
680 1903 709 1936 ἐξ
728 1902 765 1931 ὧν
783 1905 891 1940 ἐτέρους

104 1943 173 1978 περὶ
186 1946 304 1979 σημείων
319 1947 365 1973 καὶ
384 1949 502 1983 τεράτων
526 1949 654 1982 διέϐαλε;
680 1950 787 1976 πλείονα
808 1950 829 1976 δ’
852 1951 891 1981 εἰς

101 1989 189 2015 ταύτὸ
206 1990 302 2024 λέγων,
319 1992 361 2018 ἵνα
381 1992 442 2029 δόξῃ
467 1993 556 2026 αὕξειν
572 1995 602 2020 τὸ
615 1995 790 2030 ἐπιχείρημα,
807 1994 872 2030 φησί
882 2003 889 2010 ·

105 2043 116 2059 ι
132 2035 224 2062 Ταῦτα
239 2036 288 2071 μέν
299 2046 331 2070 γε
341 2039 387 2064 καὶ
398 2039 478 2071 αὐτὸς
491 2039 664 2075 ὡμολόγησεν
678 2041 739 2075 οὐχ).
754 2040 827 2072 θείας
841 2040 891 2074 φύ-

950 269 1018 296 derit
1034 270 1136 303 signum
1151 272 1197 294 aut
1212 268 1370 302 prodigium,
1386 272 1410 294 et
1425 268 1534 294 euenerit
1560 268 1662 302 signum
1685 273 1730 294 aut

949 314 1097 349 prodigium
1110 313 1180 348 quod
1201 313 1303 339 locutus
1320 317 1369 344 est,
1385 317 1409 339 et
1421 313 1515 339 dixerit
1529 313 1574 338 tibi
1594 319 1602 338 :
1629 312 1730 339 Eamus

950 364 972 386 et
998 367 1137 394 sequamur
1151 361 1212 385 deos
1235 358 1335 385 alienos
1356 366 1420 392 quos
1434 358 1572 391 ignoratis,
1589 363 1613 384 et
1631 359 1730 384 servia-

949 412 1006 431 mus
1019 405 1074 436 eis;
1087 413 1138 431 non
1152 403 1264 430 audietis
1284 402 1361 429 verita
1376 403 1507 436 propheta:
1522 402 1592 429 illius
1607 407 1649 428 aut
1661 410 1731 428 ιοηι-

949 450 1057 477 uiatoris
1073 449 1108 481 ⁸⁵,
1123 459 1132 475 ι
1144 453 1170 476 et
1183 449 1295 483 reliqua.
1312 448 1375 475 Item
1390 448 1461 481 quod
1474 447 1517 474 ille
1528 452 1620 475 contra
1638 446 1730 474 Jesum

949 497 1032 523 dicit:
1047 505 1056 522 ι
1069 495 1221 528 Quinetiam
1242 494 1370 522 Satanam
1386 493 1527 528 quemdam
1548 494 1668 520 nominat
1688 494 1730 520 in-

949 542 1052 574 signem
1065 541 1157 568 talium
1169 547 1256 567 rerum
1266 540 1399 566 artiﬁcem
1414 548 1421 572 ;
1435 549 1444 565 ι
1459 539 1483 565 id
1494 539 1561 566 alter
1575 540 1600 566 in
1612 539 1729 574 Moysem

948 592 1131 621 contorquens
1145 586 1233 613 dicet:
1247 595 1255 611 ι
1270 585 1422 618 Quinetiam
1448 585 1607 619 prophetam
1629 586 1730 612 somni-

948 637 1037 658 antem
1058 631 1323 665 nominatiusignem
1345 629 1439 656 talium
1457 637 1547 656 rerum
1564 629 1706 656 artiﬁcem.
1719 638 1727 654 ι

948 676 1031 712 428
1043 675 1277 708 Quemadmodum
1301 679 1391 702 autem
1418 675 1487 709 apud
1504 674 1611 701 Celsum
1623 673 1730 702 Iudaeus

949 723 987 749 ait
1003 723 1035 749 de
1057 721 1142 749 Jesu:
1159 730 1169 747 ι
1195 723 1233 748 Ac
1251 728 1284 748 ne
1305 721 1361 755 ipse
1381 720 1488 755 quidem
1508 719 1640 747 inﬁtiatur
1654 720 1681 746 in
1700 720 1733 747 iis

949 768 1016 795 nihil
1037 767 1185 794 divinitatis
1211 767 1309 798 inesse,
1332 766 1378 793 sed
1396 773 1456 793 esse
1476 766 1668 793 sceleratorum
1685 766 1733 792 ho-

948 813 1050 840 minum
1064 820 1163 847 opera;
1183 821 1192 838 ι
1210 812 1244 839 ita
1263 812 1386 846 quisquis
1410 810 1489 838 rebus
1505 811 1538 837 de
1557 810 1649 845 Moyse
1665 811 1732 837 scri-

949 858 1000 892 ptis
1015 857 1094 884 ﬁdem
1122 858 1242 892 abrogat,
1257 858 1351 884 iisdem
1366 861 1460 885 contra
1477 857 1550 883 illum
1567 860 1658 883 utetur
1674 863 1733 882 ver-

948 903 1010 930 bis:
1028 913 1037 929 ‹
1053 904 1090 930 Ita
1108 911 1159 930 nec
1173 904 1230 938 ipse
1247 903 1389 935 inﬁtiatur,
1414 903 1479 929 nihil
1495 903 1520 929 in
1535 903 1567 929 iis
1584 902 1732 930 divinitatis

948 949 1046 981 inesse,
1072 949 1118 976 sed
1145 957 1206 976 esse
1229 949 1423 976 sceleratorum
1446 955 1539 983 opera.
1555 958 1565 974 ι
1598 947 1689 975 Vertet
1705 949 1730 974 in

948 993 1065 1028 Moysem
1077 999 1104 1021 et
1119 994 1189 1021 ista:
1206 1003 1214 1020 ι
1231 994 1382 1028 Oppressus
1400 993 1522 1020 veritatis
1538 993 1652 1026 viribus,
1667 994 1730 1020 dum

948 1039 1061 1066 aliorum
1077 1046 1150 1067 artes
1164 1040 1274 1075 delegit,
1289 1047 1351 1067 suas
1365 1044 1390 1066 et
1409 1039 1466 1073 ipse
1482 1039 1630 1074 redarguit.
1645 1049 1653 1065 ι
1684 1040 1729 1066 Di-

946 1085 1017 1112 centi
1034 1089 1122 1112 autetn
1136 1084 1245 1112 Judaeo:
1263 1094 1272 1110 ι
1287 1084 1426 1118 Quomodo
1438 1084 1519 1119 igitur
1533 1093 1583 1113 non
1600 1085 1727 1111 tuiserum

945 1135 997 1162 est,
1014 1138 1047 1157 ex
1061 1130 1157 1157 iisdem
1177 1131 1304 1165 operibus
1321 1131 1395 1158 illum
1413 1132 1522 1166 quidem
1544 1131 1628 1158 Deum
1656 1131 1728 1157 exis-

947 1176 1049 1208 timari,
1071 1176 1137 1203 alios
1158 1183 1221 1203 vero
1245 1177 1460 1211 praestigiatores
1474 1177 1485 1204 ’ἒ
1499 1187 1508 1203 ι
1526 1181 1638 1211 reponet
1655 1176 1729 1210 quis-

946 1221 1018 1254 piam
1029 1226 1140 1255 propter
1151 1221 1230 1248 verba
1243 1221 1343 1256 Moysis
1352 1222 1475 1255 superius
1487 1221 1600 1248 adducta
1616 1231 1622 1247 :
1639 1221 1729 1254 «Quo-

946 1267 1027 1293 modo
1048 1267 1131 1300 igitur
1150 1275 1202 1294 non
1223 1268 1350 1294 miserum
1371 1272 1457 1295 estex
1481 1267 1575 1294 iisdem
1601 1267 1729 1302 operibus

946 1311 1021 1338 illum
1037 1312 1144 1346 quidem
1161 1311 1208 1339 Dei
1221 1313 1378 1347 prophetam
1395 1313 1508 1347 ejusque
1523 1312 1651 1339 famulum
1669 1313 1727 1339 exi-

946 1356 1050 1383 stimari
1064 1376 1072 1390 ,
1088 1357 1155 1384 alios
1172 1362 1262 1384 autent
1279 1358 1509 1393 prtestigiatores?
1524 1367 1534 1384 ›
1552 1358 1583 1384 Et
1599 1359 1726 1392 quoniam

945 1401 1039 1429 Celsus
1052 1402 1103 1429 hoc
1118 1408 1304 1438 argumentum
1320 1411 1428 1438 urgens,
1442 1405 1475 1430 ad
1489 1411 1520 1430 ea
1536 1411 1605 1438 quze,
1619 1409 1647 1430 ut
1664 1403 1730 1430 dixi-

945 1455 1015 1480 mus,
1030 1447 1056 1474 in
1083 1453 1224 1482 utramque
1248 1452 1351 1482 partem
1371 1449 1423 1476 dici
1444 1453 1567 1484 possunt,
1593 1449 1686 1483 adjicit
1701 1452 1728 1474 et

946 1492 1013 1519 ista:
1029 1502 1038 1519 ‹
1052 1494 1106 1520 Cur
1117 1493 1176 1520 illos
1189 1494 1287 1528 potius,
1302 1501 1382 1528 quam
1394 1494 1475 1526 hunc,
1488 1502 1521 1521 ex
1534 1494 1627 1521 iisdem
1644 1494 1724 1520 rebus

945 1538 1092 1565 sceleratos
1106 1538 1271 1571 existimem,
1293 1539 1444 1571 przescrtim
1469 1547 1530 1567 cuin
1553 1540 1611 1573 ipse
1633 1543 1726 1566 contra

944 1590 973 1610 se
985 1584 1165 1613 testimonium
1176 1583 1265 1610 ferat?
1278 1594 1287 1610 ι
1302 1584 1399 1612 addam
1414 1589 1440 1612 et
1451 1593 1513 1619 ego:
1524 1584 1576 1611 Cur
1586 1592 1618 1611 ex
1633 1584 1726 1611 iisdem

943 1629 1069 1664 operibus
1084 1630 1231 1657 sceleratos
1255 1630 1345 1664 potius
1368 1631 1520 1657 existimem
1538 1638 1593 1660 eos,
1611 1637 1725 1664 quorum

945 1675 1028 1708 signis
1040 1681 1067 1703 ct
1083 1676 1209 1711 prodigiis
1225 1676 1330 1712 Moyses
1343 1681 1415 1704 vetat
1432 1677 1524 1704 haberi
1540 1677 1632 1709 ﬁdem,
1645 1684 1727 1711 quam

944 1721 1063 1757 Moysem
1082 1723 1179 1756 ipsum,
1198 1724 1242 1757 qui
1259 1731 1351 1750 eorum
1367 1725 1442 1758 signa
1461 1729 1487 1750 et
1502 1724 1623 1758 prodigia
1639 1723 1666 1750 in
1685 1725 1725 1749 in-

946 1770 1047 1796 vidiam
1063 1771 1162 1797 vocat?
1183 1771 1303 1805 Denique
1324 1772 1380 1798 haec
1396 1770 1545 1804 subjungit,
1564 1774 1594 1796 ιιι
1611 1776 1666 1796 suae
1683 1776 1728 1794 ac-

946 1815 1077 1841 cusationi
1091 1815 1171 1842 veluli
1184 1817 1309 1843 cumulus
1319 1816 1468 1843 accessisse
1478 1814 1618 1841 videatur:
1636 1823 1644 1839 ι
1659 1813 1726 1840 Nam

944 1863 972 1886 et
986 1859 1260 1894 ipseyconfessuslest
1274 1861 1330 1888 haec
1342 1869 1394 1888 non
1418 1868 1477 1888 esse
1494 1860 1591 1887 divinae
1613 1864 1726 1890 natur-te.

945 1905 990 1931 sed
1012 1905 1188 1939 impostorum
1213 1907 1390 1940 quorumdam
1407 1911 1434 1932 et.
1456 1905 1726 1932 sceleratissimorum

946 1951 1085 1977 hominum
1101 1951 1225 1978 indicia.t
1237 1952 1303 1985 Quis
1317 1952 1360 1979 ille
1379 1961 1387 1977 ι
1397 1951 1454 1986 ipse
1467 1961 1475 1977 ι
1492 1951 1549 1978 est?
1562 1950 1612 1981 Tu.
1624 1950 1725 1980 Judme,

944 1995 1035 2023 Jesum
1049 2003 1109 2024 esse
1124 1997 1201 2030 dicis,
1219 1998 1265 2025 sed
1282 1997 1327 2032 qui
1346 1998 1420 2024 videt
1440 2002 1465 2023 te
1477 1997 1578 2023 eisdem
1595 1996 1725 2022 crimina-

943 2041 1062 2068 tionibus
1081 2042 1237 2074 ohuoxium,
1255 2042 1329 2069 illum
1347 2048 1452 2069 asseret
1467 2049 1527 2069 esse
1542 2042 1672 2076 Moysem.

103 2089 176 2113 σεως
194 2082 251 2108 ἀλλ’
268 2083 431 2111 ἀπατεώνων
454 2085 534 2111 τινῶν
557 2086 602 2112 καὶ
621 2086 809 2121 παμπονήρων
824 2084 893 2112 εἶναι
908 2086 1095 2121 γνωρίσματα.
1116 2096 1125 2112 ι
1143 2087 1190 2118 Τίς
1222 2085 1266 2114 οὖν
1285 2097 1294 2112 ι
1313 2087 1393 2118 αὑτός
1410 2095 1417 2120 ;
1439 2097 1448 2112 ι
1467 2087 1502 2112 Σὺ
1529 2087 1587 2122 μὲν,
1612 2084 1634 2113 ὦ
1660 2087 1726 2113 ’Ῑοοιο

101 2127 179 2159 δαῖε,
205 2127 257 2163 φὴς
281 2130 322 2156 ὅτι
341 2130 355 2155 6
376 2130 494 2166 Ἰησοῦςο
517 2132 531 2157 6
543 2131 570 2157 δὲ
589 2131 711 2165 ἐγκαλῶν
727 2140 769 2158 σοι
783 2132 820 2163 ὡς
832 2133 888 2163 τοῖς
903 2132 994 2163 αὐτοῖς
1008 2132 1177 2168 ἐγκλήμασιν
1193 2133 1373 2168 ὑποκειμένῳ,
1386 2133 1417 2158 τὸ
1437 2141 1445 2158 ι
1458 2131 1537 2163 αὐτὸς
1549 2141 1558 2157 ι
1575 2131 1665 2164 ἀνάξει
1679 2133 1726 2159 ἐπὶ

101 2175 151 2200 τὸν
168 2174 296 2201 Μωῡσέα.

139 2219 218 2246 Μετὰ
233 2218 321 2246 ταῦτά
333 2228 398 2254 φησι
411 2221 478 2256 πρὸς
494 2222 566 2256 ἡμᾶς
581 2221 660 2256 δῆθεν
675 2222 729 2257 (ἵνα
740 2223 851 2259 τηρήσω
861 2223 882 2249 τῖ

979 2221 1024 2248 54.
1036 2220 1101 2248 Post
1114 2221 1171 2248 haec
1195 2221 1265 2249 Celsi
1276 2220 1433 2253 Judmusmt
1449 2222 1520 2256 quod
1533 2221 1585 2249 sibi
1603 2222 1637 2249 ab
1650 2221 1726 2249 initio

103 2265 152 2292 ἀπ’
168 2265 255 2300 ἀρχῆς
266 2265 304 2300 τῷ
328 2265 445 2301 Ἰουδαίῳ
460 2266 600 2302 προτεθὲν)
614 2268 628 2294 6
641 2267 687 2294 τοῦ
700 2267 803 2294 Κέλσου
824 2269 888 2294 Ἰου-

101 2310 177 2341 δαῖος
191 2311 220 2336 ὲν
235 2310 272 2345 τῷ
287 2311 355 2345 πρὸς
370 2311 432 2342 τοὺς
456 2311 566 2343 πολίτας
583 2312 680 2338 ἑαυτοῦ
697 2313 767 2347 λόγῳ
780 2313 890 2339 πιστεύ-

102 2363 215 2386 σαντας,
231 2365 240 2380 ι
259 2355 311 2381 τίνι
323 2353 370 2382 οὖν
386 2356 556 2391 προσήχθητε
573 2356 638 2392 (48),
652 2357 668 2392 ἢ
681 2357 747 2383 διότι
760 2359 888 2392 προεῖπεν

100 2400 141 2431 ὡς
164 2399 304 2426 ἀποθανὼν
327 2399 506 2434 ἀναστήσεται
525 2408 532 2432 ;
557 2409 566 2425 ι
582 2400 636 2426 Καὶ
655 2400 732 2426 τοῦτο
754 2399 776 2426 δ’
801 2401 839 2431 εἰς
858 2399 888 2425 τὸ

102 2444 169 2479 περὶ
186 2445 323 2475 Μωσέως
344 2444 443 2480 ὁμοίως
464 2446 520 2476 τοῖς
539 2445 681 2480 προτέροις
701 2444 888 2480 κοινοποιηθή-

101 2498 180 2516 σεται
191 2510 197 2515 .
210 2490 333 2525 Φὴσομεν
347 2490 400 2525 γὰρ
409 2490 475 2525 πρὸς
486 2491 635 2522 αὑτὸν,τίνι
645 2488 691 2517 οὖν
705 2491 886 2527 προσήχθητε,

99 2534 117 2570 ἢ
134 2534 202 2561 διότι
223 2535 359 2571 ἀνέγραψε
381 2536 509 2571 περὶτῆς
533 2536 629 2563 ἑαυτοῦ
644 2537 772 2572 τελευτῆς
797 2537 886 2564 τοιαῦ-

99 2590 135 2607 τα
156 2581 210 2616 (49)
232 2589 240 2614 ;
260 2591 269 2608 ι
294 2582 349 2608 Καὶ
371 2582 543 2618 ἐτελεύτησεν
565 2584 622 2610 ἐκεῖ
642 2585 759 2620 Μωῡσῆς
780 2585 886 2620 οἰκέτης

139 2637 163 2653 ⁸⁸
175 2637 255 2666 Deut.
272 2639 361 2671 xtuJ,
377 2638 404 2671 2,
421 2639 449 2666 5.

137 2693 195 2728 (45)
210 2693 294 2721 Codd.
313 2695 366 2721 duo
381 2695 513 2725 Vaticani.
532 2698 557 2721 et
579 2695 632 2721 duo
649 2694 801 2728 Anglicani,
819 2696 881 2722 item

100 2729 203 2764 Regius
231 2734 259 2755 et
283 2729 455 2759 Basileensis,
477 2730 540 2760 τοὺς
571 2729 674 2764 λόγους.
703 2730 882 2762 llteseheiins,

99 2763 149 2789 τοῦ
161 2763 251 2797 λόγου.
268 2763 428 2797 Spencerus,
441 2763 494 2790 τῶν
508 2764 603 2798 λόγων.

138 2798 195 2834 (46)
210 2799 264 2825 Kal
281 2799 330 2825 ἐπὶ
349 2799 468 2834 τούτου.
497 2799 542 2826 Sic
570 2807 664 2826 omnes
684 2806 748 2826 mss.
772 2803 884 2832 excepto

101 2833 211 2893 ngiauo
245 2834 290 2868 qui
317 2840 377 2860 cum
405 2833 480 2861 libris
510 2834 589 2861 editis
615 2834 712 2866 habet,
740 2834 787 2860 καὶ
816 2834 884 2869 πρὸς

101 2876 116 2893 ἰ
134 2886 141 2893 .

100 2876 141 2893 το.

943 2267 1082 2302 proposuit
1091 2266 1200 2302 sequar)
1210 2267 1249 2294 sic
1259 2274 1307 2294 nos
1317 2268 1465 2301 interrogat
1476 2267 1502 2294 in
1513 2274 1637 2294 sermone
1645 2275 1724 2302 quem

942 2313 1024 2340 habet
1039 2320 1100 2339 cum
1116 2314 1155 2340 eis
1170 2319 1203 2339 ex
1220 2312 1275 2340 suis
1292 2312 1468 2347 popularibus
1487 2313 1532 2346 qui
1548 2312 1658 2340 Christo
1676 2313 1723 2339 ad—

943 2359 1098 2385 haeserunt:
1116 2367 1125 2384 ι
1140 2358 1198 2391 Quo
1215 2358 1297 2393 igitur
1312 2362 1472 2393 argumento
1491 2359 1614 2392 persuasi
1638 2358 1725 2385 estis?

941 2412 974 2431 an
989 2405 1060 2439 quod
1077 2405 1200 2439 praedixit
1217 2413 1245 2432 se
1261 2409 1321 2439 post
1334 2409 1447 2431 mortem
1462 2404 1698 2431 resurrecturum?
1712 2414 1721 2429 ι

942 2450 974 2477 Ει
989 2451 1040 2478 hoc
1056 2451 1174 2485 proclive
1196 2455 1244 2480 est.
1259 2455 1289 2478 ut
1306 2451 1443 2485 superiora
1461 2451 1486 2477 in
1501 2450 1620 2485 Moysem
1637 2455 1723 2477 retor-

941 2502 1034 2530 quere.
1059 2497 1186 2524 Dicemus
1204 2497 1276 2523 enim
1293 2500 1321 2524 et
1332 2503 1396 2523 nos:
1413 2495 1472 2528 Quo
1489 2499 1647 2529 argumento
1660 2502 1720 2529 per-

940 2542 1012 2569 suasi
1037 2542 1131 2570 estis?
1157 2550 1191 2569 an
1217 2543 1280 2576 quia
1304 2542 1336 2569 de
1352 2549 1399 2569 sua
1417 2545 1502 2568 morte
1520 2540 1630 2574 scripsit
1642 2540 1719 2566 haec:

943 2596 952 2613 ι
965 2587 1138 2623 Mortuusque
1153 2593 1195 2616 est
1210 2588 1247 2615 ibi
1263 2587 1369 2623 Moyses
1382 2595 1477 2615 servus
1489 2586 1595 2614 Domini
1610 2586 1636 2613 in
1650 2590 1718 2612 terra

974 2695 1028 2730 (47)
1042 2693 1127 2725 Αὐτῷ
1143 2693 1313 2730 χρεωμένους
1320 2693 1457 2730 μάρτυρι,
1473 2692 1586 2730 Cuietus
1600 2695 1628 2717 ιιι
1639 2698 1719 2724 supra

937 2727 1117 2765 ιθεῖιμαὺτοῖς
1137 2727 1287 2765 χρώμενον,
1303 2734 1329 2753 et
1343 2728 1414 2753 delet
1433 2727 1471 2758 τὸ,
1488 2727 1614 2765 μάρτυρι.

973 2735 1011 2760 ut.
1027 2735 1117 2759 autat;
1149 2736 1287 2762 ,pmpevov,
1303 2735 1329 2753 et
1343 2735 1414 2753 uetei
1433 2735 1471 2758 το,
1488 2735 1525 2760 μα
1544 2735 1574 2752 τυ
1597 2735 1614 2753 ι.

973 2752 1030 2799 (48)
1043 2737 1246 2798 Προσγῖχθητε.
1259 2762 1374 2789 Sictnss.
1386 2768 1414 2788 ut
1423 2769 1514 2795 supra.
1526 2735 1603 2788 ἕως.
1616 2759 1718 2792 excusi,

935 2800 1099 2835 προήχθητε-

973 2809 1004 2834 ηοη
1026 2809 1099 2834 υητε.

973 2809 1027 2870 (ιδ)
1043 2832 1244 2865 Μεεητοιαῦτα.
1260 2832 1338 2860 Libb.
1352 2831 1427 2863 editi,
1441 2830 1535 2858 ταῦτα.
