1843 3097
99 139 156 166 885

710 134 850 162 CONTRA
869 132 1004 162 CELSUM
1025 133 1087 160 LIB.
1103 133 1135 162 ll.

1685 132 1736 161 886

99 192 261 224 τασιωθεὶς,
287 191 355 228 ὅπερ
379 191 411 227 δὴ
437 191 541 227 μυρίοις
563 190 749 226 συμῦέόηκεν·
779 191 807 225 ἢ,
830 191 897 225 ὅπερ

993 190 1000 216 1
1016 190 1106 216 animo
1123 189 1232 216 tinxerit
1255 196 1314 223 qua:
1329 187 1500 216 desiderabat
1515 197 1521 215 ε
1537 188 1563 215 id
1577 188 1649 223 quod
1665 196 1736 222 smpe

102 238 220 273 μᾶλλον,
237 237 371 272 ἐκπλῆξαι
387 238 448 268 τοὺς
470 237 579 268 λοιποὺς
606 238 638 271 τῇ
666 237 794 272 τερατείᾳ
813 235 899 272 ταύτῃ

102 283 234 318 Θελήσας,
253 283 300 309 καὶ
324 283 368 309 διὰ
390 282 436 309 τοῦ
461 282 581 309 τοιούτου
604 282 758 317 ψεύσματος
774 281 900 317 ἀφορμὴν

102 328 199 360 ἄλλοις
223 328 354 363 ἀγύρταις
378 329 538 363 παρασχεῖν.
555 337 564 353 ›
596 327 673 353 Ἐπεὶ
701 324 747 352 οὖν
778 325 900 356 Ἰουδαῖός

104 374 184 400 ἐστιν
200 374 214 399 ό
230 373 314 400 ταῦτα
332 374 428 408 λέγων,
454 373 492 404 ὡς
516 373 584 408 πρὸς
605 372 729 399 Ἰουδαῖον
752 371 900 405 ἀπολογού-

107 420 182 455 μεθα
207 420 270 455 περὶ
292 419 340 445 τοῦ
356 419 488 454 ἡμετέρου
511 417 608 453 Ἰησοῦ,
627 416 838 448 κοινοποιοῦντες
862 417 901 443 ἔτι

103 465 154 494 τὸν
170 463 247 497 λόγον
268 464 331 499 περὶ
354 463 492 494 Μωῦσέως
516 463 563 489 καὶ
578 462 702 497 λέγοντες
719 460 807 496 αὐτῷ·
825 461 902 488 πόσοι

104 508 129 535 δ’
145 508 220 535 ἄλλοι
233 507 344 534 τοιαῦτα.
369 507 572 542 τερατεύονται,
597 508 677 533 ὁποῖα
692 506 821 540 Μωῢσῆς,
844 513 903 531 πει-

107 554 173 585 θοῦς
188 555 268 580 ἕνεκα
292 554 345 580 τῶν
362 554 465 588 εὐήθως
482 553 635 580 ἀκουόντων
663 551 903 587 ὲνεργολαϐοῦντες

106 602 144 635 τῇ
160 600 265 636 πλάνῃ;
280 600 335 626 Καὶ
351 599 458 634 μᾶλλον,
473 599 543 626 κατά
555 598 599 625 τὸν
610 598 775 625 ἀπιστοῦντα
786 598 901 632 Μωῡσῇ,

107 645 170 671 ἐστὶ
184 645 296 671 δυνατὸν
320 644 489 680 παραθέσθαι
512 644 556 670 τὸν
572 644 704 679 Ζάμολξιν
719 644 765 670 καὶ
782 642 904 676 Πυθαγό-

109 699 163 727 ραν
179 691 242 722 τοὺς
265 689 524 725 τερατευσαμένους,
552 690 623 725 ἥπερ
648 689 693 715 τὸν
714 689 846 720 Ἰουδαῖον,
873 687 903 713 οὐ

108 737 183 762 πάνυ
197 735 352 770 φιλομαθῶς
366 735 460 770 ἔχοντα
477 735 544 769 πρὸς
558 734 606 766 τὰς
625 734 757 769 Ἑλλήνων
774 733 902 768 ἱστορίας.

108 781 169 808 Καὶ
182 782 196 807 ὁ
214 780 362 814 Αἰγύπτιος
375 781 402 806 δὲ
416 780 538 806 ἀπιστῶν
552 782 606 812 τοῖς
623 781 686 814 περὶ
702 779 839 810 Μωῦσέως
854 787 905 805 πα-

111 826 244 862 ραδόξοις,
269 825 389 856 πιθανῶς
405 826 590 861 παραϐήσεται
604 825 648 851 τὸν
671 825 821 860 Ῥαψίνιτον
837 824 903 860 (59).

951 236 1102 263 innumeris
1118 235 1231 268 accidit;
1250 235 1301 266 vel,
1318 235 1388 269 quod
1401 234 1485 269 magis
1497 234 1670 267 crediderim,
1685 234 1736 261 hoc

950 282 1072 317 prodigio
1087 281 1198 315 reliquis
1215 280 1368 307 hominibus
1391 280 1597 307 admirationem
1613 281 1736 307 incutere

951 328 1077 360 voluerit,
1103 331 1129 354 et
1157 327 1206 354 hoc
1234 327 1374 353 mendacio
1399 327 1519 360 praebere
1540 326 1601 353 aliis
1615 326 1735 359 ejusdem

951 373 1064 400 fallacia:
1085 372 1326 407 opportunitatem.
1342 381 1350 397 ι
1376 371 1506 404 Quoniam
1532 371 1616 406 igitur
1628 370 1736 398 Iudaeus

952 419 1009 446 hac
1026 418 1105 451 dicit,
1132 418 1208 452 quasi
1236 425 1296 444 cum
1321 417 1414 444 Judaeo
1429 417 1493 443 mihi
1520 424 1562 444 res
1585 422 1666 449 esset,
1689 425 1737 444 no-

952 469 1038 492 strum
1052 463 1142 491 desum
1168 463 1310 490 defendam
1326 463 1420 489 eadem
1436 464 1526 489 omnia
1550 462 1692 490 reﬂectens
1708 463 1735 489 in

953 511 1083 546 Moysem.
1108 509 1147 536 Ac
1165 509 1282 543 primum
1299 515 1379 542 quam
1396 507 1471 534 multi
1497 507 1553 540 alii,
1570 513 1599 535 ut
1615 508 1737 542 stnpidos

954 555 1140 584 demulcerent
1167 555 1315 585 auditores,
1340 557 1367 581 et
1393 557 1525 587 quaastum
1549 559 1642 580 errore
1665 553 1738 580 face-

954 607 1024 635 rent,
1039 602 1146 634 iisdem,
1164 601 1262 636 quibus
1279 599 1397 634 Moyses,
1413 599 1544 634 prodigiis
1564 599 1640 625 abusi
1656 598 1738 626 sunt?

954 648 1030 681 Quod
1046 648 1078 674 ad
1095 645 1261 673 Zamolxidis
1276 650 1302 672 et
1315 645 1476 680 Pythagorae
1493 644 1613 678 prodigia
1629 644 1737 674 attinet,

954 701 984 720 ea
1001 691 1206 719 convenientius
1220 689 1350 724 objecerit
1362 690 1408 724 qui
1425 689 1509 724 Moysi
1528 696 1580 716 non
1604 688 1737 721 crederet,

955 743 1035 769 quam
1057 735 1175 768 Iudaeus,
1192 734 1234 761 cui
1251 733 1321 761 haud
1345 734 1489 760 admodum
1506 733 1580 760 cordi
1596 739 1656 760 esse
1672 733 1740 760 solet

955 780 1171 808 Grcecanicarum
1189 780 1365 808 historiarum
1387 779 1515 814 cognitio.
1530 778 1673 814 Egyptius
1689 786 1738 804 au-

957 831 1009 853 tem
1036 826 1134 853 nullam
1159 826 1280 853 tribuens
1303 825 1402 860 Moysis
1426 825 1563 852 miraculis
1591 824 1682 856 tidem,
1705 825 1740 850 de

109 870 200 905 λέγων
217 870 306 906 πολλῷ
326 870 420 897 τοῦτον
435 868 503 897 εἶναι
521 870 704 906 πιθανώτερον
723 871 763 902 είς
778 870 839 905 ᾅδου
854 878 904 896 κα-

999 873 1123 906 mpsinito
1151 872 1326 907 probabiliter
1357 872 1460 899 diceret
1484 878 1544 898 ctnn
1568 877 1628 898 esse
1654 872 1740 897 multo

110 916 302 951 ταϐεϐηκέναι,
321 917 366 943 καὶ
391 915 637 950 συγκεκυϐευκέναι
651 918 682 951 τῇ
697 917 832 952 Δήμητρι,
858 917 905 943 καὶ

110 961 231 998 χρυσοῦν
254 961 451 997 χειρόμακτρον
473 962 538 997 παρ’
553 962 638 996 αὐτῆς
664 962 826 996 ἁρπάσαντα
850 962 904 988 δει-

111 1006 211 1033 κνύναι
239 1006 370 1041 σύμϐολον
393 1006 447 1033 τοῦ
463 1007 492 1033 ὲν
516 1007 579 1042 ᾅδου
604 1007 752 1041 γεγονέναι,
779 1007 905 1033 κάκεῖθεν

110 1051 312 1086 ἀναϐεϐηκέναι
325 1060 331 1066 ·
346 1052 494 1082 Μωῦσέως,
508 1052 601 1079 ἑαυτὸν
617 1052 822 1087 ἀναγράψαντος
837 1053 906 1079 εἰσε-

111 1094 257 1131 ληλυθέναι
281 1097 320 1127 εἰς
342 1096 387 1122 τὸν
403 1095 510 1130 γνόφον,
536 1096 602 1121 ὅπου
616 1093 649 1130 ἦν
663 1096 677 1121 ὁ
694 1095 759 1126 Θεός
771 1104 777 1110 ·
804 1096 850 1122 καὶ
864 1096 905 1122 ὅτι

112 1141 196 1175 μόνος
220 1142 316 1176 ἦγγισε
340 1141 408 1176 πρὸς
431 1141 476 1167 τὸν
501 1141 576 1172 Θεὸν,
603 1141 678 1176 παρά
701 1142 763 1173 τοὺς
786 1141 904 1173 λοιπούς.

118 1187 270 1222 Ἀνέγραψε
285 1186 338 1222 γὰρ
362 1186 463 1218 οὕτως·
488 1196 497 1212 ι
510 1187 564 1213 Καὶ
577 1186 696 1221 Μωῡσῆς
719 1187 797 1221 μόνος
820 1188 906 1221 ὲγγιεῐ

112 1231 185 1266 πρὸς
197 1232 241 1258 τὸν
258 1232 334 1264 Θεὸν,
358 1233 382 1258 oi
394 1232 422 1258 δὲ
435 1232 522 1258 λοιποὶ
535 1233 584 1259 οὑκ
598 1232 730 1266 ὲγγιοῦσι.
745 1241 753 1257 ι
782 1233 906 1267 Φήσομεν

107 1274 162 1302 οὖν
186 1276 265 1310 ἡμεῖς
287 1277 310 1302 οἱ
333 1276 379 1302 τοῦ
403 1276 490 1311 Ἰησοῦ
515 1276 643 1312 μαθηταὶ,
673 1276 740 1312 πρὸς
757 1276 802 1303 τὸν
822 1277 906 1303 ταῦτα

111 1320 230 1354 λέγοντα
253 1321 384 1353 Ἰουδαῖον,
407 1321 539 1356 ἀπολογοῦ
566 1322 597 1357 δὴ
626 1323 691 1357 ἡμῖν
717 1323 845 1358 περὶτῆς
866 1323 906 1355 είς

119 1364 225 1399 Ἰησοῦν
242 1365 359 1397 πίστεως
376 1365 430 1400 (60)
454 1365 587 1399 ἐγκαλῶν,
605 1364 652 1392 καὶ
678 1365 740 1399 λέγε
763 1366 801 1401 τῷ
824 1367 906 1399 Αἰγυ-

114 1411 188 1445 πτίῳ
213 1412 260 1437 καὶ
283 1413 338 1443 τοῖς
357 1412 479 1447 Ἕλλησι,
497 1412 523 1438 τί
546 1413 641 1447 φήσεις
659 1413 725 1448 πρὸς
750 1413 767 1439 δι
790 1413 907 1448 ἤνεγκας

113 1455 187 1482 κατὰ
200 1455 246 1481 τοῦ
266 1455 355 1491 Ἰησοῦ
372 1456 450 1491 ήμῶν
470 1457 638 1492 ἐγκλήματα,
659 1457 797 1491 φθάσαντα
814 1457 845 1484 ἂν
862 1458 907 1484 καὶ

113 1501 164 1526 ἐπὶ
179 1500 314 1533 Μωῢσέα;
343 1500 404 1527 Κᾶν
418 1501 487 1528 πάνυ
503 1502 531 1528 δὲ
555 1502 676 1537 ἀγωνίσῃ
691 1503 755 1537 περὶ
769 1502 907 1535 Μωῦσέως

114 1545 347 1580 ἀπολογήσασθαι,
373 1545 465 1582 ὣσπερ
490 1545 536 1573 οὖν
553 1547 598 1574 καλ¹
622 1546 678 1581 ἔχει
695 1546 844 1581 πληκτικὸν
868 1547 907 1573 λό-

114 1597 166 1623 γον
190 1590 236 1616 καὶ
251 1590 353 1625 ἐναργῆ
370 1590 403 1618 τὰ
427 1592 491 1627 περὶ
503 1591 603 1618 αὐτοῦ’
617 1591 708 1626 λήσεις
726 1591 822 1618 σαυτὸν
840 1591 905 1627 (61),

114 1637 145 1662 ἐν
157 1633 198 1667 οἷς
213 1637 276 1671 περὶ
287 1637 424 1668 Μωῡσέως
439 1637 604 1674 ἀπολογήσῃ,
623 1637 697 1665 ἄκων
714 1638 849 1672 συστήσας
861 1638 906 1664 τὸν

120 1682 228 1720 Ἰησοῦν
244 1683 382 1714 Μωῦσέως
398 1683 541 1719 θειότερον.
553 1697 555 1701 ι

159 1771 236 1797 Ἐπεὶ
257 1771 285 1798 δὲ
299 1771 348 1804 τὰς
364 1772 485 1809 ήρωῖκὰς
503 1772 622 1809 ἱστορίας
648 1773 711 1809 περὶ
725 1773 779 1800 τῶν
795 1773 851 1809 (62)
868 1774 908 1805 εὶς

115 1816 183 1851 ᾅδου
197 1817 413 1852 καταϐεϐηκέναι
425 1818 589 1853 λεγομένων,
608 1818 735 1845 κάκεῖθεν
747 1818 909 1854 ἀνεληλυθέ-

114 1869 173 1894 ναι,
189 1861 329 1897 τερατείας
345 1859 412 1889 εἷναί
438 1871 520 1898 φησιν
545 1864 558 1889 ὑ
579 1863 654 1898 παρά
668 1863 706 1898 τῷ
722 1863 820 1899 Κέλσῳ
841 1865 907 1890 Ἰου-

114 1907 208 1938 δαῖος·
233 1907 270 1938 ὠς
284 1907 338 1934 τῶν
362 1907 458 1943 ἡρώων
474 1908 584 1942 ἀφανῶν
609 1909 763 1943 γενομένων
787 1909 833 1935 ὲπί
848 1917 908 1935 τινα

114 1952 225 1987 χρόνον,
241 1953 288 1979 καὶ
311 1953 538 1988 ὑπεκκλεψάντων
556 1954 666 1985 ἑαυτοὺς
679 1954 729 1990 τῆς
741 1954 827 1989 ὅψεως
842 1954 909 1980 πάν-

115 2004 173 2023 των
195 1996 355 2032 ἀνθρώπων,
373 1998 420 2024 καὶ
444 1998 512 2032 μετὰ
535 1998 621 2025 ταῦτα
634 1999 746 2030 ἑαυτοὺς
759 1998 909 2030 ἐπιδειξάν-

114 2049 182 2073 των,
198 2041 236 2073 ὡς
249 2042 303 2068 ἀπὸ
326 2041 390 2076 ᾅδου
407 2043 608 2078 ἀνεληλυθότων
625 2043 746 2079 (τοιαῦτα
769 2043 823 2079 γὰρ
838 2043 910 2070 ἔοικε

115 2087 184 2123 περὶ
207 2087 254 2114 τοῦ
281 2089 309 2115 ἐν
325 2088 467 2124 Ὀδρύσαις
485 2090 614 2124 Ὀρφέως,
640 2090 746 2117 καὶτοῦ
768 2091 796 2116 ὲν
813 2091 911 2117 Θεσσαν

114 2133 165 2167 λίᾳ
186 2131 386 2167 Πρωτεσιλάου,
412 2135 459 2160 καὶ
474 2133 521 2160 τοῦ
536 2135 583 2161 ἐπὶ
606 2135 731 2170 Ταινάρῳ
752 2135 909 2170 Ἡρακλέος,

115 2178 159 2224 ἔτι
172 2178 201 2204 δὲ
216 2179 262 2204 καὶ
283 2179 346 2213 περὶ
362 2179 483 2214 Θησέως,
507 2179 647 2214 ἐμφαίνειν
671 2179 752 2206 αὐτοῦ
772 2178 788 2212 ἡ
808 2179 907 2216 λέξις)·
924 2195 949 2224 D

119 2223 190 2258 φέρε
214 2224 446 2258 παραστήσωμεν,
473 2224 513 2250 ὅτι
533 2224 563 2249 οὐ
586 2224 694 2250 δύναται
717 2224 747 2250 τὺ
774 2225 845 2252 κατὰ
862 2225 907 2252 τὸν

123 2268 229 2303 Ἰησοῦν
247 2269 436 2304 ἱστορούμενον
459 2271 492 2296 ἐκ
514 2270 617 2305 νεκρῶν
641 2270 787 2306 ὲγηγέρθαι
804 2270 908 2301 τούτοις

117 2314 351 2353 παραϐάλλεσθαι.
372 2315 503 2347 Ἕκαστος
528 2309 580 2350 μὲν
600 2316 655 2350 γὰρ
679 2316 732 2342 τῶν
757 2315 909 2351 λεγομένων

116 2358 190 2385 κατά
204 2359 266 2390 τοὺς
287 2359 386 2391 τόπους
400 2360 496 2395 ἡρώων
513 2360 652 2396 βουληθεὶς
667 2361 699 2387 ἂν
721 2361 835 2396 ἐδυνήθη
851 2362 910 2387 ἐαυ-

115 2404 164 2429 τὸν
180 2404 349 2438 ὑπεκκλέψαι
373 2406 422 2440 τῆς
435 2405 522 2440 ὂψεως
543 2406 596 2431 τῶν
612 2405 772 2442 ἀνθρώπων,
796 2406 844 2432 καὶ
859 2406 910 2433 πά-

116 2447 161 2473 λιν
182 2448 278 2483 κρίνας
294 2449 451 2476 ὲπανελθεῐν
475 2450 543 2485 πρὸς
563 2450 610 2482 οὒς
632 2451 841 2477 καταλέλοιπεν·
864 2452 912 2486 Ἰη-

118 2491 168 2519 σοῦ
183 2492 211 2518 δὲ
227 2493 426 2530 σταυρωθέντος
445 2495 491 2521 ἐπὶ
514 2495 622 2522 πάντων
642 2495 785 2529 Ἰουδαίων,
803 2497 850 2522 xal.
863 2505 912 2523 κα-

156 2559 179 2575 ⁸⁶
197 2559 284 2586 Exod.
303 2566 349 2592 xx,
363 2559 409 2586 ‘2l.
449 2559 471 2576 ⁸⁷
489 2560 576 2588 Exod.
593 2569 669 2595 xxtv,
686 2561 715 2588 2.

156 2626 214 2662 (59)
235 2627 440 2661 Παραθήσεται
459 2629 512 2655 τὸν
535 2629 715 2663 Ῥαψίνιτον.
748 2630 792 2656 Sic
814 2637 908 2658 omnes

119 2670 187 2698 mss.
204 2664 229 2698 in
246 2664 440 2698 thusietiun
454 2671 533 2696 supra
551 2665 660 2698 legitur,
677 2664 838 2698 Ῥαψίνιτον,
854 2673 906 2691 nnn

124 2696 311 2741 Ῥαμψίνιτον.
350 2697 428 2725 Libb.
453 2698 519 2725 editi
546 2696 661 2730 habent,
685 2696 836 2735 παραθήσει
860 2700 907 2726 τὸν

135 2732 311 2758 Ραιιιιίνιτον.

159 2758 215 2800 (60')
240 2767 278 2792 Ita
304 2768 357 2794 duo
381 2767 460 2796 codd.
483 2768 624 2801 Anglicani
651 2773 679 2795 ct
707 2769 758 2795 duo
774 2768 906 2795 Vaticani.

120 2801 195 2838 Lihri
221 2803 377 2838 vergetliti,
391 2803 523 2836 ἀπολογοῦ
546 2803 574 2829 δὲ
588 2804 659 2838 ἡμῖν,
670 2803 734 2838 περὶ
750 2803 800 2838 τῆς
820 2803 906 2838 Ἰησοῦ

122 2836 250 2869 πίστεως.
275 2836 356 2865 Forte
368 2837 519 2873 legendum,
537 2836 668 2873 ἀπολογοῦ
686 2836 716 2873 δή
731 2836 795 2874 ἡμῖν
820 2839 833 2864 ό
846 2836 908 2874 περὶ

956 918 1042 951 magis
1056 918 1166 952 dignum
1186 917 1247 950 ﬁde,
1277 925 1358 950 quam
1384 916 1512 951 Moysem.
1536 915 1617 951 430
1630 915 1695 942 Nam
1712 916 1739 942 in

956 964 1057 991 inferos
1082 963 1264 996 descendisse,
1290 963 1387 990 lusisse
1413 963 1523 990 tesseris
1547 969 1609 988 cum
1629 961 1740 992 Cerere,

955 1009 1067 1035 mantile
1091 1015 1205 1036 aureum
1223 1009 1261 1035 illi
1286 1012 1408 1043 ereptum
1431 1007 1583 1035 ostendisse
1607 1006 1690 1034 veluti
1704 1007 1742 1033 si—

955 1061 1037 1089 gnum
1062 1055 1103 1081 sui
1128 1055 1154 1081 in
1180 1054 1282 1081 inferos
1306 1054 1459 1086 descensus,
1488 1054 1549 1080 inde
1565 1055 1672 1080 demum
1697 1059 1742 1080 re-

957 1108 1080 1133 measse;
1107 1099 1165 1127 hzec
1190 1100 1282 1127 omnia
1306 1100 1392 1134 magis
1417 1099 1558 1126 credibilia
1571 1107 1642 1132 esse,
1659 1106 1740 1131 quam

956 1153 1015 1180 qua:
1031 1146 1137 1180 Moyses
1154 1146 1187 1173 de
1203 1153 1232 1174 se
1246 1146 1352 1179 scribit,
1369 1146 1486 1173 intrasse
1503 1153 1532 1173 se
1543 1146 1570 1172 in
1587 1145 1741 1180 caliginem,

957 1191 1002 1218 ubi
1016 1191 1086 1218 Dens
1100 1191 1204 1224 erat“,
1230 1195 1343 1219 caeteros
1369 1191 1502 1224 exclusos,
1530 1192 1679 1218 accessisse
1699 1198 1743 1218 so-

958 1237 1012 1264 lum
1031 1246 1038 1264 :
1055 1237 1112 1265 haec
1136 1238 1208 1264 enim
1235 1244 1295 1265 esse
1311 1237 1369 1272 ejus
1392 1238 1473 1264 verba
1491 1245 1498 1263 :
1518 1246 1527 1263 ι
1539 1237 1621 1265 Solus
1638 1237 1743 1272 Moyses

957 1283 1067 1310 accedet
1082 1283 1114 1310 ad
1132 1282 1224 1314 Deum,
1245 1287 1271 1310 et
1287 1283 1332 1311 alii
1347 1290 1400 1310 noa
1417 1283 1671 1318 appropinqnahunt
1682 1283 1716 1310 ⁸⁷.
1729 1292 1738 1308 ι

957 1330 1049 1364 itaque
1064 1336 1113 1356 nos
1128 1328 1189 1356 Jesu
1206 1329 1328 1363 discipuli
1345 1330 1377 1356 ad
1394 1328 1514 1356 Judaeum
1536 1329 1593 1356 haec
1605 1328 1741 1356 dicentem

959 1376 1182 1411 respondebimus
1207 1384 1214 1402 :
1240 1380 1267 1402 tu
1291 1376 1336 1410 qui
1353 1376 1484 1403 (nostram
1511 1376 1537 1402 in
1554 1375 1644 1402 Jesum
1661 1375 1743 1403 [idem

957 1422 1124 1454 criminaris,
1152 1426 1179 1449 te
1201 1421 1287 1455 ipsum
1307 1426 1392 1449 tuere.
1416 1421 1557 1456 Responde
1574 1421 1700 1456 {Egyptio
1715 1426 1741 1448 et

958 1468 1059 1495 Graecis
1083 1467 1128 1501 qui
1154 1467 1247 1494 eadem
1271 1467 1297 1494 in
1314 1466 1432 1501 Moysem
1458 1473 1615 1502 retorquere
1630 1473 1744 1501 possunt

920 1530 943 1560 ϐ
958 1521 1018 1547 qua:
1043 1518 1070 1540 tu
1095 1517 1190 1540 contra
1205 1512 1296 1539 Jesum
1323 1513 1446 1540 attulisti.
1473 1512 1548 1546 Quod
1564 1514 1585 1539 si
1611 1513 1636 1539 in
1653 1513 1744 1548 Moyse

959 1559 1139 1592 defendendo,
1166 1564 1196 1587 nt
1217 1567 1282 1587 sane
1298 1559 1405 1586 defendi
1430 1564 1517 1594 potest
1541 1564 1568 1586 et
1582 1559 1667 1586 solide
1683 1559 1744 1593 qui-

959 1607 1032 1639 dem,
1055 1607 1101 1633 diu
1129 1605 1298 1640 multumque
1323 1605 1508 1638 contenderis;
1537 1605 1693 1640 imprudens
1715 1610 1743 1633 et

959 1653 1028 1680 nihil
1045 1652 1079 1680 de
1096 1652 1157 1680 Jesu
1177 1653 1301 1688 cogitans
1326 1660 1492 1687 quaecunque
1516 1660 1564 1687 pro
1581 1652 1745 1680 vindicando

958 1698 1049 1733 Moyse
1072 1698 1227 1734 protuleris,
1253 1697 1348 1725 iisdem
1372 1698 1474 1726 elIicit-s
1489 1699 1515 1726 in
1529 1698 1591 1726 Jesu
1608 1699 1671 1734 quid
1684 1705 1745 1726 esse

959 1743 1087 1776 divinius,
1106 1751 1186 1778 quam
1203 1744 1228 1770 in
1245 1743 1345 1778 Moyse.

993 1811 1038 1838 56.
1057 1811 1190 1844 Quoniam
1218 1818 1282 1838 vero
1308 1818 1341 1837 ex
1357 1811 1403 1842 iis,
1430 1817 1489 1845 quae
1504 1811 1537 1837 de
1552 1809 1660 1844 Orpheo
1674 1810 1745 1844 apud

959 1856 1091 1891 Odrysas,
1119 1857 1152 1884 de
1168 1856 1319 1884 Protesilae
1342 1857 1369 1883 in
1395 1855 1546 1888 Thessalia,
1572 1856 1605 1882 de
1629 1855 1746 1881 Hercule

960 1903 987 1929 in
1017 1901 1130 1929 Taenaro
1153 1907 1180 1928 et
1194 1901 1227 1928 de
1249 1901 1354 1928 Theseo
1381 1909 1461 1934 supra
1489 1901 1582 1928 retulit
1604 1900 1674 1927 Celsi
1698 1900 1745 1926 Ju-

961 1949 1044 1980 απυδ,
1069 1949 1127 1981 ejus
1144 1954 1213 1982 ,esse
1229 1948 1363 1974 sententia
1386 1948 1492 1974 videtur
1509 1948 1620 1974 heroum
1638 1947 1744 1974 illorum

960 1999 987 2021 et
1002 1994 1028 2020 in
1043 1993 1145 2020 inferos
1160 1994 1318 2020 descensum
1336 1997 1362 2020 et
1376 2000 1408 2019 ex
1426 1993 1519 2020 inferis
1533 1993 1659 2025 reditum,
1677 2000 1746 2027 prm-

960 2041 1055 2074 stigias
1081 2047 1142 2067 esse
1167 2048 1174 2066 :
1200 2040 1299 2074 quippe
1323 2039 1422 2073 quibus
1446 2040 1519 2073 jsatis
1544 2038 1626 2065 fuerit
1650 2038 1746 2065 abesse

962 2086 1095 2121 quoddam
1110 2090 1225 2119 tempus,
1242 2084 1328 2112 oculis
1350 2085 1489 2111 hominum
1506 2090 1566 2111 sese
1582 2083 1745 2116 subducere,

961 2137 988 2159 et
1001 2136 1092 2166 postea
1117 2138 1146 2158 se
1171 2132 1197 2158 in
1212 2135 1386 2164 conspectum
1405 2131 1478 2162 dare,
1497 2134 1526 2156 ut
1543 2129 1577 2156 ab
1593 2128 1686 2156 inferis
1704 2136 1746 2155 re-

962 2178 1043 2205 duces
1059 2178 1222 2204 haberentur
1241 2186 1247 2202 :
1266 2184 1316 2211 age
1336 2176 1482 2211 probemus
1506 2176 1532 2203 id
1546 2176 1617 2210 quod
1635 2175 1668 2202 de
1682 2174 1745 2202 Jesu

961 2231 994 2250 ex
1010 2224 1123 2250 mortuis
1149 2223 1347 2249 resurrectione
1370 2227 1547 2254 memosatur,
1563 2229 1624 2248 cum
1641 2221 1694 2248 illis
1709 2221 1746 2247 hi-

961 2268 1053 2295 storiis
1068 2268 1233 2295 \nullomodo
1258 2274 1336 2301 posse
1359 2267 1524 2301 comparari.
1547 2267 1656 2294 Illorum
1672 2266 1746 2293 enim

962 2313 1045 2341 variis
1068 2314 1094 2340 in
1119 2313 1185 2341 locis
1210 2313 1320 2340 heroum
1345 2314 1532 2347 unusquisque
1556 2313 1652 2347 potuit.
1671 2314 1744 2344 {cum

962 2360 1056 2391 voluit,
1072 2366 1132 2386 sese
1148 2359 1303 2393 conspectui
1327 2359 1465 2386 hominum
1482 2358 1655 2390 subtrahere,
1674 2362 1747 2392 post-

962 2412 1059 2440 eaque,
1075 2406 1096 2433 si
1113 2406 1148 2432 ita
1164 2406 1310 2438 videretur,
1333 2405 1422 2432 redire
1439 2405 1472 2432 ad
1485 2412 1532 2431 eos
1548 2411 1615 2438 quos
1630 2403 1747 2436 relique-

962 2454 1023 2483 rat;
1039 2449 1116 2478 Jesus
1134 2456 1235 2484 autem,
1259 2451 1303 2485 qui
1320 2450 1413 2478 aﬂixus
1426 2450 1499 2476 cruci
1512 2449 1574 2484 {fuit
1589 2448 1677 2483 palam
1691 2447 1747 2482 μυ-

962 2495 1027 2522 dzeis
1040 2497 1176 2530 omnibus,
1205 2496 1281 2530 cujus
1295 2504 1394 2531 corpus
1412 2496 1444 2523 de
1461 2502 1550 2528 cruce,
1575 2495 1744 2529 inspectante

962 2631 1009 2665 τῆς
1024 2631 1063 2661 εἰς
1083 2629 1185 2665 Ἰησοῦν
1202 2628 1318 2660 πίστεως
1333 2628 1464 2663 ἐγκαλῶν.
1481 2627 1638 2665 [fanlopost
1650 2634 1743 2665 omnes

961 2662 1038 2708 nt'ss.,
1060 2662 1118 2691 καῖ’
1134 2664 1179 2690 ἐπὶ
1203 2664 1339 2695 Μωῡσὲα,
1354 2662 1357 2663 ⁷
1375 2663 1508 2698 impressi,
1532 2662 1579 2689 καὶ
1598 2663 1644 2688 ἐπὶ
1660 2662 1743 2690 Μωῡ-

961 2708 1050 2769 σ’(ίξί)
1066 2732 1166 2760 Omnes
1181 2740 1257 2765 mss.,
1279 2732 1370 2767 λήσεις
1383 2733 1488 2759 σαυτόν.
1515 2732 1651 2767 lmpressi,
1674 2732 1744 2770 λήσῃ

961 2770 1056 2837 σοιῗὲἓῖ
1069 2803 1170 2830 Omnes
1193 2809 1270 2834 tnss.,
1299 2802 1418 2837 ἱστορίας
1443 2802 1504 2838 περὶ
1529 2802 1593 2830 τῶν.
1621 2803 1648 2830 ltt
1664 2808 1742 2831 antea

961 2839 1040 2867 editis
1055 2839 1131 2867 deest
1147 2837 1208 2874 περί
1228 2837 1254 2864 in
1270 2842 1354 2865 textu.
