1843 3097
79 122 136 150 889

705 130 845 159 CONTRA
862 132 1000 162 CELSUM
1013 135 1076 164 LIB.
1093 135 1126 163 Il.

1665 136 1717 165 8ςύ

79 180 152 227 τυρὸς
167 181 241 215 ἡμᾶς
254 181 380 216 Γραφῶν,
401 184 430 210 ὲν
445 181 489 216 αἷς
501 185 550 220 οὐχ
564 185 643 221 ὑμεῖς
657 187 741 222 μόνοι,
755 188 822 215 ἀλλὰ
832 198 858 215 κι

946 200 959 218 a
975 192 1111 219 credimus
1121 198 1183 219 esse
1197 191 1318 224 fabulas;
1332 199 1391 226 qua:
1404 199 1469 219 vero
1478 191 1628 227 Scriptum
1640 195 1716 221 nobis

80 226 165 260 ἡμεῖς
175 228 371 262 σεμνυνόμεθα,
382 229 508 265 οὐδαμῶς
521 231 621 266 μύθους
630 230 697 259 εἷναί
713 242 811 268 φαμεν.
822 236 880 261 Διό-

81 280 137 306 περ
149 272 263 304 καὶτοῖς
277 274 341 309 περὶ
355 275 409 301 τῶν
420 277 478 302 ἐκεῖ
484 277 657 305 ἀναστάντων
665 279 697 305 ὲκ
706 279 810 315 νεκρῶν
816 281 880 316 γρά-

78 316 150 351 φασι
171 319 344 354 πιστεύομεν,
360 320 398 351 ὡς
414 321 450 356 μὴ
466 324 687 359 τερατευομένοις
698 333 704 340 ·
721 326 767 352 καὶ
781 326 820 361 τῷ
835 328 878 352 ἐν-

78 362 181 393 ταῦθα,
194 363 232 394 ὡς
246 365 292 390 καὶ
306 367 462 400 προειπόντι
473 370 519 394 καὶ
534 370 747 404 προφητευοέντι
758 372 804 398 καὶ
815 373 879 398 ἀνα-

79 408 188 434 στάντι.
202 409 295 445 Τούτῳ
305 411 332 436 δὲ
344 412 558 448 παραδοξότερον
570 414 624 449 (69)
635 412 712 446 οὗτος
726 415 758 441 ἐκ
772 416 876 451 νεκρῶν

79 453 203 485 ἀναστὰς
225 456 290 490 παρ’
316 456 445 488 ἐκείνους,
472 458 512 484 ὅτι
529 459 649 490 ἐκείνους
666 460 714 495 μὲν
738 461 876 495 προφῆται

78 499 236 535 ἀνέστησαν
262 501 353 533 Ἠλίας
379 503 424 529 καὶ
450 504 608 536 Ἐλισσαῖος,
632 505 726 531 τοῦτον
745 506 767 531 δ’
789 507 876 538 οὐδεὶς

78 544 136 570 τῶν
157 547 316 581 προφητῶν,
332 548 388 574 ἀλλ’
402 549 416 574 ὁ
431 549 459 575 ὲν
475 551 532 581 τοῖς
547 551 672 585 οὐρανοῖς
690 552 795 587 Πατήρ.
815 553 874 578 Διό-

78 598 136 624 περ
154 591 201 617 καὶ
219 592 329 626 μείζονα
348 594 494 628 εἰργάσατο
511 596 527 630 ἡ
550 596 643 622 τούτου
658 597 806 630 ἀνάστασις
826 599 875 633 τῆς

78 636 196 662 ἐκείνων
216 638 399 671 ἀναστάσεως.
419 641 450 666 Τί
470 641 524 676 γὰρ
543 642 700 677 τηλικοῦτον
718 643 757 678 τῷ
779 644 873 679 κόσμῳ

78 682 137 708 ἀπὸ
151 683 206 709 τῶν
219 684 391 712 ἀναστάντων
407 687 556 722 παιδαρίων
568 688 601 715 δι’
622 689 712 715 Ἡλίου
728 691 774 716 καὶ
787 690 873 716 Ἑλισ-

78 728 161 754 σαίου
189 731 349 765 γεγένηται¹
380 734 470 759 ὁποῖον
503 734 546 760 διὰ
587 735 636 770 τῆς
663 736 869 771 κηρυσσομένης

78 774 258 819 ἀναστάσεως
279 777 376 813 Ἰησοῦ,
395 779 507 814 δυνάμει
525 780 584 815 θείᾳ
600 782 831 816 πεπιστευμένηςς

931 237 1069 264 vobiscum
1079 244 1237 264 communes
1248 242 1275 263 et
1287 238 1383 264 eodem
1397 238 1423 264 iit
1433 239 1521 272 pretio
1540 239 1609 272 apud
1625 244 1715 267 utros-

930 290 982 316 que
1010 282 1108 309 habitu:
1139 287 1361 314 commemorant,
1388 290 1418 309 ea
1451 283 1556 310 fabulas
1575 291 1634 311 esse
1653 292 1714 318 per-~

934 335 1075 362 negamus.
1101 327 1271 362 Quapropter
1284 335 1351 361 quas
1363 329 1490 356 historias
1501 334 1613 356 narrant
1627 331 1661 357 de
1671 331 1713 362 iis,

930 372 974 404 qui
993 379 1008 398 e
1027 371 1143 398 mortuis
1165 376 1361 404 surrexerunt,
1389 380 1465 399 veras
1490 375 1625 400 credimus
1642 383 1712 407 esse,

931 425 982 443 non
998 417 1220 450 contntentitias;
1236 418 1357 451 adeoque
1374 423 1400 444 et
1414 417 1503 444 Jcsntu
1523 419 1629 446 fuissee
1640 428 1713 446 utor-

931 463 984 489 tuis
999 463 1168 494 suscitatuut,
1188 467 1216 489 ιιι
1233 468 1260 489 et
1279 463 1335 496 ipse
1352 468 1379 489 et
1402 464 1541 497 propheta-
1552 466 1715 498 pra-nuutia-

930 514 1034 536 verant.
1044 508 1113 542 Quin
1127 513 1154 536 et
1171 508 1250 542 hujus
1267 509 1409 536 emortuis
1425 511 1588 536 resurrectio
1603 517 1645 541 eo,
1660 518 1714 544 prm

925 560 1085 582 czeterorum
1117 554 1325 585 resurrectione,
1341 555 1426 587 magis
1440 555 1520 588 digna
1536 555 1714 583 admiratione

923 605 975 632 est,
992 601 1062 635 quod
1079 600 1138 627 ilics
1148 600 1283 635 propheta“.
1298 600 1370 627 Elius
1380 606 1407 627 et
1422 601 1532 627 Elisaeus
1548 602 1713 633 suscitarint,

924 647 995 673 hunc
1008 653 1096 676 nemo,
1108 646 1154 673 sed
1170 645 1302 680 l‘atcrqui
1317 647 1427 673 iucozlis
1441 652 1480 673 est
1490 647 1522 674 ⁸⁸.
1534 647 1592 680 Quo
1602 647 1712 679 factum,

924 697 953 718 ut
974 692 1112 718 uberiores
1136 692 1193 726 ejus
1215 692 1326 724 iuerint,
1352 700 1433 726 quant
1461 693 1575 719 aliorum
1593 699 1716 719 resurre-

923 734 1022 761 ctionis
1037 734 1151 761 lructtts.
1167 735 1234 767 Quid
1247 736 1318 761 enim
1327 735 1388 762 boui
1404 737 1501 763 mundo
1511 736 1613 771 peperit
1626 744 1715 763 resur-

923 781 1007 808 rectio
1019 779 1193 815 puerulorum
1203 788 1269 815 quos
1280 783 1417 809 emortuis
1429 788 1590 809 revocarunt
1605 782 1675 809 Elius
1687 787 1714 809 et

79 821 208 853 Elismus,
224 824 294 855 quod
305 824 422 851 coitierri
437 827 519 859 postsit
538 834 598 852 cum
610 826 690 861 432
703 826 942 854 counnoditatibns
954 833 1013 860 quae
1028 826 1127 852 mundo
1140 826 1280 852 redierunt
1295 835 1327 853 ex
1342 826 1404 854 Jesu
1423 828 1630 860 resurrectione,
1642 832 1714 862 post~

78 874 164 901 quant
192 869 346 903 pervulgata
373 875 429 903 est,
453 876 480 898 et
499 872 572 898 illam
594 880 702 904 omnes,
723 873 749 900 id
776 879 872 908 agente
892 873 981 900 divina
1001 872 1111 904 virtute,
1125 873 1322 899 crediderunt?

118 933 212 959 Οῖεται
230 933 257 960 δὲ
271 935 412 968 τερατείαν
432 934 500 962 εἶναι
517 938 563 964 καὶ
584 938 629 965 τὸν
646 940 756 974 σεισμὸν
772 940 818 966 καὶ
831 940 858 966 τὸ

962 940 1007 967 59.
1025 940 1195 974 Figntentum
1210 940 1291 966 etiam
1306 947 1367 967 esse
1382 944 1458 974 putat
1471 944 1552 968 terra:
1571 945 1672 968 motum
1686 946 1713 968 et

80 977 180 1003 σκότον
196 978 251 1013 (70)
265 987 271 994 ⁸
288 980 352 1015 περὶ
367 977 414 1013 ὦν,
430 981 500 1008 κατὰ
515 982 544 1008 τὸ
557 983 678 1016 δυνατὸν,
696 985 724 1010 ὲν
735 987 789 1016 τοῖς
804 985 874 1012 ἀνω-

77 1022 154 1057 τέρω
165 1024 404 1060 ἀπελογησάμεθα,
416 1028 599 1063 παραθέμενοι
610 1030 654 1055 τὸν
665 1030 798 1064 Φλέγοντα
808 1031 873 1066 (71),

80 1068 265 1104 ἱστορήσαντα
283 1072 352 1097 κατὰ
369 1072 413 1098 τὸν
430 1074 523 1108 χρόνον
539 1074 586 1101 τοῦ
603 1076 705 1107 πάθους
722 1076 768 1102 τοῦ
785 1077 875 1112 Σωτῆ-

79 1122 129 1150 ρος
137 1115 251 1142 τοιαῦτα
263 1117 448 1153 ἀπηντηκέναι
458 1128 464 1134 ·
478 1128 487 1144 ι
500 1121 547 1146 καὶ
555 1121 595 1147 ὅτι
604 1120 657 1152 ζῶν
668 1122 716 1156 μὲν
728 1122 778 1148 οὐκ
788 1123 874 1158 ἐπήρ-

78 1169 162 1187 κεσεν
185 1163 283 1198 ἑαυτῷ,
302 1165 398 1199 νεκρὸς
413 1165 435 1191 δ’
457 1166 573 1202 ἀνέστη·
590 1167 685 1194 καὶτὰ
705 1169 806 1203 σημεῖα
825 1169 874 1203 τῆς

78 1207 221 1239 κολάσεως
237 1208 335 1241 ἔδειξεν
349 1210 363 1235 ὀ
379 1210 492 1245 Ἰησοῦς,
511 1212 556 1238 καὶ
570 1212 619 1243 τὰς
635 1214 738 1248 χεῖρας,
754 1214 791 1245 ὡς
805 1212 874 1249 ἦσαν

78 1261 220 1289 πεπερονη
226 1254 303 1289 μέναι
312 1264 318 1271 ι
327 1256 387 1282 »καὶ
395 1255 583 1292 πυνθανόμεοα
593 1258 686 1290 αὑτοῦ,
694 1259 719 1285 τί
726 1259 781 1291 τὸ,‹
792 1261 874 1296 ἐπήρ-

78 1306 162 1324 κεσεν
170 1299 259 1334 ἐαυτῷ
271 1300 326 1335 (72)
336 1309 358 1332 ;ι
369 1302 400 1327 Et
414 1302 463 1337 μὲν
469 1303 523 1338 γὰρ
534 1304 601 1338 πρὸς
611 1304 710 1340 ἀρετήν
721 1313 727 1319 ·
738 1306 871 1340 φήσομεν,

78 1344 123 1371 ὅτι
138 1346 185 1371 καί
203 1347 272 1372 πάνυ
294 1355 326 1381 γε
348 1348 510 1383 ἐπήρκεσεν.
535 1349 616 1375 Οὐδὲν
631 1350 685 1386 γὰρ
700 1351 799 1377 ἄτοπον
818 1351 873 1378 οὔτ’

78 1390 231 1424 ἐφθέγξατο
245 1392 300 1418 οὔτ’
317 1393 458 1428 ἐποίησεν·
486 1394 543 1420 ἀλλ’
560 1395 668 1430 ἀληθῶς
683 1397 720 1428 ὡς
738 1398 872 1432 πρόϐατον

78 1436 128 1462 ἐπὶ
141 1437 248 1472 σφαγὴν
257 1438 338 1474 ἤχθη,
349 1441 394 1466 καὶ
404 1439 441 1471 ὡς
450 1440 534 1474 ἀμνὸς
548 1441 666 1468 ἐναντίον
678 1442 725 1468 τοῦ
735 1443 872 1477 κείροντος

77 1481 188 1515 ἄφωνος
198 1491 204 1497 ·
222 1483 269 1509 καὶ
284 1487 418 1520 μαρτυρεῖ
433 1486 462 1512 τὸ
482 1487 657 1521 Εὐαγγέλιον,
673 1489 712 1514 ὅτι
728 1486 805 1520 οὗτος
823 1490 873 1516 οὐκ

76 1528 169 1563 ἤνοιξε
185 1529 214 1555 τὺ
230 1530 315 1565 στόμα
329 1531 422 1558 αὑτοῦ.
440 1532 471 1559 Εἰ
486 1533 513 1559 δὲ
529 1533 569 1566 τὸ,
588 1543 596 1559 ι
613 1534 776 1570 ἐπήρκεσεν,
791 1545 799 1560 ι
819 1536 872 1562 ἀπὸ

75 1573 134 1599 τῶν
148 1574 238 1608 μέσων
250 1575 297 1601 καὶ
309 1577 470 1610 σωματικῶν
484 1578 627 1613 λαμϐάνει,
639 1580 738 1614 φαμὲν,
751 1581 791 1606 ὃτι
806 1582 870 1607 ἀπε-

930 985 1064 1013 lenebras.
1080 985 1131 1012 Sed
1149 985 1182 1012 ad
1200 986 1250 1012 hoc
1264 985 1319 1018 jam
1336 993 1385 1019 pro
1400 986 1502 1013 viribus
1522 988 1712 1020 respondimus

927 1031 953 1056 ιιι
968 1031 1170 1064 superioribus,
1191 1031 1234 1057 ttbi
1253 1031 1370 1058 diximus
1387 1031 1436 1058 hos
1460 1037 1573 1059 eventus
1591 1041 1604 1059 a
1631 1033 1711 1059 Phle-

927 1080 1007 1109 goute
1020 1075 1197 1109 consignatos
1221 1074 1304 1102 fuisse
1323 1080 1446 1110 tempore
1457 1084 1510 1110 quo
1526 1084 1622 1111 passus
1632 1076 1711 1104 Iesus

926 1120 986 1146 fuit.
1002 1121 1041 1146 Ad
1056 1121 1112 1147 haec
1127 1128 1210 1147 vero:
1227 1130 1236 1146 ι
1254 1121 1285 1147 Et
1298 1129 1358 1147 cum
1375 1122 1474 1148 additis
1486 1130 1556 1152 eum,
1571 1123 1617 1156 qui
1635 1123 1712 1149 vivus

927 1165 1027 1191 auxilio
1041 1165 1092 1192 sibi
1105 1173 1167 1192 esse
1185 1173 1236 1191 non
1252 1166 1351 1199 potuit,
1367 1171 1502 1193 tuortuum
1517 1167 1710 1198 resurrexisse,

928 1212 953 1238 in
972 1220 1085 1245 corpore
1102 1212 1226 1246 supplicii
1248 1217 1327 1239 notas
1338 1232 1344 1243 ,
1359 1213 1385 1239 itt
1406 1213 1530 1240 manibus
1545 1218 1711 1239 monstrasse

926 1257 1064 1284 clav0rum
1092 1258 1222 1292 vestigia;
1237 1266 1246 1283 ι
1277 1265 1342 1292 rogo
1364 1258 1427 1293 quid
1450 1258 1603 1291 signilicent
1631 1259 1709 1286 hmo:

929 1313 938 1329 ι
958 1303 1014 1330 Sibi
1031 1303 1135 1330 auxilio
1153 1311 1214 1330 esse
1234 1311 1286 1330 non
1306 1304 1401 1338 potuit.
1417 1314 1425 1330 ι
1450 1305 1489 1330 An
1507 1305 1538 1330 ad
1558 1305 1709 1331 virtutem?

926 1347 977 1374 Sed
995 1346 1101 1373 abunde
1126 1346 1178 1372 sibi
1201 1346 1302 1372 auxilio
1317 1346 1377 1375 l‘uil.
1400 1345 1455 1373 Nec
1476 1348 1547 1375 enim
1563 1347 1709 1380 quidquam

925 1398 970 1419 attt
995 1392 1100 1418 locutus
1119 1397 1171 1424 est,
1194 1396 1239 1418 aut
1263 1391 1326 1418 fecit
1349 1397 1444 1418 contra
1467 1393 1607 1420 virtutem.
1639 1391 1708 1420 Vere

925 1439 996 1464 enim
1013 1443 1041 1463 ιιι
1056 1438 1114 1464 ovis
1129 1438 1162 1464 ad
1177 1438 1341 1464 occisionem
1355 1438 1450 1465 ductus
1466 1444 1515 1469 est,
1531 1443 1558 1465 et
1571 1443 1598 1465 ut
1611 1445 1710 1473 agnus,

924 1484 968 1518 qui
982 1490 1072 1510 coram
1092 1483 1218 1509 tondente
1232 1489 1261 1508 se
1278 1483 1441 1510 obmutescit
1454 1483 1477 1498 "
1492 1492 1498 1509 :
1518 1483 1616 1517 quippe
1629 1490 1709 1516 quem

924 1537 1000 1556 sutnn
1018 1536 1048 1555 os
1062 1528 1260 1562 nonaperuisse
1273 1533 1386 1555 testatur
1398 1528 1581 1562 Evangelium.
1595 1527 1671 1561 Quod
1685 1529 1708 1555 si

925 1574 992 1605 lttec,
1009 1582 1018 1598 I
1030 1573 1081 1600 sibi
1098 1573 1197 1599 auxilio
1211 1579 1271 1598 esse
1285 1580 1337 1598 non
1353 1574 1450 1607 potuit,
1466 1582 1475 1598 ι
1490 1573 1523 1600 de
1541 1572 1710 1599 rebusindif-

76 1618 206 1654 δείξαμεν
220 1621 251 1646 ἐκ
265 1620 319 1646 τῶν
332 1622 503 1656 Εὑαγγελίων
517 1624 557 1650 ὅτι
574 1624 644 1651 ἑκὼν
663 1626 709 1651 ὲπὶ
724 1627 798 1652 ταῦτ’
810 1627 855 1662 ὲλή

945 1619 1071 1646 ιτθιιιίιιιιε
1086 1624 1112 1645 et
1127 1621 1266 1653 corporeis
1280 1620 1412 1654 intelligit.
1434 1619 1491 1653 jam
1503 1626 1536 1645 ex
1553 1618 1709 1652 Evangeliis

76 1662 169 1690 λυθεν.
179 1662 235 1690 Εἶθ’
249 1665 311 1700 ἑξῆς
326 1666 429 1697 τούτοις
438 1667 521 1694 εἰπὼν
536 1668 569 1695 τὰ
579 1670 633 1696 ἀπὸ
644 1670 691 1696 τοῦ
707 1671 871 1704 Εὖαγγελίου

76 1708 120 1734 ὅτι
134 1709 169 1735 τὰ
187 1712 288 1744 σημεῖα
304 1712 354 1746 τῆς
370 1713 508 1745 κολάσεως
525 1714 624 1747 ἔδειξεν
644 1716 763 1747 ἀναστὰς
785 1717 816 1742 ὲκ
831 1725 873 1743 νε-

76 1755 166 1789 κρῶν,
181 1756 227 1781 καὶ
240 1755 289 1787 τὰς
297 1758 390 1791 χεῖρας
401 1758 438 1789 ὼς
448 1757 517 1793 ἦσαν
529 1769 596 1785 πεπε
602 1761 756 1795 ρονημέναι,
772 1762 872 1788 πυνθά-

78 1808 171 1831 νεται,
184 1801 229 1827 καὶ
240 1801 312 1834 λέγει
321 1811 328 1817 ’
340 1803 381 1835 τίς
395 1803 471 1830 τοῦτο
484 1804 535 1831 εἶδε
547 1814 553 1837 ;
565 1806 620 1832 Καὶ
635 1806 669 1832 τὰ
684 1815 716 1833 πε
723 1807 748 1842 pi.
763 1808 872 1842 Μαρίας

76 1844 129 1880 τῆς
144 1846 326 1882 Μαγδαληνῆς
337 1849 495 1882 διαϐάλλων,
510 1851 739 1887 ἀναγραφομένης
753 1853 872 1888 ἑωρακέ-

77 1897 135 1921 ναι,
152 1888 229 1916 εἷπε’
251 1901 259 1916 ι
279 1892 347 1927 Γυνὴ
366 1894 540 1930 πάροιστρος,
563 1905 572 1920 ι
592 1895 629 1926 ὡς
644 1895 723 1930 φατέ.
741 1896 794 1922 Καὶ
811 1897 871 1922 ἐπεὶ

79 1937 118 1972 μὴ
142 1937 210 1973 μόνη
230 1938 298 1974 αὕτη
320 1939 525 1975 ἀναγέγραπται
547 1941 697 1977 ἑωρακέναι
719 1943 871 1969 ἀναστάντα

78 1982 125 2008 τὸν
148 1983 261 2017 Ἰησοῦν,
273 1984 340 2011 ἀλλὰ
356 1986 402 2012 καὶ
418 1986 492 2012 ἄλλοι
502 1995 508 2002 '
522 1987 568 2013 καὶ
583 1987 667 2014 ταῦτα
682 1988 843 2023 κακηγορῶν
857 1989 871 2014 ὁ

77 2028 185 2054 Κέλσου
214 2029 338 2061 Ἰουδαῖός
363 2039 429 2066 φησι
448 2033 494 2058 καὶ
514 2042 523 2058 ι
545 2034 570 2060 εἴ
592 2042 634 2065 τις
660 2034 741 2066 ἄλλος
757 2035 812 2062 τῶν
838 2036 871 2062 ἐκ

75 2074 129 2108 τῆς
147 2075 232 2110 αὐτῆς
245 2077 381 2112 γοητείας.
403 2087 412 2103 ι

114 2161 192 2195 Εἶτα,
209 2163 246 2196 ὡς
260 2164 408 2199 δυναμένου
421 2165 515 2192 τούτου
530 2166 763 2201 συμϐῆναινλέγω
777 2167 808 2202 δὴ
823 2166 870 2194 τοῦ

77 2209 230 2243 φαντασίαν
246 2210 298 2236 τινί
310 2210 431 2244 γίνεσθαι
445 2211 508 2246 περὶ
521 2211 568 2237 τοῦ
582 2211 742 2247 τεθνηκότος
752 2213 790 2244 ὡς
805 2212 871 2245 ζῶν-

77 2263 134 2286 τος,
147 2255 272 2290 ἐπιφέρει
282 2255 319 2286 ὡς
339 2255 533 2292 Ἐπικούρειος,
550 2257 596 2283 καὶ
606 2257 688 2291 λέγει,
705 2267 714 2282 ι
729 2258 799 2284 κατά
809 2267 869 2285 τινα

925 1664 1012 1697 palam
1028 1664 1078 1691 feci
1092 1665 1165 1691 illum
1177 1666 1202 1691 itt
1215 1666 1264 1692 has
1274 1673 1409 1693 azrunntas
1420 1665 1555 1691 volentem
1569 1664 1706 1691 incidisse.

923 1709 1067 1745 Postquam
1092 1717 1182 1737 autem
1205 1711 1249 1739 ille
1268 1719 1300 1738 ex
1326 1711 1471 1745 Evangetio
1498 1710 1589 1737 retulit
1612 1709 1708 1736 Jesunt

925 1760 984 1788 post
1001 1756 1229 1783 resurrectionem
1245 1765 1277 1783 ex
1295 1757 1423 1788 mortuis,
1440 1755 1481 1782 sui
1493 1755 1617 1789 supplicii
1631 1755 1709 1781 exhi-

925 1801 1016 1827 buisse
1039 1802 1150 1836 vestigia
1170 1806 1197 1828 et.
1216 1809 1312 1828 ntanus
1333 1802 1418 1828 claris
1432 1801 1597 1835 perforatas,
1611 1800 1709 1834 (μηδι-ιι

924 1847 984 1880 quis
998 1847 1055 1872 h-ee
1068 1847 1166 1873 \iderit
1184 1856 1189 1874 :
1206 1853 1232 1874 et
1249 1848 1282 1873 ad
1306 1847 1419 1874 Mariam
1435 1846 1609 1879 Magdalenen
1623 1846 1708 1879 respi—

924 1892 1009 1923 ciens,
1024 1899 1084 1926 qua:
1103 1892 1201 1918 vidisse
1213 1892 1351 1923 scribitur,
1367 1891 1490 1918 siciliam
1504 1890 1607 1924 injuriis
1620 1890 1708 1917 inces-

923 1938 976 1963 sit:
995 1946 1003 1962 ι
1022 1937 1127 1968 Mulier,
1140 1943 1169 1964 ut
1184 1937 1342 1971 ipsidicitis,
1359 1936 1487 1963 fanatica.
1501 1945 1510 1961 ι
1524 1936 1556 1962 Et
1573 1935 1634 1969 quia
1653 1943 1707 1961 non

923 1982 966 2008 illa
991 1982 1065 2013 sola,
1088 1983 1134 2008 sed
1157 1983 1240 2008 etiam
1263 1982 1307 2008 alii
1327 1986 1473 2008 narrantur
1492 1981 1584 2008 Jesum
1610 1980 1708 2007 vidisse

922 2028 1089 2059 redivivum,
1105 2028 1192 2062 pergit
1213 2032 1240 2054 et
1262 2028 1328 2054 istos
1351 2028 1515 2054 traducere:
1542 2035 1551 2052 ι
1566 2026 1599 2053 Ει
1614 2027 1706 2053 nescio

922 2072 983 2106 quis
1007 2072 1093 2104 alius,
1114 2073 1218 2107 ittquit,
1239 2072 1336 2099 iisdem
1358 2072 1468 2106 magicis
1492 2073 1596 2099 artibus
1628 2072 1706 2099 addi-

924 2122 995 2144 ctus.
1009 2126 1018 2142 ι

957 2164 1000 2190 (it).
1015 2163 1115 2190 Deinde
1135 2163 1211 2197 quasi
1228 2163 1283 2189 lieri
1303 2162 1403 2196 possit,
1420 2167 1449 2189 ut
1464 2162 1581 2189 hominis
1596 2162 1705 2193 mortui,

921 2209 1033 2243 perinde
1047 2217 1078 2236 ac
1094 2209 1115 2236 si
1131 2210 1245 2239 viveret.
1258 2209 1344 2243 imago
1355 2209 1513 2235 obversetur
1527 2209 1627 2239 animo,
1640 2209 1706 2235 sub—

921 2254 982 2288 jicit
1001 2253 1194 2280 convwieuter
1218 2252 1357 2286 Epicurea:
1377 2252 1475 2278 rationi
1489 2271 1496 2283 ,
1517 2260 1526 2276 ι
1544 2251 1600 2278 lucc
1613 2258 1707 2284 quem-

76 2301 197 2327 διάθεσιν
209 2300 388 2335 ὀνειρὼξαντά
398 2310 469 2333 τινα,
482 2301 498 2336 ἢ
510 2302 580 2328 κατὰ
590 2302 638 2337 τῆς
649 2302 730 2329 αὐτοῦ
745 2303 858 2338 βούλησι·

945 2301 1006 2331 iam,
1021 2304 1101 2333 prout.
1116 2297 1227 2325 aﬂ‘eclus
1242 2303 1311 2330 erat,
1325 2298 1488 2330 sountiasse,
1502 2302 1549 2323 aut
1564 2297 1635 2323 ittatti
1647 2296 1709 2330 opi—

75 2346 141 2383 δόξῃ
160 2347 354 2383 πεπλανημένη
375 2348 615 2382 πειραντασιῶσθαι
630 2349 685 2383 (75)
706 2349 735 2375 τὸ
751 2349 870 2375 τοιοῦτον

76 2391 281 2426 ἀπηγγελκέναι
290 2400 296 2406 '
306 2394 374 2427 ὅπερ
383 2413 389 2424 ,
406 2393 472 2428 φησι
481 2414 488 2424 ,
502 2393 605 2427 μυρίοις
615 2394 664 2428 ἤδη
674 2393 841 2428 σημϐέόηκε.
856 2402 865 2418 t

76 2436 164 2462 Τοῦτο
171 2436 199 2462 δὲ
209 2438 233 2463 εί
242 2438 288 2464 καὶ
299 2437 438 2464 δεινότατα
449 2438 535 2471 ἔδοξεν
550 2438 676 2474 εἰρῆσθαι
686 2447 692 2453 ·
704 2439 779 2464 οὐδὲν
789 2436 869 2474 ἦττον

76 2484 328 2510 κατασκευαστικόν
345 2485 417 2510 ἐστιν
436 2484 584 2518 ἀναγκαίου
599 2483 746 2519 δόγματος,
764 2484 800 2516 ὡς
817 2484 870 2520 ἄρα

923 2346 1004 2372 itione
1018 2345 1139 2372 delusum
1154 2345 1205 2371 sibi
1219 2345 1311 2371 anitno
1325 2345 1435 2371 tinxisse
1449 2352 1507 2377 qua:
1523 2342 1706 2374 desiderabat,

922 2399 1007 2426 eaque
1021 2392 1054 2418 ad
1074 2391 1142 2418 alios
1158 2391 1300 2418 detulisse.
1317 2390 1404 2424 Quod,
1422 2391 1520 2424 inquit,
1538 2396 1608 2422 saepe
1625 2389 1705 2414 innu-

923 2437 1005 2465 meris
1018 2438 1125 2464 accidit.
1144 2447 1153 2463 ι
1172 2439 1258 2472 Atque
1274 2438 1324 2464 hoc
1343 2437 1394 2464 etsi
1422 2436 1510 2470 magni
1530 2435 1632 2461 roboris
1643 2441 1705 2460 esse

924 2487 1014 2517 putat,
1051 2482 1195 2510 conﬁrmat
1231 2487 1319 2509 tamen
1352 2482 1535 2508 necessarium
1571 2479 1704 2514 imprimis

114 2582 136 2598 ’⁸
151 2582 182 2608 lll
201 2582 267 2616 llcg.
292 2590 359 2614 xvtt,
372 2575 418 2615 Ὧς
434 2583 465 2610 IV
484 2583 550 2618 Reg.
565 2591 601 2615 tv,
616 2583 660 2609 5i.
699 2583 721 2599 ³³
739 2583 798 2608 lsai.
814 2590 873 2614 LIII,
890 2582 915 2615 7;
935 2583 1026 2610 Matth.
1048 2591 1120 2614 xxvr,
1143 2583 1192 2614 65;
1211 2590 1296 2615 xxv",
1317 2582 1359 2613 l2,
1377 2582 1420 2609 Η.

111 2662 168 2695 (69)
187 2662 225 2688 lla
240 2662 317 2689 codd.
347 2662 448 2695 Regius
472 2666 499 2688 et
524 2661 694 2688 Basilcensis.
723 2662 805 2689 Forte
829 2662 867 2688 le-

76 2697 344 2733 ςωιάιιιιμτοοοιξτῳ
368 2697 395 2723 δὲ
424 2697 649 2733 παραδοξότερον.
684 2696 761 2723 Libb.
788 2697 866 2729 editi,

73 2731 164 2766 τούτῳ
179 2731 207 2757 δὲ
218 2732 440 2767 παραδοξὴιερος.

112 2767 171 2800 (Ἱιι)
187 2767 265 2795 .tlss..
278 2766 322 2792 t‘w
336 2766 441 2793 σκότον.
460 2766 537 2794 Libb.
551 2767 625 2796 editi,
642 2766 671 2792 τὸ
688 2766 794 2797 σκότος.

112 2802 170 2835 (7t)
202 2801 364 2835 Φλέγοντα.
391 2802 456 2828 Vide
495 2802 684 2829 adnotationcs
718 2802 751 2828 ad
777 2800 821 2828 lib.
845 2809 864 2827 ιι

75 2841 169 2864 contra
186 2835 305 2868 Celsum,
322 2844 396 2865 ntttn.
418 2837 460 2862 Η.

952 2664 1097 2700 (72);\lss.,
1114 2665 1266 2700 ἐπήρκεσεν
1292 2663 1391 2699 ἐαυτῷ.
1420 2663 1496 2690 Libb.
1519 2662 1594 2694 editi,
1618 2661 1704 2698 ἐπήρ-

917 2707 996 2725 κεσεν
1009 2708 1094 2733 αυτῳ.

955 2735 1011 2768 (75)
1027 2733 1303 2768 Περαντασιᾶσθαι.
1324 2733 1369 2759 νει
1383 2733 1523 2767 legendum
1549 2740 1702 2767 φαντασιω-

916 2768 1007 2800 θέντα,
1023 2775 1068 2795 aut
1090 2769 1111 2795 si
1145 2769 1255 2796 retineri
1280 2769 1367 2802 placet
1396 2775 1486 2794 vocent
1510 2768 1700 2801 πεφαντασιὼ-

916 2804 989 2835 σθαι,
1003 2810 1079 2831 certe
1096 2808 1156 2838 post
1169 2811 1229 2830 eam
1246 2804 1366 2831 addenda
1388 2806 1429 2830 est
1441 2803 1572 2836 partiettla
1589 2803 1645 2829 καί.
