1843 3097
72 132 132 160 895

682 131 821 159 CONTRA
837 130 974 159 CELSUM
989 132 1051 160 LIB.
1070 133 1102 159 ll.

1652 136 1703 164 894

72 198 142 216 τινα
156 190 212 216 τῶν
233 191 361 226 μαθητῶν
383 191 558 222 ἀπιστοῦντα,
573 191 618 218 καὶ
640 191 766 217 ἀδύνατον
781 191 872 226 οἰόμε-

965 191 1030 223 lum,
1048 191 1092 225 qui
1106 197 1161 217 rem
1176 191 1303 218 credebat
1318 191 1511 226 intpossibilem
1523 199 1594 220 esse.
1609 192 1703 222 Fidem

74 243 125 261 νον
138 235 170 261 τὸ
183 235 343 270 παράδοξον.
357 236 584 270 Συγκατετέθειτο
601 236 648 271 μὲν
660 236 714 271 γὰρ
725 237 827 267 ἐκεῖνος
838 237 871 271 τῇ

75 282 226 318 φασκούσῃ
248 283 330 310 αὑτὸν
348 284 509 318 ἑωρακέναι,
533 283 570 315 ὡς
585 284 635 310 οὐκ
650 283 778 310 ἀδυνάτου
798 283 873 313 ὄντος

74 327 127 354 τοῦ
153 328 204 363 τὴν
229 328 316 364 ψυχὴν
336 327 382 355 τοῦ
405 329 564 364 τεθνηκότος
584 329 711 364 ὀφθῆναι·
736 329 826 355 οὐκέτι
849 328 872 354 δ’

76 373 209 408 ἐνόμιζεν
223 373 322 409 ἀληθὲς
334 372 403 400 εἶναι
419 374 459 406 τὸ,
478 375 506 400 ὲν
522 374 627 410 σώματι
643 375 722 403 αὐτὸν
735 375 872 410 ἀντιτύπῳ

76 419 241 455 ὲγηγέρθαι.
262 419 342 446 Ὅθεν
359 420 409 447 οὐκ
424 418 484 446 εἷπε
511 420 565 456 (79)
599 421 658 456 μὲν,
678 429 687 446 t
703 421 749 447 ἐὰν
765 421 802 456 μὴ
815 421 871 451 ἴδω,

77 465 110 490 οὐ
131 465 170 500 μὴ
191 465 339 492 πιστεύσω·
361 475 370 491 ›
390 466 542 501 προσέθηκε
559 466 587 492 δὲ
601 466 703 498 καὶτὸ,
723 476 732 492 ι
757 466 817 492 Ἐὰν
835 466 872 501 μὴ

79 509 157 544 βάλω
173 511 223 546 τὴν
246 511 326 546 χεῖρά.
349 519 399 546 μου
422 512 461 542 εἰς
480 511 525 537 τὸν
547 511 629 537 τόπον
651 511 705 537 τῶν
727 511 809 546 ἥλων,
827 512 873 538 καὶ

76 555 236 591 ψηλαφήσω
261 556 341 582 αὐτοῦ
361 557 410 591 τὴν
427 556 556 591 πλευρὰν,
575 557 605 582 οὐ
628 556 665 591 μὴ
686 556 833 582 πιστεύσω.
861 565 870 581 ι

78 601 175 628 Ταῦτα
194 601 217 628 δ’
238 601 345 636 ἐλέγετο
361 601 414 628 ὑπὸ
430 601 477 628 τοῦ
493 602 588 636 Θωμᾶ,
609 601 756 637 κρίνοντος,
774 602 815 628 ὅτι
829 601 875 627 δύ-

77 655 161 673 vna:
188 647 337 682 ὀφθαλμοῖς
365 647 503 682 αισθητοῖς
530 647 646 682 φανῆναι
669 647 757 682 ψυχῆς
783 646 872 682 σῶμα,

78 692 174 718 πάντα
188 691 227 726 τῷ
241 692 367 727 προτέρῳ
382 692 447 718 εἴδει

119 737 285 772 ...Μέγεθός
299 746 332 764 τε
347 737 395 764 καὶ
412 737 526 772 ὄμματα
543 736 610 764 κάλ’
623 736 754 769 ἐοικυίης

119 782 177 809 Καὶ
192 782 277 817 φωνή
282 791 308 809 ν.

79 838 204 865 Πολλάκι
219 838 258 870 δὲ,

121 895 212 922 ...Καὶ
230 895 295 921 τοῖα
307 894 373 928 περὶ
393 895 458 929 χροὶ
478 894 570 929 εἵματ’
592 894 731 929 ἐχούσης.

80 941 133 968 καὶ
146 940 402 975 προσκαλεσάμενός
417 948 448 974 γε
461 941 474 966 ὁ
495 939 597 974 Ἰησοῦς
613 940 658 965 τὸν
675 938 784 974 Θωμᾶν,
802 936 872 964 εἷπε·

83 995 95 1013 α
113 987 184 1022 Φέρε
197 986 242 1012 τὸν
255 985 383 1012 δάκτυλόν
399 993 445 1011 σου
457 982 518 1017 ὧδε,
531 985 577 1011 καὶ
591 984 628 1011 ἴδε
643 983 692 1016 τὰς
702 983 795 1019 χεῖράς
812 992 872 1018 μου,

81 1033 133 1059 καὶ
153 1032 221 1067 φέρε
237 1031 287 1067 τὴν
308 1030 387 1066 χεῖρά
410 1039 467 1062 σου,
490 1030 537 1056 καὶ
554 1030 617 1065 βάλε
637 1030 676 1060 et;
690 1030 739 1064 τὴν
756 1029 874 1064 πλευράν

83 1086 151 1113 μου,
168 1077 215 1103 καὶ
234 1076 270 1111 μὴ
287 1076 362 1110 γίνου
377 1075 500 1107 ἄπιστος,
518 1074 586 1101 ἀλλὰ
602 1075 706 1105 πιστός.
729 1083 738 1099 ›

121 1119 177 1145 Καὶ
194 1118 340 1145 ἀκόλουθόν
360 1127 391 1152 γε
409 1117 443 1154 ἦν
462 1119 527 1144 πᾶσι
543 1120 597 1150 τοῖς
619 1127 647 1144 τε
665 1117 875 1153 προφητευθεῖσι

82 1164 155 1199 περὶ
171 1162 253 1189 αὐτοῦ
270 1163 319 1198 (ὲν
334 1160 375 1194 οἷς
393 1164 440 1190 καὶ
452 1162 530 1189 τοῦτο
548 1161 599 1198 ἦν)
614 1163 660 1189 καὶ
675 1164 730 1194 τοῖς
744 1163 875 1198 πραχθεί-

84 1217 131 1235 σιν
146 1208 230 1242 αὺτῷ,
250 1208 296 1234 καὶ
311 1209 367 1239 τοῖς
383 1208 577 1242 συμϐεϐηκόσι,
598 1208 684 1234 τοῦτο’
696 1209 769 1244 παρὰ
787 1199 875 1235 πάντα

83 1253 241 1288 παράδοξον
258 1252 391 1286 γενέσθαι.
410 1253 591 1288 Προελέλεκτο
607 1252 661 1288 γὰρ
682 1254 714 1279 ἐκ
730 1253 875 1288 προσώπου

83 1298 136 1325 τοῦ
160 1298 245 1334 Ἰησοῦ
261 1299 289 1324 ὲν
301 1298 339 1333 τῷ
354 1299 479 1334 προφήτῃ
490 1307 496 1313 ·
515 1308 524 1323 t
548 1299 580 1324 Ἦ
593 1298 660 1333 σάρξ
675 1307 724 1334 μου
741 1307 877 1335 κατασκη-

84 1345 170 1371 νώσει
193 1345 236 1370 ἐπ’
261 1344 347 1371 ἐλπίδι
361 1353 367 1359 ·
396 1345 443 1370 καὶ
466 1345 516 1370 οὐκ
537 1344 738 1378 ἐγκαταλείψεις
757 1345 811 1379 (80)
828 1345 876 1380 τὴν

84 1391 178 1426 ψυχήν
195 1399 244 1426 μου
261 1391 300 1421 εἰς
316 1390 361 1416 τὸν
378 1390 454 1425 ᾅδην,
469 1390 515 1416 καὶ
529 1391 559 1416 οὺ
574 1390 668 1422 δώσεις
682 1391 726 1417 τὸν
741 1390 812 1417 ὅσιόν
829 1399 876 1417 σου

86 1436 156 1462 ἰδεῖν
177 1435 334 1470 διαφθοράν.
361 1445 370 1461 ι
391 1435 445 1461 Καὶ
468 1432 502 1470 ἦν
520 1443 551 1469 γε
573 1435 642 1470 μετὰ
662 1435 710 1471 τὴν
730 1436 877 1463 ἀνάστασιν

85 1481 173 1508 αὑτοῦ
194 1482 313 1517 ὡσπερεὶ
333 1481 362 1507 ὲν
379 1481 495 1517 μεθορίῳ
510 1482 565 1517 (8|)
586 1482 638 1508 τινὶ
652 1482 702 1517 τῆς
725 1481 878 1517 παχύτητος

924 243 1011 264 tamen
1024 237 1138 264 habebat
1151 237 1174 264 is
1185 237 1293 264 mulieri
1305 245 1334 266 se
1348 238 1448 266 vidisse
1462 240 1600 272 narranti;
1618 248 1704 274 neque

922 283 997 309 enim
1016 282 1159 309 dubitabat
1172 283 1237 317 quin
1251 283 1338 309 anima
1351 284 1450 311 mortui
1465 284 1583 319 conspici
1597 290 1702 319 posset:

922 327 969 354 sed
985 327 1035 354 sibi
1056 327 1083 354 in
1103 327 1224 354 animum
1240 327 1370 355 inducere
1386 336 1437 356 non
1453 334 1628 363 poterateum
1640 339 1705 358 vere

923 374 1073 402 surrexisse
1085 381 1117 401 eo
1129 381 1242 408 corpore
1253 375 1323 410 quod
1341 376 1422 409 priori
1437 377 1524 403 simile
1538 381 1620 405 esset.
1635 377 1703 404 llinc

924 425 966 447 est
985 419 1056 454 quod
1074 427 1126 446 non
1157 420 1255 447 dixerit
1284 420 1469 448 solummodo:
1493 430 1502 446 ι
1522 421 1576 449 Nisi
1601 422 1703 456 videro,

924 471 977 491 non
991 464 1097 491 credam
1111 473 1117 497 ;
1134 473 1143 490 ›
1160 465 1205 491 sed
1219 465 1353 492 addiderit
1368 473 1394 491 ε(
1408 465 1462 492 Nisi
1475 466 1579 493 mittant
1594 474 1701 493 manum

925 517 1013 536 meam
1026 510 1052 536 in
1069 509 1157 536 locum
1170 509 1310 536 clavorum
1323 514 1350 537 et
1366 515 1531 537 contrectem
1547 511 1616 539 latus
1631 511 1705 546 ejus,

926 562 978 582 non
1000 555 1143 582 credam.)
1168 555 1234 588 ρυω
1255 555 1365 589 quidem
1390 554 1510 582 Thomas
1533 556 1616 587 dixit.
1641 557 1705 591 quia

901 597 911 604 ’
924 601 1091 628 existimaret
1106 601 1230 634 corporis
1245 601 1333 628 oculis
1349 600 1532 635 conspicabile
1548 601 1605 628 ﬁeri
1627 609 1706 635 posse

924 653 1021 681 corpus
1037 646 1134 673 animae
1151 653 1210 680 quae
1220 646 1337 680 priorem
1349 645 1464 673 formam
1473 646 1584 673 omnino
1594 645 1710 674 referret

1039 733 1072 761 Et
1091 734 1271 769 magnitudine
1285 738 1309 761 et
1325 733 1406 760 oculis
1421 733 1523 760 decoris

961 779 996 806 Et
1008 787 1077 807 ιιοεε.

928 837 1004 872 Saepe
1020 839 1101 864 etiam

962 913 1017 922 .....
1030 894 1063 920 Et
1080 893 1161 921 simili
1176 893 1275 920 amictu
1284 893 1319 920 ⁹⁰.
1637 914 1641 916 _

924 939 991 967 Cum
1016 939 1098 973 igitur
1123 939 1255 966 Thomam
1272 937 1431 965 advocasset
1446 937 1524 965 Iesus
1535 958 1541 970 ,
1563 937 1633 965 dixit
1650 937 1686 964 illi
1701 948 1707 964 :

927 995 936 1012 ι
951 985 1023 1012 lnier
1038 985 1150 1020 digitum
1170 989 1243 1011 tuum
1260 985 1314 1012 huc
1325 1004 1332 1017 ,
1349 989 1377 1011 et
1391 985 1452 1011 vide
1467 992 1562 1011 manus
1580 991 1670 1016 meas,
1683 986 1710 1010 et

925 1031 992 1058 aﬂ'cr
1009 1039 1116 1058 manttm
1134 1037 1218 1062 tuam.
1235 1036 1262 1058 et
1277 1032 1354 1058 mitte
1370 1031 1396 1057 in
1410 1030 1480 1058 latus
1495 1037 1595 1063 meum,
1610 1029 1704 1056 etnoli

925 1085 984 1105 esse
1000 1077 1167 1109 incredulus,
1183 1077 1229 1103 sed
1247 1076 1331 1104 ﬁdelis
1343 1076 1393 1104 “.t

961 1123 1005 1150 62.
1023 1123 1063 1149 Ac
1083 1126 1298 1149 consentaneum
1312 1122 1421 1156 quidem
1434 1125 1493 1149 erat
1509 1121 1636 1148 omnibus
1650 1128 1711 1155 qua:

925 1169 958 1195 de
974 1168 1020 1195 illo
1037 1168 1164 1203 p‘raadicta
1182 1167 1289 1194 fuerant
1305 1167 1396 1203 (inter
1413 1175 1474 1201 quae
1493 1172 1552 1193 erat
1572 1170 1600 1193 et
1616 1173 1707 1193 resur-

926 1213 1033 1250 rectio),
1048 1219 1075 1242 et
1092 1215 1124 1242 iis
1140 1223 1200 1249 quae
1211 1214 1320 1247 fecerat,
1337 1221 1441 1240 necnon
1459 1213 1491 1240 iis
1504 1220 1563 1247 quae
1580 1213 1630 1247 ipsi
1645 1220 1712 1239 con-

927 1261 1060 1295 tigerant,
1077 1265 1105 1288 ut
1125 1261 1169 1287 illa
1186 1261 1277 1287 omnia
1291 1260 1341 1287 hoc
1359 1259 1478 1286 omnium
1493 1258 1712 1292 splendidissimo

926 1306 1057 1333 miraculo
1066 1305 1330 1333 cumularentur.Ait
1341 1306 1411 1332 enim
1420 1305 1548 1339 propheta
1557 1310 1589 1331 ex
1598 1310 1712 1337 persona

926 1350 1091 1378 Jesutharo
1101 1358 1159 1378 mea
1168 1351 1250 1387 434
1258 1351 1388 1378 habitabit
1397 1351 1422 1377 in
1433 1357 1491 1385 spe,
1500 1350 1562 1384 quia
1572 1357 1624 1376 non
1636 1349 1714 1375 dere-

928 1397 1036 1431 linqnes
1050 1397 1170 1423 anitnam
1190 1403 1277 1423 meam
1293 1396 1320 1423 in
1333 1396 1457 1426 inferno,
1490 1402 1541 1422 nec
1558 1395 1634 1421 dabis
1650 1402 1714 1421 san-

927 1447 1000 1470 ctum
1016 1446 1091 1469 tuum
1107 1442 1200 1469 videre
1215 1442 1416 1476 corruptionem
1424 1441 1472 1468 θ’.)
1486 1440 1647 1467 Eratantem
1655 1442 1715 1472 post

928 1496 1004 1516 suam
1028 1488 1255 1515 resurrectionem
1278 1487 1357 1522 quasi
1383 1487 1489 1515 medius
1505 1488 1577 1515 inter
1590 1493 1713 1514 crassum

84 1527 140 1562 τῆς
156 1527 207 1563 πρὸ
223 1526 270 1553 τοῦ
287 1527 388 1558 πάθους
404 1527 538 1562 σώματος,
556 1528 601 1554 καὶ
614 1527 659 1553 τοῦ
675 1527 779 1562 γυμνὴν
793 1528 877 1554 τοιού-

967 1541 1030 1568 rpus
1047 1533 1113 1560 illud
1129 1534 1199 1568 quod
1215 1533 1333 1560 habebat
1351 1538 1496 1567 antequam
1512 1536 1668 1567 pateretur,
1686 1536 1714 1559 et

83 1581 135 1599 του
154 1571 277 1608 σώματος
293 1572 432 1606 φαίνεσθαι
444 1572 542 1607 ψυχήν.
557 1572 647 1604 Ὅθεν,
658 1573 696 1599 ὅτ’
707 1571 776 1608 ἦσαν
791 1573 815 1598 ot
829 1582 880 1608 μα-

87 1619 172 1654 θηταὶ
195 1619 277 1645 αὑτοῦ
299 1619 345 1645 καὶ
368 1619 468 1653 Θωμᾶς
487 1619 533 1644 ἐπὶ
555 1619 586 1644 τὸ
606 1619 672 1645 αὐτὸ
700 1619 758 1654 μετ’
779 1619 878 1651 αὐτῶν,

89 1673 101 1689 σ
121 1665 232 1699 ἔρχεται
252 1665 266 1690 ὁ
292 1663 404 1698 Ἰησοῦς,
422 1663 475 1690 τῶν
497 1663 584 1700 θυρῶν
608 1664 816 1698 κεκλεισμένων,
834 1664 879 1690 καὶ

85 1710 154 1745 ἔστη
176 1710 215 1740 εὶς
235 1710 265 1735 τὺ
288 1710 378 1744 μέσον,
397 1710 443 1736 καὶ
461 1707 551 1735 εἶπεν·
570 1710 671 1744 Εἰρήνη
692 1710 769 1744 ὑμῖψ
792 1719 801 1735 ι
821 1707 880 1736 εἶτα

84 1754 163 1788 λέγει
180 1754 218 1789 τῷ
232 1754 331 1788 Θωμᾷ’
347 1763 356 1778 ί
372 1754 440 1789 Φέρε
457 1753 502 1779 τὸν
516 1753 643 1780 δάκτυλόν
665 1762 711 1780 σου
728 1750 789 1785 ὧδε,
810 1763 818 1778 t
835 1755 880 1780 καὶ

84 1800 123 1828 τὰ
140 1801 214 1836 ἑξῆς.
230 1801 284 1826 Καὶ
298 1801 325 1826 ὲν
339 1800 378 1835 τῷ
393 1800 465 1827 κατὰ
479 1801 584 1826 Λουκᾶν
598 1800 626 1826 δὲ
640 1800 805 1835 Εὑαγγελίῳ,
820 1801 881 1835 ὀμι-

85 1846 208 1873 λοὺντων
222 1846 289 1881 πρὸς
301 1846 430 1881 ἀλλήλους
442 1846 562 1880 Σίμωνος
575 1845 630 1878 (8Ξ)
648 1845 695 1871 καὶ
708 1845 819 1871 Κλεὸπα
834 1854 882 1871 πε-

87 1893 117 1928 ρὶ
130 1892 240 1918 πάντων
251 1891 304 1917 τῶν
326 1891 535 1926 συμϐεϐηκότων
552 1890 651 1922 αὐτοῖς,
670 1891 684 1916 ὀ
706 1890 809 1926 Ἰησοῦς
825 1891 880 1916 ὲπι-

88 1937 158 1968 στὰς
174 1937 275 1967 αὐτοῖς,
295 1946 303 1961 ι
326 1936 519 1971 συνεπορεύετο
535 1935 592 1970 μετ’
608 1935 706 1961 αὐτῶν.
723 1936 778 1962 Καὶ
791 1936 815 1961 οἱ
831 1936 881 1970 μὲν

85 1982 224 2016 ὀφθαλμοὶ
235 1981 323 2008 αὐτῶν
336 1980 499 2016 ἐκρατοῦντο
512 1980 559 2007 τοῦ
575 1981 611 2016 μὴ
624 1981 769 2015 ἐπιγνῶναι
784 1981 878 2007 αὐτόν·

85 2029 101 2054 ὁ
119 2027 149 2054 δὲ
166 2025 226 2053 εἷπε
244 2027 312 2062 πρὸς
326 2026 424 2057 αὐτούς
435 2034 441 2040 ·
457 2026 535 2057 Τίνες
553 2026 577 2052 οἱ
594 2026 677 2060 λόγοι,
698 2025 744 2057 οὓς
758 2026 882 2053 ἀντιϐάλ-

85 2074 151 2099 λετε
176 2073 244 2107 προς
264 2072 394 2107 ἀλλήλους
417 2071 648 2107 περιπατοῦντεςς
682 2081 691 2097 ι
720 2073 774 2098 Καὶ
801 2073 881 2107 ἡνίκα

85 2117 281 2153 διηνοίχθησαν
316 2117 404 2144 αὐτῶν
437 2118 461 2143 οἱ
486 2116 629 2151 ὀφθαλμοὶ,
656 2117 703 2143 καὶ
725 2117 882 2150 ἐπέγνωσαν

86 2163 181 2194 αὑτὸν,
204 2162 264 2188 τότε
278 2162 372 2193 αὑταῖς
386 2161 473 2193 λέξεσί
489 2169 570 2196 φησιν
587 2162 603 2196 ἡ
621 2161 725 2197 Γραφὴ,
745 2171 753 2187 ι
773 2162 819 2188 καὶ
834 2162 882 2188 αὑ-

84 2209 134 2239 τὸς
160 2208 276 2242 ἄφαντος
301 2208 408 2241 ἐγένετο
431 2208 478 2233 ἀπ’
505 2205 603 2232 αὐτῶν.
638 2216 647 2232 t
672 2206 731 2233 Κᾶν
754 2207 881 2242 βούληται
896 2201 919 2229 Ῑ)

85 2251 135 2279 οὖν
155 2253 317 2279 καινοποιεῖν
332 2252 400 2287 πρὸς
419 2251 500 2285 ἕτερα
522 2251 711 2285 φαντάσματα,
730 2251 776 2277 καὶ
791 2251 886 2282 ἄλλους

86 2297 303 2333 φαντασθέντας,
317 2297 350 2323 τὰ
363 2296 434 2323 κατὰ
445 2296 489 2322 τὸν
511 2295 624 2331 Ἰησοῦν,
642 2296 689 2322 καὶ
703 2296 765 2327 τοὺς
781 2297 883 2328 ἰδόντας

85 2344 171 2370 αὑτὸν
192 2343 260 2379 μετὰ
275 2343 324 2378 τὴν
347 2342 493 2369 ἀνάστασιν
507 2343 521 2368 ὁ
536 2341 655 2372 Κέλσος*
672 2341 740 2368 ἀλλὰ
761 2342 815 2372 τοῖς
836 2342 882 2367 εὑ-

84 2388 237 2423 γνωμόνως
263 2389 309 2414 καὶ
334 2387 472 2423 φρονίμως
495 2386 650 2420 ἐξετάζουσι
672 2386 704 2412 τὰ
730 2385 879 2421 πράγματα.

85 2434 214 2470 φανεῖται
227 2433 257 2459 τὸ
272 2432 491 2467 παραδοξότερον.

930 1580 1030 1608 subtile
1055 1587 1110 1614 quo
1135 1581 1223 1606 anima
1253 1579 1346 1606 induta
1374 1579 1543 1613 conspicitur
1570 1583 1713 1613 postquam

930 1625 1003 1659 prius
1018 1632 1115 1660 corpus
1129 1624 1262 1658 deposuit.
1281 1624 1358 1652 Unde
1378 1631 1438 1651 cum
1455 1628 1546 1651 essent
1571 1623 1649 1650 simul
1675 1624 1715 1650 di-

930 1670 1024 1704 scipuli
1037 1670 1094 1705 ejus
1108 1674 1135 1696 et
1144 1670 1364 1703 Tltontas,tvcttil
1374 1668 1460 1703 Jesus,
1471 1670 1562 1704 jannis
1570 1667 1715 1699 clausis,et

930 1716 1006 1743 stetit
1020 1716 1045 1742 in
1061 1715 1149 1742 tnedio
1165 1719 1192 1742 et
1211 1715 1298 1742 dixit:
1316 1714 1370 1741 Pax
1388 1715 1484 1746 vobis;
1502 1724 1510 1739 ι
1528 1719 1555 1741 et
1582 1713 1712 1740 Thomas:

934 1771 943 1787 (
958 1761 1031 1788 lul'er
1052 1761 1165 1796 digitum
1182 1765 1255 1787 tuum
1274 1761 1326 1787 huc
1345 1760 1378 1793 ³³,
1395 1764 1448 1787 etc.
1463 1770 1472 1785 ι
1484 1760 1516 1786 Ει
1527 1760 1553 1786 in
1568 1758 1714 1793 Evangelia

931 1807 1078 1833 secundum
1097 1806 1197 1837 Lucam
1209 1826 1216 1836 ,
1229 1805 1446 1839 colloquenlibus
1462 1805 1573 1831 Simone
1592 1808 1619 1830 et
1637 1803 1715 1830 Cleo-

932 1852 982 1886 pha
999 1852 1030 1878 de
1045 1852 1078 1879 iis
1098 1846 1158 1886 qum
1173 1851 1226 1878 illis
1248 1851 1423 1883 acciderant,
1440 1849 1519 1877 Jesus
1533 1848 1715 1876 interveniens

936 1906 945 1922 ε
969 1897 1024 1924 ibat
1039 1905 1100 1924 cutn
1115 1896 1166 1923 illis
1181 1905 1188 1929 ;
1201 1896 1270 1923 oculi
1286 1901 1375 1923 autem
1390 1896 1496 1922 illorum
1509 1893 1670 1920 tenebantur
1681 1901 1715 1919 ne

931 1949 992 1969 eum
1022 1945 1211 1975 agnoscerent.
1246 1941 1278 1967 Et
1307 1941 1346 1967 ait
1373 1940 1407 1967 ad
1431 1939 1517 1966 illos:
1540 1938 1589 1971 Qui
1606 1942 1669 1964 sunt
1687 1937 1714 1964 hi

932 1994 1088 2017 sermones.
1111 1993 1179 2020 quos
1205 1984 1337 2012 confertis
1364 1985 1397 2011 ad
1422 1984 1538 2011 invicem
1568 1982 1711 2008 ambulan-

933 2032 1027 2059 tes“?
1045 2041 1053 2057 ι
1073 2031 1105 2058 Ει
1120 2036 1263 2065 postquam
1287 2031 1373 2064 aperti
1397 2034 1461 2057 sunt
1483 2029 1554 2056 oculi
1574 2035 1667 2055 eorum
1688 2031 1716 2054 et

933 2078 1019 2112 ipsum
1034 2081 1230 2111 cognoverunt,
1246 2076 1389 2111 Scriptura
1405 2075 1514 2103 disertis
1527 2074 1617 2101 verbis
1631 2074 1715 2100 adno-

934 2128 983 2155 tat,
1004 2133 1013 2148 «
1031 2123 1063 2150 Et
1079 2123 1136 2157 ipse
1155 2122 1267 2149 evanuit
1279 2130 1312 2150 ex
1336 2121 1423 2149 oculis
1437 2128 1541 2148 eorum.
1554 2129 1563 2145 ι
1589 2118 1716 2152 Quamvis

934 2169 1015 2204 igitur
1029 2169 1123 2196 Celsus
1137 2169 1256 2195 visiones
1270 2168 1303 2195 de
1315 2167 1380 2195 Jesu
1392 2174 1452 2195 cum
1466 2167 1579 2193 aliorum
1592 2165 1714 2195 somniis.

934 2223 1035 2249 eosque
1049 2215 1094 2249 qui
1108 2214 1199 2242 Jesum
1212 2214 1408 2248 videruntpost
1422 2212 1480 2247 ejus
1490 2210 1715 2238 resurrectionem

935 2267 996 2287 cum
1014 2260 1046 2286 iis
1060 2264 1200 2294 comparet
1217 2267 1284 2293 quos
1297 2259 1387 2286 inania
1402 2261 1508 2292 spectra
1526 2255 1715 2285 ludilicantur;

935 2313 1016 2332 nemo
1029 2306 1160 2333 candidus
1176 2310 1203 2332 et
1218 2305 1338 2340 prudens
1355 2311 1398 2331 res
1415 2310 1475 2338 qua:
1498 2302 1530 2328 ad
1546 2300 1636 2328 Jesum
1657 2305 1718 2334 per-

933 2353 1031 2384 tinent,
1043 2351 1251 2382 examinaverit,
1262 2351 1326 2385 quin
1336 2356 1466 2385 agnoscat
1481 2356 1527 2375 eas
1539 2355 1598 2375 esse
1614 2345 1719 2373 exteris

933 2398 1010 2433 longe
1024 2399 1109 2433 magis
1125 2397 1312 2424 admirabiles.

120 2479 145 2494 ⁹⁰
166 2478 275 2507 Homer.
293 2479 367 2506 Iliad.
382 2478 539 2510 xxtn,66et
549 2478 591 2505 67.
613 2477 835 2509 "Joan.xx,27.
867 2479 877 2494 ⁹

963 2478 1061 2509 .xv,9.
1090 2475 1369 2510 "Joan.xx,26,27.
1402 2472 1628 2506 "Luc.xxrv,l3
1641 2477 1719 2504 seqq.

125 2543 223 2578 (79)!"
242 2544 365 2578 margine
389 2543 489 2570 veteris
515 2544 616 2570 codicis
628 2542 748 2570 Vaticani
766 2543 875 2578 legitur,

78 2579 110 2606 ὅθ
120 2587 151 2604 εν
166 2576 240 2606 εἶπε.
257 2576 315 2604 sine
329 2578 459 2612 particula
476 2578 535 2605 οὐκ.

125 2613 182 2648 (80)
194 2613 248 2640 Kal
266 2614 320 2640 οὐκ
333 2613 567 2647 ἐγκαταλείψεις.
584 2613 628 2639 Sic
652 2620 749 2639 omnes
767 2621 832 2639 mss.
850 2617 877 2638 et

81 2647 102 2673 ll
112 2649 262 2674 ccscheiius
272 2647 298 2673 in
309 2653 393 2675 textu.
405 2648 559 2682 Spcncerus
567 2655 640 2680 vero,
653 2648 693 2674 ὃτι
703 2648 752 2673 οὐκ
762 2649 878 2681 ἐγκατα-

85 2683 200 2717 λείψεις.
228 2682 311 2709 Paulo
334 2687 394 2715 post
415 2683 628 2717 reclehotnnitm
654 2683 737 2717 codex
755 2682 877 2708 Julianus

87 2715 211 2744 secunda
225 2725 305 2752 manu
322 2717 418 2749 habet,
432 2717 478 2744 καὶ
493 2715 527 2752 ἦν
537 2726 567 2751 γε
583 2716 708 2752 μετὰτὴν
720 2717 878 2743 ἀνάστασιν.

87 2754 176 2788 Alias.
190 2752 241 2788 κοιλἒ
250 2749 283 2786 ἧν
302 2759 330 2785 γε
342 2752 413 2788 κατὰ
428 2753 478 2788 τὴν
494 2749 650 2788 ἆνᾴστὰσιν.

125 2787 183 2822 (8t)
215 2787 264 2813 Ἐν
285 2786 420 2822 μεθορίῳ,
441 2786 499 2822 etc.
525 2786 679 2822 Legendum
705 2786 829 2822 videtur,
852 2786 881 2811 ὲν

91 2820 212 2857 μεθορίῳ
238 2822 292 2857 τινὶ
309 2821 357 2857 τῆς
374 2821 529 2857 παχύτητος
554 2821 601 2847 τοῦ
631 2821 683 2856 πρὸ
709 2820 755 2847 τοῦ
779 2820 882 2852 πάθους

89 2856 229 2892 σώματος.
249 2856 314 2884 Vide
330 2856 412 2885 hom'tl
437 2857 454 2883 ὅ
469 2858 495 2886 in
508 2856 617 2883 Lucam.

965 2544 1019 2579 (8‘2)
1036 2545 1177 2578 Σίμωνος.
1192 2544 1268 2571 Unde
1290 2542 1411 2570 hauserit
1433 2542 1562 2579 Origenes
1587 2539 1719 2566 Simonem

930 2575 1015 2606 fuisse
1029 2575 1160 2611 Clénphmr
1175 2579 1294 2610 serium,
1308 2579 1438 2604 incertum
1462 2581 1514 2603 est.
1543 2575 1568 2601 In
1580 2610 1584 2611 ν
1594 2582 1720 2611 sermone

928 2614 1015 2646 primo
1039 2614 1071 2640 ile
1087 2608 1208 2646 tempore
1227 2608 1297 2639 inter
1315 2613 1509 2639 Ambrosianus
1531 2608 1718 2646 soeius‘Cleo-

930 2644 988 2682 phm
1001 2653 1113 2675 vocatur
1135 2644 1248 2682 (inmani.
1263 2647 1314 2673 Alii
1343 2646 1536 2682 Nathanaelern
1556 2644 1639 2682 inisse
1670 2651 1718 2670 vo—

935 2680 1002 2714 lunt.
1016 2683 1060 2710 alii
1075 2684 1218 2717 ipsumtnet
1234 2681 1343 2712 Lucam,
1360 2683 1402 2714 qui
1414 2689 1500 2717 suum
1516 2680 1599 2717 ipsius
1621 2686 1718 2705 nomen

934 2719 1058 2744 tacuerit.
1085 2715 1156 2743 Vide
1183 2717 1270 2743 Grotii
1299 2716 1487 2742 alittolalioncs
1514 2715 1546 2740 all
1577 2722 1636 2747 cap.
1656 2721 1720 2740 xxtv

934 2753 1035 2785 Evang.
1060 2751 1209 2778 secundum
1232 2751 1341 2778 Lucam.
1355 2750 1438 2777 Paulo
1455 2755 1514 2784 post
1531 2757 1626 2785 Omine}
1639 2755 1719 2785 mss"

938 2782 1149 2826 συμρὲϐηκύτων
1177 2785 1289 2818 αὐτοῖς,
1325 2785 1447 2819 impressi
1456 2782 1469 2817 Ἴ,
1509 2782 1720 2818 συμϐεϐηκότων

937 2830 1021 2848 αντη).
