1843 3097
154 99 207 126 895

156 201 339 228 dinicultatem
369 200 463 234 objicit
496 200 608 228 minime
631 202 866 228 contemnendam.
885 211 894 226 ε
910 202 938 229 Si

157 254 246 277 suam.
260 246 354 280 inquit.
369 246 487 272 divinam
500 246 647 280 potentiam
661 253 754 274 revera
770 247 940 275 innotescere

156 291 260 324 voluit,
275 291 393 325 oportuit
407 291 517 325 utique,
535 296 564 318 ut
581 299 611 319 se
627 292 683 319 suis
697 292 857 320 adversariis
868 313 875 325 ,
890 300 940 320 suo

153 337 249 370 judiei,
265 336 392 363 onmibus
404 337 516 362 omnino
528 336 695 363 ostenderet.
710 346 719 362 ι
736 336 802 363 Nam
820 340 847 363 et
861 337 940 364 nobis

156 389 188 408 ex
206 381 352 416 Erangelio
376 386 482 408 certum
508 385 569 413 est,
594 388 656 408 eum
673 385 733 415 post
760 381 941 408 resurrectio-

158 436 238 461 nem,
261 436 313 455 non
335 428 445 462 perinde
468 434 499 453 ac
521 432 599 460 ante,
620 435 649 454 se
669 427 748 462 vulgo
764 433 792 455 et
815 428 940 455 omnibus

158 474 304 508 pnebuisse
317 474 504 507 conspicuum.
521 472 573 499 Sed
594 473 620 500 in
637 473 712 499 Actis
737 473 844 507 quidem
871 474 942 500 seri-

158 524 232 552 ptum
244 523 285 546 est
294 527 301 546 :
313 528 322 543 ι
335 518 385 546 Per
396 519 454 546 dies
463 518 638 552 quadraginta
647 526 779 554 apparens
788 519 941 554 discipulis,

159 564 320 598 loquebatur
332 564 364 590 de
380 571 461 598 regno
474 563 518 590 Dei
530 563 570 597 ’5;
584 571 630 590 rex
646 564 797 599 Evangeliis
809 570 897 592 autem
910 565 942 592 li—

159 613 222 642 quet
238 616 299 635 eutn
319 616 379 635 cum
394 608 446 636 illis
463 616 514 635 non
531 615 637 642 semper
651 608 734 636 fuisse
754 611 939 643 versatum";

160 651 240 678 tundo
254 656 316 686 post
329 652 386 679 dies
398 657 470 683 octo,
485 651 584 679 clausis
595 653 695 687 januis,
711 654 737 680 in
749 655 837 681 medio
847 662 941 682 eorum

160 695 248 722 \‘isum
260 703 321 724 esse
331 717 340 730 ,
355 697 501 732 aliquando
516 696 677 731 quibusdam
694 697 827 725 similibus
845 698 941 726 modis.

161 741 226 767 Item
248 741 349 768 Paulus
371 743 444 769 circa
461 743 540 769 tinent
558 742 652 776 prima:
674 743 707 770 ad
733 743 888 771 Corinthios
906 744 942 771 ita

160 787 266 818 scribit,
281 791 311 813 ut
326 787 392 814 satis
408 788 502 814 innuat
521 787 612 815 Jesum
645 795 698 815 non
719 789 755 815 ita
773 789 854 823 vulgo
870 795 942 823 post,

161 840 193 859 ac
218 837 363 866 antequam
392 837 545 867 pateretur,
569 834 655 861 visum
681 833 773 862 fuisse.
805 845 815 861 ι
831 835 942 862 Tradidi

161 877 232 904 enim
247 877 323 903 vobis
339 877 365 903 in
382 877 488 912 primis,
509 878 612 912 inquit,
625 879 696 913 quod
714 883 740 906 et
752 880 860 913 accepi,
876 888 944 915 quo-

161 921 234 948 niam
247 921 373 949 Christus
386 927 507 951 mortuus
519 928 560 950 est
577 931 625 957 pro
637 924 755 958 peccatis
769 925 884 958 nostris,
901 933 944 952 se—

162 967 468 1002 eundumSeripturas;
496 972 522 995 et
545 970 606 1002 quia
633 970 705 996 visus
729 976 771 997 est
796 970 945 1005 Cephm,et

161 1019 221 1047 post
255 1014 306 1041 hoc
332 1014 494 1046 duodecim;
521 1015 619 1042 deinde
640 1015 714 1042 visus
736 1021 779 1044 est
792 1017 851 1051 plus
863 1024 943 1051 quam

161 1059 318 1092 quingentis
333 1059 463 1087 fratribus
483 1060 622 1092 simul,ex
651 1061 752 1095 quibus
781 1062 857 1088 tnulti
887 1070 944 1089 ma-
971 1060 974 1064 '

163 1109 227 1130 nent
244 1112 330 1138 usque
358 1105 463 1137 adhuc,
490 1104 598 1138 quidam
634 1112 723 1133 autem
761 1107 943 1135 dormierunt.

164 1149 265 1176 Deinde
279 1151 352 1177 visus
367 1153 409 1177 est
421 1149 533 1182 Jacobo,
550 1151 646 1178 deinde
667 1152 796 1186 apostolis
805 1153 942 1185 omnibus;

162 1194 244 1231 435
271 1195 416 1223 novissime
445 1200 534 1222 autem
555 1197 676 1223 omnium
710 1203 835 1232 tanquam
864 1198 945 1226 abor-

165 1242 220 1268 tivo
235 1242 308 1268 visus
322 1247 363 1270 est
379 1247 406 1269 et
424 1243 490 1269 mihi
504 1243 538 1268 9'.
554 1251 563 1268 ›
589 1242 682 1277 Magna
706 1244 787 1276 igitur
809 1245 945 1279 qumdam,

164 1286 322 1314 admiranda
337 1291 364 1314 et
382 1288 485 1322 majora
507 1288 689 1315 aestimatione
711 1297 763 1315 non
779 1290 858 1316 modo
873 1291 945 1325 vulgi

165 1332 299 1366 ﬁdelium,
325 1334 372 1361 sed
398 1335 478 1361 etiam
497 1342 592 1362 eorum
617 1335 662 1369 qui
687 1335 799 1362 multum
827 1337 947 1370 profere-

165 1383 240 1410 runt,
253 1379 372 1406 arbitror
388 1387 447 1407 esse
461 1388 520 1415 quze
540 1388 572 1407 co
587 1384 728 1418 spectant,
753 1385 781 1408 ut
795 1382 947 1416 explicetur

164 1424 229 1459 quid
245 1424 289 1459 sit,
308 1433 357 1452 cur
369 1427 515 1453 suscitatus
529 1434 544 1452 e
556 1426 668 1453 mortuis
684 1433 735 1453 non
757 1427 868 1461 perinde
886 1435 948 1454 con-

165 1476 273 1505 spectus
296 1471 376 1498 fuerit
396 1477 476 1506 atque
493 1477 555 1498 ante
570 1473 633 1499 illud
657 1477 771 1506 tempus.
799 1474 835 1500 De
857 1473 948 1500 multis

167 1521 268 1548 autem,
284 1522 313 1543 ut
331 1518 356 1543 in
370 1525 450 1551 opere
464 1522 556 1544 contra
570 1525 723 1545 sermonem
738 1519 764 1544 in
778 1518 949 1546 Christianos

167 1569 317 1596 eorumque
334 1562 413 1589 [idem
432 1563 592 1596 injuriosum
611 1564 723 1598 scripto,
741 1563 801 1590 vide
814 1571 849 1590 an
865 1565 952 1598 possi-

169 1615 228 1634 mus
255 1615 338 1641 pauca
366 1613 438 1635 recte
460 1608 576 1641 afferre,
599 1617 658 1645 quae
685 1609 765 1645 hujus
785 1609 951 1637 delensionis

169 1659 294 1679 moveant
309 1654 457 1681 auditores.

206 1699 251 1726 δι.
269 1699 357 1732 Jesm,
376 1702 499 1735 quamvis
513 1711 582 1730 unus
599 1707 684 1735 esset,
699 1702 775 1738 plura
790 1707 880 1730 tamen
893 1707 952 1730 erat

168 1753 218 1780 pro
241 1746 314 1773 varia
331 1747 404 1773 illum
427 1748 619 1775 considerandi
637 1748 760 1781 ratione,
785 1756 834 1775 nec
857 1749 950 1776 eodem

170 1792 250 1819 modo
285 1793 492 1827 inspicientibus
524 1794 650 1821 omnibus
680 1793 836 1821 videbatur.
874 1793 952 1820 Illum

169 1839 247 1873 plura
271 1838 354 1866 fuisse
377 1847 425 1873 pro
442 1840 515 1866 varia
532 1840 605 1867 illum
622 1840 808 1867 considerandi
827 1841 929 1867 ratione
944 1861 952 1872 ,

169 1887 240 1916 patet
253 1890 285 1910 ex
299 1883 349 1910 hoc
362 1883 435 1910 loco:
453 1894 462 1909 ι
475 1884 528 1919 Ego
539 1893 597 1911 sunt
622 1885 676 1917 via,
688 1885 789 1912 veritas
801 1889 827 1911 et
839 1886 891 1911 vita
901 1885 949 1918 ⁹⁸;›

170 1930 197 1952 et
210 1934 241 1952 ex
263 1927 330 1953 isto:
349 1936 357 1952 ι
371 1927 425 1961 Εεο
447 1936 506 1955 sum
527 1929 652 1963 panis";
665 1938 673 1954 I
697 1933 725 1955 et
745 1935 778 1955 ex
799 1930 864 1957 hoc:
881 1929 953 1964 (ligo

170 1979 230 1998 sutn
245 1973 344 1999 ostium
359 1974 379 2007 ι,
395 1983 404 1999 ι
423 1978 450 2000 et
467 1981 498 2000 ex
514 1974 574 2000 aliis
588 1974 746 2001 innumeris.
763 1974 892 2002 Eumdem
906 1982 954 2001 au-

170 2021 224 2044 tem
243 2026 293 2045 non
312 2026 418 2053 semper
440 2020 607 2046 intuentibus
623 2021 708 2047 visum
725 2021 807 2047 fuisse
818 2039 826 2054 ,
842 2021 889 2048 sed
905 2029 954 2055 pro

171 2063 333 2090 intuentium
346 2070 438 2098 captu,
451 2065 562 2091 evidens
573 2066 624 2092 erit
639 2066 776 2100 cogitanti,
789 2066 877 2099 illutn,
891 2075 953 2093 cum

173 2108 198 2135 in
217 2109 323 2136 excelso
336 2114 428 2137 monte
445 2110 679 2145 transiigurandus
693 2117 774 2144 esset,
792 2120 844 2138 non
861 2119 952 2139 secum

894 98 1054 126 ORIGENIS

191 157 235 184 65.
249 157 344 184 Postea
357 156 451 184 Celsus
462 163 522 191 qua:
538 156 638 191 scripta
651 161 713 184 sunt
727 157 936 191 reprehendens,
951 158 974 186 Α

1726 99 1781 126 896

1028 155 1105 183 Μετὰ
1125 157 1211 184 ταῦτα
1231 158 1244 184 ό
1265 157 1378 191 Κέλσος,
1403 152 1451 183 οὐκ
1474 155 1721 191 εὐκαταφρονήτως
1747 157 1782 182 τά

991 202 1170 237 γεγραμμένα
1195 202 1359 236 κακολογῶν,
1378 202 1469 237 φησὶν,
1494 210 1503 226 t
1526 201 1566 227 ὅτι
1593 200 1679 235 ὲχρῆν
1700 199 1783 236 εἴπερ

990 247 1074 279 ὖντως
1097 247 1172 274 θείαν
1187 248 1301 283 δύναμιν
1320 248 1436 282 ἐκφῆναι
1451 246 1545 281 ἢθελεν
1565 247 1579 272 ό
1598 245 1715 280 Ἰησοῦς,
1731 246 1781 271 αὑ-

990 294 1046 324 τοῖς
1058 294 1113 324 τοῖς
1128 293 1306 329 ἑπηρεάσασι,
1317 294 1363 320 καὶ
1376 292 1415 328 τῷ
1426 292 1640 319 καταδικάσαντι
1653 291 1722 325 (85),
1737 292 1784 317 καὶ

991 337 1059 369 ὅλως
1073 339 1155 364 πᾶσιν
1169 339 1293 374 ὀφθῆναι.
1312 348 1321 364 ν
1344 338 1462 372 Ἀληθῶς
1475 337 1530 373 γὰρ
1545 337 1591 364 καὶ
1606 338 1673 372 ἡμῖν
1689 336 1785 370 φαίνε-

990 390 1045 413 ται,
1058 382 1128 409 κατὰ
1142 382 1172 408 τὸ
1186 383 1359 416 Εὐαγγέλιον,
1373 383 1423 418 οὐχ
1435 383 1505 408 οὕτω
1520 381 1588 417 μετὰ
1601 381 1650 416 τὴν
1663 381 1785 408 ἀνάστα-

993 436 1034 454 σιν
1053 428 1154 462 ὀφθεὶς,
1171 428 1208 460 ὡς
1224 428 1254 455 τὸ
1267 428 1396 464 πρότερον
1412 427 1528 463 δημοσίᾳ
1544 428 1590 454 καὶ
1605 428 1689 453 πᾶσιν
1704 427 1783 460 ἐφαί-

991 482 1061 499 νετο.
1071 473 1139 499 Ἀλλ’
1153 474 1182 500 ὲν
1198 474 1247 508 μὲν
1259 475 1317 505 ταῖς
1326 473 1459 508 Πράξεσιν
1473 473 1639 508 γέγραπται,
1652 481 1660 496 ι
1673 471 1706 498 δι’
1716 473 1783 506 ἦμε-

994 518 1048 554 ρῶν
1058 519 1260 554 τεσσαράκοντα
1272 519 1454 554 ὀπτανόμενος
1463 519 1518 550 τοῖς
1531 517 1667 553 μαθηταῖς
1678 519 1784 552 κατήγ-

993 564 1070 597 γελλε
1086 564 1120 591 τὰ
1134 565 1259 600 περὶτῆς
1277 564 1414 599 βασιλείας
1431 563 1479 590 τοῦ
1498 563 1565 589 Θεοῦ
1576 572 1582 578 ·
1605 573 1616 589 ›
1635 564 1665 589 ἐν
1682 563 1710 588 δὲ
1727 564 1783 594 τοῖς

993 610 1183 644 Εὑαγγελίοις,
1206 610 1254 645 οὐχ
1276 611 1316 637 ὅτι
1338 610 1381 636 ἀεὶ
1403 610 1485 645 συνῆν
1505 610 1615 641 αὐτοῖς·
1634 609 1692 636 ἀλλ’
1715 609 1784 635 ὅπου

995 655 1044 690 μὲν
1057 655 1090 681 δι’
1105 655 1213 690 ἡμερῶν
1230 655 1301 681 ὀκτὼ
1321 655 1418 690 ὲφάνη,
1434 655 1488 681 τῶν
1509 655 1599 690 θυρῶν
1622 653 1787 688 κεκλεισμέ-

993 709 1056 733 νων,
1075 702 1103 728 ὲν
1126 701 1200 737 μέσῳ
1214 701 1302 728 αὐτῶν
1315 710 1321 716 ·
1340 703 1407 728 ὅπου
1422 702 1450 728 δὲ
1465 701 1536 729 κατά
1555 710 1633 733 τινας
1649 701 1787 733 τοιούτους

993 747 1118 783 τρόπους.
1146 748 1200 775 Καὶ
1224 749 1238 774 ό
1257 748 1360 780 Παῦλος
1381 749 1403 774 δ’
1419 749 1448 775 ὲν
1467 743 1522 780 τοῖς
1544 747 1712 779 τελευταίοις
1738 747 1787 782 τῆς

996 794 1062 830 πρὸς
1077 795 1234 830 Κορινθίους
1249 795 1393 830 προτέρας,
1410 794 1448 825 ὠς
1463 794 1500 829 μὴ
1514 793 1647 829 δημωδῶς
1662 793 1717 828 (ιω
1737 793 1786 818 αὖ-

997 839 1043 866 τοῦ
1066 839 1194 874 ὀφθέντος
1213 839 1312 875 ὁμοίως
1334 839 1372 874 τῷ
1399 839 1451 875 πρὸ
1477 838 1524 865 τοῦ
1553 839 1656 870 πάθους
1686 838 1786 872 χρόνῳ,

996 883 1107 911 τοιαῦτα
1116 885 1232 920 γράφει·
1251 894 1260 909 ι
1279 884 1428 920 Παρέδωκα
1442 883 1496 919 γὰρ
1512 884 1575 918 ὑμῖν
1589 885 1618 910 ὲν
1631 883 1762 918 πρώτοις,
1775 883 1788 908 ὃ

997 931 1044 957 καὶ
1057 929 1218 965 παρέλαϐον,
1229 930 1269 956 ὅτι
1278 929 1393 964 Χριστὸς
1406 928 1538 955 ἀπέθανεν
1549 929 1620 964 ὑπὲρ
1629 929 1684 954 τῶν
1700 928 1789 963 ἀμαρ-

997 973 1061 1000 τιῶν
1076 974 1153 1009 ἡμῶν
1163 973 1233 1000 κατὰ
1246 973 1294 1005 τὰς
1315 972 1424 1008 Γραφάς
1444 972 1511 1007 (85),
1525 973 1571 998 καὶ
1583 972 1624 998 δτι
1639 970 1789 1006 ὤφθη-Κη-

998 1020 1045 1054 φᾷ,
1063 1017 1121 1045 εἶτα
1135 1019 1190 1050 τοῖς
1204 1018 1307 1045 δώδεκα
1317 1026 1323 1032 ’
1341 1017 1435 1043 ἔπειτα
1452 1016 1528 1052 ὤφθη
1543 1017 1637 1042 ἐπάνω
1658 1024 1789 1042 πεντακο-

1000 1065 1066 1096 σίοις
1081 1064 1202 1099 ἀδελφοῖς
1219 1063 1336 1098 ἐφάπαξ,
1356 1059 1392 1089 ὧν
1407 1063 1430 1089 οἱ
1446 1062 1565 1092 πλείονες
1587 1061 1715 1096 μένουσιν
1738 1060 1788 1091 ἓως

998 1110 1070 1146 ἄρτι,
1093 1109 1166 1142 τινὲς
1183 1109 1211 1135 δὲ
1231 1109 1276 1136 καὶ
1292 1107 1492 1144 ἐκοιμήθησαν·
1518 1106 1614 1133 ἔπειτα
1628 1106 1707 1141 ὤφθη
1737 1107 1788 1131 Ἰα-

999 1156 1095 1192 κώΰῳ·
1121 1156 1216 1182 ἔπειτα
1243 1156 1299 1187 τοῖς
1322 1154 1478 1184 ἀποστόλοις
1504 1154 1602 1179 πᾶσιν·
1627 1152 1742 1187 ἔσχατον
1761 1151 1788 1177 δὲ

1000 1202 1118 1233 πάντων,
1136 1201 1256 1237 ὡσπερεὶ
1269 1200 1307 1236 τῷ
1324 1200 1479 1236 ἐκτρώματι
1495 1199 1550 1235 (86)
1566 1197 1645 1233 ὤφθη
1663 1197 1759 1232 κάμοί.
1777 1206 1784 1222 ι

999 1247 1114 1282 Μεγάλα
1129 1247 1177 1282 μὲν
1193 1244 1239 1273 οὖν
1251 1255 1322 1278 τινα,
1335 1247 1383 1273 καὶ
1399 1245 1553 1280 θαυμαστὰ,
1568 1245 1615 1270 καὶ
1633 1243 1747 1279 μείζονα
1758 1242 1786 1268 οὑ

1000 1292 1049 1327 τῆς
1076 1291 1152 1324 ἀξίας
1174 1292 1227 1318 τῶν
1254 1291 1358 1317 πολλῶν
1380 1291 1458 1326 μόνον
1480 1292 1508 1317 ὲν
1529 1291 1586 1321 τοῖς
1602 1288 1787 1319 πιστεύουσιν,

1001 1337 1068 1364 ἀλλὰ
1082 1338 1127 1364 καὶ
1141 1337 1194 1363 τῶν
1213 1337 1283 1363 πάνυ
1299 1337 1505 1372 προκοπτόντων
1519 1335 1707 1370 ὑπολαμϐάνω
1721 1332 1787 1360 εἶναι

1000 1384 1035 1411 τὰ
1050 1383 1120 1410 κατὰ
1133 1383 1179 1410 τὸν
1194 1383 1284 1415 τόπον,
1300 1384 1328 1409 ὲν
1348 1380 1387 1414 οἷς
1404 1383 1420 1417 ἡ
1443 1382 1516 1408 αίτία
1533 1381 1667 1415 δηλωθείη
1692 1380 1726 1406 ἂν
1743 1379 1786 1406 τοῦ

1001 1429 1154 1456 ἀναστάντα
1168 1428 1247 1455 αὐτὸν
1261 1429 1293 1455 ὲκ
1307 1427 1410 1463 νεκρῶν
1426 1427 1462 1462 μὴ
1473 1427 1572 1461 ὁμοίως
1588 1425 1740 1460 πεφηνέναι
1753 1424 1787 1459 τῷ

1003 1476 1131 1510 πρότερον
1151 1475 1248 1510 χρόνῳ.
1274 1474 1339 1500 Ἀπὸ
1362 1474 1489 1500 πλειόνων
1509 1473 1546 1504 δὲ,
1568 1473 1606 1504 ὡς
1629 1473 1657 1498 ὲν
1679 1472 1788 1506 τοιούτῳ

1002 1521 1196 1556 συγγράμματι
1216 1520 1378 1555 γραφομένῳ
1392 1519 1459 1554 πρὸς
1475 1518 1521 1545 τὸν
1535 1519 1605 1545 κατὰ
1618 1517 1788 1554 Χριστιανῶν

1000 1568 1047 1593 καὶ
1066 1567 1115 1601 τῆς
1136 1566 1253 1597 πίστεως
1273 1566 1360 1592 αὐτῶν
1383 1565 1471 1599 λόγον,
1491 1565 1542 1600 ὅρα
1565 1565 1589 1590 εἰ
1608 1563 1787 1598 δυνησόμεθα,

1001 1613 1117 1646 εὐλόγως
1131 1612 1208 1646 ὀλίγα
1224 1611 1416 1647 παραθέμενοι,
1431 1610 1589 1637 καθικέσθαι
1606 1609 1660 1636 τῶν
1676 1610 1788 1636 ἀκουσο-

1002 1659 1089 1694 μένων
1102 1658 1151 1693 τῆς
1167 1657 1323 1691 ἀπολογίας.

1041 1704 1071 1730 '0
1091 1703 1204 1739 Ἰησοῦς,
1219 1700 1260 1734 εἷς
1271 1702 1319 1734 ὢν,
1331 1702 1442 1728 πλείονα
1453 1703 1485 1737 τῇ
1500 1701 1606 1736 ἐπινοίᾳ
1616 1699 1662 1736 ἦν,
1676 1700 1725 1726 καὶ
1736 1701 1788 1730 τοῖς

1003 1751 1144 1786 βλέπουσιν
1161 1751 1210 1785 οὐχ
1227 1749 1328 1784 ὁμοίως
1343 1750 1425 1775 πᾶσιν
1441 1748 1577 1783 ὁρώμενος
1595 1747 1660 1782 (87).
1681 1747 1735 1773 Καὶ
1751 1747 1787 1772 ὅτι

1003 1797 1051 1832 μὲν
1070 1797 1102 1831 τῇ
1122 1795 1228 1830 ἐπινοίᾳ
1243 1794 1351 1820 πλείονα
1372 1791 1416 1829 ἦν,
1440 1793 1523 1826 sagi—1;
1546 1793 1578 1818 ἐκ
1597 1791 1656 1823 τοῦ,
1681 1801 1690 1816 ι
1723 1790 1786 1824 Ἐγώ

1002 1843 1059 1877 εἰμι
1076 1842 1092 1877 ἡ
1108 1841 1166 1872 όδὺς
1185 1841 1232 1867 καὶ
1254 1841 1270 1875 ὴ
1288 1839 1400 1874 ἀλήθεια
1423 1839 1470 1864 καὶ
1495 1839 1512 1873 ἡ
1532 1837 1604 1873 ζωή·
1626 1847 1636 1862 ι
1663 1837 1710 1863 καὶ
1733 1836 1784 1865 τοῦ,

1006 1897 1014 1913 ι
1036 1886 1105 1921 Ἐγώ
1116 1887 1172 1921 είμι
1182 1887 1196 1912 ὁ
1208 1886 1302 1921 ἄρτος’
1320 1895 1328 1910 ι
1340 1883 1453 1915 καὶτοῦ,
1470 1893 1478 1908 ι
1500 1883 1570 1917 Ἐγώ
1583 1884 1640 1917 είμι
1652 1884 1669 1918 ἡ
1683 1882 1764 1917 Θύρα·
1777 1892 1784 1905 ι

1003 1933 1049 1959 καὶ
1064 1932 1150 1959 ἄλλων
1167 1931 1284 1966 μυρίων·
1301 1931 1341 1956 ὅτι
1355 1930 1383 1956 δὲ
1398 1930 1444 1956 καὶ
1460 1929 1623 1964 βλεπόμενος
1639 1929 1691 1963 οὐχ
1705 1927 1787 1954 (bni-

1002 1985 1056 2008 τως
1070 1978 1125 2008 τοῖς
1141 1975 1283 2011 βλέπουσιν
1298 1975 1432 2009 ἐφαίνετο,
1445 1974 1501 2000 ἀλλ’
1514 1974 1551 2004 ὡς
1564 1973 1686 2008 ἐχώρουν
1701 1973 1753 2006 (38‘,
1768 1973 1786 1997 sl

1005 2022 1156 2058 βλέποντες)
1175 2021 1257 2055 σαφὲς
1274 2020 1350 2046 ἔσται
1368 2021 1423 2051 τοῖς
1438 2019 1564 2053 ἐφιστᾶσι
1583 2019 1626 2044 διὰ
1643 2018 1670 2044 τί
1690 2017 1787 2053 μέλω,

1005 2066 1246 2103 μεταμορφοῦσθαι
1266 2067 1295 2093 ὲν
1315 2066 1353 2101 τῷ
1368 2065 1462 2101 ὑψηλῷ
1480 2065 1548 2100 ὄρει,
1563 2063 1625 2090 οὐδὲ
1646 2063 1713 2094 τοὺς
1729 2063 1788 2088 ἀπο-

1005 2113 1113 2144 στόλους
1127 2113 1228 2144 πάντας
1241 2112 1415 2148 παρείληφεν,
1431 2110 1498 2137 ἀλλὰ
1510 2111 1606 2146 μόνους
1619 2109 1665 2135 τὸν
1680 2109 1786 2143 Πέτρον,

171 2152 306 2188 apostolos
322 2162 416 2182 omnes
432 2156 556 2190 duxisse,
577 2157 623 2183 sed
640 2156 748 2183 Petrum
759 2176 766 2188 ,
780 2156 909 2184 Jacobutn
925 2162 953 2184 et

1038 2158 1052 2184 .i.
1065 2158 1110 2185 τὸν
1130 2157 1266 2190 Ἰάκωϐον,
1283 2158 1330 2183 καὶ
1345 2157 1390 2183 τὸν
1412 2156 1536 2190 Ἰωάννην
1546 2163 1552 2170 ·
1569 2155 1608 2186 ὡς
1623 2154 1721 2189 μόνους
1740 2162 1787 2188 χω-

169 2197 302 2225 Joannem
318 2200 403 2227 solos:
421 2206 512 2235 utpote
528 2202 574 2236 qui
586 2202 636 2229 soli
656 2202 777 2229 videnda:
790 2202 848 2234 ejus
863 2203 956 2236 gloriae

172 2253 252 2280 pares
265 2251 353 2279 erant,
370 2251 546 2282 poterantque
559 2248 678 2282 Moysem
690 2253 716 2274 et
731 2247 816 2274 Eliam
833 2247 954 2282 ingloria

207 2313 231 2329 "
243 2314 303 2340 Art.
317 2321 336 2346 ι,
355 2313 381 2341 5.

207 2394 263 2428 (83)
278 2394 445 2421 Hmsrhelius
460 2395 486 2420 in
504 2399 590 2424 lt-xtu,
601 2394 750 2421 δικάσαντι.

209 2430 266 2463 (84)
288 2430 333 2462 Ὡς
345 2429 386 2464 μὴ
408 2429 556 2463 δημωὸῶς,
575 2429 621 2456 Sic
641 2437 828 2465 ontnesrmss.
839 2436 954 2465 excepto

171 2464 279 2505 Joliano
290 2465 335 2500 qui
357 2472 416 2491 cum
434 2465 510 2490 libris
538 2465 678 2498 impressis
708 2464 798 2498 habet,
815 2464 852 2496 ὡς
872 2464 956 2501 μηδα-

196 2508 237 2526 ου.

174 2509 268 2567 μοῖέῦ)
285 2533 346 2560 Post
365 2541 457 2559 vorem
470 2534 589 2568 Γραφάς,
604 2542 720 2567 sequens
748 2535 897 2562 Versictllus
910 2536 956 2561 καὶ

173 2569 215 2605 ὅτι
229 2569 326 2605 ὲτάῳη,
342 2568 388 2594 καὶ
402 2569 442 2605 ὅτι
457 2569 602 2604 ἐγήγερται
620 2570 651 2604 τῇ
675 2569 753 2605 τρίτῃ
776 2570 866 2605 ἡμέρᾳ
887 2571 957 2597 κατὰ

174 2604 224 2634 τὰς
246 2604 356 2639 Γραςςάς
371 2623 378 2635 ,
404 2604 437 2630 ab
461 2605 677 2637 cxscriptorihus
709 2606 816 2631 videtur
832 2604 954 2632 omissus

177 2645 284 2673 propter
299 2639 328 2665 τὺ
342 2639 536 2674 ὀμοιότττωτον.

213 2673 369 2709 (86)(Σοιίειὶ
398 2674 571 2705 Basileeusis,
587 2674 706 2708 ὡσπερεὶ
728 2673 766 2709 τῷ
788 2673 954 2709 ἐκτρώματι,

213 2682 258 2707 (δυ
281 2682 369 2700 Louex
398 2682 571 2705 uasneeusts,
587 2682 706 2708 ωσπερει
728 2683 766 2709 τῳ
788 2682 954 2709 εκτρωματι,

176 2682 338 2743 ψιίυίευιίο
347 2710 505 2743 neutiquam
521 2713 563 2735 est
580 2708 730 2743 spernenda
748 2718 755 2735 :
772 2717 833 2735 nam
849 2708 957 2743 ὡσπερα

178 2743 203 2769 εὶ
218 2742 257 2777 τῷ
270 2742 425 2778 ἐκτρώματι
442 2744 557 2777 positutn
572 2748 613 2770 est
633 2751 692 2777 pro,
716 2743 835 2804 ὡσπερεί
849 2751 902 2769 τινι
914 2742 957 2769 ὲκ-

178 2777 313 2804 τοώιιατι.
333 2788 342 2804 ι
361 2783 486 2804 tanuuam
512 2777 591 2804 alicui
618 2778 733 2804 aborlui.
761 2788 770 2804 ι
811 2778 954 2804 auloiufra

178 2777 313 2813 τρώματι,
333 2788 342 2804 ι
361 2777 486 2812 tanquam
512 2777 591 2805 alicui
618 2778 733 2805 aborlui.
761 2788 770 2804 ι
791 2777 872 2805 Paulo
886 2779 954 2804 infra

419 2315 442 2331 "
456 2314 536 2342 Joau.
549 2322 594 2347 xx,
612 2314 656 2341 26.
695 2314 717 2330 ’⁷
732 2315 742 2340 ί
758 2313 819 2341 Cor.
836 2322 880 2347 xv,
894 2315 911 2342 5
931 2323 1008 2351 seqq.
1046 2317 1070 2333 ⁹³
1081 2316 1160 2344 Joau.
1175 2325 1230 2349 xw,
1244 2317 1271 2344 6.
1309 2317 1331 2332 "
1343 2316 1421 2344 Joan.
1436 2323 1472 2348 vr,
1492 2314 1538 2342 56.

1009 2203 1120 2239 ροῦντας
1135 2203 1183 2237 τὴν
1196 2204 1256 2230 τότε
1272 2202 1351 2235 δόξαν
1364 2201 1445 2228 αὑτοῦ
1463 2201 1615 2234 θεωρῆσαιη
1629 2199 1788 2233 δυναμένους

1008 2250 1036 2276 δὲ
1049 2250 1095 2276 καὶ
1106 2251 1168 2281 τοὺς
1177 2249 1306 2284 ὀφθέντας
1316 2250 1345 2275 ὲν
1355 2248 1416 2285 δόξῃ
1422 2247 1536 2282 Μωῦσῆν
1545 2247 1592 2273 καὶ
1609 2246 1706 2272 Ἠλίαν
1717 2254 1789 2272 καταα

1585 2315 1593 2329 ³
1614 2313 1696 2341 Joan.
1720 2322 1745 2346 κ,
1764 2313 1786 2340 9-

1005 2397 1043 2428 ὠς
1058 2398 1087 2423 ἐν
1099 2396 1211 2433 τοιούτῳ
1223 2395 1430 2433 συγγράμματι,
1442 2393 1480 2433 sic
1492 2400 1587 2433 pinues
1600 2400 1668 2433 mss.
1682 2398 1787 2433 excepto

1005 2427 1121 2459 Juliantf
1136 2431 1182 2465 qui
1198 2427 1269 2458 ’θυιιί
1281 2427 1285 2430 “
1296 2427 1372 2456 libris
1389 2430 1470 2456 editis
1491 2429 1582 2460 habet,
1597 2427 1636 2459 ὡς
1660 2428 1690 2453 ὲν
1708 2427 1786 2461 τούτῳ

1006 2467 1211 2502 συγγράμματι.
1268 2500 1272 2502 _
1355 2498 1367 2502 _
1454 2500 1459 2502 _
1489 2498 1495 2502 _
1630 2495 1661 2502 ω

1041 2495 1097 2536 (ἔξῨ)
1114 2495 1184 2535 ’όὺκ
1207 2500 1312 2534 ὁμοίως
1326 2498 1420 2526 πᾶσιν
1442 2495 1700 2536 ρερώιιεςιςος.ωνίιίε
1726 2497 1785 2523 infra

1006 2531 1052 2562 Iih.
1068 2531 1094 2562 tv
1111 2531 1201 2562 contra
1215 2531 1328 2565 Celsum,
1343 2542 1418 2560 num.
1437 2531 1471 2560 15
1484 2531 1511 2559 et
1528 2532 1579 2564 16;
1600 2531 1646 2558 lib.
1665 2539 1702 2562 vt,
1719 2540 1785 2558 titun.

1009 2571 1055 2601 77,
1070 2577 1096 2597 et
1113 2575 1257 2597 tractatum
1273 2569 1308 2596 35
1325 2569 1349 2595 iu
1364 2568 1531 2595 Matthaeuut.

1044 2606 1099 2641 (88)
1115 2606 1191 2631 Libb.
1217 2605 1280 2641 editi
1295 2603 1338 2641 kad
1354 2604 1530 2641 marginem,
1546 2601 1698 2641 ἐγχωροῦν,
1713 2601 1784 2641 male.

1009 2636 1095 2667 Paulo
1117 2644 1177 2674 post
1197 2639 1276 2674 codd.
1293 2638 1394 2673 Regius
1411 2643 1438 2664 et
1461 2636 1635 2667 Basileensis‘.
1649 2638 1712 2674 τοῖς
1724 2636 1786 2674 ⁸ἐφι-

1009 2676 1087 2702 στάσι
1108 2672 1184 2701 διότι.
1211 2673 1295 2700 Paulo
1325 2674 1392 2699 infra
1419 2680 1512 2699 omnes
1537 2680 1614 2704 tnss.,
1640 2672 1680 2703 ὡς
1698 2672 1783 2706 μόνους

1008 2710 1172 2746 χωροῦντας,
1194 2713 1309 2746 excepto
1336 2707 1442 2746 .Ioliauo
1457 2708 1502 2742 qui
1524 2715 1587 2735 cum
1611 2712 1692 2734 antea
1712 2706 1784 2734 editis

1009 2744 1096 2777 habet,
1113 2745 1150 2776 ὡς
1166 2745 1260 2779 μόνους
1274 2744 1456 2778 χωρήσοντας.
