1843 3097
74 120 129 150 901

691 120 830 149 CONTRA
846 117 984 147 CELSUM
1003 116 1065 144 LIB.
1086 116 1117 145 11.

1647 118 1699 146 903

120 179 365 215 Ἀπελογησάμεθα
382 176 427 206 οὖν
441 179 511 207 κατὰ
524 179 555 207 τὸ
569 179 679 206 δυνατὸν
699 181 775 214 ἡμῖν,
788 179 824 210 ὡς
839 181 865 206 ἐν

958 181 998 208 B7.
1014 177 1211 213 Respondimus
1228 175 1310 210 igitur
1329 182 1379 210 pro
1391 174 1511 207 viribus,
1528 179 1556 202 et
1569 179 1697 210 quantum

73 226 192 260 τοιούτῳ
206 226 410 260 συγγράμματι,
429 225 496 261 πρὸς
514 225 544 252 τό
554 234 560 240 ’
577 235 586 251 ι
613 226 720 260 Ἐχρῆν,
734 225 812 260 εἴπερ
827 225 869 251 ὕν-

75 279 134 302 τισς
150 270 267 305 ἐκφῆναι
281 270 356 297 Θείαν
370 270 482 304 δύναμιν
499 271 604 306 ἤθελεν,
622 271 713 302 αὐτοῖς
730 272 786 303 τοῖς
800 271 868 306 ἐπη-

79 315 197 350 ρεάσασι
210 315 257 342 καὶ
269 314 308 350 τῷ
322 315 533 342 καταδικάσαντι
548 317 595 342 καὶ
608 316 676 348 ὅλως
690 317 771 343 πᾶσιν
783 316 869 352 ὀφθῆ-

76 369 141 388 ναι·
160 371 169 386 ι
186 361 236 387 οὐκ
248 361 331 395 ἐχρῆν
348 358 393 387 οὖν
408 360 446 395 τῷ
466 361 674 388 καταδικάσαντι
689 362 769 389 αὐτὸν
787 363 871 398 ὀφθῆ-

76 415 135 437 ναι,
146 407 206 432 οὐδὲ
213 407 268 437 τοῖς
275 406 468 441 ἐπηρεάσασιν·
477 407 597 440 ἐφείδετο
608 407 713 441 γὰρκαὶ
726 408 772 434 τοῦ
785 417 869 435 κατα-

76 451 240 482 δικάσαντος
256 450 368 476 καὶτῶν
386 451 593 486 ἐπηρεασάντων
609 453 623 478 6
647 452 760 487 Ἰησοῦς,
774 453 817 480 ἵνα
832 454 868 489 μὴ

78 496 256 531 παταχθῶσιν
268 497 394 532 ἀορασίᾳ,
406 498 486 533 ὁποίᾳ
497 499 521 524 οἱ
533 498 562 524 ὲν
578 498 704 533 Σοδόμοις
717 499 870 535 ἐπατάχοη-

78 547 141 571 σαν,
154 540 235 574 ἡνίκα
245 541 422 568 ἐπεϐούλευον
433 543 466 576 τῇ
477 542 536 577 ὥρᾳ
545 542 599 569 τῶν
611 543 783 574 ξενισθέντων
796 544 870 579 παρὰ

77 584 117 619 τῷ
131 584 193 610 Λὼτ
213 585 345 619 ἀγγέλων.
360 586 414 613 Καὶ
426 586 505 613 τοῦτο
519 587 547 613 δὲ
561 587 687 623 δηλοῦται
694 588 738 615 διὰ
749 589 851 616 τούτων
860 597 867 604 ·

81 638 91 654 ι
120 629 304 662 Ἐκτείναντες
323 631 351 656 δὲ
375 632 399 657 οἱ
421 631 515 667 ἄνδρες
530 632 578 664 τὰς
597 634 700 669 χεῖρας,
719 635 870 661 ἐσπάσαντο

77 674 126 701 τὸν
143 674 205 700 Λὼτ
223 675 291 710 πρὸς
303 676 415 708 ἑαυτοὺς
435 678 474 708 είς
492 677 537 704 τὸν
553 676 636 710 οἷκον,
658 680 705 706 καὶ
718 680 766 714 τὴν
785 680 869 715 θύραν

79 720 260 747 ἀπέκλεισαν·
281 716 343 753 τους
366 722 393 748 δὲ
414 722 523 758 ἄνδρας,
540 724 602 755 τοὺς
621 725 667 751 ἐπὶ
683 727 715 760 τῇ
738 725 807 761 θύρᾳ
822 726 869 752 τοῦ

78 765 168 797 οἴκου,
186 766 324 798 ἐπάταξαν
341 767 457 802 ἀορασίᾳ
478 768 532 794 ἀπὸ
554 769 651 804 μικροῦ
668 770 720 802 ἕως
740 771 868 806 μεγάλου,

79 812 128 837 καὶ
144 811 336 846 παρελύθησαν
352 812 495 847 ζητοῦντες
520 813 570 848 τὴν
591 814 684 853 βύραν.
703 826 712 842 ι
739 817 869 852 Ἐκφῆναι

79 853 127 881 οὖν
150 855 276 882 ἐϐούλετο
298 856 346 891 τὴν
366 856 479 891 δύναμιν
504 855 601 884 ἑαυτοῦ
627 860 640 886 ὁ
667 860 778 895 Ἰησοῦς,
797 861 871 888 θείαν

79 898 175 932 οὖσαν,
196 901 303 936 ἑκάστῳ
318 902 371 928 τῶν
386 902 542 937 δυναμένων
556 904 639 940 αὐτὴν
653 904 726 937 ἰδεῖν,
740 907 786 932 καὶ
800 906 871 933 κατὰ

78 946 110 972 τὺ
126 947 225 982 μέτρον
238 947 302 974 ίδεῖν
315 947 332 974 ἃ
344 948 451 984 ἐχώρει.
466 949 521 975 Καὶ
534 949 594 975 οὐδέ
611 959 661 976 που
673 951 706 977 δι’
724 951 788 978 ἄλλο
805 953 871 986 ἐφυ-

79 991 180 1023 λάξατο
201 992 344 1028 ὀφθῆναιῆ
365 993 410 1020 διὰ
427 993 475 1026 τὰς
488 995 615 1030 δυνάμεις
629 995 683 1021 τῶν
701 996 737 1031 μὴ
755 997 872 1032 χωρούν-

78 1045 135 1063 των
158 1037 238 1063 αὑτὸν
262 1037 333 1064 ἰδεῖν.
358 1039 414 1065 Καὶ
430 1040 516 1074 μάτην
538 1039 696 1075 παρελήφθη
721 1041 760 1075 τῷ
776 1041 871 1076 Κέλσῳ

79 1081 120 1112 τὸ,
139 1091 148 1106 ι
170 1082 206 1108 Οὐ
220 1081 274 1117 γὰρ
285 1082 316 1118 δὴ
336 1082 375 1109 ἔτι
392 1084 515 1117 ἐφοϐεῖτο
530 1093 589 1110 τινα
602 1085 755 1120 ἀνθρώπων
767 1086 871 1113 ἀποθα-

81 1124 144 1157 νὼν,
161 1126 208 1152 καὶ
220 1126 266 1160 (ὧς
280 1127 369 1161 φατε,)
383 1127 448 1160 Θεὸς
459 1127 510 1154 ὢν·
525 1129 577 1154 οὐδ’
590 1129 636 1155 ἐπὶ
653 1130 724 1156 τοῦτ’
744 1131 870 1166 ἐπέμφθη

81 1170 131 1206 τὴν
153 1171 249 1206 ἀρχὴν,
267 1172 311 1198 ἵνα
329 1172 406 1209 λάθῃ.
429 1183 438 1198 ι
465 1174 605 1209 Ἐπέμφοη
619 1173 673 1209 γὰρ
687 1175 716 1201 οὐ
732 1175 810 1210 μόνον
828 1176 872 1202 ἵνα

81 1217 200 1252 γνωσθῇ,
216 1217 271 1243 ἀλλ’
286 1218 329 1244 ἵνα
342 1219 387 1245 καὶ
399 1219 477 1255 λάθῃ.
490 1220 526 1246 Oti
540 1220 593 1255 γὰρ
607 1221 670 1252 πᾶν,
685 1221 698 1247 ὃ
710 1219 754 1256 ἦν,
771 1222 818 1248 καὶ
830 1219 871 1254 οἷς

81 1263 255 1297 ἐγινώσκετο,
280 1265 452 1297 ἐγινώσκετο,
478 1266 546 1293 άλλά
568 1276 594 1293 τι
618 1267 700 1293 αὐτοῦ
727 1267 870 1295 ἐλάνθανεν

80 1309 179 1341 αὐτούς
191 1318 197 1325 ·
212 1310 267 1350 τισὶ
278 1311 300 1337 δ’
319 1311 373 1338 οὐδ’
387 1311 453 1343 ὅλως
466 1312 638 1346 ἐγινώσκετο.
654 1313 709 1339 Καὶ
727 1313 827 1348 ἀνέῳξε
844 1314 871 1340 δέ

81 1354 170 1387 φωτὸς
184 1355 270 1387 πύλας
281 1357 337 1388 τοῖς
349 1357 502 1391 γενομένοις
516 1358 564 1392 μὲν
582 1358 692 1390 σκότους
709 1358 756 1385 καὶ
776 1359 871 1391 νυκτδς

81 1400 160 1431 υἱοῖς,
180 1400 355 1428 ἐπιδεδωκόσι
371 1401 397 1428 δὲ
414 1403 528 1435 ἑαυτοὺς
547 1405 585 1435 είς
605 1403 634 1430 τὺ
654 1404 778 1438 γενέσθαι
797 1405 871 1437 υἱοὺς

82 1446 186 1480 ἡμέρας
204 1447 251 1472 καὶ
273 1447 372 1480 φωτός.
392 1447 446 1474 Καὶ
465 1446 530 1483 ἦλθε
544 1449 638 1484 Σωτὴρ
656 1449 670 1475 ό
691 1448 792 1484 Κύριος
806 1450 872 1484 ἡμῖν

83 1490 193 1541 μὲζλλον,
211 1490 248 1541 ως
267 1492 358 1528 ἰατρὸς
373 1493 483 1527 ἀγαθὸς,
507 1495 564 1526 τοῖς
576 1494 716 1530 ἁμαρτιῶν
736 1494 870 1531 μεστοίςῆ
885 1513 906 1541 C

81 1537 137 1567 τοῖς
150 1536 276 1568 δικαίοις.

119 1669 236 1704 ’ἴδωμεν
255 1669 284 1696 δὲ
299 1669 361 1697 τίνα
378 1670 476 1706 τρόπον
492 1670 573 1706 φησὶν
591 1672 606 1698 6
625 1671 698 1707 παρὰ
715 1672 754 1708 τῷ
773 1673 869 1708 Κὲλσῳ

86 1715 224 1747 Ἰουδαῖος,
237 1716 288 1747 ὅτι,
306 1725 315 1741 ι
336 1716 367 1742 Et
378 1716 400 1742 δ’
413 1715 458 1744 οὖν
468 1718 499 1743 τό
511 1725 542 1752 γε
555 1717 679 1745 τοσοῦτον
691 1718 805 1753 ὤφειλεν
813 1718 868 1756 (98)

79 1761 120 1792 εἰς
137 1761 268 1794 ἐπίδειξιν
283 1761 417 1797 θεότητος,
436 1763 489 1789 ἀπὸ
505 1763 551 1790 τοῦ
569 1764 698 1797 σκόλοπος
712 1765 776 1800 γοῦν
789 1767 870 1798 εὐθὺς

78 1805 187 1840 ἀφανὴς
198 1805 334 1840 γενέσθαι.
357 1817 367 1832 ι
381 1807 436 1833 Καὶ
454 1808 531 1834 τοῦτο
542 1808 569 1835 δὲ
582 1809 655 1836 δοκεῖ
667 1819 711 1845 μοι
725 1811 816 1846 ὅμοιον
830 1809 869 1837 εἷ-

79 1860 126 1877 ναι
144 1851 183 1886 τῷ
206 1851 277 1887 λόγῳ
293 1852 347 1879 τῶν
361 1853 614 1881 ἀντιδιατασσὸντων
629 1857 660 1891 τῇ
678 1856 804 1892 Προνοίᾳ,
822 1857 869 1884 καὶ

78 1896 286 1931 διαγραφόντων
296 1897 401 1929 ἑαυτοῖς
413 1897 493 1932 ἔτερα
505 1898 580 1934 παρὰ
592 1899 626 1926 τὰ
636 1900 709 1932 ὅντα,
722 1902 768 1927 καὶ
776 1901 868 1936 λεγόν-

78 1950 145 1972 των,
160 1942 201 1967 ὅτι
219 1941 322 1976 βέλτιον
335 1940 368 1978 ἦν
383 1944 406 1969 εί
419 1943 504 1976 οὕτως
519 1942 591 1979 εἶχεν
604 1946 618 1971 6
637 1946 748 1982 κόσμος,
765 1947 802 1979 ὡς
814 1948 868 1975 διε-

77 1986 237 2022 γράψαμεν.
266 1988 352 2014 Ὅπου
381 1988 429 2023 μὲν
456 1988 510 2025 γὰρ
540 1990 640 2017 δυνατὰ
665 1991 868 2027 διαγράφουσιν,

78 2031 237 2066 ἐλέγχονται
250 2031 358 2066 χείρονα
370 2031 517 2063 ποιοῦντες,
530 2033 560 2059 τὸ
572 2033 632 2061 ὅσον
644 2034 685 2069 ἐφ’
697 2036 812 2067 ἑαυτοῖς,
823 2036 870 2062 καὶ

78 2078 113 2112 τῇ
127 2077 264 2113 διαγραφῇ
280 2078 378 2110 αὐτῶν,
392 2079 437 2105 τὸν
454 2080 554 2115 κόσμον
563 2089 570 2095 ·
584 2081 650 2107 ὅπου
664 2081 692 2107 δὲ
705 2081 812 2108 δοκοῦσι
832 2083 869 2118 μὴ

79 2124 192 2158 χείρονα
207 2123 412 2159 ἀναζωγραφείν
431 2124 484 2152 τῶν
502 2125 595 2158 ὄντων,
615 2127 820 2154 ἀποδείκνυνται
835 2128 870 2155 τὰ

921 226 1000 259 hujus
1015 223 1120 260 generis
1132 229 1200 256 opus
1217 221 1400 256 permittebat,
1418 221 1450 247 ad
1468 220 1539 248 ista:
1558 230 1567 246 ι
1582 220 1610 248 Si
1622 228 1698 248 suam

920 271 1038 298 divinam
1055 269 1203 303 potentiam
1231 273 1294 293 vere
1318 266 1488 292 innotescere
1511 265 1616 298 voluit,
1642 267 1700 292 suis

921 316 1015 350 utique
1028 313 1191 341 adversariis
1201 332 1208 343 ,
1231 311 1390 344 suo‘judici.
1406 311 1515 338 omnino
1530 311 1656 338 munibus
1670 319 1700 338 se

920 362 1076 388 ostenderet
1090 359 1219 394 oportuit.
1238 367 1247 383 I
1266 356 1319 383 Nec
1334 357 1404 384 enim
1422 357 1457 383 illi
1471 357 1514 390 qui
1530 357 1616 391 ipsum
1633 364 1700 390 con:

920 407 1095 434 demnaverat
1111 425 1118 435 ,
1144 411 1194 430 nec
1206 402 1261 429 suis
1283 402 1447 429 adversariis
1467 403 1586 436 oportuit
1612 408 1642 429 ul.
1667 411 1697 430 se

920 452 1168 481 commonstraret;
1192 447 1230 475 illi
1249 447 1322 474 enim
1344 451 1371 473 et
1396 446 1455 473 istis
1470 447 1589 480 pepercit
1602 446 1699 480 Iesus,

920 501 949 523 ut
970 503 1005 522 ne
1019 498 1225 529 percuterentnr
1246 492 1386 524 cmcitate,
1407 499 1459 525 qua
1480 490 1624 519 Sodomita:
1640 500 1701 526 pcr«

920 542 991 570 cussi
1011 542 1133 572 fuerunt,
1150 547 1212 566 cum
1239 537 1396 572 angelorum
1414 537 1485 570 apud
1500 536 1548 563 Lot
1565 537 1701 571 hospitan-

922 588 985 614 tium
998 585 1192 621 pulchritudini
1205 586 1362 610 struxerunt
1374 582 1498 610 insidias.
1511 582 1586 615 Quod
1600 583 1700 609 factum

920 633 963 660 his
977 632 1067 659 verbis
1081 630 1251 658 declaratur:
1271 628 1466 655 «Extendentcs
1479 633 1568 654 autem
1581 628 1630 654 viri
1645 636 1701 654 ma-

923 685 974 704 nus
986 697 994 709 ,
1012 678 1154 704 traxerunt
1177 674 1228 701 Lot
1251 673 1284 700 ad
1308 680 1337 699 se
1354 672 1379 698 in
1406 673 1534 703 domum,
1550 676 1575 698 et
1591 671 1701 706 januam

921 723 1016 749 domus
1040 720 1221 748 occluserunt.
1250 717 1328 744 Viros
1351 722 1439 744 autem
1467 717 1512 752 qui
1532 717 1565 743 ad
1590 716 1702 749 januam

920 768 1017 795 domus
1032 770 1119 797 erant,
1133 768 1326 798 percusserunt
1337 763 1459 790 caecitate
1472 770 1486 788 a
1500 770 1581 796 parvo
1596 762 1629 788 ad
1646 770 1702 788 ma-

921 821 1002 848 gnum
1016 833 1024 845 ,
1051 817 1076 839 et
1098 812 1194 843 defecti
1219 811 1321 838 viribus
1338 809 1495 844 qtuerebant
1511 809 1622 843 januam
1642 808 1674 834 ".
1689 817 1700 834 ι

888 851 908 877 Β
923 858 1005 885 Suam
1024 858 1106 893 igitur
1120 857 1238 884 divinam
1255 860 1416 891 potestatem
1431 855 1600 881 innotescere
1618 854 1703 881 voluit

922 903 1067 937 unicuique
1079 910 1184 934 eormn,
1196 909 1310 936 quorum
1322 902 1394 928 vires
1407 909 1466 927 eam
1481 900 1552 927 ferre
1567 903 1702 933 poterant,

921 953 948 975 et
969 953 1099 981 quantum
1116 955 1163 981 per
1179 947 1239 973 illas
1257 947 1328 973 vires
1346 946 1452 974 licebat.
1470 945 1524 972 Nec
1540 945 1591 971 alia
1609 952 1703 977 causa,

922 993 987 1027 quin
1012 999 1042 1019 se
1060 996 1221 1019 monstraret
1233 1011 1241 1022 ,
1258 991 1398 1022 abstinuit,
1417 998 1498 1025 quam
1517 991 1587 1024 quod
1606 990 1703 1017 viritnn

921 1038 973 1065 sibi
999 1037 1112 1064 videndo
1129 1037 1272 1071 imparium
1290 1037 1422 1063 rationem
1448 1035 1571 1062 haberet.
1588 1035 1702 1062 Frustra

921 1089 984 1116 ergo
998 1082 1038 1108 sic
1052 1081 1144 1109 Celsus
1160 1081 1278 1114 excipit:
1296 1089 1306 1105 ι
1320 1080 1374 1108 Nec
1391 1081 1463 1107 enim
1480 1079 1594 1114 amplius
1608 1087 1703 1113 quem-

921 1125 992 1161 piam
1010 1126 1148 1152 hominum
1167 1125 1376 1156 reformidabat,
1396 1133 1456 1152 cum
1475 1129 1502 1152 et
1518 1131 1632 1152 mortem
1646 1125 1703 1159 jam

921 1171 1049 1203 obiisset,
1064 1176 1101 1203 et,
1115 1175 1143 1198 ut
1160 1171 1251 1198 dicitis
1261 1191 1269 1204 ,
1283 1171 1353 1198 Deus
1367 1175 1438 1198 esset
1451 1179 1458 1198 :
1475 1177 1524 1197 nec
1538 1177 1571 1197 eo
1587 1170 1701 1197 consilio

921 1217 1038 1252 primum
1064 1217 1162 1244 missus
1185 1217 1284 1250 fuerat,
1302 1222 1330 1244 ut
1352 1217 1435 1252 438
1458 1216 1564 1243 lateret.
1581 1225 1590 1242 ι
1608 1215 1703 1243 Missus

922 1265 962 1287 est
979 1261 1063 1294 enim,
1079 1268 1132 1288 non
1150 1266 1255 1288 tantum
1274 1267 1301 1289 ut
1318 1267 1543 1296 cognosceretur,
1559 1262 1605 1289 sed
1621 1262 1703 1289 etiam

922 1310 952 1332 ut
965 1305 1070 1333 lateret.
1085 1305 1152 1332 Nam
1169 1313 1218 1333 nec
1238 1306 1271 1332 iis
1287 1306 1393 1340 quidem
1408 1306 1453 1340 qui
1472 1305 1546 1332 illum
1559 1313 1703 1341 cognosce-

922 1351 1008 1382 bant,
1027 1355 1121 1377 notum
1142 1355 1199 1378 erat
1217 1355 1300 1378 totum
1317 1352 1388 1385 quod
1404 1356 1463 1378 erat
1479 1360 1485 1384 ;
1505 1352 1551 1378 sed
1565 1352 1628 1386 quid
1645 1352 1704 1386 ejus

923 1395 984 1422 illos
1001 1395 1136 1430 fugiebat:
1159 1395 1320 1430 quihusdam
1345 1401 1434 1424 autem
1452 1404 1564 1431 prorsus
1583 1397 1703 1432 incogni-

923 1445 968 1468 tus
985 1440 1044 1468 fuit.
1062 1441 1118 1468 lllis
1133 1449 1197 1469 vero
1215 1446 1308 1475 portas
1321 1441 1390 1469 lucis
1403 1443 1524 1476 aperuit,
1540 1442 1585 1477 qui
1599 1442 1648 1469 ﬁlii
1664 1447 1704 1470 te-

924 1488 1071 1514 nebrarum
1086 1492 1113 1514 et
1129 1488 1219 1515 noctis
1235 1488 1291 1515 nati
1311 1488 1445 1516 dederunt
1460 1496 1567 1522 operam
1581 1508 1589 1522 ,
1608 1494 1637 1515 ut
1651 1489 1704 1516 diei

922 1538 950 1561 et
962 1533 1032 1561 lucis
1046 1533 1091 1560 lilii
1109 1533 1214 1560 ﬁerent.
1232 1533 1265 1560 Et
1280 1533 1402 1561 Salvator
1418 1533 1560 1567 Dominus,
1574 1538 1602 1560 ut
1617 1535 1704 1561 bonus

921 1579 1044 1606 medicus
1061 1579 1151 1612 potius
1164 1579 1238 1606 venit
1252 1579 1285 1606 ad
1302 1587 1351 1607 nos
1367 1579 1489 1614 peccatis
1501 1579 1604 1614 plenos,
1620 1587 1702 1615 quam

921 1624 954 1651 ad
965 1624 1055 1658 justos
1068 1625 1101 1652 ¹⁶.

958 1670 1002 1697 68.
1020 1669 1079 1698 1am
1094 1671 1234 1699 videamus
1250 1678 1370 1706 quaenam
1387 1671 1452 1703 sint,
1468 1679 1528 1706 quae
1544 1676 1640 1706 postea
1657 1672 1719 1700 ιῐιιο,

921 1715 994 1743 datus
1017 1716 1088 1751 apud
1103 1716 1210 1743 Celsum
1236 1717 1329 1745 dicat:
1356 1727 1366 1743 ‹
1383 1717 1459 1750 Quod
1481 1717 1503 1744 si
1530 1718 1581 1745 hoc
1595 1719 1681 1752 ipsum
1695 1738 1704 1751 ,

921 1761 1029 1795 inquit,
1048 1761 1211 1789 conduceret
1235 1762 1293 1797 ejus
1318 1763 1453 1789 divinitati
1477 1763 1703 1797 comprobandae,

921 1807 1012 1834 subito
1028 1814 1044 1834 e
1069 1814 1151 1834 cruce
1175 1815 1337 1834 evanescere
1353 1808 1454 1835 debuit.
1471 1818 1480 1834 ι
1498 1808 1525 1835 ld
1547 1814 1622 1836 certe
1637 1810 1703 1836 mihi

920 1852 1007 1880 simile
1032 1853 1141 1879 videtur
1165 1854 1282 1880 sermoni
1310 1861 1425 1887 eorum,
1452 1854 1498 1888 qui
1526 1855 1703 1888 providentia:

920 1897 1022 1930 hostes,
1036 1903 1063 1925 et
1076 1898 1167 1931 rebus,
1180 1903 1208 1925 ut
1223 1899 1340 1926 conditae
1354 1903 1427 1931 sunt,
1444 1900 1556 1927 minime
1569 1901 1702 1930 contenti,

920 1942 987 1969 alias
999 1943 1166 1974 describunt,
1181 1942 1347 1977 dicuntque:
1367 1949 1468 1978 quanto
1482 1945 1576 1972 tneli0r
1589 1945 1704 1972 mundus

920 1993 1003 2020 esset,
1019 1988 1041 2015 si
1058 1988 1092 2015 ita
1106 1988 1227 2021 haberet,
1242 1993 1269 2015 ut
1284 1989 1491 2024 descripsimus!
1507 1989 1582 2017 Unde
1592 1990 1703 2023 accidit,

920 2038 965 2064 ut,
980 2033 1002 2060 si
1027 2033 1184 2060 describant
1208 2042 1267 2070 quae
1296 2034 1353 2061 ﬁeri
1380 2039 1504 2069 possunt,
1523 2035 1702 2070 deteriorem,

920 2083 1050 2110 quantum
1071 2080 1098 2106 in
1118 2087 1148 2106 se
1164 2079 1236 2113 fuit,
1251 2088 1298 2107 sua
1312 2081 1495 2115 descriptione
1512 2081 1609 2109 fecisse
1624 2091 1702 2109 mlln-

920 2124 982 2151 dum
997 2129 1165 2158 arguantur;
1177 2124 1218 2151 sin
1235 2129 1326 2151 autem
1341 2125 1446 2159 pejora,
1459 2132 1539 2159 quam
1555 2132 1613 2160 qua:
1628 2129 1702 2159 sunt,

79 2169 114 2203 τῇ
131 2168 211 2202 φύσει
228 2168 346 2196 ἀδύνατα
360 2169 529 2206 βουλόμενοι·
545 2171 582 2204 ὡς
603 2173 739 2208 ἑκατέρως
753 2174 807 2208 (99)
821 2175 865 2200 αὑ-

961 2178 976 2197 η
1003 2170 1156 2198 dclineasse
1181 2170 1346 2204 videantur,
1365 2171 1512 2198 ostendunt
1538 2178 1567 2198 se
1587 2171 1704 2199 voluisse

79 2214 145 2245 τοὺς
163 2214 377 2248 καταγελάστους
393 2214 471 2242 εἶναι.
487 2217 541 2243 Καὶ
558 2217 649 2244 ἐνθάδε
666 2218 754 2245 τοίνυν
766 2219 806 2245 ὃτι
821 2219 869 2254 μὲν

80 2259 133 2285 οὐκ
145 2259 275 2287 ἀδύνατον
289 2260 373 2295 ἥξειν,
389 2262 426 2293 ὡς
438 2262 465 2288 ἐν
483 2263 515 2297 τῇ
529 2262 651 2298 θειοτέρᾳ
666 2264 754 2298 φύσει,
774 2265 807 2290 't'v'
825 2265 869 2292 ὅτε

82 2304 211 2339 βούληται
224 2306 329 2341 ἀφανὴς
341 2306 461 2342 γένηται,
477 2307 524 2333 καὶ
536 2307 646 2334 αὐτόθεν
660 2308 707 2342 μὲν
720 2309 807 2344 δῆλον,
823 2319 870 2338 σα-

82 2349 134 2383 φὲς
155 2349 183 2376 δὲ
206 2351 253 2377 καὶ
277 2352 308 2377 ἐκ
330 2352 383 2378 τῶν
399 2353 598 2388 γεγραμμένων
620 2355 684 2389 περὶ
704 2355 796 2388 αὑτοῦ,
813 2358 870 2388 τοῖς

83 2395 121 2429 μή
145 2403 206 2421 τινα
235 2396 284 2430 μὲν
304 2396 358 2423 τῶν
384 2398 581 2433 γεγραμμένων
606 2400 802 2434 προσιεμένοις,
827 2401 870 2427 ἵνα

81 2441 292 2475 κατηγορήσωσι
304 2441 350 2468 τοῦ
367 2442 456 2477 λόγου,
467 2443 527 2469 τινὰ
543 2443 571 2469 δὲ
583 2444 728 2479 πλάσματα
739 2445 870 2481 οἰομένοις

80 2483 237 2518 τυγχάνειν.
260 2485 417 2520 Γέγραπται
436 2487 464 2513 δέ
484 2487 512 2512 ἐν
535 2487 574 2521 τῷ
597 2487 668 2514 κατὰ
687 2489 803 2521 Λουκᾶν,
829 2491 869 2517 ὅτι

83 2529 155 2564 μετὰ
171 2530 220 2565 τὴν
240 2531 387 2558 ἀνάστασιν
406 2532 495 2558 λαϐὼν
511 2533 557 2559 τὸν
576 2533 656 2569 άρτον
673 2535 687 2560 6
708 2534 809 2569 Ἰησοῦς
828 2537 871 2562 εὑ-

81 2574 193 2610 λόγησε,
221 2575 268 2602 καὶ
294 2576 395 2607 κλάσας
421 2576 541 2603 ἐπεδίδου
564 2577 602 2612 τῷ
625 2578 728 2613 Σίμωνι
757 2579 804 2606 καὶ
830 2579 869 2614 τῷ

81 2620 194 2656 Κλεόπᾳ.
203 2628 210 2635 ·
228 2621 362 2648 λαϐόντων
375 2622 397 2648 δ’
411 2621 500 2648 αὐτῶν
512 2622 557 2648 τὸν
576 2623 667 2658 ἄρτον,
681 2623 869 2660 διηνοίχθησαν

120 2685 143 2701 ¹⁸
161 2685 229 2712 Gen.
243 2694 300 2719 xIx,
314 2687 357 2714 Η.

119 2753 178 2788 (98)
195 2753 267 2790 Libri
293 2755 416 2790 impressi
442 2755 474 2790 ad
502 2755 660 2790 marginem,
679 2754 790 2790 ὤφελεν.
808 2757 864 2784 lbi-

83 2790 230 2826 den_t_pqst
244 2789 351 2826 ἀφανὴς
366 2789 501 2826 γενέσθαι,
514 2789 725 2817 subaudiendum
738 2790 862 2826 ὤφειλεν.

120 2823 177 2858 (99)
196 2823 368 2857 Ἐκατέρὼς,
385 2825 430 2852 Sic
445 2832 538 2853 omnes
551 2833 616 2853 mss.
629 2831 655 2853 et
671 2830 712 2853 est
731 2823 795 2854 vera
814 2828 863 2854 Int-

922 2223 981 2249 qua:
995 2220 1098 2243 natura:
1113 2222 1260 2252 repugnent
1276 2226 1283 2245 :
1302 2217 1339 2244 ita
1357 2221 1387 2243 ut
1402 2217 1528 2252 utrinque
1546 2217 1704 2251 perridiculi

923 2261 986 2288 sint.
1012 2260 1062 2288 Hic
1088 2261 1179 2296 itaque
1198 2262 1320 2289 accidere
1343 2262 1464 2296 potuisse
1478 2284 1484 2295 ,
1502 2267 1529 2289 ut
1543 2261 1622 2289 Jesus
1636 2282 1644 2295 ,
1657 2263 1703 2296 qui

923 2311 1018 2333 natura
1038 2307 1108 2334 Dens
1121 2311 1181 2334 erat
1195 2327 1203 2339 ,
1219 2308 1325 2341 quando
1341 2307 1438 2340 vellet,
1453 2312 1640 2340 evanesceret,
1660 2316 1704 2336 res

922 2360 971 2388 per
988 2359 1017 2380 se
1032 2352 1141 2386 quidem
1155 2358 1244 2387 patet:
1262 2353 1308 2381 sed
1323 2361 1356 2380 ex
1372 2353 1405 2380 iis
1419 2361 1480 2388 qua:
1493 2354 1526 2380 de
1540 2353 1586 2380 illo
1599 2353 1702 2387 scripta

920 2403 984 2425 sunt
996 2404 1089 2433 aperte
1104 2399 1239 2435 colligitur
1250 2421 1257 2432 ,
1274 2400 1371 2427 saltem
1385 2400 1418 2427 ab
1434 2400 1478 2432 iis,
1494 2400 1540 2435 qui
1557 2407 1610 2427 non
1626 2407 1702 2434 quaa-

921 2443 982 2470 dam
994 2452 1009 2471 e
1020 2444 1169 2479 Scripturis
1184 2446 1318 2480 recipiunt
1328 2449 1358 2472 ut
1371 2446 1521 2473 doctrinam
1534 2446 1704 2473 calumnien-

923 2495 966 2515 tur
979 2509 986 2521 ,
1001 2497 1100 2517 (cetera
1118 2498 1183 2519 vero
1195 2491 1320 2526 ﬁgmenta
1334 2499 1394 2519 esse
1407 2491 1573 2518 existimant.
1590 2490 1656 2518 Nam
1674 2493 1702 2518 tn

922 2534 1067 2569 Evangelio
1081 2537 1229 2563 secundum
1252 2537 1352 2564 Lucam
1370 2537 1499 2571 scriptum
1524 2541 1566 2563 est
1578 2535 1611 2568 ¹⁷,
1628 2536 1702 2563 illum

923 2585 983 2615 post
998 2588 1073 2608 suam
1091 2583 1316 2610 resurrectionem
1331 2583 1469 2616 accepisse
1483 2588 1578 2616 panem
1592 2600 1600 2613 ,
1616 2581 1699 2608 bene-

922 2626 1040 2661 dixisse,
1055 2631 1081 2655 et
1099 2628 1215 2656 fractum
1233 2629 1387 2664 porrexisse
1405 2628 1508 2656 Simoni
1523 2632 1551 2656 et
1572 2627 1702 2662 Cleopae;

396 2687 418 2702 "
433 2687 496 2715 an.
508 2695 565 2720 xix,
582 2688 625 2716 10.
666 2689 686 2704 ’⁷
704 2689 768 2716 Luc.
782 2698 856 2723 xxtv,
871 2690 915 2718 50.

913 2759 958 2793 jus
978 2758 1233 2797 lociAleActio._Libl_i_.
1256 2759 1396 2797 impressi,
1419 2760 1573 2797 ἑκατέρους.
1599 2759 1700 2788 Ibidem

916 2801 992 2827 mss.,
1007 2793 1098 2822 ἐνθάδε
1111 2794 1200 2822 τοίνυν
1214 2794 1254 2821 ὅτι
1271 2793 1319 2828 μὲν
1333 2795 1393 2822 οὐκ.
