1843 3097
162 116 215 143 905

881 103 1043 141 ORIGENiS
1739 117 1785 144 eos

163 174 282 206 illorum,
299 177 409 207 accepto
423 179 504 207 pane,
522 175 628 206 apertos
648 171 744 199 oculos
762 171 855 205 fuisse,
867 177 894 200 et
910 172 924 199 il

1022 171 1082 198 »τῶν
1099 172 1123 198 οἱ
1138 171 1281 207 ὀφθαλμοὶ,
1297 173 1343 199 καὶ
1362 173 1518 207 ἐπέγνωσαν
1538 172 1634 203 αὐτὸν,
1649 172 1699 198 καὶ
1714 173 1786 204 αὺτὲις

164 219 217 245 lum
236 224 376 252 postquam
391 217 425 244 ab
440 217 492 244 illis
505 217 629 250 cognitus
640 220 690 249 est,
704 217 856 244 evatmisse.

197 264 242 292 69.
256 264 374 290 Probare
393 268 485 289 autem
504 262 630 288 volumus
646 269 697 288 non
715 262 805 288 utilius
825 263 943 288 l'uturnm

163 309 247 337 fuisse
268 310 300 335 avl
318 309 474 335 universam
497 307 725 341 dispensationem
739 327 746 339 ,
770 308 792 334 si
818 308 907 334 subito
929 315 944 334 e

162 363 244 381 cruce
270 362 369 388 corpus
382 355 440 388 ejus
461 354 627 380 evanuisset.
642 353 705 386 Qum
717 352 780 380 Iesu
798 354 944 387 contigisse

161 402 326 432 scribuntur,
342 408 374 427 ex
392 401 471 426 nudis
487 400 586 427 litteris
600 400 711 434 solaque
726 400 837 426 historia
852 401 942 426 consi-

161 445 279 473 deranda
299 453 350 471 non
367 449 439 476 sunt,
457 444 534 478 quasi
552 449 606 470 tota
626 444 651 470 in
670 445 703 470 iis
721 444 823 470 veritas
851 444 943 471 consi-

161 495 255 517 steret.
268 490 336 516 Nihil
349 489 420 516 enim
433 496 525 516 eorum
536 494 586 519 est,
598 489 668 524 quod
682 489 794 516 alterius
803 489 941 521 cujusdam

161 535 198 562 rei
214 536 318 569 signum
333 543 391 562 esse
408 542 460 561 non
480 535 695 562 animadvertant
712 535 741 567 ii,
758 536 801 569 qui
816 535 942 569 Scriptu-

161 588 205 607 ras
221 582 379 615 prudentius
402 581 503 614 legunt.
526 580 619 615 Itaque
637 582 707 615 quod
728 581 772 608 ille
795 581 941 609 crucifixus

161 631 203 654 est
218 646 225 658 ,
243 627 268 653 id
287 627 429 653 veritatem
445 627 525 653 habet
539 627 565 653 in
584 627 625 654 his
641 636 647 654 τ
669 636 677 652 ι
695 627 804 654 Christo
821 628 943 655 conﬁxus

161 680 219 698 sum
233 673 323 705 cruci;
345 681 354 698 ι
365 677 391 699 et
408 672 432 698 in
445 672 609 699 istisuMibi
626 676 715 699 autem
729 672 798 699 absit
815 673 923 707 gloriari
934 693 941 705 ,

161 718 214 745 nisi
237 718 264 744 in
282 725 363 745 cruce
385 717 487 744 Domini
505 718 555 745 mei
577 717 640 745 Jesu
663 718 762 746 Christi
776 739 784 752 ,
800 726 849 753 per
863 727 941 753 quem

161 764 227 790 mihi
244 764 360 790 mundus
375 763 520 790 crucilixus
542 768 583 791 est
606 769 632 791 et
654 772 704 798 ego
719 765 867 798 mundo”;
887 775 895 791 ι
915 771 943 792 et

161 817 234 836 mors
256 809 313 842 ejus
336 809 489 835 necessaria
516 809 567 835 fuit
592 814 702 844 propter
726 811 813 837 illud:
839 820 848 836 ι
866 811 941 844 Quod

161 854 231 880 enim
245 859 366 880 morluus
380 859 420 880 est
437 860 559 889 peccato,
578 862 700 882 mortuus
714 861 755 882 est
773 857 853 883 semel
869 857 888 872 ¹⁹
904 866 911 888 ;
930 866 938 882 ι

161 899 222 925 item
233 903 260 924 ul
269 899 337 925 idem
348 899 460 930 diceret,
472 907 515 926 tse
527 900 723 934 conﬁguratutn
736 901 815 926 morti
825 899 938 933 ejus'°,r

159 951 186 972 ct
215 946 302 971 istud:
323 954 331 970 ι
352 944 416 971 Natu
434 945 455 971 si
473 946 636 972 commortui
652 953 757 977 sumus,
773 950 799 972 et
815 946 942 972 convive‘

160 997 218 1016 mus
230 991 261 1015 “.
279 1000 287 1016 ι
305 990 349 1016 Sic
365 995 391 1016 et
407 991 465 1023 ejus
481 990 618 1024 sepultura
635 991 834 1017 accommodari
851 995 942 1025 potest

158 1035 240 1071 439
251 1036 282 1062 ad
291 1043 347 1067 eos,
359 1036 403 1070 qui
417 1036 496 1062 morti
512 1036 570 1069 ejus
585 1036 706 1063 confortn
718 1045 737 1062 ις.
752 1036 854 1063 conﬁxi
879 1041 942 1063 sunt.

160 1090 219 1107 cum
231 1081 275 1107 illo
289 1081 377 1112 cruci.
391 1087 418 1108 et
433 1089 493 1108 cum
507 1082 553 1109 illo
570 1083 667 1109 mortui
682 1087 754 1109 sunt.
767 1081 795 1111 ld
811 1090 859 1109 nos
873 1082 942 1109 Pau-

159 1126 202 1153 lus
217 1127 294 1153 docet
310 1126 351 1153 his
364 1127 474 1153 verbis:
490 1136 499 1152 ι
513 1127 667 1161 Consepulti
682 1128 753 1154 enim
770 1135 864 1153 sumus
880 1135 940 1154 cum

161 1171 207 1198 illo
222 1179 270 1206 per
289 1171 462 1205 baptismum,
480 1175 505 1199 et
525 1179 584 1198 cum
607 1173 652 1199 illo
668 1173 864 1199 resurrexintus
876 1173 909 1199 ".
930 1181 938 1196 ι

161 1217 214 1244 Sed
231 1225 272 1250 ea,
291 1225 350 1252 qua:
368 1219 399 1245 de
411 1218 561 1252 sepultura,
577 1219 609 1245 de
621 1219 747 1252 sepulcro
762 1223 790 1245 et
802 1218 835 1245 de
851 1226 883 1245 eo
896 1217 940 1253 qui

160 1263 292 1298 sepelivit,
309 1264 408 1297 scripta
424 1268 496 1295 sunt,
525 1264 609 1291 fusius
625 1264 688 1290 alibi
710 1264 941 1298 opportuniusque

159 1309 319 1340 edisseram,
342 1310 385 1335 ubi
410 1309 444 1335 de
463 1309 515 1336 illis
534 1310 594 1335 data
617 1317 699 1344 opera
722 1309 854 1343 agendum
876 1310 939 1335 erit.

160 1354 236 1381 Nunc
247 1355 313 1381 satis
327 1355 408 1381 fuerit
419 1355 594 1382 considerare
605 1357 668 1389 quid
682 1356 732 1382 sibi
748 1355 833 1382 velint
844 1355 939 1382 sittdon

160 1402 267 1432 tutnnla,
286 1410 337 1435 qua
355 1410 452 1436 purum
469 1402 531 1429 Jcsu
550 1409 649 1436 corpus
664 1401 763 1428 involvi
788 1402 940 1435 oportebat,

159 1452 186 1472 ct
199 1452 405 1473 monumentum
425 1454 521 1473 novum
531 1447 557 1473 in
575 1453 650 1481 petra
664 1447 785 1473 excisum
799 1455 814 1472 a
829 1445 939 1480 Ioseph,

995 216 1112 250 ἄφαντος
1124 217 1235 250 ἐγένετο
1253 217 1300 243 ἀπ’
1321 217 1420 244 αὐτῶν.

1029 261 1147 296 Θέλομεν
1163 261 1192 287 δὲ
1211 262 1395 296 παραστῆσαι,
1410 262 1468 293 πῶς
1480 262 1511 288 οὐ
1529 261 1743 297 χρησιμώτερον
1757 260 1785 296 ἦν

995 304 1062 339 πρὸς
1074 305 1122 340 τὴν
1138 306 1294 340 οἰκονομίαν
1307 306 1371 341 ὅλην
1383 307 1413 333 τὸ
1429 306 1508 338 εὐθὺς
1521 307 1575 333 ἀπὸ
1594 306 1644 332 τοῦ
1659 306 1786 337 σκόλοπος

994 352 1074 379 αὑτὸν
1093 353 1183 387 ἀφανῆ
1203 353 1327 386 γενέσθαι
1346 353 1518 388 σωματικῶς.
1534 353 1575 380 Τά
1586 353 1786 388 συμϐεϐηκέναι

994 399 1225 433 ἀναγεγραμμένα
1243 398 1282 434 τῷ
1308 398 1394 434 Ἰησοῦ
1410 399 1459 425 οὐκ
1477 401 1506 425 ὲν
1520 399 1585 434 ψιλῇ
1601 401 1635 434 τῇ
1654 399 1728 430 λέξει
1745 400 1787 425 καὶ

993 446 1025 479 τῇ
1052 445 1156 480 ἱστορίᾳ.
1174 445 1223 479 τὴν
1247 445 1336 471 πᾶσαν
1356 445 1412 479 ἔχει
1434 445 1551 479 θεωρίαν
1571 445 1624 479 τῆς
1649 444 1785 478 ἀληθείας.

995 490 1130 516 Ἔκαστον
1151 490 1204 525 γὰρ
1227 490 1315 516 αὐτῶν
1339 491 1385 517 καὶ
1406 491 1541 525 σύμϐολόν
1561 499 1639 521 τινος
1657 488 1729 516 εἶναι
1754 491 1786 525 (ί)

994 535 1069 570 παρὰ
1083 537 1137 567 τοῖς
1152 535 1333 571 συνετώτερον
1348 536 1539 570 ἐντυγχάνουσι
1555 537 1589 570 τῇ
1606 535 1709 571 Γραφῇ
1725 536 1788 561 ἀπο-

992 582 1138 608 δείκνυται.
1154 582 1257 617 Ὦσπερ
1271 579 1317 608 οὖν
1327 582 1357 607 τὸ
1372 581 1559 616 σταυρωθῆναι
1569 581 1657 607 αὑτὸν
1674 581 1732 615 ἔχει
1745 582 1787 616 τὴν

993 628 1159 663 δηλουμένην
1178 628 1305 664 ἀλήοειαν
1323 629 1351 654 ὲν
1367 627 1416 663 τῷ,
1441 638 1449 652 ι
1470 627 1581 663 Χριστῷ
1597 627 1786 662 συνεσταύρω-

995 682 1059 709 μαι·
1081 683 1089 699 ι
1110 674 1156 700 καὶ¹
1172 674 1217 700 τοῦ
1235 674 1433 709 σημαινομένου
1450 673 1487 707 (2)
1504 673 1535 699 ἐκ
1549 672 1610 704 τοῦ,
1628 682 1638 698 ι
1666 673 1744 706 Ἐμοὶ
1762 673 1787 698 δὲ

996 719 1031 754 μὴ
1051 719 1156 754 γένοιτο
1171 718 1322 754 καυχᾶσθαι
1338 719 1360 744 εί
1377 718 1413 753 μὴ
1428 719 1455 744 ὲν
1476 718 1515 753 τῷ
1538 717 1652 752 σταυρῷ
1666 717 1715 743 τοῦ
1735 718 1788 743 Κυ-

996 766 1053 801 ρίου
1080 774 1129 800 μου
1151 765 1237 799 Ἰησοῦ
1255 764 1381 799 Χριστοῦ,
1398 764 1430 790 δι·
1445 760 1475 790 οὗ
1490 764 1552 799 ἐμοὶ
1569 764 1679 798 κόσμος
1693 763 1787 789 ἐπαύ-

996 819 1088 846 ρωται,
1102 809 1179 844 κάγὼ
1190 809 1228 844 τῷ
1239 810 1331 844 κόσμῳ
1340 817 1346 824 δ
1367 819 1375 834 ι
1392 810 1438 836 καὶ
1452 810 1466 834 ὁ
1483 809 1598 840 θάνατος
1612 808 1699 835 αὑτοῦ
1711 809 1789 842 ἀναγ-

993 857 1068 886 καῖος
1081 875 1087 886 ,
1107 855 1151 882 διὰ
1164 855 1203 887 τὸ,
1216 865 1224 880 ι
1245 856 1276 881 '0
1290 855 1343 890 γὰρ
1356 855 1483 885 ἀπέθανε,
1496 857 1529 890 τῇ
1545 855 1674 890 ἁμαρτίᾳ
1688 854 1788 880 ἀπέθα-

993 908 1037 926 νεν
1045 899 1151 933 ἐφάπαξ
1162 908 1168 914 '
1183 910 1191 924 ι
1202 900 1248 926 καὶ
1256 899 1337 926 διὰτὸ
1344 899 1433 933 λέγειν
1444 907 1451 914 ·
1464 909 1473 924 ι
1486 899 1744 934 Συμμορφούμενος
1752 899 1787 933 (ὅ)

992 946 1030 980 τῷ
1047 946 1152 980 θανάτῳ
1172 945 1272 971 αὑτοῦ·
1298 955 1307 970 ι
1333 945 1379 971 καὶ
1398 945 1437 976 τὸ,
1463 955 1471 970 ι
1492 946 1523 971 Εί
1549 944 1786 979 συναπεθάνομεν,

992 991 1039 1017 καὶ
1063 991 1230 1026 συζήσομεν·
1258 1001 1266 1016 ι
1294 990 1365 1016 οὕτω
1379 991 1459 1025 καὶὴ
1484 991 1556 1025 ταφὴ
1584 990 1672 1016 αὑτοῦ
1694 991 1788 1024 φθάνει

993 1039 1039 1065 ἐπὶ
1054 1038 1117 1069 τοὺς
1134 1037 1311 1073 συμμόρφους
1336 1037 1381 1062 τοῦ
1405 1037 1519 1063 θανάτου
1534 1037 1631 1068 αὑτοῦ,
1657 1039 1708 1064 καὶ
1726 1040 1788 1069 τοὺς

995 1082 1236 1117 συσταυρωθέντας
1250 1082 1323 1117 αὐτῷ
1335 1082 1380 1108 καὶ
1396 1083 1646 1114 συναποθανόντας,
1661 1083 1732 1109 καθὸ
1743 1084 1789 1110 καὶ

992 1128 1030 1164 τῷ
1042 1128 1138 1162 Παύλῳ
1154 1127 1276 1154 λέλεκται
1289 1128 1329 1159 τὸ,
1346 1137 1355 1153 ι
1373 1128 1564 1162 Συνετάφημεν
1579 1128 1636 1163 γὰρ
1653 1129 1731 1163 αὺτῷ
1744 1129 1787 1155 διὰ

992 1173 1039 1200 τοῦ
1060 1172 1258 1208 βαπτίσματος,
1276 1173 1321 1198 καὶ
1336 1173 1533 1207 συνανέσημεν
1548 1173 1633 1208 αὐτῷ.
1655 1183 1664 1198 ι
1691 1174 1788 1209 Ἡμεῖς

992 1219 1020 1245 δὲ
1047 1219 1094 1245 καὶ
1111 1218 1146 1244 τὰ
1168 1218 1230 1253 περὶ
1250 1219 1299 1254 τῆς
1318 1219 1417 1253 ταιρῆς,
1437 1219 1483 1245 καὶ
1502 1217 1549 1245 τοῦ
1571 1219 1720 1254 μνημείου,
1739 1221 1787 1246 καὶ

993 1264 1042 1292 τοῦ
1051 1264 1193 1299 θάψαντος,
1201 1264 1428 1299 ἀναγεγραμμένα
1441 1264 1632 1300 εὐκαιρότερον
1645 1264 1690 1290 διὰ
1699 1265 1788 1290 πλειό-

992 1318 1045 1337 νων
1061 1311 1089 1336 ὲν
1107 1309 1213 1341 ἄλλοις,
1239 1309 1302 1335 ἔνθα
1324 1309 1536 1344 προηγουμένως
1553 1310 1612 1335 ἐστὶ
1637 1311 1704 1344 περὶ
1723 1310 1786 1336 τού-

992 1364 1046 1382 των
1069 1355 1105 1390 (4)
1125 1355 1230 1388 λέγειν,
1255 1354 1450 1390 διηγησόμεθα.
1469 1355 1537 1381 Νυνὶ
1563 1355 1585 1382 δ’
1603 1355 1747 1392 αὐτάρκης
1770 1357 1786 1391 ἡ

992 1401 1100 1437 καθαρὰ
1122 1400 1228 1432 σινδὼν,
1250 1399 1312 1438 ὲνῇ
1334 1401 1386 1427 ἔδει
1403 1401 1432 1428 τὸ
1448 1401 1566 1437 καθαρὸν
1594 1401 1787 1437 ἐντυλιχθῆναι

994 1446 1074 1481 σῶμα
1089 1446 1135 1473 τοῦ
1157 1446 1253 1481 Ἰησοῦ,
1275 1447 1322 1473 καὶ
1342 1447 1372 1473 τὸ
1391 1447 1483 1473 καινὸν
1505 1449 1648 1482 μνημεῖον,
1663 1448 1677 1473 ὃ
1694 1448 1787 1473 ἐλατό-

160 1492 204 1518 nbi
219 1492 336 1519 ttondtnn
353 1492 496 1526 quisquam
519 1493 641 1527 jacuerat
653 1493 686 1525 ’³,
701 1493 760 1522 vel,
783 1496 812 1519 ut
824 1491 924 1519 Joanne

1022 1499 1063 1526 ησε
1086 1492 1118 1526 τῇ
1143 1491 1230 1526 πέτρᾳ
1253 1492 1267 1517 ὁ
1289 1491 1402 1525 Ἰωσὴφ,
1422 1489 1452 1518 οὗ
1475 1492 1525 1517 οὐκ
1542 1488 1576 1526 ἦν
1599 1490 1676 1517 οὔπω
1696 1491 1787 1522 οὐδεὶς

160 1537 306 1570 I0quilur,r
316 1536 342 1562 in
350 1544 403 1571 quo
417 1538 535 1564 nondum
545 1538 689 1571 quisquam
707 1538 811 1572 positus
822 1537 938 1564 crat“.n

161 1583 230 1610 Vide
243 1591 314 1610 nunc
326 1591 359 1609 an
376 1588 526 1609 concentus
544 1583 582 1609 illi
606 1584 688 1609 trium
702 1583 941 1617 evangelistarum.

159 1628 258 1662 quibus
269 1636 341 1656 curae
351 1629 437 1655 fuitut
451 1629 571 1655 excisum
585 1636 632 1656 seu
647 1629 816 1663 exsculpium
830 1629 855 1655 in
868 1633 941 1662 petra

161 1679 364 1701 monumentum
379 1676 576 1708 describerent,
598 1675 759 1708 compellere
775 1681 941 1708 quemquam

161 1719 257 1753 poSsit,
271 1724 299 1746 nt
315 1727 408 1746 eorum
428 1728 487 1754 quae
501 1721 601 1754 scripta
619 1725 682 1747 sunt
707 1724 879 1752 perscrutans
899 1726 943 1745 ra-

162 1765 259 1796 tiones,
286 1765 389 1798 aliquid
416 1765 442 1792 in
462 1765 495 1792 iis
513 1764 703 1792 absconditum
729 1769 757 1790 et
783 1764 941 1791 abstrusum

160 1809 289 1843 inquirat,
318 1810 390 1837 sicut
418 1815 446 1837 et
468 1810 493 1836 in
522 1812 642 1837 novitate
668 1809 846 1841 monumenti,
861 1816 940 1843 quam

160 1855 300 1882 Matthmus
315 1860 342 1881 et
356 1853 476 1882 Joannes
486 1859 681 1885 ntcniorarunt,
696 1859 721 1881 et
735 1854 760 1880 in
779 1862 810 1881 ea
823 1853 900 1880 Luca:
915 1857 942 1880 et

159 1899 272 1927 Joannis
283 1901 484 1933 observatione,
497 1900 601 1927 nullum
621 1900 657 1926 ibi
678 1904 813 1926 mortuum
827 1900 941 1933 positum

158 1946 280 1974 fuisse".
297 1946 430 1973 Nimirum
443 1947 565 1980 oportuit
576 1951 604 1972 ut
618 1946 664 1980 qtti
683 1952 736 1972 non
754 1949 814 1972 erat
830 1945 942 1979 reliquis

159 1993 274 2018 mortuis
298 1992 406 2023 similis,
434 1992 480 2018 sed
499 1991 581 2018 etiam
601 1994 723 2017 mortuus
751 1990 892 2024 sanguinis
913 1995 941 2017 et

160 2044 236 2070 aqua:
249 2035 378 2062 eﬂusi0tte
392 2035 468 2070 signa
481 2035 543 2061 vitae
555 2035 677 2066 dederat,
690 2033 790 2068 quique
806 2040 900 2064 novus,
914 2037 943 2059 ut

161 2082 197 2108 ita
214 2082 313 2113 dicam,
330 2085 390 2107 erat
405 2084 537 2111 mortuus,
556 2080 578 2106 is
591 2080 617 2106 in
637 2086 705 2105 novo
721 2083 749 2105 et
766 2086 834 2112 puro
850 2077 941 2112 sepul-

159 2133 207 2152 cro
229 2125 413 2151 conderetur:
435 2129 464 2150 ut
480 2123 710 2158 quemadmodum
735 2123 861 2150 nativitas
883 2122 942 2155 ejus

993 1537 1127 1571 κείμενος,
1146 1537 1162 1571 ἢ
1177 1536 1214 1568 ὡς
1227 1537 1240 1562 ὸ
1262 1536 1386 1572 Ἰωάννης
1402 1537 1494 1571 φησιν,
1507 1546 1516 1561 ι
1536 1538 1565 1563 ὲν
1615 1536 1724 1562 οὐδέπω
1738 1537 1787 1563 οὖ-

992 1582 1046 1613 δεὶς
1061 1582 1150 1616 ἐτέθη.
1169 1592 1178 1607 ι
1194 1582 1248 1608 Καὶ
1259 1582 1414 1617 ἐπίστησον,
1431 1583 1454 1608 εί
1470 1582 1578 1608 δύναται
1599 1582 1711 1617 κινῆςαί
1724 1591 1786 1608 τινα

992 1629 1007 1662 ἡ
1026 1627 1170 1662 συμφωνία
1186 1626 1239 1652 τῶν
1259 1626 1341 1661 τριῶν
1355 1627 1565 1660 εὐαγγελιστῶν,
1582 1627 1787 1663 φρονησάντων

993 1672 1148 1707 ἀναγράψαι
1170 1671 1200 1697 τὺ
1224 1671 1375 1706 λατομητὸν
1397 1671 1413 1706 ἦ
1440 1671 1567 1704 λαξευτὸν
1601 1675 1736 1707 μνημεῖον
1757 1673 1786 1697 ἐν

993 1717 1090 1752 πέτρᾳ,
1102 1717 1133 1743 ἶν’
1151 1717 1165 1742 ὁ
1182 1717 1244 1748 τοὺς
1260 1716 1354 1749 λόγους
1363 1716 1416 1741 τῶν
1431 1717 1630 1751 γεγραμμένων
1648 1717 1786 1749 ἐξετάζων

993 1763 1040 1790 καὶ
1059 1763 1121 1798 περὶ
1143 1763 1243 1788 τούτων
1269 1762 1399 1796 θεάσηταί
1419 1771 1445 1788 τι
1468 1762 1546 1796 λόγου
1564 1763 1638 1795 ἄξιον
1657 1763 1707 1790 καὶ
1723 1764 1786 1798 περὶ

991 1809 1040 1843 τῆς
1057 1807 1213 1842 καινότητος
1223 1807 1270 1833 τοῦ
1286 1807 1430 1842 μνημείου,
1451 1808 1545 1841 ἥντινα
1567 1808 1708 1839 Ματθαῖος
1738 1810 1786 1834 καὶ

998 1853 1122 1888 Ἰωάννης
1137 1852 1271 1888 ἱστόρησε,
1286 1852 1333 1878 καὶ
1349 1853 1412 1887 περὶ
1422 1852 1468 1878 τοῦ
1487 1852 1589 1887 μηδένα
1611 1854 1669 1878 ἐκεῖ
1685 1853 1786 1887 νεκρὸν

991 1898 1131 1933 γεγονέναι
1140 1918 1146 1929 ,
1166 1897 1236 1923 κατὰ
1250 1898 1294 1924 τὸν
1307 1898 1412 1924 Λουκᾶν
1427 1898 1473 1924 καὶ
1487 1898 1532 1924 τὸν
1552 1898 1690 1933 Ἰωάννην.
1711 1898 1786 1924 Ἔδει

992 1944 1045 1979 γὰρ
1059 1945 1104 1970 τὸν
1123 1944 1159 1978 μὴ
1173 1945 1228 1974 τοῖς
1241 1943 1344 1975 λοιποῖς
1357 1945 1461 1978 νεκροῖς
1476 1943 1576 1977 ὅμοιον,
1591 1942 1660 1968 ἀλλὰ
1677 1942 1785 1973 ζωτικὰ

994 1990 1091 2024 σημεῖα
1106 1989 1152 2015 καὶ
1167 1990 1195 2014 ὲν
1209 1989 1241 2023 τῇ
1259 1989 1399 2024 νεκρότητι
1411 1988 1533 2020 δείξαντα
1550 1989 1579 2014 τὸ
1600 1988 1672 2023 ὕδωρ
1693 1989 1744 2014 καὶ
1754 1989 1786 2014 τὸ

992 2034 1071 2071 αἷμα,
1093 2035 1137 2061 καὶ
1153 2035 1243 2062 καινὸν
1259 2035 1305 2070 (ἵν’
1324 2035 1412 2066 οὕτως
1425 2035 1576 2070 ὀνομάσω),
1593 2035 1657 2061 ὅντα
1673 2036 1784 2071 νεκρὸν,

992 2083 1020 2108 ὲν
1034 2080 1120 2116 καινῷ
1135 2081 1181 2107 καὶ
1200 2080 1313 2116 καθαρῷ
1329 2080 1453 2114 γενέσθαι
1471 2081 1607 2115 μνημείῳ,
1626 2081 1671 2112 ἶν’,
1685 2081 1785 2116 ὥσπερ

991 2129 1008 2163 ἡ
1020 2128 1124 2161 γένεσις
1138 2126 1220 2152 abte":
1237 2126 1416 2161 καθαρωτέρα
1430 2126 1520 2160 πάσης
1533 2126 1668 2159 γενέσεως
1681 2124 1730 2161 ἦν,

159 2171 282 2205 qualibet
302 2170 353 2196 alia
368 2170 462 2203 purior
475 2169 535 2203 fuit,
550 2169 648 2203 quippe
660 2169 705 2203 qui
727 2176 780 2195 non
796 2176 829 2195 ex
844 2168 924 2194 utriu:

1022 2174 1032 2207 ‘q
1046 2172 1098 2198 ἀπὸ
1115 2171 1222 2206 μίξεως,
1241 2171 1296 2197 ἀλλ’
1307 2171 1360 2197 ἀπὸ
1374 2171 1506 2206 παρθένου
1522 2171 1696 2207 γεννηθῆναι,
1711 2173 1792 2199 οὕτω

160 2224 213 2249 que
229 2223 308 2242 sexus
324 2215 524 2250 conjunctione,
541 2215 587 2241 sed
603 2222 637 2241 ex
652 2214 764 2249 Virgine
785 2221 864 2241 natus
876 2219 918 2241 est
934 2223 942 2245 ;

161 2262 198 2288 ita
213 2261 293 2288 etiam
310 2261 447 2295 sepultura
459 2260 574 2288 haberet
585 2259 824 2294 piiritatetmcujus
837 2260 941 2294 signum

159 2311 221 2334 erat
239 2314 336 2334 novum
355 2307 431 2338 illud,
452 2308 478 2334 in
494 2315 546 2340 quo
559 2306 676 2341 positum
693 2313 792 2340 corpus
811 2305 869 2339 ejus
881 2305 941 2338 fuit,

200 2397 221 2414 ³⁸
235 2397 323 2425 Galat.
349 2406 381 2428 ιι,
408 2398 459 2427 20:
476 2406 512 2426 vt.
534 2398 577 2425 14.

161 2433 256 2460 “Luc.
271 2433 403 2465 unt,55.
442 2433 464 2449 “
478 2433 556 2462 Joau.
573 2441 628 2466 ιιιι,
641 2434 686 2460 Μ.

634 2399 655 2414 “
669 2398 745 2425 item.
759 2407 795 2428 vt.
825 2398 868 2425 10.

197 2492 235 2524 ιι)
252 2491 329 2518 Libb.
344 2491 434 2525 impr.,
452 2492 524 2523 τινὸς
539 2491 627 2518 αὐτῶν
638 2489 717 2518 εἷναι.
732 2490 760 2517 In
783 2491 877 2517 codice
890 2489 938 2517 Jo-

163 2527 234 2560 [ωηο
257 2526 420 2560 expungitur
432 2527 501 2552 istud
517 2526 613 2552 αὐτῶν.
629 2526 680 2553 Sed
692 2527 714 2552 si
728 2526 770 2551 cui
786 2526 856 2551 inter
868 2524 938 2555 τινός

161 2567 189 2588 et
212 2559 359 2587 εἷναι⁷νοιι
376 2561 463 2594 aliqua
488 2561 627 2588 inferenda
651 2562 772 2591 videtur,
784 2565 858 2586 certe
884 2567 936 2586 non

162 2596 262 2627 αὐτῶν,
275 2596 321 2622 sed
334 2594 412 2621 ἄλλου
430 2596 598 2622 ειιιῑιιοηιιιιιιι
614 2596 676 2622 erit.

198 2631 235 2663 (‘2)
253 2631 342 2657 Codex
367 2630 496 2659 lolianus.
513 2630 557 2657 καὶ
584 2630 613 2656 τὸ
634 2629 840 2664 σημαινόμενον.
869 2627 941 2661 Lego

162 2673 224 2692 cum
239 2665 387 2699 Boberello.
403 2665 449 2690 καὶ
464 2664 503 2698 τῷ
519 2664 717 2699 σημαινομένῳ.
735 2664 834 2699 Ibidem
848 2670 941 2699 omnes

165 2707 241 2734 tnss.,
256 2700 284 2725 ὲν
299 2698 337 2734 τῷ
350 2699 460 2734 σταυρῷ
471 2697 517 2725 τοῦ
531 2697 708 2733 Κορίουμου.
727 2698 891 2733 Spcncet‘us,
914 2697 943 2722 ὲν

164 2733 202 2768 τῷ
219 2732 333 2768 σταυρῷί
340 2732 386 2759 τοῦ
403 2732 504 2768 Κυρίου
517 2732 604 2768 ἡμῶν.

198 2768 237 2801 (Si)
254 2765 369 2794 Κὰϊδιὰ
382 2768 413 2794 τὸ
428 2765 543 2801 λέγειντ
556 2767 833 2802 Συμμορφούμενος,
846 2770 898 2793 etc.
907 2765 944 2802 l'_a

164 2800 243 2828 codd.
259 2802 357 2836 ltcgius
370 2806 398 2829 et
422 2800 763 2836 Baéilecnsis.‘Spencerus
780 2806 881 2832 autem,
899 2800 944 2826 καὶ

919 2399 941 2414 ¹⁰
958 2398 1073 2431 Philipp.
1093 2406 1133 2428 ιιι,
1149 2397 1192 2424 l0.

725 2434 747 2449 ⁵⁵
766 2433 863 2460 Matth.
879 2440 964 2465 xxvu,
980 2433 1025 2465 (ΞΟ,
1040 2433 1106 2459 Luc.
1122 2440 1200 2464 xxttt,
1217 2431 1262 2464 53;
1276 2430 1372 2458 Joann.
1396 2438 1452 2462 xtx,
1469 2431 1511 2456 Η.

995 2216 1041 2243 καὶ
1057 2218 1072 2252 ή
1086 2217 1158 2251 ταφὴ
1173 2216 1222 2252 ἔχῃ
1239 2215 1276 2251 (5)
1294 2215 1342 2251 τὴν
1360 2215 1542 2251 καθαρότητα,
1558 2216 1602 2242 διὰ
1615 2216 1663 2242 τοῦ
1680 2216 1785 2251 συμϐο-

994 2261 1069 2288 λικοῦ
1083 2262 1246 2297 δηλουμένην
1263 2260 1340 2295 ἐντῷ
1354 2261 1540 2287 ἀποτεθεῖσθαι
1555 2261 1640 2287 αὐτοῦ
1656 2261 1686 2287 τὸ
1703 2261 1785 2296 σῶμα

995 2309 1023 2334 ὲν
1039 2307 1162 2343 μνημείῳ
1181 2307 1267 2343 καινῷ
1284 2306 1429 2342 ὐφεστῶτι,
1451 2307 1501 2332 οὐκ
1518 2307 1550 2333 ὲκ
1564 2306 1684 2340 λογάδων
1699 2306 1785 2332 λίθων

1251 2397 1272 2412 ²¹
1287 2396 1307 2422 ll
1324 2395 1394 2422 Titii.
1411 2403 1441 2424 ιι.
1457 2396 1500 2421 Η.
1563 2395 1586 2409 ²¹
1603 2394 1683 2420 Rom.
1701 2402 1739 2426 vt,
1754 2394 1781 2420 ι.

990 2489 1034 2516 διὰ
1048 2489 1077 2515 τὸ
1091 2489 1136 2514 τὸν
1152 2488 1254 2514 δίκαιον
1267 2487 1371 2521 λέγειν*
1386 2485 1645 2521 Συμμορφούμενος.
1660 2485 1726 2518 Qua:
1743 2485 1780 2510 le-

994 2525 1048 2551 ctio
1065 2525 1086 2550 si
1104 2524 1147 2549 eui
1174 2523 1314 2549 retinentia
1343 2523 1458 2550 videtur,
1480 2521 1524 2546 \el
1551 2521 1714 2546 mutandum
1740 2525 1782 2546 est

993 2568 1024 2585 συ
1029 2557 1153 2594 μμορφού
1158 2565 1245 2594 μενος.
1252 2558 1287 2594 in_
1292 2565 1323 2582 συ
1328 2555 1545 2594 μμορφούμενον,
1555 2555 1596 2594 vel
1612 2559 1674 2594 post
1681 2555 1780 2594 λέγειν,

996 2589 1147 2620 addendum
1158 2589 1204 2618 est
1217 2592 1256 2618 τό.
1274 2589 1424 2617 [)ιι‹›’(εοιίιί.
1446 2589 1588 2624 Anglicani
1605 2595 1632 2616 et
1649 2589 1779 2616 “asche-

995 2628 1046 2654 lius
1061 2628 1086 2653 in
1100 2633 1184 2657 textu,
1199 2624 1462 2662 οὐμμοριριζόμενοςἶ
1499 2659 1516 2662 η
1574 2657 1581 2662 _
1680 2657 1686 2662 ~

1031 2662 1069 2697 (4)
1095 2661 1177 2688 Ἐστι
1203 2657 1269 2697 ἶπέρὶ
1292 2657 1420 2697 ’τούτωνἔ
1447 2657 1643 2697 scribendunn
1662 2657 1779 2697 videtur,

998 2692 1071 2723 ἔσται
1085 2696 1148 2732 περὶ
1163 2692 1274 2732 τούτων,
1305 2694 1529 2729 quemadmodum
1548 2692 1680 2719 Gelenius
1696 2693 1781 2719 inter-

999 2740 1058 2765 pres
1074 2731 1180 2757 videtur
1196 2731 1302 2765 legisse.

1034 2765 1071 2800 (5)
1093 2766 1175 2800 "Exn.
1203 2761 1293 2800 codex
1319 2762 1482 2790 Basileensis
1508 2762 1548 2789 sic
1570 2761 1666 2792 habet,
1682 2761 1779 2788 rectius

999 2798 1062 2826 sane
1080 2798 1160 2837 quain
1178 2799 1253 2831 editi,
1266 2798 1331 2832 ἔχει.
