1843 3097
88 128 146 155 905

697 129 837 157 CONTRA
853 129 991 157 CELSUM
1008 130 1072 158 LIB.
1089 130 1118 158 ll.

1659 132 1682 159 9"
1687 132 1710 158 tt}

83 187 300 222 οἰκοδομηθέντι,
328 186 374 213 καὶ
393 186 442 222 τὴν
468 186 563 213 ἕνωσιν
588 187 617 213 οὺ
640 187 756 222 φυσικὴν
779 187 876 222 ἔχοντι,

971 193 1145 221 νιιιιιηειιιυιῐι,
1159 195 1211 214 non
1224 195 1256 214 ex
1269 186 1424 215 colloctitiis
1439 188 1573 223 lapidibus
1583 195 1711 216 constru-

83 233 146 260 ἀλλ’
163 234 192 259 ὲν
210 233 260 268 μιᾷ
282 232 328 259 καὶ
344 233 377 259 δι’
394 232 464 259 ὅλων
483 232 609 267 ἡνωμένη
630 233 715 267 πέτρᾳ
738 232 877 267 λατομητῇ

83 278 137 305 καὶ
149 277 275 312 λαξευτῇ.
291 277 331 304 Τά
349 276 398 312 μὲν
412 275 459 303 οὖν
473 277 522 311 τῆς
532 276 695 312 διηγήσεως,
705 277 751 303 καὶ
763 277 812 311 τῆς
826 277 880 303 ἀπὸ

83 323 143 350 τῶν
165 321 306 357 γεγονέναι
323 322 576 357 ἀναγεγραμμένων
598 322 635 357 (6)
657 322 814 354 ἀναϐάσεως
833 322 879 348 ἐπὶ

83 367 124 395 τὰ
145 367 310 403 πράγματα,
329 364 366 394 ὧν
383 367 417 394 τὰ
434 368 567 402 γενόμενα
589 365 623 402 ἦν
644 367 814 402 σημαντικά,
833 368 880 394 καὶ

87 412 221 448 μειζόνως
231 413 264 439 ἀν
273 421 315 444 τις
328 413 375 439 καὶ
389 412 532 448 θειοτέρως
544 412 711 448 διηγήσαιτο,
724 413 880 448 εὐκαιρότε-

86 466 137 493 ρον
147 457 320 493 ἐκτιθέμενος
332 457 487 484 τὰτοιαῦτα
495 458 524 485 έν
538 459 730 495 προηγουμένη
745 458 877 492 συντάξει·

85 503 124 530 τὰ
133 503 162 529 δὲ
172 503 222 538 τῆς
234 503 333 536 λέξεως
342 503 429 534 οὕτως
444 503 477 530 ἄν
499 512 541 535 τις
557 503 665 539 ἀποδῴη
689 504 737 539 (7),
754 504 794 530 ὅτι
809 503 880 531 κατὰ

85 548 134 574 τὸν
149 548 281 583 κρίναντα
305 549 448 583 ὑπομεῖναι
465 549 496 574 τὺ
511 549 557 574 ἐπὶ
575 549 707 580 σκόλοπος
720 549 879 584 κρεμασθῆ-

84 602 132 620 ναι
151 591 187 629 ἦν
202 594 248 620 καὶ
267 594 300 620 τὰ
313 594 377 629 ἑξῆς
395 595 428 629 τῇ
446 593 571 620 ὑποθέσει
589 593 721 628 τηρῆσαι,
735 595 766 620 ἵν’
782 594 819 625 ὡς
835 594 881 621 ἅν-

85 638 201 675 θρωπος
218 639 407 675 καθαιρεθεὶς,
424 638 463 674 τῷ
478 639 516 670 ὡς
538 638 679 674 ἄνθρωπος
694 639 879 674 ἀποτεθνηκέ-

85 694 143 717 ναι,
162 686 200 717 ὡς
212 685 355 721 ἄνθρωπος
369 685 416 711 καὶ
429 687 513 720 ταφῇ.
537 684 618 711 Ἀλλὰ
632 685 679 711 καὶ
700 685 724 711 εί
740 685 800 711 καθ’
816 685 881 711 ὑπό-

86 730 164 758 θεσιν
187 730 342 766 ἐγέγραπτο
358 731 387 757 έν
403 732 458 761 τοῖς
479 729 663 764 Εὐαγγελίοις,
691 731 731 756 ὅτι
757 730 811 757 ἀπὸ
833 730 879 756 τοῦ

86 776 222 807 σκόλοπος
237 776 342 811 ἀφανὴς
356 775 436 807 εὐθὺς
453 775 571 810 ἐγένετο,
589 775 716 807 ἐκάκιζεν
730 775 763 801 ἂν
783 776 814 802 τὺ
835 784 881 809 γε-

88 821 252 858 γραμμένον
265 822 388 853 όΚέλσος
405 821 451 847 καὶ
462 821 612 855 οίάπιστοι,
629 822 675 847 καὶ
690 821 880 856 κατηγόρησαν

86 855 120 893 ἂν
137 855 185 894 καίι
197 867 269 894 οὕτω
285 867 418 901 λέγοντεςο
433 876 441 892 ι
460 866 492 892 Τί
508 866 607 902 δήποτε
621 866 690 901 μετά
706 855 880 901 τὺννσταυρὸν
896 855 917 882 Β

88 913 204 947 γέγονεν
220 912 335 947 ἀφανὴς,
346 912 376 938 οὐ
389 911 443 948 πρὸ
449 911 496 938 τοῦ
505 911 600 938 παθεῖν
612 912 639 938 δὲ
649 911 722 938 τοῦτ’
734 912 880 947 ἐπραγμα-

87 958 221 990 τεύσατο;
239 967 248 984 ι
264 958 349 993 Εἴπερ
364 955 409 983 οὖν
424 957 478 984 ἀπὸ
492 957 546 984 τῶν
568 957 741 991 Εὑαγγελίων
757 957 882 993 μεμαθη-

87 1004 178 1034 κότες,
196 1003 236 1029 ὅτι
253 1003 282 1029 οὺ
303 1003 414 1037 γέγονεν
437 1003 518 1034 εὐθὺς
533 1002 638 1038 ἀφανὴς
651 1003 706 1029 ἀπὸ
723 1002 771 1028 τοῦ
787 1002 881 1029 σκόλο-

88 1058 151 1081 πος,
170 1049 294 1084 ἐγκαλεῖν
316 1049 415 1076 οἴονται
434 1049 472 1084 τῷ
492 1049 572 1084 λόγῳ,
597 1048 634 1084 μὴ
661 1049 825 1084 πλασαμένῳ
844 1049 882 1080 ὡς

88 1094 189 1120 ἐκεῖνοι
202 1093 321 1128 ἠξίωσαν
340 1094 389 1129 (8),
406 1094 437 1120 τὸ
456 1093 538 1125 εὐθὺς
555 1094 636 1120 αὑτὸν
651 1094 740 1128 ἀφανῆ
757 1093 882 1128 γενέσθαι

87 1140 144 1166 ἀπὸ
158 1139 206 1166 τοῦ
223 1139 362 1171 σκόλοπος,
380 1139 447 1166 ἀλλὰ
465 1139 495 1165 τὺ
506 1139 604 1174 ἀληθὲς
622 1140 809 1174 ἱστορήσαντι·
824 1139 882 1170 πῶς

88 1185 140 1212 οὐκ
154 1185 264 1219 εὔλογον
281 1185 424 1211 πιστεῦσαι
447 1185 484 1221 (9)
503 1186 602 1216 αὐτοὺς
617 1185 663 1212 καὶ
679 1187 713 1220 τῇ
735 1185 881 1212 ἀναστάσει

88 1231 173 1258 αὑτοῦ
183 1251 191 1264 ,
207 1232 254 1258 καὶ
267 1232 305 1262 ὡς
318 1231 456 1267 βουληθεὶς
467 1232 511 1258 ὁτὲ
526 1231 575 1266 μὲν
590 1231 644 1258 τῶν
665 1231 753 1267 Θυρῶν
777 1231 882 1257 κεκλει-

89 1277 198 1312 σμένων
210 1277 275 1312 ἔστη
285 1277 314 1303 ὲν
328 1277 402 1312 μέσῳ
415 1277 468 1303 τῶν
481 1276 620 1312 μαθητῶν,
637 1277 682 1303 ὁτὲ
691 1277 718 1303 δὲ
725 1276 786 1308 δοὺς
800 1276 882 1311 ἄρτον

88 1322 150 1348 δυσὶ
170 1323 223 1348 τῶν
244 1322 406 1358 γνωρίμων,
422 1322 503 1354 εὐθὺς
519 1322 637 1356 ἄφαντος
650 1322 757 1356 ἐγένετο
772 1322 818 1347 ἀπ’
834 1322 883 1348 αὐ-

87 1366 155 1399 τῶν,
170 1367 239 1401 μετά
251 1375 326 1399 τινας
339 1367 386 1399 οὓς
398 1366 529 1402 ἱλάλησεν
546 1368 638 1399 αὺτοῖς
651 1367 763 1401 λόγους;

125 1453 210 1481 Πόθεν
223 1454 252 1481 δὲ
264 1453 303 1490 τῷ
320 1455 424 1482 Κέλσου
447 1455 565 1490 Ἰουδαίῳ
582 1455 717 1488 λέλεκται,
735 1456 775 1482 ὅτι
793 1457 876 1492 ὲκρύ-

89 1509 174 1527 πτετο
187 1501 201 1527 ό
220 1500 340 1536 Ἰησοῦς;
355 1501 435 1535 Λέγει
450 1501 504 1537 γὰρ
519 1502 583 1538 περὶ
596 1501 687 1528 αὐτοῦ·
701 1511 710 1526 ι
728 1501 776 1533 Τίς
786 1502 815 1528 δὲ
827 1502 882 1529 πώ-

89 1554 159 1572 ποτε
176 1546 312 1581 πεμφθεὶς
323 1546 447 1580 ἄγγελος,
461 1546 520 1573 δέον
541 1546 684 1581 ἀγγέλλειν
705 1546 740 1573 τὰ
759 1547 883 1573 κεκελευ-

89 1591 189 1626 εμένα,
203 1590 367 1626 κρύπτεται;
383 1601 392 1616 ι
411 1592 448 1618 Οὐ
464 1592 518 1628 γὰρ
530 1592 681 1627 ἐκρύπτετο
696 1593 711 1619 ὁ
725 1591 809 1619 εἰπὼν
827 1594 882 1625 τοῖς

88 1636 219 1672 ζητοῦσιν
234 1637 315 1663 αὐτὸν
332 1637 473 1664 συλλαϐεῖν
483 1646 489 1652 ·
507 1647 516 1662 ι
536 1637 703 1673 Καθημέραν
716 1638 790 1674 ἥμην
806 1639 834 1665 ὲν
845 1636 884 1674 τῷ

91 1682 159 1718 ἱερῷ
173 1683 315 1718 παρρησίᾳ.
328 1682 475 1714 διδάσκων,
492 1682 540 1710 καὶ
554 1683 604 1710 οὐκ
618 1684 790 1719 ἐκρατήσατέ
805 1692 850 1719 με.
871 1694 880 1710 ι

90 1728 166 1764 Πρὸς
180 1729 208 1755 δὲ
232 1728 262 1755 τὸ
287 1728 351 1764 ἑξῆς
374 1728 619 1765 παλιλλογούμενον
637 1731 688 1757 ὑπὸ
708 1731 755 1757 τοῦ
780 1731 882 1757 Κέλσου

91 1773 175 1808 ἡμεῖς
198 1773 271 1806 ἅπαξ
297 1773 552 1810 ἀπολογησάμενοι,
581 1775 806 1811 ἀρκεσθησόμεθα
829 1778 883 1808 τοῖς

92 1819 313 1855 προειρημένοις.
332 1820 487 1855 Γέγραπται
501 1821 556 1856 γὰρ
572 1822 600 1848 ὲν
617 1823 672 1853 τοῖς
695 1822 822 1858 ἀνωτέρω
837 1824 884 1850 καὶ

91 1864 162 1900 πρὸς
179 1865 220 1898 τό,
236 1874 246 1890 ι
267 1866 302 1892 ’Ὴ
317 1866 362 1892 ὅτε
377 1866 427 1901 μὲν
445 1867 585 1901 ἡπιστείτο
608 1868 637 1893 ὲν
661 1866 777 1902 σώματι¹
803 1870 884 1896 πᾶσιν

91 1911 190 1946 ἀνέδην
212 1911 361 1948 ἐκήρυττεν
375 1921 381 1927 ”
399 1913 443 1939 ὅτε
464 1913 493 1940 δὲ
516 1913 570 1948 (10)
596 1914 686 1940 πίστιν
709 1913 743 1940 ἂν
771 1914 883 1951 ἰσχυρὰν

93 1958 226 1992 παρεῖχεν
247 1958 280 1984 ὲκ
295 1957 401 1993 νεκρῶν
418 1958 547 1990 ἀναστὰς,
566 1959 606 1985 ἐν).
628 1960 701 1994 μόνῳ
716 1960 819 1995 γυναίῳ
837 1961 884 1987 καὶ

91 1999 150 2029 τοῖς
163 1999 260 2026 ἑαυτοῦ
273 1999 419 2032 θιασώταις
434 2001 551 2038 κρύϐδην
564 2003 746 2038 παρεφαίνετο
758 2012 765 2036 ;
781 2014 789 2030 ι
813 2004 883 2030 Ἀλλ’

91 2045 148 2072 οὐδ’
161 2046 202 2072 ὅτι
216 2046 256 2072 ἑνὶ
267 2047 340 2082 μόνῳ
352 2048 455 2083 γυναίῳ
471 2048 674 2084 ὲφάνη,ἀληθές
689 2051 770 2077 ἐστιν·
783 2052 884 2087 γέγρα-

92 2101 163 2120 πται
175 2093 228 2129 γὰρ
242 2095 270 2120 ὲν
285 2095 324 2130 τῷ
338 2095 408 2122 κατά
420 2096 557 2124 Ματθαῖον
567 2097 784 2132 Εὐαγγελίῳ,ὅτι
795 2107 804 2123 ‹
821 2097 884 2132 Ὀψὲ

93 2139 240 2166 σαϐϐάτων
259 2141 292 2176 τῇ
317 2141 510 2178 ἐπιφωσκούσῃ
531 2143 571 2174 εἰς
587 2143 650 2178 μίαν
665 2143 807 2170 σαϐϐάτων
819 2141 884 2178 ἦλθε

91 2185 190 2221 Μαρία
205 2187 221 2221 ἡ
236 2186 413 2227 Μαγδαληνὴ,
439 2188 486 2215 καὶ
500 2189 517 2223 ὴ
531 2187 598 2223 ἄλλη
618 2188 725 2224 Μαρία,
749 2188 884 2224 θεωρῆσαι

91 2231 140 2257 τὸν
155 2231 250 2265 τάφον
268 2233 315 2259 καὶ
330 2233 384 2259 ίδοὺ
401 2233 512 2268 σεισμὸς
527 2233 637 2268 ἐγένετο
655 2234 754 2269 μέγας·
770 2234 884 2269 ἀγγελος

91 2277 148 2312 γὰρ
161 2277 264 2312 Κυρίου
278 2278 401 2310 καταϐὰς
415 2278 445 2311 ἐξ
462 2279 577 2315 οὐρανοῦ
592 2280 639 2307 καὶ
650 2280 804 2315 προσελθίον
817 2281 884 2307 ἀπε-

91 2322 187 2350 κύλισε
211 2323 257 2350 τὸν
274 2324 365 2351 λίθον.
384 2334 393 2350 ι
408 2325 463 2351 Καὶ
488 2326 546 2360 μετ’
562 2325 651 2360 ὀλίγον
671 2326 754 2361 φησὶν
772 2327 786 2353 ὁ
808 2327 885 2353 Ματ-

91 2367 179 2400 Θαῖος·
199 2379 208 2394 ι
224 2369 280 2396 Καὶ
295 2370 348 2397 ίδοὺ
361 2371 376 2396 ό
393 2371 497 2406 Ἰησοῦς
513 2371 665 2407 ὑπήντησεν
677 2371 733 2408 (ll)
749 2372 854 2405 αὐταῖς.
871 2382 881 2399 ι

91 2414 180 2450 Δῆλον
195 2415 224 2441 δὲ
245 2415 286 2441 ὄτι
311 2417 371 2447 ταῖς
394 2417 606 2452 προειρημέναις
632 2418 752 2453 Μαρίαις
779 2418 882 2453 λέγων,

95 2471 105 2488 ι
125 2461 253 2497 Χαίρετε.
267 2463 299 2489 Αἱ
315 2462 546 2498 δὲπροσελθοῦσαι
561 2464 715 2499 ἐκράτησαν
726 2465 807 2491 αὐτοῦ
821 2466 885 2497 τοὺς

91 2507 188 2540 πόδας,
215 2508 261 2534 καὶ
283 2507 490 2544 προσεκύνησαν
511 2508 595 2543 αὐτῷ.
616 2519 624 2534 ι
639 2509 771 2536 Λέλεκται
786 2509 813 2536 δὲ
838 2510 884 2537 καὶ

130 2576 154 2591 ’⁸
168 2574 265 2602 Matth.
289 2583 364 2608 xxvr,
382 2576 427 2603 55.
465 2576 486 2591 "
513 2575 608 2603 Matth.
635 2584 731 2608 xxvut,
755 2577 781 2609 l,
800 2577 829 2604 2.
864 2577 886 2593 “

128 2632 168 2666 (6)
190 2632 337 2669 Sicrmssq
353 2632 479 2669 impressi
492 2640 566 2664 vero,
581 2633 792 2669 γεγραμμένων.

128 2669 169 2701 (7)
191 2667 269 2694 Libb.
284 2668 420 2702 impressi.
435 2667 533 2699 λέξεως
551 2668 622 2694 καλά
633 2667 679 2694 καὶ
697 2668 783 2700 οὕτως
799 2668 831 2696 ἀν
845 2677 887 2700 τις

89 2702 220 2736 ἀποδοίη,
239 2703 286 2729 sed
310 2710 376 2730 mss.
394 2707 424 2729 ut
446 2703 472 2729 in
489 2708 584 2730 nostro
601 2707 687 2729 textu.

130 2737 169 2771 (ὅ)
192 2736 347 2768 Ἠξίωσαν.
369 2737 408 2764 lta
421 2742 494 2764 recte
515 2739 600 2765 codex
614 2737 787 2765 Busileensis.
801 2738 887 2770 Alias,

91 2772 228 2804 ἀξὶωσαν,
247 2772 327 2798 male.

129 2808 170 2842 (9)
190 2806 365 2834 Πιστεῦσαι.
375 2806 647 2842 Geleniusinlerprcs
658 2807 764 2834 videtur
776 2808 886 2842 legisse,

90 2843 268 2877 ἀπιστήσειν.
282 2842 366 2868 Vertit
378 2842 462 2868 enim:
474 2850 482 2866 ι
493 2841 633 2874 Quomodo
648 2842 775 2870 credituri
792 2841 884 2870 sunt‘h

256 2889 392 2918 ΡΑτιιοιι.
410 2889 468 2918 Gn.
487 2888 539 2918 Χιί

930 238 1014 265 ctum,
1033 241 1082 260 nec
1100 240 1183 260 unum
1198 239 1306 266 natura,
1319 235 1366 261 sed
1382 234 1407 261 in
1425 241 1478 261 una
1490 238 1517 260 et
1530 234 1712 269 undecunque

930 277 1073 312 conjuncta
1093 284 1168 312 petra
1181 278 1351 313 exsculptum
1363 278 1551 313 excisumque.
1568 279 1665 306 Verum
1679 280 1712 307 de

930 323 1025 349 horum
1039 323 1159 349 locorum
1168 323 1351 355 enarratione,
1359 327 1385 349 et
1393 325 1425 351 de
1436 324 1539 351 ratione
1547 325 1709 352 ascendendi

930 376 944 394 ιι
957 368 1046 400 rebus,
1061 375 1121 403 qua:
1129 368 1262 395 accidisse
1271 374 1425 402 narrantur,
1435 370 1468 396 ad
1482 377 1525 396 res
1535 377 1650 405 quarunt
1660 371 1712 399 illa:

930 417 1008 439 erant
1020 413 1122 448 figurae,
1140 412 1282 439 sublimius
1296 414 1356 447 quis
1371 414 1540 448 diviniusque
1554 415 1710 447 dissereret,

930 458 975 491 qni
995 463 1145 492 opportuna
1159 459 1304 486 occasione
1316 462 1343 485 et
1358 466 1391 485 ex
1409 459 1543 486 industria
1560 460 1586 486 id
1610 460 1712 494 negotii

931 503 1091 537 snseiperet.
1112 503 1189 535 Quod
1206 508 1296 530 autem
1309 504 1342 530 ad
1355 503 1473 531 litteram
1487 505 1595 537 attinet,
1609 506 1649 533 sic
1663 514 1712 533 ex-

931 549 995 582 poni
1022 552 1120 583 potest,
1142 549 1297 583 oportuisse
1321 554 1350 575 ut
1370 549 1416 583 qui
1441 550 1532 577 crucis
1551 551 1713 585 supplicium

930 593 982 619 sibi
996 593 1165 620 subeundum
1178 594 1425 628 essejudicaverat,
1439 593 1462 619 is
1474 599 1598 621 servaret
1608 602 1640 622 ea
1655 603 1714 629 qum

931 638 1084 671 huiusmodi
1099 639 1229 673 propositi
1243 639 1411 666 consectaria
1433 644 1528 672 erant;
1546 641 1657 674 proinde
1672 649 1715 668 se-

931 684 1061 718 peliretur
1075 689 1103 710 ut
1115 684 1205 716 homo,
1228 684 1273 718 qui
1297 685 1458 712 interfectos
1471 686 1558 712 fuerat
1576 691 1604 712 nt
1617 687 1714 717 homo,

930 733 958 755 et
973 732 1001 755 ut
1016 729 1097 756 homo
1113 733 1235 756 mortuus
1252 729 1348 756 fuerat.
1366 729 1420 757 Sed
1437 730 1569 765 ﬁngamus
1584 731 1716 765 scriptum

932 773 958 800 in
968 773 1123 810 Evangeliis
1138 774 1232 806 fuisse,
1247 775 1336 802 subito
1348 776 1421 802 illum
1431 783 1536 804 ecruce
1551 777 1714 804 evanuisse:

932 819 1110 847 nihilominus
1120 824 1146 847 et
1163 820 1188 847 id
1200 820 1226 847 in
1246 821 1343 848 malam
1353 826 1457 855 partem
1474 822 1644 857 accepissent
1655 823 1716 850 Cel-

931 873 978 892 sus
991 869 1018 892 et
1032 866 1077 893 alii
1090 866 1378 894 increduli.Dixissent
1392 867 1576 895 calumniandi
1600 869 1691 895 animo
1706 877 1713 894 :

933 918 942 935 ι
962 908 1015 936 Cur
1031 915 1091 944 post
1108 911 1269 944 supplicium
1281 911 1410 938 evanuit?
1425 919 1472 938 eur
1488 919 1552 944 non,
1569 917 1714 946 antequam

931 956 1114 990 pateretur?»
1133 957 1160 984 Si
1183 964 1248 992 ergo
1272 956 1418 991 Evangelia
1432 976 1440 990 ,
1465 958 1536 985 unde
1562 957 1716 985 didicerunt

932 1000 1006 1027 illum
1017 1008 1032 1027 e
1049 1008 1130 1028 cruce
1143 1009 1195 1029 non
1209 1002 1299 1029 subito
1315 1002 1471 1035 evanuisse,
1485 1003 1611 1030 incusare
1624 1011 1654 1031 se
1667 1012 1716 1038 pu-

933 1051 992 1073 tant
1006 1054 1095 1081 posse,
1109 1055 1168 1080 quae
1183 1052 1281 1080 tamen,
1295 1049 1367 1082 quod
1385 1055 1449 1075 vere
1462 1048 1562 1075 factum
1577 1054 1629 1082 est.
1644 1050 1716 1076 refe-

933 1095 1005 1122 runt,
1020 1099 1069 1118 nec
1081 1092 1195 1127 ﬁngunt,
1212 1093 1284 1120 utilli
1297 1093 1384 1121 satius
1392 1093 1511 1121 futurum
1526 1094 1610 1122 fuisse
1619 1095 1716 1122 existi-

932 1141 1018 1168 mant,
1033 1137 1107 1165 illum
1125 1138 1269 1165 evanuisse
1286 1139 1379 1166 subito
1393 1146 1409 1166 e
1424 1146 1525 1172 cruce;
1543 1139 1626 1175 440
1649 1148 1716 1175 quo-

932 1183 1012 1210 modo
1025 1192 1077 1210 non
1088 1192 1194 1218 mquam
1210 1184 1290 1217 fuerit
1301 1192 1348 1212 eos
1360 1185 1419 1219 ejus
1431 1186 1622 1213 resurrectiOni
1636 1186 1715 1214 fidem

931 1230 1092 1265 adiungere;
1117 1232 1232 1258 credere
1260 1232 1341 1259 etiam
1368 1231 1456 1263 illum,
1483 1233 1592 1266 quando
1620 1232 1714 1263 voluit,

934 1275 1013 1302 modo
1024 1276 1050 1302 in
1066 1276 1155 1303 medio
1165 1277 1360 1310 discipulorum
1372 1279 1492 1311 stetisse,
1507 1278 1612 1305 tametsi
1626 1278 1716 1312 jauua:

933 1322 1032 1349 clausa:
1057 1325 1165 1354 essent;
1180 1325 1259 1350 modo
1273 1328 1399 1358 porrecto
1415 1324 1523 1351 duobus
1536 1331 1551 1351 c
1563 1324 1621 1351 suis
1638 1323 1718 1351 fanti-

933 1367 1047 1394 liaribus
1058 1375 1139 1401 pane,
1155 1369 1300 1403 habitoque
1316 1369 1460 1404 colloquio,
1475 1377 1507 1396 ex
1519 1369 1606 1396 oculis
1621 1376 1715 1396 eorum

933 1414 1096 1441 evanuisse?

969 1457 1012 1485 70.
1030 1458 1066 1485 At
1079 1458 1150 1485 unde
1161 1458 1230 1486 Celsi
1241 1458 1334 1487 Iudaeo
1345 1460 1372 1486 in
1386 1464 1503 1486 mentem
1521 1459 1596 1486 venit
1613 1459 1716 1490 dicere,

895 1517 917 1545 ο
934 1503 1056 1531 latitasse
1065 1502 1176 1530 Jesum?
1190 1503 1236 1531 Sic
1249 1505 1321 1531 enim
1337 1505 1382 1532 ille
1396 1513 1403 1531 :
1419 1513 1429 1530 ι
1447 1505 1546 1539 Ecquis
1571 1504 1717 1539 aliquando

935 1550 1035 1578 missus
1054 1550 1169 1585 legatus,
1194 1557 1255 1577 cum
1278 1551 1435 1577 renuntiare
1452 1551 1579 1577 mandata
1593 1550 1716 1583 deberet,

935 1595 1055 1623 latebras
1080 1596 1225 1630 quaesivit?
1242 1605 1252 1621 ι
1270 1595 1322 1623 Nec
1339 1596 1411 1622 enim
1436 1595 1562 1630 quaesivit
1586 1595 1715 1629 latebras,

934 1640 980 1674 qui
997 1641 1228 1675 comprehendere
1251 1641 1435 1675 quaerentibus
1450 1640 1558 1668 dicebat
1572 1647 1580 1666 :
1598 1648 1608 1666 ι
1623 1640 1717 1674 Quoti-

934 1685 978 1713 die
992 1693 1068 1713 eram
1080 1686 1107 1713 in
1119 1686 1218 1720 templo
1231 1686 1317 1714 libere
1334 1686 1444 1719 docens,
1457 1691 1485 1714 et
1498 1694 1550 1714 non
1568 1694 1611 1714 me
1626 1686 1716 1713 tenui-

934 1730 984 1757 stis
999 1730 1032 1757 ".
1050 1739 1060 1756 ι
1076 1731 1117 1758 Ad
1133 1731 1159 1757 id
1173 1732 1245 1766 quod
1260 1732 1394 1766 sequitur,
1415 1731 1478 1765 quia
1497 1731 1552 1765 jam
1569 1735 1632 1758 ante
1643 1731 1718 1765 obje-

935 1781 1008 1804 ctum
1032 1783 1047 1803 a
1069 1776 1149 1804 Celso
1175 1776 1275 1808 fuerat,
1294 1783 1456 1810 responsum
1480 1781 1532 1803 est.
1548 1776 1620 1804 Satis
1636 1777 1719 1811 igitur

935 1822 1036 1850 fuerint
1052 1830 1111 1857 qua:
1124 1827 1186 1849 ante
1208 1823 1280 1850 dicta
1299 1826 1376 1849 sunt.
1396 1814 1465 1848 Nam
1488 1822 1514 1849 in
1531 1823 1718 1856 superioribus

935 1869 1007 1896 istud
1033 1868 1169 1896 confutavi
1186 1875 1192 1893 :
1212 1876 1221 1892 ι
1241 1868 1280 1894 An
1306 1867 1379 1901 quia,
1395 1867 1458 1894 dum
1483 1867 1509 1894 in
1526 1872 1717 1901 corporeerat,

935 1914 1037 1941 nemini
1064 1913 1181 1941 faciebat
1204 1912 1297 1944 ﬁdem,
1314 1919 1379 1938 suas
1398 1912 1524 1939 omnibus
1538 1912 1571 1939 ad
1587 1919 1716 1939 nauseam

935 1960 1080 1988 conciones
1092 1959 1223 1991 obtrusit;
1237 1958 1299 1993 quia
1314 1964 1405 1985 autem
1416 1965 1432 1985 e
1444 1959 1559 1986 mortuis
1572 1960 1718 1987 suscitatus

934 2006 1112 2042 persuaderet
1124 2005 1280 2037 eﬂicacitet‘,
1296 2005 1342 2032 uni
1369 2005 1534 2032 muliercula:
1551 2005 1658 2040 suisque
1671 2013 1717 2032 so-

935 2052 1041 2080 dalibus
1054 2052 1123 2079 clam
1142 2052 1286 2078 videndum
1309 2058 1340 2078 se
1357 2051 1489 2086 praebuit?
1506 2061 1515 2078 ι
1534 2052 1601 2079 Nam
1618 2052 1718 2079 falsum

935 2101 976 2124 est
999 2097 1074 2124 illum
1091 2103 1121 2124 se
1145 2096 1190 2123 uni
1209 2096 1377 2124 mulierculae
1390 2096 1534 2123 videndum
1558 2096 1717 2131 praebuisse.

935 2142 1003 2169 Nam
1023 2143 1049 2169 in
1075 2141 1223 2176 Evangelio
1242 2142 1391 2169 secundum
1417 2141 1573 2169 Matthxum
1589 2142 1718 2176 scriptum

938 2194 1000 2216 est:
1019 2198 1028 2214 ι
1042 2189 1160 2223 Vespere
1171 2187 1293 2220 Sabbati,
1307 2195 1367 2222 qua:
1382 2187 1496 2214 lucescit
1507 2187 1533 2214 in
1549 2187 1635 2221 prima
1650 2187 1721 2215 Sab-

937 2234 1005 2267 bati,
1019 2235 1095 2262 venit
1110 2234 1194 2262 Maria
1210 2233 1368 2269 Magdalene
1381 2238 1409 2261 et
1423 2233 1506 2260 altera
1525 2232 1611 2260 Maria
1627 2232 1720 2260 videre

937 2281 1110 2315 sepulcrum;
1124 2285 1151 2308 et
1159 2287 1224 2308 ecce
1241 2284 1321 2307 terrae
1336 2285 1425 2308 motus
1441 2280 1528 2307 factus
1540 2284 1720 2314 estmagnus:

938 2327 1052 2361 angelus
1061 2326 1134 2354 enim
1149 2326 1254 2353 Domini
1270 2326 1408 2353 descendit
1423 2327 1456 2352 de
1470 2326 1540 2353 coelo
1550 2331 1578 2353 et
1590 2327 1722 2354 accedens

938 2371 1052 2398 revolvit
1063 2370 1180 2405 lapidem
1195 2371 1227 2398 ".
1243 2379 1252 2396 ι
1263 2370 1295 2397 Ει
1307 2375 1368 2404 post
1382 2378 1465 2404 pauca
1477 2370 1618 2398 Mattheus
1631 2370 1720 2398 idem:

941 2427 950 2443 ι
963 2417 997 2445 Et
1007 2424 1070 2445 ecce
1083 2416 1162 2445 Jesus
1176 2417 1298 2444 occurrit
1313 2416 1380 2449 illis;
1392 2426 1401 2442 ι
1416 2417 1524 2451 quando
1536 2416 1628 2443 Mariis
1642 2417 1722 2443 modo

939 2465 1088 2492 nominatis
1102 2464 1194 2491 dixit:
1215 2472 1224 2489 ι
1245 2464 1338 2491 Avete.
1363 2463 1418 2490 Illae
1433 2468 1523 2490 autem
1548 2467 1723 2489 accesserunt

939 2517 967 2539 et
993 2515 1138 2539 tenuerunt
1154 2511 1235 2545 pedes
1260 2510 1331 2545 ejus,
1345 2513 1373 2536 et
1385 2509 1571 2537 adoraverunt
1583 2515 1644 2536 eum
1656 2507 1692 2533 ³³.
1711 2516 1720 2533 ι

906 2578 982 2610 ibid.,
1000 2578 1016 2604 9

972 2635 1028 2671 (l0)
1043 2635 1112 2661 ποτε
1125 2633 1183 2671 μέν
1206 2634 1452 2671 ὴιξιστεῖτοηειοη
1472 2633 1525 2671 ore
1540 2633 1583 2663 δέ.
1607 2637 1660 2671 et_c.
1678 2633 1724 2671 S_i_c

937 2667 1002 2697 mss.
1019 2667 1112 2696 'rec.e.
1126 2667 1220 2699 'Alias,
1243 2669 1284 2694 ὅτι
1308 2669 1522 2704 μὲνῗῂπιστεῖτο,
1544 2674 1610 2701 etc.,
1628 2667 1722 2704 ὅτινδέ,

937 2711 991 2732 etc.
1008 2704 1079 2731 Infra
1095 2711 1190 2739 omnes
1206 2710 1282 2735 mss.,
1299 2703 1419 2738 κρύϐδην
1432 2703 1623 2739 παρεφαίνετο.
1637 2703 1722 2736 Alias,

937 2739 1063 2775 κρύϐδην
1073 2738 1271 2775 περιφαίνεται.

974 2772 1148 2807 (ΙιΥΟηιηεε
1160 2780 1238 2805 mss.,
1251 2772 1414 2808 ὑπήντησεν.
1425 2772 1595 2801 Hmschelius
1602 2778 1630 2801 et
1640 2773 1724 2808 Spen-

937 2817 1016 2837 cerus
1043 2808 1204 2843 έπήντησεν.

1550 2887 1591 2916 ῑὶξ)
