1843 3097
95 176 146 206 909

95 237 274 265 συναναϐᾶσιν
291 237 374 273 αὐτῷ.
403 238 456 265 Καὶ
479 237 532 274 γὰρ
546 237 654 272 τοιαύτη
683 238 755 264 ἐστὶν
778 238 794 272 ἠ
823 237 881 263 θεία

94 284 182 319 φωνὴ,
193 283 348 319 ἁκουομένη
358 283 446 318 μόνοις
456 283 577 315 ἐκείνοις,
585 283 631 314 οὒς
639 282 760 317 βούλεται
770 282 878 309 ἀκούειν

93 330 108 356 ὁ
121 329 218 363 λέγων.
232 329 343 355 Οὐδέπω
366 328 394 354 δὲ
408 328 489 362 λέγω,
503 329 543 355 ὅτι
564 328 594 354 οὐ
613 328 721 359 πάντως
740 328 814 354 ἐστὶν
825 327 879 362 ἀὴρ

95 373 295 408 πεπληγμένος·
311 373 328 408 ἢ
344 373 434 408 πληγὴ
449 373 538 408 ἀέρος,
553 373 569 407 ἢ
586 373 598 399 ὅ
616 381 642 399 τι
657 373 721 399 ποτὲ
734 373 840 406 λέγεται
851 373 879 398 ἐν

94 420 151 450 τοῖς
171 418 235 454 “napi.
255 418 347 452 φωνῆς
368 418 384 453 ἡ
406 417 615 453 ἁναγραφομένη
640 418 714 452 φωνὴ
730 416 777 443 τοῦ
795 415 877 442 Θεοῦ”

95 463 191 498 διόπερ
202 464 236 498 τῇ
249 463 380 499 κρείττονι
392 463 441 498 τῆς
454 463 587 498 αἰσθητῆς
598 463 683 498 ἀκοῆς
697 463 742 489 καὶ
758 462 880 497 θειοτέρα

94 507 234 534 ἀκούεται.
249 508 304 534 Καὶ
318 507 386 534 ὲπὰν
402 507 528 543 βούληται
544 509 558 534 ὁ
571 507 657 542 λέγων
673 507 709 542 μὴ
724 508 804 533 πᾶσιν
820 506 881 539 ἑξά-

95 562 209 579 κουστον
236 552 306 579 εἶναι
330 553 381 589 τὴν
403 553 498 580 ἑαυτοῦ
524 553 624 588 φωνὴν,
646 554 660 579 ὁ
683 553 732 588 μὲν
755 553 824 588 ἔχων
846 552 881 578 τὰ

95 598 238 633 κρείττονα
256 595 313 625 ὦτα
329 599 420 625 ἀκούει
442 598 549 633 Θεοῦ,λὸ
567 599 595 625 δὲ
618 598 815 633 κεκωφωμένος
832 597 880 632 τὴν

95 643 147 678 τῆς
164 643 251 678 ψυχῆς
273 643 356 681 ἀκοὴν
380 643 538 677 ἀναισθητεῖ
552 643 676 678 λέγοντος
695 641 773 669 Θεοῦ.
789 642 881 669 Ταῦτα

98 689 148 723 μὲν
163 689 206 715 διὰ
214 689 255 720 τὸ,
267 698 275 714 ι
285 689 317 714 Τί
328 688 441 723 ἠκούετό
453 690 469 723 ἡ
486 689 514 721 ἐξ
528 688 641 723 οὐρανοῦ
653 688 738 723 φωνὴ,
752 688 768 723 ἡ
782 688 882 723 κηρύτ-

95 743 181 761 τουσα
194 734 273 760 αὑτὸν
290 734 352 760 rem
364 733 448 766 Θεοῦ;
465 744 473 760 ι
489 735 528 765 εἰς
542 733 569 760 δὲ
578 734 617 765 τὸ,
629 743 638 759 ‹
650 734 681 760 Εἰ
695 734 745 760 οὐκ
760 734 882 760 ἐϐούλετο

94 780 245 811 λανθάνειν,
256 780 282 806 τί
293 780 449 812 ὲκολάζετο;
464 780 480 815 ἢ
495 780 522 806 τί
533 779 718 815 ἀπέθνησκεν;
734 789 742 805 ι
757 780 837 815 ἀρκεῖ
848 780 882 806 τὰ

95 825 218 861 περὶτοῦ
236 825 336 857 πάθους
358 827 421 861 ἡμῖν
444 825 487 852 διὰ
503 824 631 852 πλειόνων
645 826 672 852 ἐν
687 826 742 857 τοῖς
754 825 883 861 ἀνωτέρω

94 871 256 906 λελεγμένα.

139 916 288 943 Ἐκτίθεται
316 916 344 943 δὲ
375 917 442 951 μετὰ
457 915 542 943 ταῦτα
565 917 578 943 ὁ
595 915 697 943 Κέλσου
710 915 833 946 Ἰουδαῖος
849 915 886 946 ὼς
902 914 923 941 Β

95 961 240 989 ἀκόλουθον
259 962 289 988 τὸ
313 962 349 997 μὴ
371 961 524 988 ἀκόλουθον·
548 962 578 988 οὺ
599 962 651 996 γὰρ
674 961 813 988 ἀκολουθεῖ
830 960 877 995 τῷ,

102 1006 248 1041 Ἠθέλησεν
265 1007 338 1042 ἡμᾶς
350 1006 383 1032 δι’
399 1003 435 1033 ὧν
450 1006 564 1033 πέπονθε
575 1006 709 1033 κολάσεων
722 1006 824 1039 διδάξαι
836 1006 882 1032 καὶ

95 1050 212 1076 Θανάτου
232 1052 420 1086 καταφρονεῖν,
439 1051 479 1082 τὸ,
502 1051 665 1077 Ἀναστάντα
682 1051 761 1077 αὐτὸν
784 1051 816 1077 ἐκ
838 1060 881 1078 νε-

94 1095 172 1131 κρῶν
188 1096 310 1132 φανερῶς
325 1097 365 1127 εἰς
383 1096 439 1130 φῶς
459 1096 571 1123 καλέσαι
587 1096 689 1127 πάντας
705 1096 752 1123 καὶ
766 1095 880 1128 διδάξαι,

93 1139 126 1168 οὗ
139 1143 219 1177 χάριν
237 1142 420 1177 κατεληλύθει.
432 1143 479 1173 Εἰς
489 1142 546 1176 φῶς
555 1142 608 1178 γὰρ
623 1142 753 1178 πρότερον
770 1142 881 1168 ἐκάλεσε

93 1187 210 1219 πάντας,
227 1187 320 1214 εἰπών·
339 1197 348 1212 ί
360 1187 441 1214 Δεῦτε
455 1188 554 1219 πάντες
569 1188 594 1214 οἱ
611 1187 760 1220 κοπιῶντες
775 1189 820 1214 καὶ
835 1197 882 1214 πε-

94 1232 280 1267 φορτισμένοι,
297 1231 374 1266 κάγὼ
390 1232 539 1258 ἀναπαύσω
559 1232 640 1267 ὑμᾶς,
652 1242 661 1257 ι
681 1233 735 1259 Καὶ
755 1230 786 1259 οὗ
801 1232 882 1268 χάριν

93 1277 275 1312 κατελήλυθεν
287 1268 491 1316 ἀναγέγραπται
502 1277 531 1303 ὲν
546 1275 585 1308 οἷς
600 1277 737 1312 ἀποτάδην
753 1277 881 1312 κεκίνηκε

93 1322 188 1356 λόγοις
207 1323 234 1349 ὲν
251 1324 442 1359 μακαρισμοϊς,
466 1323 512 1350 καὶ
534 1324 592 1354 τοῖς
608 1322 671 1359 ἑξῆς
686 1324 776 1355 αὐτοῖς
793 1324 881 1358 ἀπαγ-

93 1367 277 1402 γελλομένοις,
295 1368 342 1394 καὶ
366 1369 393 1394 ὲν
414 1368 591 1403 παραϐολαῖς,
611 1369 658 1396 καὶ
680 1369 708 1396 ἐν
733 1371 792 1401 ταῖς
815 1370 882 1406 προς

92 1415 159 1446 τοὺς
170 1414 343 1450 γραμματεῖς
355 1414 401 1440 κα)⁸
413 1415 574 1450 Φαρισαίους
588 1415 715 1450 ὁμιλίαις.
726 1416 762 1442 Τὸ
772 1416 800 1442 δὲ
813 1416 882 1442 κατὰ

100 1460 228 1495 Ἰωάννην
243 1459 299 1495 (18)
316 1460 475 1494 Εὐαγγέλιον
492 1460 541 1487 ὅσα
554 1461 681 1494 ἐδίδαξεν,
696 1461 815 1488 ἔκκειται
826 1470 881 1495 πα-

93 1506 226 1541 ριστάντα
239 1507 286 1541 τὴν
306 1505 394 1542 Ἰησοῦ
406 1506 456 1532 οὐκ
471 1507 498 1532 ἐν
513 1506 627 1538 λέξεσιν,
637 1507 693 1533 ἀλλ’
702 1508 730 1533 ἐν
739 1508 881 1543 πῄγμασι

94 1551 309 1588 μεγαλοφωνίαν·
327 1552 374 1578 καὶ
393 1551 471 1586 δῆλός
488 1552 561 1578 ἐστιν
579 1553 610 1579 ἐκ
629 1552 683 1579 τῶν
699 1553 880 1587 Εὑαγγελίων,

691 175 828 203 CONTRA
847 174 984 203 CELSUM
1002 175 1065 202 LIB.
1087 176 1118 203 ll.

1659 176 1710 203 910

897 241 918 269 Α
934 245 986 264 vox
1003 245 1016 263 a
1033 237 1097 264 solis
1113 236 1166 263 illis
1184 237 1301 269 auditur,
1323 244 1337 263 a
1363 235 1462 271 quibus
1483 235 1571 262 audiri
1590 237 1647 263 vult
1662 239 1708 271 qui

930 281 1059 316 loquitur.
1074 281 1107 309 Ul
1122 281 1228 308 interim
1246 282 1450 316 prattermittam
1465 282 1533 308 hanc
1551 282 1598 309 Dei
1614 291 1708 312 vocem

930 335 983 354 non
1000 334 1059 355 esse
1080 331 1126 354 21η
1146 335 1302 361 ρθῐειιςδιηιι
1325 334 1426 359 acrem,
1445 332 1491 354 aut
1506 329 1710 361 percussionem

930 371 1012 403 aeris,
1028 375 1074 398 aut
1089 370 1221 405 quidquid
1238 370 1310 397 aliud
1327 371 1360 397 de
1385 371 1458 397 vocis
1478 377 1574 398 natura
1589 372 1641 399 dici
1663 380 1706 399 so-

930 415 976 443 let.
996 415 1072 442 Unde
1088 414 1118 441 ﬁt
1144 419 1174 442 ut
1193 422 1244 441 non
1261 414 1384 441 audiatur
1401 415 1450 442 nisi
1466 416 1499 442 ab
1512 423 1556 448 eo,
1571 418 1617 450 qui
1642 423 1711 450 prat-

930 460 1061 488 slantiore
1080 460 1184 492 auditu,
1201 467 1282 493 quam
1297 465 1336 487 est
1351 461 1429 494 hujus
1445 462 1578 495 corporis,
1594 462 1710 489 divinio-

931 513 1013 540 reque
1037 506 1166 540 prteditus
1189 510 1287 532 estzet
1303 513 1363 532 cum
1388 505 1457 533 Deus
1479 514 1531 533 non
1555 507 1611 534 vult
1632 516 1708 535 suam

931 553 1056 580 omnibus
1072 551 1158 578 audiri
1177 559 1281 583 vocem,
1298 551 1341 578 ille
1355 551 1428 578 solus
1447 553 1547 584 audiat,
1564 554 1609 587 qui
1633 555 1710 581 audi-

933 603 988 625 tnrn
1004 597 1078 624 illltm
1095 597 1312 632 praestantiorem
1330 596 1427 629 habet;
1445 597 1488 624 ille
1503 605 1565 625 vero
1582 607 1633 626 non
1647 608 1711 634 per—

931 642 1013 677 cipiat
1030 642 1076 676 qui
1097 642 1192 668 surdas
1210 644 1306 668 anima:
1332 649 1412 668 aures
1435 642 1525 670 habet.
1548 643 1633 677 Atque
1655 645 1712 672 haec

931 692 1024 714 contra
1042 687 1131 714 istud:
1148 687 1302 720 «Quorsum
1317 688 1408 714 audita
1429 695 1482 714 vox
1500 695 1515 715 e
1531 689 1600 716 coelo
1616 693 1665 721 est,
1682 690 1712 716 il-

932 732 985 758 lum
1005 733 1050 759 Dei
1066 732 1162 759 Filium
1185 733 1373 766 praedicans?»
1389 732 1464 766 Quod
1480 733 1604 767 sequitur
1620 744 1625 761 :
1641 743 1649 759 ι
1665 735 1713 761 Sin

932 781 1021 802 autem
1044 777 1203 804 delitescere
1225 777 1320 809 noluit,
1346 785 1395 804 cur
1418 777 1560 812 suppliciis
1589 778 1712 811 affectus,

932 829 981 849 cur
995 827 1116 848 mortuus
1139 822 1218 849 est?)
1244 822 1312 849 satis
1339 822 1476 856 repulsum
1499 827 1552 856 est,
1576 831 1637 850 cum
1655 824 1714 853 fuse
1758 819 1762 822 ’

933 875 1013 901 supra
1031 867 1062 893 de
1078 869 1136 900 ejus
1153 867 1277 901 passione
1295 867 1450 901 agebamus.

973 913 1017 940 75.
1036 913 1081 940 llis
1095 913 1233 948 subjungit
1248 912 1316 939 Celsi
1328 912 1436 941 Juda-us
1452 914 1527 948 quasi
1545 922 1599 941 rem
1615 923 1713 942 conse-

935 962 1072 992 quentem,
1090 965 1148 992 quae
1173 963 1261 984 tamen
1285 958 1394 984 minime
1415 960 1599 994 Consequitur.
1620 961 1714 995 Neque

934 1003 1017 1035 cuim,
1033 1003 1160 1037 (“neniam
1176 1002 1260 1030 voluit
1286 1007 1314 1029 ut
1338 1011 1371 1030 ex
1392 1004 1541 1039 suppliciis,
1567 1014 1627 1040 quat
1650 1014 1712 1041 per-

936 1047 1006 1080 tulit,
1022 1052 1135 1074 mortem
1158 1053 1330 1074 contemnere
1345 1048 1509 1076 disceremus
1522 1071 1529 1083 ,
1545 1058 1715 1086 consequens

935 1097 986 1124 est,
1002 1097 1031 1119 ut
1046 1093 1187 1119 emortuis
1208 1093 1341 1120 excitatus
1363 1094 1487 1122 debuerit
1509 1095 1596 1130 palam
1620 1105 1714 1125 omnes

935 1139 967 1165 ad
980 1138 1066 1166 lucem
1078 1146 1175 1166 vocare
1188 1144 1215 1166 et
1228 1140 1335 1172 docere,
1349 1140 1426 1174 cujus
1440 1142 1477 1168 rei
1490 1149 1570 1169 causa
1586 1143 1712 1171 vertisset.

935 1183 1001 1210 Nam
1016 1184 1133 1218 primum
1149 1184 1254 1210 vocavit
1273 1185 1305 1210 ad
1323 1184 1408 1212 lucem
1426 1193 1530 1218 omnes,
1545 1194 1605 1214 cum
1624 1188 1691 1214 dixit
1705 1197 1711 1214 :

938 1229 1061 1261 «Venite,
1070 1228 1151 1265 442
1159 1237 1252 1257 omnes
1264 1230 1446 1264 quilaboratis
1454 1232 1590 1259 etonerati
1604 1234 1679 1266 estis,
1687 1239 1716 1261 et

934 1283 984 1310 ego
1001 1275 1117 1302 reﬁciam
1133 1275 1236 1302 vos".i
1255 1275 1287 1302 Et
1301 1276 1378 1310 cujus
1399 1284 1481 1304 causa
1498 1278 1615 1312 venerit,
1638 1279 1713 1306 Scri-

935 1324 1012 1355 ptura
1033 1320 1162 1355 explicat,
1185 1321 1243 1348 sive
1256 1329 1316 1348 cum
1335 1328 1500 1355 sermonem,
1513 1330 1592 1358 quem
1610 1324 1666 1358 ille,
1686 1331 1715 1352 et

935 1367 1040 1401 prolixe
1063 1366 1183 1401 quidem,
1200 1366 1263 1393 fecit
1280 1366 1312 1393 de
1328 1367 1548 1400 beatitudinibus,
1574 1369 1630 1396 sive
1651 1377 1712 1397 cum

935 1419 995 1445 quae
1010 1417 1068 1445 post
1085 1411 1158 1437 illum
1173 1418 1325 1439 sermonem
1342 1413 1413 1439 dicta
1431 1418 1503 1446 sunt,
1520 1414 1577 1442 sive
1592 1422 1651 1442 cum
1664 1424 1713 1450 pa-

935 1456 1052 1488 rabolas,
1072 1457 1128 1484 sive
1144 1458 1250 1484 tandem
1266 1457 1399 1492 colloquia
1420 1466 1481 1485 cum
1496 1460 1594 1488 scribis
1604 1466 1630 1488 et
1641 1461 1713 1488 Pha-

936 1502 1022 1530 risaeis
1045 1502 1134 1529 habita
1157 1508 1363 1530 commemorat.
1382 1504 1599 1540 EtEvangclium
1616 1515 1714 1534 secun-

936 1548 999 1574 dum
1021 1547 1152 1574 Joannem
1179 1549 1251 1582 quod
1272 1548 1353 1576 Jesus
1375 1549 1507 1584 docuerit,
1528 1557 1714 1586 repraesentat,

91 1598 138 1624 ὅτι
153 1598 200 1624 καὶ
213 1598 242 1624 ὲν
254 1596 363 1633 ἐξουσίᾳ
378 1595 411 1633 ἦν
424 1599 438 1624 ὁ
449 1597 526 1632 λόγος
543 1597 634 1631 αὑτοῦ,
653 1598 696 1632 ἐφ’
705 1595 728 1632 ᾧ
741 1599 787 1625 καὶ
802 1598 880 1625 ἐθαύ-

971 1600 1045 1627 Isquc
1056 1593 1324 1628 magniloquentiam,
1334 1601 1393 1628 quae
1407 1595 1432 1621 in
1447 1595 1526 1623 rebus
1536 1598 1621 1632 magis
1633 1605 1713 1632 quam

93 1642 194 1679 μαζον.

131 1775 188 1802 Καὶ
211 1774 276 1801 πᾶσί
305 1783 336 1808 γε
357 1774 461 1806 τούτοις
472 1775 593 1810 ἐπιλέγει
606 1777 619 1802 ὸ
630 1775 734 1803 Κέλσου
747 1777 880 1808 Ἰουδαῖος·

97 1829 107 1845 ι
121 1819 215 1845 Ταῦτα
234 1820 281 1854 μὲν
295 1817 340 1846 οὖν
353 1820 416 1855 ὑμῖν
432 1821 463 1847 ὲκ
482 1820 535 1846 τῶν
547 1821 684 1856 ὑμετέρων
701 1822 883 1857 συγγραμμά-

92 1874 161 1898 των,
175 1865 217 1899 ἐφ’
235 1864 274 1896 οἷς
287 1865 393 1897 οὐδενὸς
404 1865 482 1892 ἄλλου
498 1866 634 1901 μάρτυρος
649 1866 792 1902 χρῄζομεν·
808 1867 884 1893 αὐτοὶ

94 1911 152 1946 γὰρ
167 1911 271 1942 ἑαυτοῖς
295 1912 481 1946 περιπίπτετε.
494 1922 503 1937 )
529 1912 695 1947 Ἦλέγξαμεν
709 1912 731 1938 δ’
750 1913 790 1939 ὅτι
809 1912 884 1948 παρὰ

93 1956 130 1983 τὰ
156 1956 277 1992 ἡμέτερα
298 1956 352 1982 τῶν
376 1956 548 1991 Εὐαγγελίων
572 1957 774 1992 συγγράμματα
800 1957 884 1984 πολλὰ

94 2001 285 2037 πεφλυάρηται
308 2002 335 2028 ὲν
357 2003 413 2033 τοῖς
439 2002 485 2028 τοῦ
517 2002 643 2029 Ἰουδαίου
667 2002 723 2028 εἴτε
748 2002 817 2037 πρὸς
839 2002 884 2029 τὸν

99 2046 206 2082 Ίησοῦν
220 2047 275 2073 εἴτε
291 2047 357 2083 πρὸς
375 2048 448 2082 ἡμᾶς
461 2047 558 2080 λόγοις.
578 2048 631 2073 Καὶ
647 2048 696 2082 οὐχ
707 2046 826 2083 ἡγοῦμαί
840 2056 882 2081 γε,

91 2092 135 2118 ὅτι
165 2091 331 2126 παρέστησε,
358 2091 415 2121 πῶς
441 2092 519 2125 ἡμεῖς
541 2091 645 2122 ἑαυτοῖς
672 2090 882 2126 περιπίπτομεν

91 2136 165 2164 ἀλλὰ
177 2136 254 2171 μόνον
263 2137 358 2163 οἴεται.
378 2137 453 2163 Ἐπεὶ
463 2137 491 2163 δὲ
502 2136 661 2172 προστίθησι
672 2137 775 2168 τούτοις
788 2137 802 2162 ὁ
822 2137 884 2162 ἰου-

91 2182 170 2213 δαῖος
184 2181 276 2213 αὐτοῦ,
290 2182 331 2207 ὄτι
346 2182 423 2212 ὅλως,
439 2191 448 2207 ι
463 2180 498 2207 1'ﬂ
513 2182 629 2216 ’Ύψιστε
646 2183 692 2208 καὶ
708 2181 826 2217 οὺράνιε,
842 2181 883 2212 τίς

92 2228 163 2259 Θεὸς
190 2227 284 2263 παρὼν
311 2228 351 2259 εὶς
374 2227 532 2263 ἀνθρώπους
557 2228 749 2259 ἁπιστεῖται;›
775 2227 882 2253 λεκτέον

93 2273 164 2308 πρὸς
179 2273 260 2299 αὐτὸν
276 2273 317 2299 ὃτι
341 2273 388 2299 καὶ
409 2272 478 2299 κατὰ
500 2273 545 2299 τὸν
565 2273 704 2303 Μωῦσέως
723 2273 804 2308 νόμον
817 2272 882 2303 Θεὸς

92 2317 282 2353 ἐναργέστατα
308 2317 520 2352 παραγεγονέναι
545 2318 599 2348 τοῖς
628 2316 761 2351 Ἐὸραίοις
784 2317 881 2350 ἀναγε-

91 2363 266 2398 γραμμένος,
287 2362 317 2388 οὑ
345 2363 422 2397 μόνον
444 2362 513 2389 κατὰ
529 2362 564 2388 τὰ
587 2364 615 2388 ἐν
637 2362 765 2396 Αἰγύπτῳ
783 2363 882 2396 σημεῖα

92 2410 142 2435 καὶ
157 2409 270 2445 τέρατα,
286 2408 326 2434 ἔτι
346 2408 374 2434 δὲ
395 2408 444 2442 τὴν
460 2408 544 2434 δίοδον
560 2408 610 2441 τῆς
629 2407 760 2444 Ἐρυθρᾶς
782 2407 881 2433 θαλάσ-

94 2463 157 2490 σης,
175 2454 222 2480 καὶ
236 2453 281 2479 τὸν
294 2452 387 2479 στύλον
406 2452 453 2478 τοῦ
471 2453 555 2488 πυρὸς
574 2453 620 2479 καὶ
641 2452 690 2488 τὴν
705 2452 817 2487 νεφέλην
833 2452 880 2479 τοῦ

93 2500 198 2534 φωτὸς,
220 2499 287 2526 ἀλλὰ
308 2501 353 2526 καὶ
371 2500 452 2535 ἡνίκα
482 2501 499 2534 ὴ
524 2499 668 2534 δεκάλογος
691 2499 743 2534 ὅλῳ
763 2498 802 2533 τῷ
826 2497 882 2533 λαῷ

93 2546 293 2581 ἀπηγγέλλετο,
318 2546 454 2581 ἠπιστήθη
479 2546 531 2572 ὑπὸ
556 2545 609 2571 τῶν
639 2545 756 2571 εἰδότων·
776 2545 826 2570 οὐκ
850 2543 883 2570 ἂν

93 2593 168 2627 γὰρ,
193 2592 365 2623 πιστεύοντες
388 2591 426 2626 τῷ
457 2592 604 2627 ἑωραμένῳ
634 2591 681 2618 καὶ
709 2590 882 2622 ἀκουσθέντι,

95 2639 198 2674 μόσχον
222 2637 434 2664 κατεσκεύασαν·
469 2647 478 2662 ι
489 2637 542 2663 οὐδ’
553 2647 562 2662 ι
596 2636 743 2672 ἠλλάξαντο
762 2636 793 2662 ἂν
810 2645 819 2660 ι
833 2635 881 2670 τὴν

91 2684 173 2717 δόξαν
185 2683 289 2710 ἑαυτῶν
301 2684 327 2709 ἐν
339 2682 490 2718 ὁμοιώματι
503 2683 602 2718 μόσχου
619 2683 750 2713 ἐσθίοντος
758 2681 862 2717 χόρτον.
870 2689 879 2706 ι

934 1638 961 1664 in
977 1637 1066 1664 verbis
1076 1639 1164 1672 posita
1180 1642 1249 1665 erat.
1264 1638 1334 1671 Quin
1350 1644 1376 1666 et
1392 1647 1424 1666 ex
1440 1641 1592 1676 Evangeliis
1609 1648 1716 1670 constat

934 1690 994 1709 eum
1012 1683 1128 1710 locutum
1143 1683 1225 1711 fuisse
1239 1684 1316 1719 quasi
1332 1690 1490 1720 potestatem
1502 1687 1625 1722 haberet,
1637 1689 1672 1716 ita
1685 1695 1715 1717 ut

935 1736 1029 1756 amnes
1046 1729 1244 1756 admirarentur
1253 1730 1285 1758 ".

969 1775 1013 1801 74.
1031 1774 1093 1801 llrcc
1107 1775 1198 1802 omnia
1210 1775 1250 1802 sic
1264 1775 1333 1803 Celsi
1349 1775 1457 1804 Judmus
1472 1778 1628 1807 concludit:
1647 1789 1656 1806 ι
1668 1781 1716 1808 At-

935 1827 986 1854 que
1001 1820 1058 1847 haec
1071 1820 1145 1847 vobis
1159 1828 1191 1847 ex
1208 1822 1305 1849 vestris
1321 1822 1439 1856 ipsorum
1456 1823 1605 1858 Seripturis
1619 1831 1714 1860 protu-

935 1864 1030 1898 limus;
1046 1869 1145 1899 praeter
1158 1873 1226 1900 quas
1244 1867 1316 1893 nullo
1330 1867 1384 1894 alio
1399 1873 1466 1895 teste
1480 1869 1558 1896 nobis
1573 1877 1640 1904 opus
1652 1870 1713 1898 fuit.

935 1910 986 1944 Ipsi
999 1911 1070 1937 enim
1087 1918 1133 1938 vos
1149 1916 1239 1938 vestro
1253 1911 1342 1945 gladio
1361 1913 1500 1947 jugulatis.
1512 1923 1521 1939 ›
1541 1914 1594 1942 Sed
1615 1915 1714 1949 proba-

936 1962 990 1983 tum
1005 1960 1046 1983 est.
1061 1955 1180 1983 Jndmnm
1196 1957 1279 1984 multa
1296 1962 1392 1985 contra
1407 1958 1499 1986 Jesum
1513 1964 1540 1988 et
1554 1965 1648 1988 contra
1664 1970 1714 1991 nos

934 2001 1074 2032 effutiissc,
1088 2010 1148 2036 qua}
1170 2009 1203 2028 ex
1228 2002 1382 2037 Evangeliis
1406 2005 1508 2032 nostris
1528 2012 1581 2032 non
1597 2006 1714 2035 duxerit.

934 2047 988 2074 Nec
999 2047 1116 2074 arbitror
1131 2048 1207 2074 illum
1223 2047 1357 2080 olfecisse,
1379 2050 1449 2083 quod
1469 2050 1519 2077 sibi
1537 2055 1624 2078 tamen
1639 2051 1715 2087 ﬁngit

936 2092 991 2126 ipse
1005 2092 1149 2124 somnium,
1167 2100 1215 2119 nos
1229 2097 1324 2119 contra
1340 2094 1522 2128 nosmetipsos
1541 2097 1713 2130 pugnavisse.

935 2136 1076 2163 Exclamat
1090 2137 1168 2170 paulo
1184 2142 1244 2171 post
1257 2137 1366 2165 Judams
1381 2147 1387 2165 :
1405 2148 1413 2164 ι
1425 2137 1564 2167 Altissimc
1582 2141 1713 2168 cmlorum

934 2182 1020 2208 Deus!
1036 2183 1096 2216 quis
1123 2182 1194 2209 Deus
1217 2183 1288 2209 inter
1313 2183 1435 2211 homines
1452 2190 1575 2212 versatus
1588 2194 1640 2213 non
1665 2187 1717 2214 im-

935 2227 1051 2261 petravit
1065 2227 1164 2253 tidem?
1175 2236 1184 2252 ι
1201 2223 1319 2261 Athtiod
1334 2229 1372 2255 sic
1381 2231 1586 2264 egorespondeo
1598 2240 1605 2258 :
1618 2230 1716 2260 Narrat

899 2262 922 2289 D
938 2271 1053 2299 Mosaica
1080 2271 1121 2298 lex
1143 2271 1226 2298 Deum
1248 2271 1368 2299 Hebraeis
1392 2262 1554 2307 prmsentem
1579 2275 1714 2311 adfuisse;

937 2324 1023 2351 neque
1041 2317 1125 2344 solum
1143 2325 1205 2345 cum
1218 2318 1244 2344 in
1261 2317 1376 2356 {Egypto
1390 2319 1466 2353 signa
1483 2323 1509 2346 et
1529 2321 1650 2355 prodigia
1669 2329 1716 2355 pa.

936 2364 1035 2396 trabat,
1052 2371 1111 2390 cum
1127 2371 1175 2397 per
1189 2371 1262 2390 mare
1273 2364 1394 2390 Rubrum
1408 2365 1549 2391 transitum
1565 2366 1714 2399 aperiebat,

935 2415 996 2436 cum
1013 2416 1060 2443 per
1074 2409 1225 2440 columnam
1241 2409 1358 2443 igneam,
1383 2416 1430 2443 per
1441 2409 1602 2437 hnninosam
1615 2411 1713 2438 nubem

936 2455 989 2482 illis
1002 2455 1124 2489 praeibat,
1143 2455 1190 2481 sed
1212 2455 1294 2481 etiam
1317 2461 1379 2486 eum
1404 2453 1565 2488 Decalogum
1588 2456 1714 2482 tradidit:

936 2507 987 2527 nec
1004 2505 1092 2527 tamen
1106 2507 1121 2526 a
1139 2500 1294 2527 videntibus
1315 2500 1471 2534 impetravit
1494 2500 1585 2526 fidem.
1604 2499 1671 2527 Nam
1688 2501 1714 2528 ei

937 2552 1017 2580 quem
1037 2546 1165 2572 videbant
1187 2552 1214 2574 et
1234 2546 1390 2579 audiebant,
1403 2546 1425 2573 si
1444 2546 1523 2572 [idem
1539 2547 1714 2578 habuissent,

936 2598 989 2617 non
1007 2591 1119 2618 vitulum
1139 2591 1188 2618 sibi
1209 2592 1388 2623 eontlasseut;
1406 2600 1415 2617 ι
1428 2598 1479 2619 non
1494 2595 1645 2618 mutassent
1658 2592 1716 2626 glo-

936 2636 1003 2662 riam
1021 2644 1096 2663 suam
1112 2636 1137 2663 in
1151 2637 1358 2664 similitudinem
1380 2637 1455 2663 vituli
1477 2638 1646 2665 come-dentis
1677 2636 1717 2663 fc-

936 2682 1066 2715 num";i
1085 2690 1138 2709 non
1154 2683 1187 2709 de
1211 2683 1257 2710 illo
1280 2683 1364 2710 vitulo
1385 2683 1438 2710 sibi
1459 2688 1552 2711 mutuo
1569 2684 1714 2712 dixissent:

134 2773 156 2790 ⁸⁸
167 2773 272 2800 Matth.‘
285 2780 322 2805 XI,
339 2771 382 2799 28.
411 2766 442 2787 ’³⁸
457 2772 550 2799 Matth.
567 2779 613 2804 vn,
630 2771 675 2798 9.9.
713 2771 734 2787 ³⁷
751 2770 821 2798 Psal.
839 2778 883 2803 cv,
898 2770 943 2798 20.

133 2852 186 2888 (18)
200 2850 280 2878 Κατὰ
301 2850 451 2888 Ἰωάννην.
463 2851 502 2888 _lta
515 2849 682 2888 recteeodex
696 2849 809 2884 Regius;
831 2848 880 2874 im-

94 2885 185 2922 pressi
208 2893 290 2919 vero,
311 2885 381 2912 κατά
412 2886 543 2913 Ἰωάννου.
563 2885 662 2912 Ibidem
686 2892 778 2911 omnes
803 2892 880 2916 mss.,

935 2847 1056 2874 ἔκκειται
1073 2847 1251 2882 παριστάντα,
1266 2846 1377 2882 optime,
1394 2850 1421 2873 et
1435 2853 1575 2881 perperam
1589 2846 1717 2874 time-he-

935 2883 986 2910 lius
999 2881 1153 2916 suspicatur
1166 2881 1305 2919 legendum
1319 2881 1463 2918 παριστάν.
