1843 3097
138 114 187 141 9H

855 113 1014 140 ORIGENIS

1706 115 1757 142 912

141 181 149 195 ε
166 171 199 197 lli
213 175 275 197 sunt
288 171 323 197 dii
340 169 390 201 tui,
405 169 499 202 Israel,
516 169 561 204 qui
583 170 734 197 eduxerunt
748 174 774 196 te
795 171 827 197 de
848 175 899 197 terr

990 171 1023 196 36'
1038 170 1127 203 ἔλεγον
1145 169 1176 196 ἂν
1190 170 1256 205 πρὸς
1271 170 1400 206 ἀλλήλους
1416 171 1478 205 περὶ
1491 170 1537 196 τοῦ
1551 170 1665 205 μόσχου·
1684 179 1693 194 ι
1705 168 1755 198 Οὗ-

137 216 246 252 ιΕεγριί
270 217 301 243 ³⁵.
327 225 336 240 ι
362 215 409 242 llic
436 216 565 242 observes
589 215 669 242 velim
698 223 786 242 annon
813 223 918 251 semper

138 263 218 289 iidetn
248 262 301 289 sint
331 261 428 288 Judaei.
455 261 628 294 Quantalibet
663 262 795 289 miracula
823 262 918 289 fecerit

137 307 218 337 Deus.
235 306 383 340 quamlibet
401 307 543 340 perspicue
556 306 609 333 illis
625 307 752 339 adfuerit,
769 307 852 334 nihilo
864 315 919 334 ma-

136 352 176 386 gis
192 352 229 378 illi
246 353 324 379 tidetn
350 352 504 379 tribuerunt
523 356 580 379 toto
602 351 648 378 illo
672 356 793 385 tempore
814 359 868 386 quo
890 352 916 378 in

136 398 242 424 deserto
257 401 472 431 permanserunt,
488 400 518 423 ut
538 396 564 423 in
589 396 646 432 lege
668 396 767 432 Moysis
785 397 915 431 scriptum

134 448 186 470 est.
199 443 232 470 Et
244 450 314 470 nunc
327 450 376 469 nec
387 442 555 469 admirabilis
566 442 628 470 Jesu
640 442 782 476 adventus,
797 449 847 470 nec
860 449 917 469 ser-

134 495 229 515 mones
258 495 321 514 cum
350 492 485 522 potestate
508 486 605 520 habiti,
629 494 679 514 nec
702 486 809 514 insolita
826 494 916 514 coram

133 533 206 559 omni
221 532 320 567 populo
339 536 444 567 patrata
461 531 592 558 miracula
605 539 651 559 eos
666 531 800 559 adducere
820 536 915 566 potue-

134 584 208 611 runt,
221 583 249 604 ut
261 586 321 605 eum
339 579 498 612 reciperent.

169 623 213 651 75.
229 623 317 658 Atque
331 623 387 651 lucc
399 624 466 650 satis
478 629 539 649 esse
552 623 670 650 arbitror
685 623 800 657 probare
814 623 914 650 volenti

133 668 286 697 Judazorum
299 668 325 695 in
341 667 432 696 Jesum
447 668 661 695 incredulitatem
677 668 709 694 iis
723 675 784 696 esse
804 675 915 695 consen-

135 720 253 745 taneam,
269 722 329 748 quae
342 714 375 741 ah
391 714 467 740 initio
482 718 544 740 sunt
566 713 598 740 de
621 713 667 740 illo
680 713 776 747 populo
790 713 914 739 mandata

134 760 242 787 litteris.
263 759 364 786 Dicenti
383 760 454 786 enim
466 758 537 786 Celsi
554 758 646 785 Judmo
661 765 668 785 :
684 768 692 784 ι
706 759 771 791 Quis
789 758 858 785 Deus
876 758 915 784 in-

135 812 175 832 ter
190 806 312 832 homines
323 810 447 833 versatus
462 813 516 833 non
532 805 684 839 impetravit
695 805 782 834 tidem,
798 804 913 830 maxime

969 217 1008 242 τοί
1019 217 1086 242 εἰσιν
1097 217 1120 242 οἱ
1131 216 1185 242 θεοί
1196 225 1252 247 σου,
1267 216 1381 252 Ἰσραὴλ,
1397 216 1493 248 οἵτινες
1504 216 1642 251 ἀνήγαγόν
1659 224 1690 241 σε
1702 215 1756 250 (l9)

969 262 1000 287 ἐκ
1015 261 1066 296 γῆς
1078 261 1222 295 Αἰγύπτου.
1238 271 1245 286 ι
1265 262 1318 287 Καὶ
1333 262 1392 296 ὅρα,
1404 263 1428 288 εὶ
1441 262 1477 296 μὴ
1490 262 1561 288 κατὰ
1575 262 1638 293 τοὺς
1655 262 1755 293 αὐτούς

969 307 1035 338 ἐστι,
1051 306 1219 342 τηλικούτοις
1246 306 1397 341 τεραστίοις
1422 307 1468 332 καὶ
1489 306 1637 338 τοσαύταις
1656 307 1756 340 ἐπιζα-

968 352 1052 383 νείαις
1077 351 1143 377 Θεοῦ
1167 351 1213 377 καὶ
1237 352 1366 387 πρότερον
1392 352 1539 386 ἀπιστῆσαι
1565 353 1599 378 δι’
1623 353 1688 387 ὅλης
1707 353 1758 387 τῆς

968 397 1081 432 ἐρήμου,
1104 397 1141 428 ὡς
1158 398 1186 422 ἐν
1204 397 1242 432 τῷ
1265 396 1338 431 νόμῳ
1357 397 1489 424 Ἰουδαίων
1512 398 1679 433 γέγραπται·
1710 399 1757 424 καὶ

968 442 1037 468 κατὰ
1051 441 1099 477 τὴν
1122 442 1207 477 Ἰησοῦ
1220 441 1365 477 παράδοξον
1377 442 1523 477 ἐπιδημίαν
1536 444 1574 478 μὴ
1589 444 1693 470 ἁλῶναι
1705 445 1756 470 ὑπὸ

967 485 1020 512 τῶν
1036 488 1093 521 μετ’
1121 487 1242 518 ἐξουσίας
1258 487 1331 522 αὐτῷ
1351 488 1500 523 εἱρημένων
1517 488 1614 522 λόγων,
1639 491 1686 516 καὶ
1703 491 1755 516 τῶν

968 532 1127 567 παραδόξως
1144 532 1218 567 αὐτῷ
1237 533 1265 559 ὲν
1286 533 1345 567 Mat
1366 534 1465 566 παντὸς
1478 534 1524 560 τοῦ
1545 534 1610 561 λαοῦ
1629 544 1753 571 πεπραγο

968 578 1063 612 μένων.

1002 624 1057 650 Καὶ
1076 624 1155 650 ἱκανά
1167 632 1198 658 γε
1223 624 1323 658 νομίζω
1346 624 1431 651 ταῦτα
1457 623 1526 652 εἶναι
1545 626 1584 661 τῷ
1602 627 1752 662 βουλομένῳ

966 670 1139 704 παραστῆσαι
1165 670 1214 705 τὴν
1243 670 1374 696 Ἰουδαίων
1395 671 1450 705 (‘20)
1480 672 1549 706 πρὸς
1573 672 1621 699 τὸν
1652 673 1752 707 Ἰησοῦν

964 715 1100 742 ἀπιστίαν·
1121 715 1162 741 ὅτι
1178 715 1321 747 ἀκόλουθος
1340 714 1373 751 ἦν
1389 716 1457 751 αῦτη
1471 719 1527 747 τοῖς
1543 717 1572 749 ἐξ
1586 718 1677 753 ἀρχῆς
1692 719 1753 753 περὶ

964 760 1010 786 τοῦ
1025 760 1089 786 λαοῦ
1106 761 1369 796 ἀναγεγραμμένοις.
1385 761 1496 796 Εἴποιμι
1512 762 1565 797 γὰρ
1581 762 1615 788 ἂν
1630 763 1698 798 πρὸς
1709 764 1752 789 τὸν

965 806 1077 839 λέγοντα
1088 807 1162 841 παρὰ
1172 806 1210 841 τῷ
1226 807 1320 841 Κέλσῳ
1330 806 1385 842 (21)
1401 808 1535 834 Ἰουδαῖον
1550 817 1559 832 ι
1566 809 1614 839 Τίς
1624 808 1691 840 Θεὸς
1701 819 1751 835 πα-

132 859 192 878 cum
208 851 241 878 ad
257 859 304 879 eos
320 851 393 878 venit
408 851 452 886 qui
471 858 531 878 eum
556 851 734 878 adventorum
750 850 894 884 sperabant

990 853 1018 877 ὒν
1024 852 1062 883 εἰς
1068 851 1225 888 ἀνθρώπους
1233 853 1395 885 ἀπιστεῖται,
1404 853 1541 880 καὶταῦτα
1549 851 1589 885 οἷς
1598 853 1751 886 ἐλπίζουσιν

132 897 272 930 Quomodo
289 904 340 922 non
359 896 525 931 agnoscitur,
545 896 589 930 qui
615 900 668 921 tam
696 895 795 922 dudum
817 902 911 929 exspe-

132 948 221 971 ctatus
251 943 363 970 venit?»
394 950 552 977 reponerem
578 949 650 976 ego:
675 941 745 974 Quid
771 941 868 973 vultis,
895 949 911 968 ο

130 989 204 1021 boni,
216 989 313 1016 vestris
323 987 578 1022 interrogationibus
594 987 805 1021 respondeamus
813 986 824 1012 ?
831 985 911 1022 M3

133 1034 197 1062 Utra
211 1034 298 1066 vobis,
317 1039 408 1061 vestro
424 1033 531 1067 quidem
543 1033 655 1067 judicio,
668 1034 770 1065 maiora
786 1033 912 1059 videntur

130 1086 190 1106 esse
206 1078 347 1111 miracula,
365 1085 424 1112 quae
439 1078 464 1104 itt
483 1075 599 1112 [Egypto
617 1082 665 1103 aut
678 1077 704 1103 in
718 1077 826 1104 deserto
841 1077 910 1103 facta

130 1128 203 1155 sunt,
221 1131 254 1150 an
271 1130 330 1157 quae
346 1130 394 1149 nos
409 1122 499 1149 Jesum
514 1122 583 1157 apud
601 1129 648 1148 vos
664 1121 760 1149 fecisse
776 1122 911 1148 dicimus?

130 1169 196 1194 Nam
214 1168 237 1194 si
254 1175 287 1194 ex
303 1167 378 1194 vobis
395 1167 487 1205 priora
501 1172 564 1193 sunt
582 1166 682 1200 majora
697 1165 910 1201 posterioribus,

132 1220 220 1240 nonne
237 1213 407 1247 perspicuum
424 1215 465 1238 est
484 1212 544 1239 ideo
559 1218 617 1243 vos,
633 1212 694 1245 quia
709 1211 855 1246 majoribus
865 1219 910 1238 as-

131 1258 280 1286 sueveratis
293 1258 422 1292 derogare
437 1257 526 1288 tidem,
539 1257 643 1284 minora
659 1262 819 1291 aspernatos
833 1257 910 1283 esse?

130 1303 195 1331 Nam
212 1304 314 1331 minora
339 1303 438 1338 putatis
455 1310 514 1337 quae
526 1303 558 1329 de
576 1301 640 1330 Jesu
657 1302 782 1329 dicimus.
798 1302 844 1329 Sin
860 1310 908 1329 au-

130 1355 184 1376 tem
200 1347 263 1376 Iesu
284 1348 416 1375 miracula
439 1347 473 1375 iis
494 1354 556 1374 esse
573 1347 648 1381 paria
667 1347 808 1379 dicantur,
821 1353 880 1380 quae
895 1354 909 1372 a

129 1394 221 1428 Moyse
239 1393 311 1421 facta
326 1400 387 1420 esse
402 1395 537 1419 testantur
551 1391 716 1425 Scriptum,
732 1390 796 1425 quid
810 1391 908 1417 miruttt

105 1449 112 1455 κ
129 1440 150 1466 si
164 1439 234 1466 idem
254 1438 368 1474 populus
381 1444 457 1472 mque
470 1437 514 1464 hic
531 1442 613 1470 atque
631 1436 686 1463 illic
699 1443 760 1463 mox
779 1443 794 1462 a
810 1435 910 1471 princi-

129 1486 172 1520 pio
189 1484 342 1512 incredulus
366 1483 436 1510 fuit?
452 1483 519 1509 Nam
538 1482 615 1509 vobis
634 1489 683 1516 per
702 1480 822 1517 Moysem
846 1481 907 1508 data

129 1530 245 1564 primum
264 1533 306 1556 est
320 1529 362 1555 lex
375 1547 383 1560 ,
398 1529 423 1554 in
439 1535 491 1562 qua
508 1532 596 1554 vestra
615 1525 762 1552 intidelium
781 1529 809 1552 et
825 1525 909 1552 delin-

127 1575 268 1609 quentium
293 1579 402 1609 peccata
424 1573 636 1607 consignantur;
653 1570 745 1598 Jesum
766 1575 856 1598 autem
881 1570 907 1597 in

128 1621 254 1648 confesso
269 1624 310 1647 est
327 1619 403 1646 nobis
417 1625 478 1646 eSse
494 1625 569 1645 nova:
584 1617 651 1652 tegis
667 1617 782 1651 novique
798 1616 908 1644 hederis

128 1670 281 1692 auctorem.
300 1664 393 1698 Itaque
410 1662 500 1690 Jesum
518 1661 668 1696 respuendo
684 1668 732 1689 vos
749 1661 800 1696 ipsi
814 1666 907 1689 contra

126 1717 175 1738 vos
190 1709 266 1738 fertis
279 1708 475 1742 testimonium,
491 1714 540 1734 vos
553 1714 613 1734 esse
629 1707 698 1734 lilios
711 1713 804 1734 eorum
821 1708 867 1741 qui
880 1708 906 1735 in

126 1758 234 1784 deserto
245 1756 328 1783 Deum
342 1762 371 1782 se
385 1759 438 1781 tam
451 1757 543 1789 aperte
554 1753 732 1788 conspicuum
744 1752 906 1789 praebentem

125 1810 178 1831 non
194 1806 381 1837 agnoverunt:
399 1800 465 1828 etin
481 1804 598 1827 vestram
613 1800 828 1828 incredulitatem
845 1806 907 1834 apte

124 1847 250 1876 convenit
261 1847 332 1881 quod
347 1854 361 1872 a
377 1845 518 1874 Salvatore
531 1850 623 1873 nostro
638 1845 739 1873 dictum
753 1851 794 1873 est
804 1856 810 1873 :
821 1856 830 1872 ‹
842 1847 907 1874 l’ro-

124 1894 196 1921 tecto
208 1891 401 1925 testiﬁcamini,
413 1892 484 1926 quod
493 1891 652 1919 consentitis
661 1891 787 1926 operibus
798 1897 905 1926 patrum

123 1943 274 1966 vestrorum
287 1938 320 1965 ":
341 1947 351 1963 ι
380 1937 463 1971 inque
487 1936 564 1964 vobis
588 1936 690 1963 exitum
721 1937 804 1963 habet
835 1937 905 1964 istud

123 1983 298 2011 vaticinium:
321 1992 331 2008 ‹
342 1982 401 2010 Erit
418 1983 471 2009 vita
487 1987 577 2009 vestra
597 1982 718 2017 pendens
732 1987 794 2009 ante
813 1983 905 2010 oculos

122 2033 239 2061 vestros,
254 2033 281 2056 et
295 2036 348 2056 non
364 2029 481 2055 credetis
495 2028 557 2055 vitae
573 2032 671 2055 vestrae
681 2027 716 2056 ‘°.
733 2036 743 2054 ι
761 2027 820 2055 Non
833 2029 904 2055 enim

122 2073 202 2101 tidem
226 2073 361 2102 habuistis
384 2075 467 2106 vitae,
490 2080 550 2108 qua:
568 2073 639 2100 inter
654 2073 778 2101 homines
798 2078 904 2100 versata

121 2125 173 2147 est.

921 1504 942 1532 C

963 897 1132 930 ἐπιφαίνεται
1143 905 1149 927 ς
1161 897 1176 932 ἦ
1190 897 1214 923 τί
1225 897 1323 931 δήποτε
1333 897 1389 927 τοῖς
1397 897 1480 922 πάλαι
1490 897 1716 932 προσδεχομένοις
1722 899 1750 924 οὐ

963 941 1122 977 γνωρίζεται
1129 949 1135 973 ς
1143 939 1195 972 ηδ,
1204 942 1236 967 Tt
1245 941 1379 976 βούλεσθε,
1388 938 1409 967 ὦ
1417 938 1498 973 οὗτοι,
1509 941 1577 976 πρκ
1584 942 1634 973 τὰς
1644 942 1752 973 πεύσεις

961 986 1039 1022 ⁴ἡμῶν
1061 986 1117 1021 (22)
1141 985 1346 1021 ἁποκρίνεσθαι;
1369 986 1446 1012 Ilotae
1470 986 1601 1021 δυνάμεις
1629 988 1750 1022 μείζους.

961 1032 1023 1058 ὅσον
1045 1031 1091 1058 ἐπὶ
1110 1031 1229 1067 ὑμετέρᾳ
1251 1031 1395 1066 ὑπολήψει,
1418 1030 1486 1058 εἶναι
1511 1033 1575 1067 ὑμῖν
1600 1033 1749 1066 φαίνονται,

961 1079 989 1106 αἱ
1006 1079 1034 1105 ἐν
1048 1078 1176 1112 Αἰγύπτῳ
1188 1078 1235 1104 καὶ
1293 1079 1398 1114 ἐρήμῳ,
1412 1078 1429 1112 ἦ
1447 1078 1465 1104 ἃ.
1481 1077 1586 1113 ἔφαμεν
1610 1080 1692 1114 ἡμεῖς
1704 1088 1750 1105 πε-

962 1124 1102 1159 ποιηκέναι
1117 1123 1161 1150 τὸν
1181 1123 1285 1158 Ἰησοῦν
1299 1123 1362 1158 παρ’
1376 1123 1457 1157 om;
1471 1124 1502 1149 Et
1515 1123 1565 1157 μὲν
1576 1124 1632 1159 γὰρ
1647 1125 1748 1150 ἐκεῖναι

963 1168 1072 1204 μείζους
1098 1168 1199 1195 τούτων
1221 1167 1282 1194 καθ’
1301 1168 1372 1203 ὑμᾶς
1396 1168 1463 1194 εἰσιε
1490 1168 1548 1198 πῶς
1563 1168 1614 1194 οὐκ
1637 1168 1748 1195 αὐτόθεν

960 1213 1109 1240 δείκνυνται
1124 1212 1191 1247 (25),
1214 1213 1254 1238 ὅτι
1271 1212 1342 1239 κατὰ
1359 1212 1388 1238 τὸ
1403 1210 1468 1246 ἦθος
1484 1211 1538 1238 τῶν
1555 1214 1612 1243 τοῖς
1629 1213 1748 1247 μείζοσιν

961 1260 1166 1295 ἀπιστησάντων
1183 1259 1241 1285 ἐστὶ
1255 1259 1301 1285 καὶ
1312 1259 1342 1284 τὸ
1356 1258 1408 1284 τῶν
1422 1259 1540 1293 ἡττόνων
1555 1261 1746 1294 καταφρονεῖ-η

960 1304 1038 1331 τοῦτο
1053 1304 1106 1339 γὰρ
1123 1303 1340 1338 ὑπολαμϐάνεται
1360 1302 1424 1337 περὶ
1440 1299 1477 1328 ὧν
1494 1302 1610 1336 λέγομεν
1624 1303 1689 1338 περὶ
1702 1303 1747 1328 τοῦ

966 1350 1061 1386 Ἰησοῦ·
1078 1350 1102 1375 εἰ
1115 1350 1143 1376 δὲ
1161 1349 1216 1375 ἴσαι
1232 1348 1355 1382 λέγονται
1369 1347 1490 1383 περὶτοῦ
1513 1347 1599 1382 Ἰησοῦ
1619 1348 1676 1382 (24)
1689 1349 1747 1379 ταῖς

960 1395 1215 1431 ἀναγεγραμμέναις
1233 1394 1284 1420 ὑπὸ
1306 1393 1454 1425 Μωῦσέως,
1471 1393 1498 1418 τί
1515 1391 1589 1424 ξένον
1607 1393 1746 1428 ἀπήντησε

959 1440 1016 1476 λαῷ
1030 1441 1088 1467 κατ’
1104 1440 1260 1475 ἀμφοτέρας
1274 1439 1322 1470 τὰς
1337 1438 1424 1474 ἀρχὰς
1433 1438 1487 1464 τῶν
1499 1437 1672 1473 πραγμάτων
1687 1438 1747 1464 ἀπι-

961 1487 1084 1519 στοῦντι;
1114 1485 1196 1521 Ἀρχὴ
1219 1485 1268 1520 μὲν
1284 1485 1338 1520 γὰρ
1360 1484 1519 1519 νομοθεσίας
1541 1484 1586 1510 ἐπὶ
1606 1483 1746 1514 Μωῠσέως

958 1530 1002 1568 ἦν,
1019 1533 1047 1557 ἐν
1090 1531 1124 1558 τὰ
1138 1531 1322 1566 ἁμαρτήματα
1335 1530 1387 1556 τῶν
1400 1530 1521 1556 ἀπίστων
1533 1530 1581 1556 καὶ
1592 1529 1647 1556 τῶν
1661 1530 1745 1564 ἀμαρ-

958 1579 1090 1605 τανόντων
1107 1577 1183 1613 ὑμῶν
1201 1577 1256 1612 (25)
1275 1577 1497 1611 ἀναγέγραπται·
1522 1575 1594 1610 ἀρχὴ
1613 1575 1643 1601 δὲ
1666 1584 1744 1610 νομο-

958 1623 1049 1655 θεσίας
1066 1623 1112 1649 καὶ
1128 1622 1259 1657 διαθήκης
1271 1621 1399 1657 δευτέρας
1411 1621 1481 1648 κατὰ
1492 1621 1537 1647 τὸν
1557 1621 1663 1656 Ἰησοῦν
1680 1623 1744 1656 ἡμῖν

957 1668 1096 1702 γεγονέναι
1108 1667 1286 1702 ὁμολογεῖται.
1300 1666 1353 1693 Καὶ
1366 1667 1528 1701 μαρτυρεῖτε
1538 1666 1571 1692 δι’
1584 1662 1623 1692 ὧν
1634 1665 1675 1700 τῷ
1694 1667 1744 1701 Ἰη-

957 1713 1004 1740 σοῦ
1022 1714 1169 1744 ἀπιστεῖτε,
1186 1712 1226 1738 ὅτι
1243 1711 1295 1738 υἱοί
1310 1712 1372 1737 ἐστε
1388 1711 1441 1737 τῶν
1458 1711 1487 1737 ὲν
1506 1712 1539 1746 τῇ
1557 1712 1657 1746 ἐρήμῳ
1678 1713 1742 1738 ἀπι-

958 1758 1111 1794 στησάντων
1127 1757 1186 1788 ταῖς
1206 1755 1291 1787 θείαις
1312 1755 1496 1790 ἐπιφανείαις⁸
1516 1754 1562 1781 καὶ
1581 1755 1612 1781 τὺ
1629 1756 1682 1782 ὑπὸ
1695 1756 1742 1782 τοῦ

957 1803 1082 1838 Σωτῆρος
1101 1801 1179 1838 ἡμῶν
1199 1801 1342 1837 εἰρημένον
1362 1797 1410 1827 καὶ
1427 1801 1496 1836 πρὸς
1519 1801 1592 1836 ὑμᾶς
1608 1800 1741 1832 λελέξεται

957 1849 1160 1883 ἀπιστήσαντας
1174 1846 1262 1881 αὐτῷ’
1278 1846 1318 1873 ὅτι
1337 1855 1346 1871 t
1366 1846 1437 1881 Ἀρα
1455 1845 1593 1882 μάρτυρές
1609 1846 1684 1878 ἐστε,
1696 1846 1742 1873 καὶ

957 1893 1140 1920 συνευδοκεῖτε
1155 1894 1211 1923 τοῖς
1231 1892 1323 1927 ἔργοις
1342 1891 1394 1917 τῶν
1408 1891 1533 1926 πατέρων
1549 1890 1639 1926 ὑμῶν.
1660 1901 1670 1916 ι
1688 1891 1742 1918 Καὶ

956 1939 1102 1975 πληροῦται
1117 1939 1146 1965 ὲν
1160 1938 1224 1973 ὑμῖν
1239 1938 1256 1973 ἠ
1269 1936 1383 1971 λέγουσα
1399 1937 1563 1972 προφητεία.
1582 1946 1592 1962 ε
1615 1936 1741 1972 Ἐπαιὴ

956 1985 1012 2020 ζωὴ
1029 1984 1105 2019 ὑμῶν
1118 1983 1278 2019 κρεμαμένη
1294 1982 1407 2008 ἐνώπιον
1420 1982 1474 2009 τῶν
1489 1982 1637 2017 ὀφθαλμῶν
1654 1983 1740 2017 ὐμιῖιν,

955 2031 1002 2057 καὶ
1017 2031 1047 2056 οὺ
1066 2030 1103 2066 μὴ
1119 2029 1281 2064 πιστεύσητε
1296 2029 1328 2064 τῇ
1347 2027 1402 2063 ζωῇ
1419 2028 1506 2063 ὑμῶν.
1524 2038 1533 2053 ι
1553 2029 1590 2054 υύ
1612 2029 1668 2064 γὰρ
1684 2030 1738 2054 ἐπι-

955 2075 1083 2102 στεύσατε
1099 2076 1131 2109 τῇ
1146 2072 1359 2109 ὲπιδεδημηκυίᾳ
1371 2071 1411 2107 τῷ
1426 2071 1499 2106 γένει
1515 2071 1569 2098 τῶν
1589 2072 1740 2107 ἀνθρώπων

955 2121 1021 2156 ζωῇ.

157 2165 200 2192 76.
219 2165 310 2200 Neque
326 2171 392 2192 vero
409 2165 555 2199 quidquam
572 2164 666 2192 Celsus
680 2164 763 2192 Judaei
781 2172 899 2197 personat

990 2165 1044 2200 Οὐχ
1067 2162 1129 2200 εὗρε
1151 2165 1173 2191 δ’
1197 2165 1212 2190 ὁ
1232 2163 1343 2195 Κέλσος,
1365 2162 1580 2198 προσωποποιιῖω
1605 2163 1652 2189 τὸν
1678 2163 1740 2188 Ἰουο

122 2218 136 2236 a
152 2218 182 2238 se
196 2212 310 2239 inducta:
320 2211 456 2239 ascribere
469 2212 565 2246 petuit,
579 2211 651 2246 quod
663 2212 714 2238 eia
729 2211 786 2247 lege
799 2217 826 2240 et
840 2220 902 2247 pro-

121 2256 210 2290 phetis
226 2264 277 2283 non
295 2257 450 2290 obiiciatur.
463 2257 530 2284 Cum
546 2257 637 2284 Jesum
652 2276 659 2288 .
672 2257 789 2291 exempli
801 2265 880 2285 causa
893 2278 899 2289 ,

121 2302 282 2328 criminatur
296 2303 351 2330 sic:
370 2312 379 2328 ι
393 2302 536 2336 Promptus
550 2303 583 2329 ad
600 2303 688 2330 minas
709 2308 736 2330 et
750 2303 782 2330 ad
798 2304 902 2339 vitupe-

120 2347 159 2373 ria
173 2366 182 2379 ,
199 2345 339 2377 clamitat:
359 2345 405 2373 Vae
422 2346 498 2373 vobis
513 2366 520 2379 ,
544 2346 661 2380 praedico
683 2347 768 2375 vobis.
789 2347 826 2374 Ex
846 2355 901 2382 quo

118 2391 259 2419 evidenter
275 2391 421 2419 conﬁtetur
446 2399 476 2419 se
497 2393 664 2426 persuadere
687 2400 739 2419 non
759 2400 847 2427 posse.
871 2393 899 2420 ld

117 2437 190 2470 quod
207 2444 257 2464 nec
275 2437 301 2463 in
316 2436 398 2464 Deum
409 2457 417 2470 ,
430 2437 484 2463 imo
499 2443 547 2464 nec
563 2437 588 2463 in
602 2437 736 2465 hominem
749 2438 898 2471 sapientem

952 2212 1034 2240 δαῖον.
1054 2211 1163 2237 τοιαῦτα
1182 2209 1255 2245 αὑτῷ
1279 2208 1427 2244 περιθεῖναι
1448 2210 1477 2235 ὲν
1500 2207 1538 2242 τῷ
1560 2208 1644 2243 λόγῳ,
1662 2209 1739 2235 ὁποῖα

952 2257 1002 2283 οὐκ
1017 2257 1050 2283 ἄν
1062 2255 1136 2291 αὺτῷ
1147 2256 1199 2282 ἀπὸ
1214 2256 1268 2281 τῶν
1280 2255 1402 2290 νομίμων
1417 2254 1464 2281 καὶ
1476 2254 1655 2290 προφητικῶν
1671 2261 1737 2289 προ-

952 2302 1060 2337 φέροιτο
1073 2301 1198 2337 Γραφῶν.
1214 2300 1356 2335 Μέμφεται
1370 2299 1425 2334 γὰρ
1435 2299 1480 2325 τὸν
1499 2299 1613 2334 Ἰησοῦν,
1630 2299 1739 2325 τοιαῦτα

951 2348 1037 2381 λέγων
1053 2348 1116 2382 περὶ
1135 2345 1231 2373 αὐτοῦ’
1251 2355 1260 2371 ‹
1284 2345 1407 2376 Ἀπειλεῖ,
1426 2345 1472 2371 καὶ
1489 2344 1605 2379 λοιδορεῖ
1626 2345 1734 2378 κούφως

951 2393 1050 2419 ὁπόταν
1071 2392 1148 2429 λέγῃ,
1164 2392 1231 2418 οὐαὶ
1246 2392 1320 2427 ὑμῖν,
1336 2391 1382 2418 καὶ
1397 2391 1521 2427 προλέγω
1531 2391 1607 2425 ὑμῖν.
1630 2391 1674 2418 Ἐν
1686 2391 1738 2425 γὰρ

951 2439 1056 2470 τούτοις
1068 2439 1196 2474 ἄντικρυς
1207 2438 1341 2474 ὁμολογεῖ,
1355 2438 1396 2463 ὅτι
1408 2438 1498 2463 πεῖσαι
1515 2437 1653 2463 ἀδυνατεῖ·
1672 2438 1737 2471 ὅπερ

152 2504 174 2520 ³⁸
190 2504 274 2531 Exod.
287 2511 374 2536 χχχιι,
387 2504 414 2530 4.
450 2504 471 2520 "
485 2503 551 2531 Luc.
563 2510 599 2536 xt,
612 2503 657 2532 48.
695 2505 717 2521 ⁵⁰
736 2505 814 2532 Deut.
831 2513 924 2538 xxvnt,
938 2506 981 2532 66.

153 2559 207 2595 (l9)
225 2559 300 2592 Mss.,
314 2560 450 2595 ἀνήγαγον
467 2567 506 2586 σε.
531 2559 655 2595 lmpress.
678 2561 712 2588 ad
736 2561 896 2594 marginem,

115 2593 278 2621 ἁνεϐίϐασάν
292 2603 331 2621 σε.

151 2629 205 2664 (20)
225 2629 300 2661 Mss.,
313 2629 362 2664 τὴν
381 2629 523 2663 Ἰουδαίων,
538 2633 593 2656 etc.
605 2629 740 2664 lmpressi.
757 2628 812 2655 τῶν
833 2629 898 2655 Ἰου-

114 2662 205 2689 δαίων.
221 2669 273 2689 etc.

182 2672 205 2693 ν,
221 2669 273 2690 etc.

152 2697 206 2732 (2|)
225 2698 307 2731 Παρὰ
329 2696 368 2730 τῷ
392 2698 508 2730 Κέλσῳ.
527 2697 633 2732 Optime
659 2705 753 2726 omnes
778 2705 842 2725 mss.
866 2697 894 2724 In

116 2737 195 2767 antea
209 2733 375 2767 editisAmale
389 2733 492 2764 deerat.
508 2733 593 2767 παρά.

151 2765 206 2799 (22)
222 2765 332 2802 :Hptlir.
351 2766 528 2802 Scribendum
549 2765 660 2793 Videtur
681 2767 721 2793 vel
747 2767 893 2802 ﬁpt‘iw,_vel

116 2801 199 2834 ἡμᾶς.
222 2800 305 2827 Paulo
329 2805 389 2833 post
411 2801 476 2828 libb.
499 2802 563 2828 editi
592 2802 634 2836 ad_
649 2799 808 2836 marginem,
822 2799 890 2827 εἶναι

951 2563 1027 2598 ήμῖνῖ
1037 2562 1183 2596 φαίνοιντο.

988 2597 1043 2631 (23)
1072 2597 1252 2624 Δείκνυνται.
1289 2596 1441 2631 Legeudum
1470 2595 1622 2622 δείκνυται.
1653 2595 1736 2622 Paulo

953 2637 1012 2666 post
1027 2632 1095 2665 lego,
1112 2631 1190 2658 τοῦτο
1203 2631 1256 2666 γὰρ
1272 2630 1486 2666 ὑπολαμϐάνετε.

982 2666 1040 2705 εει)
1052 2667 1120 2700 Περὶ
1136 2665 1188 2692 τοῦ
1203 2665 1311 2700 Ἰησοῦ.
1324 2665 1491 2699 Legettdutu,
1502 2665 1531 2690 αἱ
1543 2665 1611 2700 περὶ
1625 2665 1673 2691 τοῦ
1685 2665 1736 2700 11‘,-

949 2709 1036 2796 σοᾷὅ)
1060 2734 1229 2763 llmscltelius
1251 2735 1278 2761 in
1299 2739 1382 2767 textu,
1404 2720 1616 2769 ἁμαρτημάτων
1644 2733 1730 2770 ὑμῶν

949 2778 987 2796 ma
1001 2778 1026 2796 e.

947 2778 1026 2797 "Nile.
