1843 3097
113 169 171 196 915

714 164 853 193 CONTRA
871 165 1006 192 CELSU.“
1025 165 1087 192 LIB.
1106 164 1137 192 ll.

1680 164 1732 191 9H

114 226 168 253 οὐκ
175 226 208 252 ἂν
215 225 291 257 Θεὸς,
301 225 356 252 ἀλλ’
363 225 417 251 οὐδ’
426 224 566 260 ἅνθρωπος
578 225 707 260 φρόνιμος
716 224 795 250 πάθοι
805 224 868 258 (‘26).
889 233 896 248 ι

987 223 1030 249 dat
1043 224 1076 250 δι.
1093 233 1102 249 ι
1121 222 1183 250 llmc
1199 223 1258 249 vide
1273 229 1363 249 annon
1383 221 1500 256 proclive
1517 221 1554 247 sit
1568 220 1594 246 in
1610 219 1730 248 Jntla‘ttm

117 270 191 305 Ὅρα
214 270 242 296 δὲ
257 271 281 296 εἰ
300 270 336 305 μὴ
359 269 445 296 ταῦτα
470 269 597 304 ἄντικρυς
611 268 773 304 ἀναστρέφει
794 268 840 294 ἐπὶ
856 267 900 294 τὸν

123 315 261 342 Ἰουδαῖον·
280 315 387 341 ἀπειλεί
403 315 456 350 γὰρ
470 315 499 340 ὲν
522 315 582 345 ταῖς
597 315 721 348 νομικαῖς
742 314 789 340 καὶ
802 322 903 349 προφη-

115 362 210 392 τικαῖς
219 361 338 396 Γραφαῖς
351 362 365 387 6
379 360 444 391 Θεὸς
456 360 502 386 καὶ
520 360 634 396 λοιδορεῖ
661 359 760 386 ὁπόταν
772 358 838 394 λέγῃ
853 359 902 385 οὐκ

117 406 247 432 ἐλάττονα
269 405 322 432 τῶν
345 407 374 432 ὲν
393 405 432 440 τῷ
454 405 626 440 Εὑαγγελίῳ·
648 405 728 431 ὁποῖά
747 404 854 431 ἐστιτὰ
875 405 903 430 ἐν

124 451 223 485 Ἡσαΐᾳ
238 450 323 482 οὕτως
339 450 448 485 ἔχοντα’
470 461 478 475 ι
494 451 562 476 Οὐαὶ
577 451 601 476 οἱ
620 450 800 481 συνάπτοντες
815 449 904 475 οἰκίαν

119 496 188 531 πρὸς
210 496 309 527 οἰκίαν,
336 495 381 522 καὶ
403 495 486 531 ἀγρὸν
509 495 577 530 πρὸς
601 495 684 530 ἀγρὸν
706 495 869 529 ἐγγίζοντες·
893 504 901 519 ι

117 541 180 573 καὶ,
198 550 207 566 ι
232 541 299 567 Οὐαὶ
318 541 342 567 οἱ
359 541 525 576 ἐγειρόμενοι
545 540 577 567 τὸ
598 540 679 576 πρωῒ,
699 540 746 566 καὶ
764 540 795 566 τὸ
809 540 905 575 σίκερα

117 585 277 617 διώκοντες·
300 596 310 612 ι
332 587 390 618 καὶ,
408 596 416 611 ι
434 586 500 612 Οὐαὶ
516 586 541 612 oi
557 584 741 620 ἐπισπώμενοι
756 585 804 616 τὰς
815 585 904 620 ἁμαρ-

117 631 181 662 τίας
196 631 233 663 ὡς
249 632 357 666 σχοινίῳ
370 631 480 666 μακρῷ·
495 641 504 656 ι
521 631 578 660 καὶ.
595 640 603 655 ι
620 630 686 657 Οὐαὶ
700 631 725 656 οἱ
738 629 861 664 λέγοντες
876 631 906 656 τὸ

120 676 239 711 πονηρὸν
255 676 346 707 καλὸν,
361 676 409 702 καὶ
422 676 452 702 τὸ
467 675 546 702 καλὸν
562 676 686 711 πονηρόν·
704 685 713 701 ι
735 676 795 707 καὶ,
813 685 822 700 ι
839 675 905 702 Οὐαὶ

118 722 144 748 οἱ
158 721 295 757 ἰσχύοντες
309 721 395 757 ὑμῶν,
406 723 430 748 οι
447 722 570 753 πίνοντες
587 721 632 748 τὸν
644 720 724 748 οἶνον.
747 730 756 746 ι
774 721 829 748 Ka‘t
840 720 908 747 ἄλλοι

118 767 142 793 δ’
165 767 198 793 ἂν
210 767 300 803 εὕροις
317 767 410 803 μυρία.
430 767 492 799 Πῶς
503 767 525 794 δ’
541 767 571 793 οὐ
589 767 766 802 παραπλήσια
777 765 820 798 αἷς
834 766 906 800 λέγει

119 812 247 844 ἀπετλαϊς
263 812 319 846 (‘27)
334 813 391 838 ἐστι
406 812 446 844 τὸ,
462 822 471 837 ι
488 812 555 839 Οὐαὶ
566 812 641 843 ἔθνος
658 811 828 847 ἁμαρτωλὸν,
845 811 907 843 λαὸς

121 857 231 893 πλήρης
252 857 403 894 ἁμαρτιῶν,
420 857 528 892 σπέρμα
547 857 674 892 πονηρὸν,
697 857 749 883 υἱοὶ
769 857 873 891 ἄνομοι,
896 865 904 880 ι

120 902 170 928 καὶ
185 903 220 929 τὰ
242 902 322 938 έξῆς;
342 900 382 934 οἷς
405 902 529 938 ἐπιφέρει
549 902 713 938 τηλικαύτας
734 902 856 933 ἀπειλὰς,
879 901 908 927 αἳ
923 896 954 931 Β,

120 948 191 973 είσιν
209 948 258 974 οὐκ
282 948 407 979 ἐλάττους
422 944 460 974 ὧν
481 956 547 983 φησι
567 948 611 974 τὸν
637 948 739 983 Ἰησοῦν
756 948 904 983 εἰρηκέναι.

122 994 159 1019 Ἶί
173 994 223 1019 οὐκ
237 993 309 1020 ἔστιν
322 994 419 1029 ἀπειλὴ
431 994 476 1020 καὶ
491 994 594 1029 μεγάλη
608 1002 639 1028 γε
650 995 667 1028 ὴ
679 993 830 1028 φάσκουσαν
847 1003 856 1018 ι
876 993 907 1019 Ἦ

120 1039 159 1073 γῆ
177 1038 252 1073 ὑμῶν
272 1038 383 1074 ἔρημος,
400 1040 427 1066 al
448 1039 538 1071 πόλεις
554 1039 630 1074 ὑμῶν
647 1039 835 1074 πυρίκαυστοι,
859 1039 907 1074 τὴν

120 1083 215 1119 χώραν
235 1083 311 1119 ὑμῶν
334 1083 449 1111 ἐνώπιον
471 1085 547 1120 ὑμῶν
570 1085 702 1119 ἀλλότριοι
723 1084 908 1111 κατεσθίουσιν

120 1129 219 1163 αὐτὴν,
238 1129 284 1156 καὶ
305 1129 450 1165 ἠρήμωται
467 1130 694 1165 κατεστραμμένη
710 1130 762 1156 ὑπὸ
778 1129 849 1156 λαῶν
863 1130 909 1156 ἀλ-

120 1173 257 1209 λοτρίων;
277 1184 286 1199 ι
308 1174 370 1206 Πῶς
381 1175 403 1201 δ’
419 1175 448 1201 οὑ
463 1174 590 1210 λοιδορίαι
607 1176 654 1201 καὶ
672 1177 701 1202 ὲν
719 1175 757 1210 τῷ
780 1175 908 1211 Ἰεζεκιήλ

121 1221 178 1246 εἰσι
197 1219 265 1255 πρὸς
284 1220 329 1246 τὸν
347 1220 421 1253 λαὸν,
437 1221 501 1247 ἔνθα
518 1222 532 1247 6
550 1221 651 1256 Κύριός
666 1222 724 1247 ἐστι
740 1221 825 1256 λέγων
842 1221 908 1257 πρὸς

120 1266 170 1292 τὸν
187 1266 343 1301 Προφήτην·
363 1275 372 1292 ι
392 1267 435 1293 Ἐν
448 1267 522 1302 μέσῳ
533 1268 669 1302 σκορπίων
685 1268 716 1293 σὺ
729 1268 880 1299 κατοικεῖςς
897 1277 905 1292 ι

121 1310 187 1347 Ἆρ’
205 1310 261 1344 οὗν,
285 1312 307 1338 ὦ
326 1312 423 1345 Κέλσε,
444 1313 653 1350 συνῃσθημένως
674 1313 729 1348 (98)
758 1314 909 1349 πεποίηκας

121 1356 170 1382 τὸν
193 1356 319 1383 Ἰουδαῖον
329 1356 441 1391 λέγοντα
454 1359 517 1393 περὶ
529 1357 574 1384 τοῦ
593 1357 691 1393 Ἰησοῦ,
704 1357 743 1383 ὅτι
759 1366 768 1382 ι
791 1357 910 1384 Ἄπειλεί

122 1402 173 1428 καὶ
188 1402 302 1438 λοιδορεί
317 1403 423 1437 κούφως
433 1423 440 1435 ,
458 1403 556 1430 ὁπόταν
571 1403 651 1439 λέγῃ·
677 1403 743 1430 Οὐαὶ
762 1404 834 1438 ὑμῖν,
853 1403 908 1434 καὶ,

123 1447 254 1483 Προλέγω
271 1448 350 1482 ὑμίν;
367 1457 375 1474 ι
389 1449 443 1483 Οὐχ
458 1449 533 1484 ὁρᾷς,
550 1448 590 1475 ὅτι
607 1448 678 1483 ἅπερ
695 1448 854 1484 κατηγορῶν
869 1448 911 1474 λέ-

123 1502 169 1527 γει
184 1495 197 1519 6
210 1493 284 1529 παρὰ
293 1493 332 1520 σοὶ
351 1494 473 1525 Ἰουδαῖος
484 1494 531 1520 τοῦ
552 1494 649 1529 Ἰησοῦ,
665 1493 750 1520 ταῦτα
762 1494 794 1520 ἂν
806 1493 911 1527 λέγοιτο

953 273 1121 303 retorquere.
1140 268 1206 295 Nam
1224 269 1249 295 in
1270 268 1328 302 lege
1348 273 1376 294 et
1395 267 1534 302 prophetis
1561 267 1632 294 Deus
1651 267 1732 293 ctiatn

953 314 1104 346 minitatur,
1117 313 1238 348 increpat
1248 313 1331 340 nihilo
1340 313 1425 341 levius
1437 312 1604 348 quam_Jesus
1613 313 1639 338 in
1650 311 1734 339 Evan-

953 359 1033 394 gelio;
1048 359 1088 386 sic
1104 359 1174 393 apud
1184 358 1279 385 lsaiatn
1292 367 1299 384 :
1313 367 1323 383 ι
1335 358 1380 385 Va:
1393 358 1438 392 qui
1451 357 1613 392 coniungitis
1623 358 1733 384 domum

954 405 986 432 ad
997 405 1106 432 domum
1121 409 1149 431 et
1169 411 1263 439 agrum
1283 410 1349 438 agro
1363 403 1505 438 copulatis.
1518 412 1527 429 ι
1543 403 1592 431 Et:
1608 412 1618 429 ι
1630 402 1675 430 Va:
1689 403 1735 437 qui

954 452 1116 486 consurgitis
1131 458 1209 478 mane
1220 451 1253 478 ad
1266 451 1426 478 ebrietatem
1442 451 1609 478 sectandam.
1623 459 1632 474 ι
1648 449 1733 475 Item:

957 505 967 522 ι
984 495 1028 523 Va:
1051 496 1098 530 qui
1121 496 1229 523 trahitis
1249 500 1359 530 peccata
1383 495 1459 529 quasi
1487 495 1608 522 funiculo
1626 495 1734 528 longoa

955 541 1100 568 Similiter:
1116 550 1124 566 ι
1141 540 1186 567 Va:
1198 541 1244 574 qui
1261 540 1349 567 dicitis
1362 540 1460 566 malum
1474 540 1585 571 bonum,
1597 544 1623 565 et
1637 539 1735 566 bonum

955 587 1066 614 malum.
1078 595 1087 612 ι
1108 587 1158 613 Et:
1180 595 1188 611 ι
1202 586 1245 613 Va:
1258 586 1302 620 qui
1319 590 1445 621 potentes
1461 585 1528 613 estis
1542 585 1576 611 ad
1592 585 1736 612 bibendum

955 632 1047 658 viuum
1058 631 1090 658 δ’.
1102 641 1111 657 ι
1135 631 1168 658 Ει
1183 631 1235 658 alia
1257 632 1380 659 invenire
1394 636 1436 658 est
1452 630 1478 658 id
1493 637 1578 665 genus
1594 630 1736 664 permulta.

955 677 996 704 An
1013 685 1065 704 non
1082 677 1164 703 minis
1178 676 1278 704 similia
1293 680 1356 704 sunt.
1375 677 1451 704 hac:
1472 685 1482 702 ι
1495 675 1541 702 Va:
1554 675 1625 710 genti
1641 682 1738 709 pecca-

957 722 1015 749 trici
1026 743 1032 754 ,
1048 722 1146 756 populo
1160 722 1233 756 gravi
1251 722 1403 757 iniquitate,
1418 722 1514 749 semini
1528 729 1643 755 nequam
1654 742 1661 753 ,
1677 720 1739 747 ﬁliis

957 768 1097 796 Sceleratis
1110 768 1150 802 “,
1166 777 1175 794 ι
1194 772 1221 795 et
1234 773 1332 796 (ποίει-ιι
1343 789 1350 801 ,
1368 768 1467 803 quibus
1481 767 1557 795 addit
1578 773 1617 794 tot
1633 766 1720 793 minas
1731 786 1738 797 ,

957 822 1005 842 nec
1023 814 1141 841 minores
1162 814 1195 841 iis
1215 821 1284 848 quas
1307 813 1401 841 Jesum
1420 813 1568 841 intentasse
1587 811 1670 839 dicit?
1686 813 1740 838 An-

958 867 1011 887 non
1031 860 1111 886 mina:
1132 863 1195 886 sunt
1216 864 1244 887 et
1269 867 1372 894 magnae
1395 859 1504 894 quidem
1534 859 1610 886 istae:
1633 867 1642 884 ι
1655 857 1739 884 Terra

958 911 1047 933 vestra
1062 906 1179 938 deserta,
1190 905 1403 942 Mcivitatcs
1416 910 1512 933 vestrm
1524 913 1660 933 succensa:
1675 905 1739 940 igni;

958 951 1094 986 regionem
1111 956 1228 979 vestram
1248 959 1339 979 coram
1356 951 1433 978 vobis
1453 951 1534 977 alieni
1551 952 1696 982 devorant,
1714 955 1740 976 et

957 997 1078 1024 desolata
1097 1002 1223 1025 vastatur
1243 1004 1256 1023 a
1279 996 1384 1032 populis
1398 997 1494 1024 alienis
1504 996 1546 1022 “?
1561 1005 1570 1022 ι
1587 996 1683 1023 Annon
1697 996 1738 1022 vi~

958 1042 1062 1076 tuperia
1078 1047 1151 1074 sunt,
1167 1050 1226 1076 qua:
1240 1043 1309 1069 Deus
1322 1046 1416 1069 contra
1431 1041 1557 1076 populum
1572 1041 1611 1067 ait
1623 1041 1655 1066 ad
1670 1041 1740 1067 Eze-

957 1086 1070 1113 cbielem
1080 1086 1256 1121 prophetam:
1269 1085 1350 1113 (Cum
1362 1086 1552 1120 scorpionibus
1562 1086 1669 1112 habitas
1678 1085 1718 1111 ⁸³7
1728 1095 1736 1110 ι

958 1131 998 1157 An
1013 1130 1095 1163 serio,
1109 1130 1198 1163 Celse,
1214 1129 1334 1158 Judaeum
1351 1135 1446 1157 contra
1466 1130 1555 1157 Jesum
1576 1129 1682 1157 inducis
1696 1131 1739 1157 di-

958 1181 1080 1204 centem:
1100 1186 1110 1202 ι
1122 1177 1266 1212 Promptus
1278 1177 1310 1204 ad
1325 1177 1411 1204 minas
1423 1181 1449 1204 et
1462 1177 1596 1211 vituperia
1607 1177 1739 1204 clamitat:

961 1221 1004 1249 Va:
1016 1222 1102 1256 vobis,
1123 1223 1239 1257 ιιι-εειιὶοο
1254 1223 1352 1250 vobis?
1366 1231 1376 1248 ι
1396 1222 1511 1250 Videsne
1526 1222 1657 1257 quidquid
1678 1230 1740 1250 cum

958 1266 1021 1294 Jesn
1038 1269 1197 1301 expostulat
1210 1288 1218 1301 .
1235 1273 1326 1295 contra
1344 1269 1430 1303 ipsum
1447 1269 1479 1296 de
1499 1269 1554 1295 Deo
1567 1268 1621 1295 dici
1640 1268 1742 1303 posse!

960 1312 1026 1339 Nam
1051 1314 1120 1340 Deus
1141 1313 1167 1340 in
1180 1314 1320 1349 prophetis
1339 1314 1478 1341 invenitur
1493 1314 1588 1341 iisdem
1613 1321 1739 1348 prorsus.

960 1358 1054 1392 quales
1067 1358 1175 1387 Iudaeus
1194 1360 1310 1387 intendit
1326 1379 1333 1391 ,
1356 1359 1576 1387 accusationibus
1595 1359 1740 1390 obnoxius.

960 1404 1037 1437 quasi
1054 1405 1219 1438 persuadere
1235 1413 1287 1431 non
1303 1411 1403 1440 posset.
1425 1405 1543 1432 Dixerim
1564 1405 1645 1432 etiam
1667 1404 1740 1431 Celsi

960 1449 1051 1476 Judmo
1060 1450 1104 1484 qui
1114 1449 1171 1477 haec
1182 1457 1211 1476 se
1223 1454 1298 1484 putat
1310 1454 1381 1477 recte
1388 1449 1449 1477 Jesu
1463 1450 1562 1484 probro
1575 1450 1652 1482 dare,
1664 1456 1743 1476 exse—

961 1496 1108 1528 crationes,
1125 1499 1255 1530 quotquot
1274 1495 1331 1522 fere
1342 1500 1405 1522 sunt
1419 1495 1444 1522 in
1460 1495 1579 1522 Levitico
1592 1500 1619 1522 et
1638 1494 1738 1521 Dente-

123 1539 195 1574 πρὸς
213 1539 292 1565 αὑτὸν
310 1538 373 1574 περὶ
393 1538 440 1565 τοῦ
465 1539 549 1571 Θεοῦ;
578 1540 724 1575 Ἀντικρυς
740 1539 795 1575 γὰρ
810 1540 839 1566 ὲν
855 1541 909 1571 τοῖς

987 1541 1216 1576 ιιιοιιιίοεοιίριαι,
1232 1541 1254 1568 si
1267 1540 1375 1568 Judteus
1392 1548 1406 1568 e
1420 1540 1559 1575 Scriptura
1577 1540 1740 1573 defenderit,

123 1584 229 1619 ὁμοίοις
244 1585 398 1620 εὑρίσκεται
414 1586 462 1616 ὢν,
481 1585 518 1617 ὡς
530 1585 615 1612 οἴεται
627 1586 641 1612 6
661 1586 794 1618 Ἰουδαῖος,
812 1586 911 1622 ἐγκλή-

127 1637 213 1664 μασιν
226 1631 239 1656 ό
253 1630 343 1661 ἐντοῖς
353 1631 506 1666 προφήταις
521 1630 597 1663 Θεὸς,
612 1632 649 1663 ὡς
662 1633 753 1658 πεῖσαι
763 1632 910 1660 ἀδυνατῶν.

126 1674 188 1700 Ἔτι
198 1674 226 1700 δὲ
235 1675 350 1710 φήσαιμ’
359 1675 391 1702 ἂν
403 1676 469 1711 πρὸς
485 1676 531 1702 τὸν
546 1677 621 1712 παρὰ
629 1677 668 1712 τῷ
678 1678 773 1712 Κέλσῳ
788 1677 912 1705 Ἰουδαῖον

123 1720 249 1754 οξόμενον
263 1718 292 1747 εὖ
303 1721 387 1747 ταῦτα
416 1721 470 1758 (‘29)
486 1722 525 1757 τῷ
544 1723 628 1758 Ἰησοῦ
643 1724 778 1757 ἐγκαλεῖν,
793 1725 832 1751 ὃτι
846 1725 911 1760 ἀραὶ

125 1764 251 1791 πλεῖσται
270 1765 334 1792 ὅσαι·
343 1766 585 1802 ἀναγεγραμμέναι
597 1769 665 1794 εἰσὶν
681 1769 708 1794 ὲν
720 1769 853 1804 Λευῖτικῷ
865 1769 912 1796 καὶ

125 1810 340 1846 Δευτερονομίῳ,
358 1811 421 1846 περὶ
433 1808 470 1838 ὧν
487 1812 524 1843 ὡς
535 1812 582 1839 ἐὰν
599 1813 798 1848 ἀπολογήτηται
814 1816 827 1840 6
848 1815 912 1841 ’[ου-

126 1855 201 1886 δαῖος
216 1856 416 1890 παριστάμενος
433 1857 465 1891 τῇ
478 1856 583 1892 Γραφῇ,
599 1857 615 1892 ἢ
635 1858 763 1889 τοιούτως
776 1858 792 1893 ἢ
811 1859 858 1885 καὶ
872 1859 912 1885 έτι

127 1898 233 1933 βέλτιον
249 1899 474 1936 ἀπολογησόμεθα
495 1902 628 1937 περὶτῶν
652 1901 835 1937 νομιζομένων
860 1903 913 1929 ὑπὸ

126 1943 176 1970 τοῦ
194 1944 281 1980 Ἰησοῦ
295 1945 418 1981 εἰρῆσθαι
431 1946 567 1982 λοιδοριῶν
581 1949 626 1974 καὶ
639 1947 768 1974 ἀπειλῶν.
784 1949 837 1974 Kal
849 1948 913 1984 περὶ

128 1989 213 2015 αὑτοῦ
226 1990 255 2016 δὲ
267 1990 314 2016 τοῦ
331 1991 468 2023 Μωϋσέως
481 1992 573 2026 νόμου,
593 1993 672 2027 ἡμεῖς
691 1992 789 2027 μᾶλλον
800 1993 912 2028 δυνησό-

130 2036 202 2071 μεθα
223 2036 451 2072 ἀπολογήσασθαι,
477 2038 524 2064 ἆτε
546 2037 724 2073 συνετώτερον
745 2038 913 2073 διδαχθέντες

129 2081 184 2107 ὑπὸ
199 2081 246 2108 τοῦ
279 2082 365 2117 Ἰησοῦ
386 2082 494 2109 ἀκούειν
518 2083 572 2109 τῶν
594 2083 712 2118 νομικῶν
731 2085 912 2119 γραμμάτων,

129 2128 204 2163 ἢπερ
220 2129 234 2154 6
258 2128 397 2160 Ἰουδαῖος*
416 2128 483 2155 ἀλλὰ
500 2129 547 2155 καὶ
567 2129 582 2153 6
606 2128 737 2161 Ἰουδαῖος,
756 2129 803 2155 ἐὰν
826 2130 868 2165 ἴδῃ
883 2130 914 2156 τὸ

130 2172 256 2208 βούλημα
273 2173 326 2200 τῶν
343 2174 518 2209 προφητικῶν
535 2174 631 2208 λόγων,
646 2175 818 2210 παραστῆσαι
835 2175 913 2211 δυνή-

964 1595 1013 1615 nos
1030 1587 1156 1614 similiter
1169 1591 1215 1613 aut
1227 1587 1309 1613 etiam
1326 1586 1423 1614 melius
1436 1586 1595 1613 defensuros
1609 1586 1741 1620 vituperia

962 1639 989 1660 et
1005 1633 1092 1660 minas
1109 1640 1176 1667 quas
1191 1626 1270 1660 Jesus
1292 1632 1412 1667 iactasse
1425 1632 1606 1659 existimatur.
1626 1632 1682 1659 lmo
1701 1632 1743 1658 le-

962 1686 1021 1713 gem
1035 1680 1121 1713 ipsam
1139 1678 1241 1713 Moysis
1256 1685 1323 1710 nos,
1341 1678 1386 1712 qui
1404 1685 1418 1704 a
1433 1678 1497 1705 Jesu
1512 1677 1584 1704 docti
1598 1684 1691 1704 sumus
1705 1677 1743 1703 le-

963 1724 1032 1759 galia
1048 1724 1148 1758 scripta
1167 1723 1318 1758 sapientius
1335 1723 1486 1757 intelligere
1499 1742 1505 1754 ,
1522 1730 1603 1757 quam
1618 1722 1742 1754 Judaeus,

964 1770 1108 1798 defendere
1129 1770 1215 1804 magis
1231 1769 1381 1804 poterimus
1396 1777 1404 1800 ;
1422 1775 1576 1803 quanquam
1594 1772 1622 1794 et
1637 1766 1746 1794 Judteus

963 1815 1032 1850 ipse,
1046 1817 1068 1843 si
1083 1815 1249 1850 perspexerit
1259 1814 1479 1850 propheticorum
1493 1820 1648 1840 sermonum
1671 1820 1745 1839 men-

963 1865 1038 1892 tem,
1061 1863 1204 1888 ostendere
1227 1860 1325 1894 poterit
1341 1860 1422 1887 Deum
1446 1867 1498 1886 non
1526 1857 1621 1884 leviter
1646 1858 1744 1884 minari

963 1908 991 1932 et
1003 1905 1155 1940 obiurgare,
1170 1912 1230 1931 cum
1247 1903 1313 1931 dicit
1330 1913 1339 1929 ι
1355 1911 1394 1931 va:
1407 1913 1416 1929 ι
1435 1907 1462 1930 ct
1476 1912 1484 1928 ι
1497 1902 1627 1930 denuntio
1638 1902 1741 1932 vobisa

963 1955 991 1977 et
1005 1950 1141 1985 quomodo
1153 1950 1235 1981 Deus,
1249 1954 1278 1976 ut
1294 1949 1416 1976 homines
1431 1948 1464 1975 ad
1477 1955 1506 1975 se
1521 1950 1673 1979 convertat,
1688 1947 1746 1974 hac

964 1994 1056 2027 dicat,
1076 2001 1135 2028 quae
1155 1993 1249 2021 Celsus
1265 2001 1298 2020 ne
1321 1993 1460 2020 eordatum
1482 1992 1589 2026 quidem
1608 1991 1744 2019 hominem

964 2045 1024 2065 esse
1037 2039 1171 2066 dicturum
1182 2038 1339 2064 arbitratur.
1351 2036 1479 2063 Similiter
1488 2041 1576 2064 autem
1586 2035 1745 2068 Christiani,

965 2084 1011 2118 qui
1027 2090 1109 2110 unum
1131 2083 1158 2109 in
1177 2082 1316 2117 prophetis
1334 2087 1362 2109 et
1383 2081 1410 2108 in
1431 2081 1543 2108 Domino
1563 2081 1645 2108 Deum
1660 2088 1745 2108 nove-

965 2134 1040 2160 runt,
1057 2129 1165 2163 planum
1183 2128 1299 2161 facient,
1315 2127 1414 2155 rationi
1430 2134 1564 2155 consonas
1581 2134 1655 2158 esse,
1679 2134 1747 2161 quas

966 2174 1012 2201 ille
1027 2174 1115 2201 minas
1130 2181 1191 2201 esse
1207 2177 1311 2206 censet,
1325 2177 1352 2200 et
1364 2180 1431 2207 quas
1444 2172 1646 2208 obiurgationes
1658 2176 1745 2199 vocat.

130 2226 208 2244 σεται
225 2219 255 2245 τὸ
267 2219 323 2254 (50)
343 2219 379 2255 μὴ
397 2219 504 2254 κούφως
519 2219 639 2246 ἀπειλεῖν
662 2220 707 2246 καὶ
725 2219 853 2255 λοιδορεῖν
869 2221 909 2246 τὸν

988 2220 1062 2247 aucis
1085 2219 1195 2254 insuper
1215 2219 1266 2246 hoc
1283 2218 1342 2246 loco
1359 2218 1479 2250 Celsum,
1495 2218 1541 2252 qui
1559 2217 1747 2252 philosophum

130 2264 198 2290 Θεὸν
213 2264 325 2299 λέγοντα
343 2267 384 2298 τὸ,
403 2277 411 2291 ι
430 2267 508 2299 Οὐαὶ,
530 2276 539 2291 ι
563 2267 609 2293 καὶ
634 2276 642 2291 ι
662 2266 784 2302 προλέγω
801 2267 878 2301 ὑμῖν·
901 2277 909 2292 ι

130 2311 179 2337 καὶ
192 2311 251 2342 πῶς
262 2311 328 2343 Θεὸς
339 2312 409 2347 ὑπὲρ
420 2312 586 2347 ἐπιστροφῆς
597 2311 746 2348 ἀνθρώπων
755 2311 789 2337 τὰ
802 2312 912 2338 τοιαῦτα

128 2356 164 2382 ἂν
177 2356 261 2391 λέγοι,
279 2357 350 2393 ἅπερ
365 2358 450 2384 οἴεται
464 2358 524 2385 οὐδὲ
537 2357 665 2392 φρόνιμον
681 2357 821 2392 ἄνθρωπον
836 2358 914 2392 ποιῆ-

968 2272 997 2291 se
1012 2270 1039 2292 et
1057 2270 1212 2292 nostrarum
1228 2271 1319 2291 rerum
1342 2264 1471 2291 scientem
1495 2270 1554 2290 esse
1566 2263 1691 2298 iactitat,
1706 2262 1749 2289 in-

968 2311 1111 2345 terrogabo
1125 2320 1132 2338 :
1152 2310 1223 2338 Heus
1238 2315 1266 2337 tu
1280 2318 1287 2343 ;
1303 2310 1326 2338 si
1345 2310 1495 2338 Mercurius
1518 2309 1587 2345 apud
1604 2309 1747 2337 llonierum

970 2356 1057 2391 Ulyssi
1072 2357 1151 2384 dicit:

130 2409 176 2428 σαι
192 2403 205 2428 6
219 2401 331 2434 Κέλσος.
347 2403 400 2428 Kal
417 2402 572 2437 Χριστιανοὶ
584 2402 612 2428 δὲ
627 2402 674 2428 ἕνα
684 2401 750 2428 Θεὸν
767 2401 953 2435 γινώσκοντες,
965 2403 1010 2430 τὸν
1025 2404 1054 2430 ὲν
1070 2406 1125 2436 τοῖς
1139 2406 1290 2440 προφήταις
1305 2405 1352 2431 καὶ
1369 2404 1407 2439 τῷ
1423 2404 1525 2440 Κυρίῳ,
1545 2403 1748 2438 παραστήσουσι

128 2447 162 2473 τὸ
189 2447 299 2482 εὔλογον
323 2447 377 2474 τῶν
400 2448 583 2483 νομιζομένων
595 2477 598 2480 ,
608 2447 736 2480 ἀπειλῶν,
765 2448 811 2474 καὶ
825 2447 976 2483 λεγομένων
992 2449 1068 2484 παρὰ
1081 2449 1120 2485 τῷ
1132 2450 1227 2486 Κέλσῳ
1239 2449 1385 2485 λοιδοριῶν.
1403 2450 1458 2476 Kal
1470 2449 1548 2483 ὀλίγα
1563 2449 1602 2479 είς
1612 2447 1657 2473 τὸν
1667 2446 1749 2472 τόπον

169 2524 193 2585 δὲ
209 2524 303 2553 Matth.
330 2525 426 2558 xt,2l;
454 2532 533 2556 unt,
556 2524 597 2551 15.

131 2569 164 2592 ιι,
176 2569 203 2586 υ.

172 2659 226 2695 (‘26)
243 2659 312 2686 Idem
340 2659 366 2685 in
385 2664 470 2688 textu,
494 2658 669 2695 «domum;
695 2657 863 2695 llmsclielins
888 2663 916 2685 et.

131 2692 299 2728 Spencct'us,
329 2699 390 2727 post
405 2701 484 2720 voces
505 2695 533 2728 ὲν
555 2692 595 2728 τῷ
619 2693 786 2728 Εὑαγγελίῳ,
814 2693 917 2719 addunt

129 2729 203 2762 οὐαί,
218 2729 290 2763 quod
306 2730 381 2755 abest
396 2737 409 2754 ιι
423 2729 500 2755 codd.
518 2727 600 2762 Regio
614 2735 639 2755 et
653 2727 811 2759 Bastleensi,
823 2734 849 2754 et
863 2729 916 2754 uti-

130 2772 185 2798 que
201 2764 343 2790 redundat.

171 2798 227 2833 (‘27)
250 2797 404 2830 Ἀπειλαῖς.
421 2797 509 2824 Mallrt
524 2797 689 2828 lioherelltts,
705 2796 856 2833 λοιδορίαις.

169 2832 225 2868 (28)
245 2834 330 2868 Codd.
345 2833 443 2868 Iicgius
459 2839 485 2858 (ει
498 2833 617 2868 liasilccu
627 2833 669 2863 is,
683 2832 895 2868 συνῃσθημένος.

170 2866 226 2902 (‘29)
242 2867 318 2901 Πρὸς
333 2867 385 2893 τὸν
398 2868 475 2901 παρὰ
488 2867 527 2899 τῷ
543 2867 648 2899 Κέλσῳ
665 2866 803 2893 Ἰουδαῖοι·
821 2867 916 2900 titille-

648 2524 670 2539 "
686 2522 736 2550 Isa.
766 2531 793 2556 v,
819 2524 847 2557 8,
874 2525 1039 2559 Η,18,20,
1063 2527 1108 2553 22.

1161 2526 1183 2542 ⁵³
1196 2526 1247 2554 Isa.
1266 2535 1285 2559 t,
1300 2526 1327 2554 4.
1379 2525 1406 2559 ⁸⁸,
1423 2525 1474 2552 Isa.
1490 2532 1510 2558 ι,
1522 2524 1549 2552 7.
1597 2523 1621 2540 "
1646 2524 1746 2551 Ezecli.

967 2666 1023 2685 νον
1032 2655 1066 2684 εὗ
1083 2658 1185 2691 ταῦτα,
1201 2663 1255 2685 etc.
1271 2658 1309 2684 lta
1324 2658 1402 2686 codd.
1419 2656 1518 2692 Regius
1529 2661 1556 2684 et
1568 2655 1745 2692 Basileensis;

970 2693 1093 2727 impressi
1112 2701 1187 2727 vero,
1210 2694 1266 2724 τοῖς
1287 2692 1420 2726 οἰομένοις
1434 2690 1480 2718 τὸν
1503 2691 1578 2727 παρὰ
1592 2690 1632 2726 τῷ
1652 2690 1750 2726 Κέλσῳ

975 2726 1099 2753 Ἰουδαῖον
1111 2726 1139 2753 εὖ
1157 2727 1253 2758 ταῦτα,
1270 2732 1322 2753 etc.
1338 2727 1419 2752 Paulo
1433 2732 1492 2759 post
1505 2726 1571 2753 mss.
1587 2730 1670 2759 recte.
1685 2727 1749 2759 περὶ

969 2759 1006 2806 ῶν
1021 2762 1138 2806 ,ὡςιὲὰν
1166 2761 1366 2796 ἀπολογήσηται
1379 2779 1386 2792 ,
1414 2758 1539 2806 impressi
1561 2761 1624 2795 περὶ
1641 2758 1679 2787 ὧν
1703 2758 1749 2786 ὲὰν

967 2797 1084 2832 ἀπολογή
1089 2805 1177 2832 σηται.

1004 2829 1062 2865 (50}
1078 2829 1152 2859 Lilib.
1180 2830 1284 2863 cxcttsi,
1301 2829 1470 2865 παραστῆναι
1483 2829 1625 2864 δυνήσεται
1638 2829 1686 2865 τῷ,
1705 2830 1751 2856 scd

970 2868 1054 2893 codex
1072 2865 1171 2900 Regius
1190 2871 1218 2892 ut
1235 2867 1260 2892 in
1277 2872 1369 2892 nostro
1387 2870 1471 2897 textu,
1487 2869 1514 2890 et
1532 2871 1598 2891 sane
1612 2865 1724 2891 rectius.
