1843 3097
99 156 159 184 917

703 154 841 183 CONTRA
858 152 994 182 CELSUM
1013 153 1077 180 ΗΒ.
1098 151 1131 180 ll.

1682 149 1732 176 9l8

97 214 177 242 δαῖον
191 214 319 249 λελέχθω.
347 214 423 242 Ἐπελ¹
440 214 468 241 δὲ
494 213 562 249 μετὰ
599 213 685 240 ταῦτά
718 223 783 249 φησι
809 224 817 238 ι
838 214 868 239 Π(

964 219 1022 243 ius;
1037 220 1045 236 ι
1062 210 1182 237 dicemus
1202 214 1229 236 et
1246 216 1312 236 nos:
1331 208 1382 236 Ubi
1398 217 1467 235 nunc
1483 212 1521 234 est
1535 228 1541 240 ,
1554 208 1605 244 qui
1621 207 1646 234 in
1664 215 1729 242 pro-

98 258 149 286 οὖν
171 261 261 292 ὲστιν;
288 262 330 287 ἵνα
347 259 446 295 ἴδωμεν
460 259 508 287 καὶ
524 259 727 294 πιστεύσωμεν·
751 269 759 284 ι
777 259 892 294 ἐροῦμεν

98 305 173 340 πρὸς
183 307 273 332 αὐτόν·
285 306 340 332 Ποῦ
351 306 396 333 οὖν
410 307 467 333 ἐστι
479 306 526 332 νῦν
537 307 551 333 ὁ
564 307 592 332 ὲν
605 307 660 337 τοῖς
670 307 821 340 προφήταις
835 305 891 339 (55)

96 349 190 384 λέγων
211 351 258 377 καὶ
280 351 294 376 ὁ
313 351 443 386 τεράστια
461 350 635 386 πεποιηκώς
659 351 702 376 ἵνα
723 350 822 385 ἴδωμεν
846 349 892 376 καὶ

98 395 302 430 πιστεύσωμεν,
320 396 360 422 ὃτι
379 395 457 431 μερίς
473 396 529 422 ἐστι
551 395 605 430 (53)
622 395 668 422 τοῦ
686 395 762 421 Θεοῦ.
780 395 815 420 "II
828 395 891 429 ύμῖν

99 439 153 474 μὲν
169 439 271 472 ἔξεστιν
287 440 476 474 ἀπολογεῖσθαι
493 441 557 475 περί
573 440 620 466 τοῦ
639 440 675 475 μὴ
692 440 736 466 ἀεὶ
752 440 891 474 ἐπιφαίνε-

99 485 165 511 σθαι
185 485 225 521 τῷ
244 485 317 520 γένει
337 486 391 512 τῶν
415 486 547 521 Ἑϐραίων
569 485 614 511 τὸν
633 486 708 516 Θεὸν,
732 486 797 520 ἡμῖν
813 485 839 510 δὲ
860 485 888 510 οὐ

94 529 200 557 δίδοται
217 533 232 566 ἡ
252 532 320 566 αὐτὴ
338 531 469 566 ἀπολογία
487 531 551 566 περὶ
567 530 614 557 τοῦ
637 530 734 566 Ἰησοῦ,
752 530 826 563 ἅπαξ
843 531 890 557 καὶ

95 576 275 609 ἀναστάντος,
288 577 334 603 καὶ
351 578 492 608 πείσαντος
509 577 573 612 περί
588 577 637 611 τῆς
661 576 757 603 ἑαυτοῦ
774 577 890 603 ἀναστά-

96 627 170 651 σεως
199 621 262 652 τοὺς
287 621 427 656 μαθητὰς’
453 622 500 648 καὶ
517 622 562 647 ὲ.πί
577 621 702 648 τοσοῦτον
733 621 887 653 πείσαντος,

95 663 169 690 ὥστε
180 663 214 690 δι’
231 661 269 691 ὧν
283 666 415 700 πάσχουσι
431 666 565 693 δεικνύναι
583 668 673 695 πᾶσιν,
690 667 730 693 ὄτι
745 666 888 701 βλέποντες

95 708 147 742 τὴν
157 708 265 735 αἰώνιον
279 708 360 745 ζωὴν,
376 711 423 737 καὶ
434 710 481 746 τὴν
495 711 720 746 ὑποδεδειγμένην
733 711 825 742 αὐτοῖς
842 711 887 737 καὶ

97 753 172 788 λόγῳ
186 754 232 780 καὶ
243 754 315 790 ἔργῳ
330 755 486 787 ἀνάστασιν,
504 756 631 788 παίζουσι
652 755 740 782 πάντα
756 755 790 782 τὰ
807 757 835 782 ὲν
849 756 887 791 τῷ

97 797 150 833 βίῳ
168 799 302 832 ὲπίπονα;

131 844 212 870 Μετὰ
227 844 312 871 ταῦτα
325 845 397 879 λέγει
414 846 428 872 ὁ
447 846 579 878 Ἰουδαῖος·
598 856 606 872 ‹
624 847 659 872 Ἦ
675 847 721 873 ἐπὶ
733 847 818 881 τούτῳ
835 855 884 872 και-ι

944 258 1033 293 phetis
1056 257 1175 291 loquitur
1190 261 1215 282 et
1237 256 1358 291 prodigia
1382 255 1467 283 fecit?
1492 260 1520 282 ut.
1544 255 1684 281 videmnus
1703 259 1730 280 ct

943 303 1087 329 credamus
1110 309 1159 328 vos
1183 301 1229 328 Dei
1255 301 1387 336 peculium
1413 309 1482 328 esse.
1500 302 1540 328 An
1567 300 1644 328 vobis
1669 300 1731 327 licet

943 355 1040 375 causas
1055 348 1120 374 dare
1136 354 1185 374 cur
1201 347 1272 373 Deus
1289 346 1462 373 Hebraeorum
1482 346 1573 381 generi
1589 353 1641 372 non
1659 353 1728 380 prm-

942 400 1006 419 scns
1026 399 1134 425 semper
1150 391 1229 422 adsit;
1248 391 1325 417 nobis
1340 394 1430 417 autem
1445 391 1555 418 easdem
1570 398 1621 417 non
1637 389 1730 417 licebit

943 439 1054 465 reddere
1066 437 1100 464 de
1113 435 1175 463 Jesu
1187 457 1194 467 ,
1209 436 1270 470 qui,
1282 435 1366 462 semel
1379 436 1538 469 suscitatus,
1553 443 1628 463 suam
1644 435 1726 462 disei-
1748 468 1751 470 η

942 484 1012 518 pulis
1032 482 1258 510 resurrectionem
1275 481 1425 515 persuasit,
1445 485 1472 508 et
1489 481 1523 507 ita
1541 482 1648 515 quidem
1664 488 1728 515 per—

941 529 1047 561 suasit,
1063 532 1092 554 ut
1116 535 1164 562 per
1184 534 1216 554 ea
1233 534 1293 561 qua:
1314 527 1467 560 patiuntur,
1492 526 1578 560 palam
1598 527 1727 553 omnibus

941 575 1044 602 faciant
1062 581 1091 601 se
1115 574 1193 600 ludos
1219 573 1309 599 facere
1325 579 1493 605 quaminiqua
1514 573 1604 605 gravia
1619 571 1646 598 in
1672 572 1726 598 vita

940 620 1106 654 molestaqne
1120 625 1197 651 sunt,
1216 619 1276 652 quia
1291 617 1372 644 vitam
1391 622 1518 643 retentam
1545 618 1724 643 resurrectio-

941 673 1057 699 uemqne
1085 665 1135 691 sibi
1161 664 1244 691 verbo
1266 668 1293 690 et
1319 669 1402 696 opere
1426 662 1643 689 demonstratam
1671 669 1725 695 pra:

939 712 1022 737 oculis
1038 711 1135 737 habent
1147 710 1155 736 ἱ

972 802 1054 838 446
1071 801 1115 829 78.
1131 801 1222 836 Pergit
1238 800 1363 828 Judmus:
1392 800 1453 827 (An
1473 807 1506 828 eo
1523 799 1677 832 descendit,
1696 803 1726 826 ut

938 848 1068 876 increduli
1090 847 1251 875 essemus?)
1269 847 1316 874 Cui
1338 846 1465 880 dicetur,
1491 853 1542 873 non
1562 853 1594 872 eo
1615 846 1725 872 venisse

95 890 207 925 τῆλθεν,
225 891 257 917 ἵν’
277 892 485 927 ἀπιστήσωμεν;
503 902 512 918 ι
530 893 601 928 Πρὸς
616 893 645 919 ὃν
662 893 807 926 λελέξεται·
828 894 865 919 Οὐ

960 898 964 920 t
979 893 1078 921 Jutlzeis
1092 900 1174 920 causa
1195 893 1392 920 incredulitatis
1405 897 1478 919 esset
1490 912 1497 924 ,
1515 892 1562 920 sed
1575 899 1634 918 eam
1651 892 1725 918 l‘utu-

96 936 144 962 ἐπὶ
167 936 254 971 τούτῳ
277 937 326 972 μὲν
346 935 436 972 ἦλθεν,
460 938 492 965 ἵν’
517 939 666 974 ἐργάσηται
688 939 735 974 τὴν
757 939 884 965 ἀπιστίαν

100 981 250 1014 Ἰουδαίοις’
259 983 471 1017 προγιγνώσκων
481 984 502 1011 δ’
513 985 596 1020 αὐτὴν
605 985 747 1020 ἐσομένην,
759 987 882 1021 προεῖπε’

95 1027 142 1052 καί¹
158 1028 342 1063 συνεχρήσατο
354 1030 386 1063 τῇ
402 1029 514 1064 ἀπιστίᾳ
527 1029 580 1056 τῶν
601 1029 735 1057 Ἰουδαίων
751 1030 818 1065 πρὸς
835 1030 883 1066 τὴν

95 1072 193 1108 κλῆσιν
211 1073 265 1100 τῶν
285 1073 384 1100 ἐθνῶνη
400 1075 438 1110 τῷ
453 1074 506 1111 γὰρ
524 1076 635 1102 ἐκείνων
646 1076 847 1112 παραπτώματι
867 1078 882 1112 ἡ

96 1118 219 1153 σωτηρία
235 1120 291 1151 τοῖς
313 1119 401 1146 ἔθνεσι
426 1120 578 1156 γεγένηται,
604 1121 667 1156 περὶ
690 1118 726 1148 ὧν
741 1123 754 1148 ὀ
776 1123 804 1148 ὲν
826 1124 883 1154 τοῖς

94 1165 248 1199 προφήταις
262 1165 377 1201 Χριστός
390 1174 454 1202 φησι
465 1174 472 1181 ”
488 1176 497 1191 ε
513 1167 594 1198 Λαὸς,
608 1167 637 1193 ὃν
648 1168 697 1194 οὐκ
708 1168 802 1201 ἔγνων,
813 1168 884 1195 ἐδού-

92 1207 173 1235 λευσὲ
198 1219 252 1245 μοι,
275 1212 315 1242 εἰς
336 1211 421 1247 ἀκοὴν
443 1212 524 1238 ὠτίου
544 1212 682 1248 ὑπήκουσέ
699 1219 765 1248 μου·
795 1224 803 1239 ι
823 1214 880 1247 καὶ,

93 1263 105 1280 ε
123 1255 247 1291 Εὑρέθην
261 1258 317 1289 τοῖς
333 1257 382 1292 ἐμὲ
401 1257 437 1293 μὴ
455 1257 592 1293 ζητοῦσιν,
609 1259 733 1294 ἐμφανὴς
747 1259 880 1295 ἐγενόμην

91 1300 147 1331 τοῖς
160 1300 211 1335 ἐμὲ
227 1301 263 1337 μὴ
283 1302 451 1337 ἐπερωτῶσι.
468 1311 477 1328 ι
496 1303 550 1329 Καὶ
566 1304 660 1337 σαφὲς,
673 1304 714 1330 ὅτι
728 1305 775 1330 καὶ
791 1304 838 1340 τὴν
852 1305 881 1331 ἐν

93 1343 143 1378 βίῳ
156 1345 266 1372 κόλασιν
286 1345 415 1379 Ἰουδαῖοι,
435 1346 504 1383 μετὰ
515 1348 546 1374 τὸ
559 1348 688 1375 διαθεῖναι
705 1349 750 1376 τὸν
777 1348 881 1384 Ἰησοῦν

91 1389 109 1416 ἃ.
136 1390 277 1426 διέθηκαν,
303 1392 498 1428 ἐκολάσθησαν.
521 1393 680 1428 Λεγέτωσαν
708 1394 730 1421 δ’
760 1394 881 1423 Ἰουδαῖοι

93 1435 139 1462 ἐὰν
153 1437 233 1471 ἡμεῖς
250 1437 428 1470 ἐγκαλοῦντες
444 1438 592 1474 φάσκωμεν
604 1440 671 1475 (57),
690 1441 832 1477 θαυμαστή
848 1451 880 1477 γε

92 1480 155 1516 ὑμῖν
170 1482 188 1516 ἡ
201 1481 248 1508 τοῦ
270 1482 336 1509 Θεοῦ
355 1483 467 1518 πρόνοια
487 1485 534 1511 καὶ
547 1485 747 1521 φιλανθρωπία,
767 1487 879 1520 κολαζο-

93 1526 194 1561 μένοις,
209 1528 256 1554 καὶ
270 1530 422 1564 στερηθεῖσι
435 1531 482 1556 καὶ
495 1530 544 1566 τῆς
565 1531 751 1567 Ἰερουσαλὴμ,
767 1534 814 1559 καὶ
831 1533 878 1560 τοῦ

89 1572 235 1609 λεγομένου
248 1575 426 1610 ἁγιάσματος,
441 1577 486 1602 καὶ
498 1577 547 1612 τῆς
558 1586 587 1603 σε
592 1579 725 1613 μνοτάτης
735 1579 877 1614 λατρείας;

93 1620 123 1646 Ὃ
136 1620 192 1656 γὰρ
203 1620 250 1646 ἐὰν
262 1621 374 1647 εἴπωσιν
387 1622 598 1658 ἀπολογούμενοι
613 1623 677 1659 περὶ
688 1624 737 1659 τῆς
751 1625 878 1660 προνοίας

89 1664 134 1691 τοῦ
151 1665 231 1698 Θεοῦ,
249 1667 330 1701 ἡμεῖς
351 1668 449 1702 μᾶλλον
465 1669 706 1705 κατασκευάσωμεν
722 1670 769 1696 καὶ
786 1671 832 1697 ἐπὶ
848 1671 878 1698 τὸ

91 1710 202 1744 βέλτιον,
222 1711 345 1746 λέγοντες
359 1713 518 1750 θαυμαστὴν
532 1716 673 1749 γεγονέναι
688 1716 877 1751 πρόνοιαντοῦ

89 1756 166 1791 θεοῦ,
181 1759 409 1794 συγχρησαμένην
423 1759 461 1795 τῷ
474 1760 651 1796 ἁμαρτήματι
666 1761 713 1788 τοῦ
729 1762 794 1788 λαοῦ
807 1763 878 1789 ὲκεί-

89 1811 132 1829 νου
143 1804 186 1835 είς
201 1804 232 1830 τὸ
247 1804 312 1836 τοὺς
327 1804 381 1831 ἀπὸ
398 1805 451 1831 τῶν
465 1805 549 1832 ἐθνῶν
562 1806 606 1833 διὰ
629 1806 716 1842 Ἰησοῦ
732 1807 875 1843 κληθῆναι,

88 1849 148 1880 τοὺς
161 1849 254 1882 ξένους
270 1850 324 1876 τῶν
336 1849 481 1886 διαθηκῶν,
493 1851 539 1878 καὶ⁴
554 1851 710 1888 ἀλλοτρίους
722 1853 775 1879 τῶν
790 1854 876 1887 ἑπαγ-

87 1894 183 1928 γελιῶν
205 1897 244 1927 εἰς
266 1895 314 1931 τὴν
335 1895 382 1922 τοῦ
403 1896 470 1923 Θεοῦ
495 1897 642 1932 βασιλείαν.
670 1899 724 1924 Καὶ
744 1899 829 1925 ταῦτα
848 1899 876 1925 δὲ

86 1941 216 1976 προεῑτων
230 1942 254 1967 οί
275 1941 423 1976 προφῆται,
437 1942 476 1974 ὡς
495 1942 549 1978 ἄρα
572 1943 615 1970 διὰ
634 1943 669 1969 τὰ
690 1944 876 1979 ἁμαρτήματα

87 1984 131 2012 τοῦ
144 1986 199 2012 τῶν
220 1986 353 2022 Ἑϐραίων
368 1987 432 2014 λαοῦ
448 1987 587 2020 ἐκλέξεται
601 1989 615 2014 ὁ
629 1989 696 2020 Θεὸς
709 1990 770 2024 οὐχὶ
787 1989 872 2022 ἔθνος,

86 2031 151 2058 ἀλλὰ
163 2032 280 2066 λογάδας
297 2033 464 2068 πανταχόθεν
476 2042 482 2048 ·
501 2034 548 2060 καὶ
562 2033 597 2060 τὰ
611 2035 691 2071 μωρὰ
703 2036 750 2062 τοῦ
771 2036 874 2071 κόσμου

87 2078 273 2113 ἐκλεξάμενος,
285 2080 393 2115 ποιήσει
407 2079 437 2105 τὸ
451 2079 581 2107 ἀσύνετον
592 2081 668 2113 ἔθνος
678 2082 805 2116 γενέσθαι
817 2082 873 2118 (58)

86 2124 178 2156 ἐντοῖς
192 2124 276 2156 θείοις
288 2125 388 2159 λόγοις,
409 2125 556 2161 αἰρομένης
572 2127 620 2162 μὲν
637 2128 683 2153 ἀπ’
699 2128 810 2154 ἐκείνων
826 2128 873 2163 τῆς

85 2168 129 2195 τοῦ
150 2170 218 2196 Θεοῦ
243 2170 391 2205 βασιλείας,
417 2172 522 2203 τούτοις
542 2172 570 2198 δὲ
595 2173 748 2208 διδομένης.
781 2174 873 2208 Ἀρκεῖ

938 948 994 967 ram
1011 947 1071 968 esse
1097 939 1245 974 providens
1257 958 1266 972 ,
1290 938 1415 973 praedixit.
1430 946 1437 970 ;
1455 943 1481 965 et
1499 938 1531 965 ad
1554 938 1724 965 vocationem

937 986 1057 1021 gentium
1080 993 1144 1012 usus
1159 990 1200 1012 est
1216 983 1372 1011 Judzeorum
1398 984 1606 1011 incredulitate:
1626 983 1722 1010 horum

936 1032 1008 1058 enim
1035 1037 1113 1058 casus
1136 1030 1262 1065 gentibus
1279 1029 1329 1056 fuit
1344 1029 1426 1056 salus.
1444 1028 1482 1056 Ae
1499 1029 1532 1056 de
1553 1029 1585 1056 iis
1600 1028 1723 1056 Christus

937 1078 994 1112 ipse
1010 1077 1036 1104 in
1054 1077 1193 1112 prophetis
1207 1085 1212 1103 :
1231 1085 1240 1102 ι
1253 1075 1383 1110 Populus,
1401 1075 1497 1109 inquit,
1513 1083 1592 1110 quem
1611 1083 1663 1102 non
1677 1083 1724 1101 co-

936 1124 1015 1159 gnovi
1033 1145 1040 1156 ,
1063 1123 1179 1151 servivit
1206 1122 1271 1149 mihi
1289 1142 1296 1154 ,
1324 1121 1351 1148 in
1381 1121 1473 1148 auditu
1503 1121 1578 1148 auris
1604 1120 1724 1148 obedivit

936 1170 1000 1197 mihi
1019 1169 1052 1197 “.
1068 1179 1077 1195 ι
1097 1169 1150 1195 Et:
1178 1178 1186 1194 ι
1200 1168 1326 1195 Inventus
1344 1174 1402 1194 sum
1427 1174 1441 1193 a
1464 1173 1517 1194 non
1540 1165 1724 1201 quaerentibus

934 1224 1000 1248 me,
1025 1215 1138 1250 apparui
1162 1215 1196 1241 iis
1219 1214 1264 1248 qui
1291 1222 1334 1241 me
1359 1222 1411 1241 non
1436 1213 1644 1247 interrogabant
1659 1212 1692 1239 5°.
1710 1221 1719 1237 ι

934 1263 1023 1295 Atque
1039 1261 1121 1289 etiam
1134 1260 1216 1295 liquet
1231 1267 1337 1295 pmnas,
1352 1268 1420 1295 quas
1432 1260 1518 1287 Judaei
1534 1260 1615 1287 etiam
1630 1259 1657 1286 in
1672 1259 1722 1285 hac

935 1308 987 1334 vita
1000 1307 1071 1342 passi
1079 1311 1153 1339 sunt,
1166 1307 1198 1334 iis
1211 1306 1327 1334 inﬂictas
1336 1314 1404 1338 esse,
1416 1310 1559 1342 postquam
1571 1305 1722 1333 intulerunt

933 1354 996 1381 Jesu
1010 1353 1152 1389 supplicia.
1163 1353 1190 1380 Si
1205 1353 1287 1388 igitur
1300 1353 1326 1380 in
1342 1353 1399 1380 illos
1409 1353 1448 1380 sic
1464 1350 1721 1379 inveheremur:An

933 1399 1102 1426 admirabilis
1125 1406 1190 1433 erga
1212 1406 1260 1425 vos
1278 1398 1328 1425 fuit
1344 1398 1390 1425 Dei
1408 1396 1579 1432 providentia
1599 1400 1626 1423 et
1640 1396 1720 1423 beni-

935 1445 1034 1480 gnitas,
1050 1445 1098 1479 qui
1116 1452 1163 1472 vos
1180 1444 1320 1479 suppliciis
1335 1443 1447 1471 allectos
1464 1442 1584 1477 privavit
1600 1441 1680 1469 simul
1692 1445 1722 1468 et

932 1491 1082 1518 Jerusalem
1099 1496 1126 1518 et
1140 1495 1242 1520 vestro.
1259 1495 1289 1517 ut
1304 1490 1416 1523 voratis,
1436 1487 1594 1516 sanetuario
1608 1491 1636 1515 el
1653 1493 1718 1514 san-

933 1536 1055 1563 ctissimo
1076 1535 1172 1563 cultu?
1200 1535 1393 1569 respondeant.
1417 1534 1445 1562 Si
1467 1534 1558 1560 dicent
1581 1532 1652 1567 quod
1673 1531 1719 1558 Dei

931 1583 1051 1609 vindicet
1071 1581 1281 1616 providentiam,
1305 1587 1354 1607 nos
1376 1580 1462 1614 magis
1480 1584 1506 1606 et
1522 1579 1606 1606 multo
1622 1578 1719 1605 melius

930 1626 1004 1653 illam
1036 1626 1181 1654 tuebimur.
1206 1625 1332 1653 Dicemus
1357 1625 1428 1651 enim
1455 1624 1642 1651 admirandam
1667 1624 1716 1649 Dei»

930 1673 1130 1706 providentiam
1149 1671 1244 1704 fuisse,
1262 1679 1321 1705 qua:
1341 1675 1455 1705 peccato
1471 1670 1562 1704 populi
1578 1669 1651 1696 illius
1669 1676 1718 1696 usa

928 1723 981 1751 est,
998 1722 1026 1744 ut
1037 1722 1130 1753 gentes
1142 1725 1190 1752 per
1205 1717 1299 1744 Jesum
1312 1717 1345 1743 ad
1361 1724 1471 1751 regnum
1485 1715 1530 1742 Dei
1544 1719 1716 1747 vocarentur,

930 1763 1036 1790 tametsi
1051 1768 1144 1790 essent
1161 1770 1176 1789 a
1188 1762 1360 1790 teslamentis
1374 1762 1480 1793 aliena),
1494 1765 1521 1787 et
1538 1760 1607 1787 nihil
1619 1761 1653 1787 ad
1669 1767 1718 1786 eas

929 1808 1123 1842 promissiones
1143 1808 1322 1845 pertinerent,
1343 1807 1431 1842 Atque
1450 1806 1506 1832 hanc
1528 1805 1716 1840 praedixerunt.

927 1853 1083 1888 prophetaa,
1107 1857 1218 1887 propter
1240 1852 1366 1880 Hebraici
1389 1852 1478 1887 populi
1498 1855 1608 1886 peccata
1631 1851 1717 1877 Deun‘.

927 1897 1078 1924 electorum
1094 1903 1146 1922 non
1163 1903 1243 1922 unam
1259 1895 1378 1930 aliquam
1394 1899 1513 1930 gentem,
1529 1894 1576 1922 sed
1591 1894 1711 1922 selectos

927 1950 959 1969 ex
973 1943 1117 1975 omnibus;
1133 1947 1159 1969 et
1172 1941 1263 1969 stultis
1279 1942 1372 1968 mundi
1386 1941 1492 1974 electis,
1509 1945 1615 1976 gentem
1628 1941 1714 1973 stupi-

927 1989 986 2014 dant
1000 1988 1100 2014 divinis
1113 1987 1230 2022 eloquiis
1241 1987 1422 2019 eruditurum,
1439 1986 1546 2014 sublato
1557 1986 1617 2014 aliis
1628 1993 1713 2021 regno

926 2033 972 2060 Dei
993 2038 1020 2060 et
1039 2033 1100 2060 aliis
1119 2033 1229 2059 tradito.
1253 2031 1340 2059 Unum
1357 2033 1390 2059 de
1411 2032 1504 2059 multis
1519 2032 1586 2059 satis
1603 2032 1712 2067 imprae-

924 2079 1073 2106 sentiarum
1098 2079 1180 2106 fuerit
1206 2078 1305 2106 aﬂ'erre
1320 2086 1354 2105 ex
1377 2077 1483 2105 cantico
1508 2078 1708 2105 Deuterouomii

925 2125 1099 2156 vaticinium,
1123 2124 1168 2152 ubi
1190 2132 1224 2152 ex
1241 2131 1355 2158 persona
1371 2124 1474 2151 Christi
1499 2123 1634 2151 habentur
1654 2124 1711 2150 haec

924 2170 956 2196 de
970 2170 1091 2204 gentium
1107 2170 1270 2198 vocatione:
1293 2179 1302 2195 ι
1316 2169 1367 2204 Ipsi
1391 2177 1433 2197 me
1448 2174 1663 2205 provocaverunt
1684 2170 1712 2196 in

85 2214 105 2239 δ’
122 2215 176 2242 ἀπὸ
196 2215 326 2243 πλειόνων
342 2218 388 2243 ἐπὶ
410 2217 456 2244 τοῦ
476 2218 618 2254 παρόντος,
634 2219 805 2255 παραθέσθαι
822 2219 868 2254 τὴν

970 2218 1014 2251 qui
1028 2224 1080 2244 non
1098 2220 1176 2243 erant
1197 2216 1243 2248 dii,
1262 2221 1290 2244 et
1304 2216 1486 2251 _irritavcrunt
1500 2215 1526 2242 in
1544 2215 1621 2242 idolis
1634 2215 1709 2248 suis;

85 2259 133 2286 ἀπο
152 2261 203 2296 τῆς
228 2262 300 2297 ᾠδῆς
318 2262 365 2289 τοῦ
389 2263 598 2299 Δευτερονομίου
622 2265 789 2299 προφητείαν
807 2264 870 2300 περὶ

84 2305 129 2341 τῆς
141 2307 196 2334 τῶν
217 2307 302 2334 ἐθνῶν
326 2308 450 2343 κλήσεως
471 2309 558 2340 οὕτως
573 2309 698 2345 ἔχουσαν,
720 2310 869 2346 λεγομένην

924 2269 949 2290 cl
967 2270 1016 2297 ego
1031 2264 1184 2298 provocabo
1207 2270 1254 2290 eos
1268 2263 1294 2289 in
1308 2270 1340 2290 eo
1357 2262 1403 2297 qui
1419 2270 1472 2289 non
1488 2266 1528 2289 est
1544 2261 1668 2297 populus,
1683 2266 1710 2288 et

925 2309 951 2335 iu
964 2315 1044 2343 gente
1057 2309 1139 2336 stulta
1157 2309 1269 2336 irritabo
1287 2308 1345 2336 illos
1357 2309 1390 2335 '“.

83 2351 113 2379 ὲκ
125 2354 272 2389 προσώπου
286 2354 399 2390 Κυρίουν
423 2364 432 2379 ‹
452 2355 534 2382 Αὐτοὶ
547 2356 602 2390 γὰρ
616 2355 815 2391 παρεζήλωσὰν
833 2364 866 2390 με
883 2356 924 2382 ἐπ’
940 2356 971 2381 οὐ
987 2355 1068 2387 θεοῖς,
1085 2355 1265 2391 παρώργισὰν
1283 2363 1316 2390 με
1339 2355 1367 2380 ὲν
1387 2355 1443 2385 τοῖς
1464 2354 1582 2385 εἰδώλοις
1602 2353 1708 2380 αὐτῶν·

83 2399 156 2433 κάγὼ
179 2400 371 2436 παραζηλώσω
388 2402 488 2433 αὐτοὺς
502 2403 545 2427 ἐπ’
562 2402 612 2428 οὐκ
628 2402 709 2435 ἔθνει,
733 2403 777 2429 ἐπ’
795 2402 865 2429 ἔθνει
878 2402 1001 2437 ἀσυνέτῳ
1016 2403 1158 2438 παροργιῶ
1175 2400 1282 2434 αὐτούς.
1302 2412 1311 2428 ι

114 2443 168 2472 Εἶτ’
186 2446 312 2479 ἐπίλογος
327 2447 373 2473 τοῦ
395 2447 520 2473 Ἰουδαίου
535 2448 581 2474 ἐπὶ
594 2447 700 2478 τούτοις
716 2447 783 2473 πᾶσί
800 2455 867 2483 φησι

82 2490 199 2525 περὶτοῦ
223 2491 325 2527 Ἰησοῦ’
350 2502 359 2517 ί
386 2493 504 2524 Ἐκεῖνος
523 2493 571 2528 μὲν
588 2491 633 2519 οὖν
654 2492 796 2528 ἄνθρωπος
820 2491 864 2527 ἦν,

83 2536 123 2561 καὶ
137 2536 266 2570 τοιοῦτος,
288 2535 343 2564 οἷον
364 2538 430 2564 αὐτὸ
449 2538 479 2564 τὸ
504 2538 602 2574 ἀληθὲς
620 2539 774 2573 ἐμφανίζει,
791 2539 837 2565 καὶ
851 2541 866 2566 ὁ

82 2579 152 2614 λόγος
167 2583 313 2609 δείκνυσιν.
336 2593 344 2608 ι
364 2584 420 2610 Οὐκ
437 2581 495 2610 οῖδα
511 2583 539 2610 δὲ
554 2585 578 2610 εί
594 2584 746 2620 ἅνθρωπος,
764 2586 865 2620 τολμή-

81 2633 125 2656 σας
146 2627 304 2662 ἐπισπεῐραι
325 2627 400 2664 πάσῃ
412 2629 446 2663 τῇ
468 2628 614 2664 οἰκουμένῃ
639 2627 688 2663 τὴν
704 2629 764 2654 κατ’
785 2629 866 2655 αὐτὸν

115 2669 217 2699 "Psal.
232 2680 297 2702 xv”.
309 2673 353 2700 45.
399 2674 422 2690 ⁵ο
439 2674 488 2701 lsa.
507 2683 570 2706 ων,
588 2676 612 2700 ‘l.

113 2717 165 2759 (553)
180 2718 268 2746 Codd.
294 2719 393 2754 Regius
416 2725 444 2748 et
467 2720 644 2753 Basilceusis,
659 2721 688 2747 ἐν
715 2723 774 2752 ταῖς
798 2730 863 2756 προ-

82 2760 206 2784 φητειαις.

86 2760 96 2768 ν
117 2761 179 2779 τειαι
199 2773 206 2780 .

86 2760 274 2831 Σὴίὸξὸὶκῗηερίς
292 2790 367 2831 ἐσίῃ.
390 2791 417 2830 '9
433 2791 563 2831 _"ou81i’_o;
582 2792 694 2831 scilicet,
719 2791 813 2831 iduest,
836 2794 860 2818 οἱ

95 2822 210 2854 meum,
225 2822 251 2850 οἱ
270 2825 308 2860 τῷ
327 2825 413 2859 Ἰησοῦ
427 2826 615 2857 ἀπιστοῦντες.
636 2826 792 2853 Bohcrellus
819 2833 860 2854 ta-

84 2865 239 2898 Illllllltl'tlslﬁl
257 2860 411 2892 legendum,
427 2861 504 2896 μερίς
521 2862 592 2889 ἐστε.

114 2894 167 2926 «57)
182 2894 227 2921 Sic
242 2894 297 2922 libb
322 2894 445 2930 imprcsSi
462 2894 495 2923 ad
514 2897 662 2931 nun-ginem
677 2897 776 2924 rectius
794 2905 858 2924 sane

957 2447 1001 2476 79.
1018 2449 1135 2476 Tandem
1148 2450 1205 2475 haec
1217 2449 1308 2474 onutia
1323 2447 1488 2474 concludens
1499 2446 1608 2474 Judmus
1625 2447 1663 2474 sic
1675 2448 1707 2475 de

920 2493 984 2521 Jcsu
1001 2495 1139 2529 loquitur:
1157 2504 1166 2520 ι
1181 2495 1267 2521 llomo
1284 2495 1367 2529 igitur
1386 2494 1438 2520 fuit
1457 2493 1511 2525 ille,
1527 2498 1554 2520 et
1571 2494 1631 2520 talis
1645 2495 1707 2527 qui-

918 2540 978 2567 dem
993 2560 1002 2573 ,
1027 2541 1134 2574 qualem
1159 2545 1188 2568 et
1213 2540 1315 2567 veritas
1342 2539 1463 2566 declarat
1491 2544 1518 2565 ct
1537 2539 1705 2566 demonstrat

919 2587 998 2612 ratio.
1015 2595 1024 2611 ι
1049 2586 1102 2612 Sed
1118 2586 1209 2613 nescio
1224 2593 1257 2612 an
1275 2586 1367 2617 homo,
1384 2591 1466 2612 ausus
1482 2591 1530 2618 per
1548 2584 1703 2610 universum

920 2631 1013 2657 orbem
1036 2638 1114 2658 suam
1136 2631 1292 2665 religionem
1306 2629 1512 2663 doctrinamtwe
1531 2628 1704 2655 suantdisse-

648 2675 670 2690 σί
693 2675 866 2706 Deut.xxxn,
887 2677 932 2704 2|.

915 2732 995 2768 quam
1017 2725 1043 2751 iu
1062 2729 1145 2756 textu,
1170 2724 1214 2750 ubi
1241 2724 1351 2756 habent,
1369 2724 1416 2751 ἐὰν
1440 2725 1505 2758 ἡμῖν
1526 2722 1703 2757 ἐγκαλοῦντες

915 2769 1049 2794 φασκωσι.

951 2797 1005 2829 (58)
1034 2796 1067 2822 Τὸ
1089 2795 1239 2822 ἀσύνετον
1252 2794 1339 2826 ἔθνος
1353 2794 1501 2828 γενέσθαι.
1520 2793 1701 2829 Scribentlum

914 2827 1028 2857 videtur.
1046 2830 1076 2856 τὸ
1090 2830 1218 2856 ἀσύνετον
1243 2828 1318 2860 ἔθνος
1342 2829 1450 2854 συνετὴν
1465 2828 1600 2862 γενέσθαι,
1619 2827 1700 2855 Exci-

914 2867 950 2891 dit
969 2866 1078 2891 συνετόν
1101 2870 1210 2900 propler
1224 2865 1254 2891 τὺ
1269 2863 1397 2892 ἀσύνετον
1411 2865 1575 2898 pnet'edcns.
