1843 3097
134 106 186 134 919

853 94 1013 125 ORICENIS

1704 87 1756 115 920

136 166 258 197 minare.
275 168 366 200 posset
377 164 437 190 sine
452 163 508 190 Deo
524 161 613 188 facere
624 160 714 189 omnia
730 165 778 195 pro
793 157 909 189 arbitrio,

1001 153 1119 180 οσέϐειαν
1130 152 1176 179 καὶ
1190 150 1372 182 διδασκαλίαν,
1390 150 1500 177 δύναται
1512 148 1570 183 (59)
1583 148 1658 174 ἀθεεὶ
1674 146 1756 195 τιοιῇ-

135 217 318 246 snpersreque
335 216 384 236 eos
400 215 505 240 omnes.
524 207 569 241 qui
583 214 639 234 suae
650 205 780 233 doctrinm
795 203 916 239 promul-

134 255 235 291 gationi
251 256 470 286 adversarentur,
484 260 574 288 reges,
587 253 774 287 imperatores.
789 254 915 278 senatum

133 300 283 327 Romanum
296 319 305 331 ,
321 306 416 326 omnes
427 298 547 326 omnium
562 297 683 332 gentium
698 296 834 330 principes
844 316 851 328 ,
868 301 916 328 po-

133 345 239 379 pulum.
259 345 400 378 Quomodo
415 349 505 372 autem
529 348 555 371 et
581 343 698 370 hominis
717 346 830 373 natura.
849 341 916 367 nihil

133 390 235 418 habens
247 391 273 418 in
291 398 320 418 se
332 391 390 424 ipsa
413 389 600 425 prmstantius,
621 392 712 423 posset
727 392 810 415 tanta:
822 387 916 414 multi-

132 436 234 464 tudinis
259 437 364 463 animos
383 437 527 463 immutare
538 455 547 468 ,
567 442 617 462 nec
631 435 711 462 modo
728 433 892 468 sapientium
906 452 914 465 ,

130 482 202 517 quod
214 489 266 509 non
280 481 378 508 mirum
391 485 473 514 esset,
491 481 537 508 sed
549 487 643 509 eorum
658 480 753 512 etiam,
766 478 848 515 M7
869 478 915 513 qui

131 527 206 554 nulla
221 527 327 554 ratione
341 527 486 560 ducuntur,
502 526 548 561 qui
563 526 636 553 vitiis
656 525 738 553 dediti
752 529 834 557 sunt,
851 524 915 559 qui-

131 579 185 606 que
201 579 235 599 eo
249 572 384 600 dillicilius
396 572 429 598 ad
445 571 638 598 continentiam
650 571 830 602 adducuntur,
844 577 913 604 quo-

132 618 224 645 minus
248 617 346 645 rationi
378 622 441 646 sunt
465 617 666 651 obsequentes?
691 615 824 649 Quoniam
848 623 916 643 vero

131 662 257 691 Christus
273 668 333 690 erat
347 667 374 691 et
389 663 438 690 Dei
451 663 538 690 virtus
556 667 584 689 et
594 662 683 690 Patris
696 661 840 696 sapientia,
857 662 914 689 haec

131 709 223 735 omnia
237 708 301 736 fecit
312 712 339 736 el
351 708 430 735 etiam
444 716 513 735 nunc
527 708 602 740 facit,
616 708 678 734 licet
689 707 773 735 Judzei
787 712 814 734 et
826 707 913 735 Graeci

131 753 190 787 ejus
207 753 338 781 doctrinae
359 753 489 781 increduli
505 754 630 780 assentiri
648 753 742 780 nolint.
763 752 817 780 Nos
832 753 915 787 igitur

130 797 194 826 Jesu
210 799 379 826 documentis
392 799 515 826 instructi
532 800 586 826 Deo
600 799 710 826 credere
725 806 778 825 non
795 806 912 833 unquam

130 844 304 876 desinemus,
319 849 346 872 et
368 845 428 872 illos
452 847 484 872 ad
505 846 550 872 Dei
574 846 676 873 cultum
690 844 863 872 caecuticntes
879 845 912 871 ad

131 889 269 918 meliorem
288 890 391 925 frugem
408 891 476 918 velle
491 899 619 919 revocare
636 900 644 918 :
659 891 781 926 quamvis
797 898 846 917 nos
862 897 914 918 cte-

129 936 220 963 citatis
246 941 396 970 accusent,
421 938 470 972 ipsi
492 946 556 965 vere
573 938 637 965 caci
650 960 657 972 ,
677 943 705 965 et
726 945 774 964 nos
788 937 913 971 decipere

130 982 254 1011 homines
280 983 479 1016 criminentur,
502 992 562 1010 cum
585 985 634 1019 ipsi
661 985 718 1011 sive
738 983 834 1014 Judaei,
855 985 913 1011 sive

129 1029 215 1056 Graeci
231 1049 238 1061 ,
255 1030 397 1058 audienles
421 1038 451 1058 se
479 1031 622 1065 decipiant.
648 1030 764 1058 Pulchra
792 1030 913 1064 profecto

129 1080 221 1102 nostra
243 1076 395 1111 decipiendi
413 1078 499 1109 ratio,
514 1079 612 1112 quippe
630 1078 674 1111 qui
692 1077 819 1108 facimus,
836 1081 864 1103 ut
878 1083 911 1103 ex

129 1120 376 1155 intemperantibus
397 1127 582 1157 temperantes
606 1123 691 1155 limit.
716 1128 763 1150 aut
786 1123 913 1149 studeant

130 1169 335 1201 temperantia);
349 1175 381 1195 ex
395 1169 503 1202 injustis
514 1170 576 1203 iusti
592 1169 657 1201 sint.
673 1173 720 1196 aut
733 1170 765 1196 ad
777 1169 911 1204 justitiam

129 1213 260 1246 tendant;
280 1221 312 1240 e:
330 1214 545 1249 imprudentibus
563 1217 681 1242 evadant
699 1215 848 1250 prudentes
866 1219 913 1242 aut

127 1260 200 1286 viam
217 1261 366 1294 prudentiae
383 1265 540 1293 sectentur;
555 1269 587 1289 ex
603 1262 716 1295 timidis,
733 1262 846 1296 ignavis,
861 1263 911 1288 im-

128 1308 243 1341 hecillis,
255 1309 371 1337 animosi
397 1310 452 1337 sint
476 1315 503 1337 et
527 1309 631 1344 fortes;
657 1317 709 1345 qua
733 1311 834 1337 virtute
854 1314 910 1336 tum

128 1356 280 1388 prmsertim
303 1356 434 1388 eminent.
461 1364 521 1383 cum
539 1357 572 1384 ad
598 1357 727 1391 pietatem
745 1363 807 1391 erga
827 1356 910 1383 Deum

127 1399 248 1426 omnimn
274 1400 441 1428 conditorem
466 1401 627 1429 servandam
655 1402 806 1430 decertant.
832 1401 912 1429 Venit

129 1451 194 1478 ergo
210 1443 289 1472 Jcsus
304 1445 431 1473 Christus
455 1453 508 1473 non
525 1446 558 1473 ab
581 1453 634 1473 uno
647 1447 777 1481 propheta
791 1466 798 1479 ,
819 1447 864 1474 sed
878 1446 912 1474 ab

129 1490 255 1517 onmihus
268 1491 477 1525 praenuntiatus.
493 1491 526 1518 Et
536 1491 608 1519 Celsi
622 1492 773 1527 ignorantia
789 1492 850 1525 fuit,
862 1491 911 1519 Ju-
925 1491 946 1519 C

130 1535 217 1561 dmum
234 1534 364 1562 inducere
381 1536 514 1563 dicentem
526 1557 533 1568 ,
547 1537 580 1563 ab
596 1544 651 1564 uno
664 1537 795 1571 propheta
811 1537 910 1571 praedi-

129 1584 203 1606 ctum
229 1579 365 1607 Christum
393 1581 486 1609 fuisse.
510 1582 600 1616 Atque
624 1583 682 1609 hazc
703 1581 813 1609 Iudaeus
841 1582 910 1617 apud

129 1625 247 1659 Celsum,
263 1625 342 1660 quasi
354 1627 505 1655 secundum
519 1635 594 1654 suam
614 1627 699 1662 legem
720 1627 839 1659 loeutus,
863 1627 912 1653 atl-

129 1670 193 1698 ditis
207 1671 342 1699 nonnullis
356 1672 416 1699 aliis
427 1692 435 1704 ,
451 1679 511 1706 quae
531 1673 643 1700 minime
658 1673 740 1708 digna
755 1678 820 1700 sunt
834 1681 911 1700 men-

130 1717 214 1750 tione,
229 1716 310 1745 ﬁnem
324 1718 429 1746 dicendi
442 1718 516 1746 facit.
531 1718 580 1746 Hie
595 1719 675 1753 igitur
688 1724 716 1746 et
729 1726 779 1754 ego
793 1719 912 1746 secundo

128 1766 222 1788 contra
244 1762 316 1790 illius
329 1770 484 1792 sermonem
506 1764 574 1791 libro
590 1764 670 1791 linem
692 1764 841 1798 imponam.
858 1766 912 1792 Deo

129 1812 220 1834 autem
238 1808 330 1842 dante,
347 1813 375 1836 et
387 1809 487 1836 Christi
505 1810 604 1836 virtute
619 1810 644 1836 in
658 1813 778 1837 nostram
791 1810 910 1837 animam

129 1853 240 1887 illapsa,
259 1854 286 1881 in
306 1855 385 1882 tertio
407 1862 466 1889 quae
482 1860 574 1890 postea
601 1863 616 1882 a
630 1855 709 1883 Celso
727 1856 829 1890 scripta
848 1861 912 1883 sunt

129 1897 247 1926 refutare
257 1900 426 1927 conabimur.

968 208 1012 234 σαι
1027 199 1041 225 ὃ
1065 198 1198 234 βούλεται,
1211 197 1259 224 καὶ
1277 195 1406 232 κρείττων
1428 193 1553 229 γενέσθαι
1573 192 1685 219 πάντων
1700 190 1756 216 τῶν

967 243 1201 278 ἀντιπραττόντων
1213 243 1247 277 τῇ
1261 242 1329 276 νομῇ
1345 240 1394 275 τῆς
1403 238 1576 269 διδασκαλίας
1591 235 1690 267 αὑτοῦ,
1709 234 1757 269 βα-

967 288 1062 314 σιλέων
1085 295 1116 313 τε
1141 286 1188 313 καὶ
1211 285 1378 321 ἡγουμένων,
1404 284 1451 310 καὶ
1477 282 1629 317 συγκλήτου
1653 278 1758 315 βουλῆς

972 332 1125 367 Ῥωμαίων,
1138 331 1186 358 καὶ
1200 330 1254 357 τῶν
1269 328 1407 364 πανταχοῦ
1421 328 1569 363 ἀρχόντων,
1585 326 1633 352 καὶ
1651 325 1686 359 δή
1692 333 1755 359 μου.

965 377 1028 409 Πῶς
1043 377 1071 403 δὲ
1089 377 1136 403 καὶ
1148 375 1292 411 ἀνθρώπου
1308 375 1397 408 φύσις,
1416 373 1498 408 μηδὲν
1512 372 1611 407 ἔχουσα
1626 371 1756 406 κρεῖττον

965 423 994 449 ἐν
1017 422 1096 457 αὐτῇ,
1116 421 1226 448 δύναται
1240 420 1365 446 τοσοῦτον
1383 417 1544 453 ἐπιστρέψαι
1563 415 1684 450 πλῆθος
1709 414 1756 440 καὶ

964 468 995 494 οὺ
1018 466 1173 502 θαυμαστὸν
1190 467 1215 492 ει
1229 465 1283 492 τῶν
1297 464 1446 500 φρονίμων,
1464 462 1532 490 ἀλλά
1552 461 1600 488 καὶ
1616 460 1671 486 τῶν
1689 459 1755 485 ἀλο-

965 513 1105 548 γωτάτων,
1119 512 1166 539 καὶ
1178 512 1234 543 τοῖς
1244 510 1358 538 πάθεσιν
1373 508 1539 544 ἐγκειμένων
1549 506 1616 541 (40),
1631 506 1682 532 xui.
1692 505 1757 531 ὅσον

965 560 1012 586 ἐπὶ
1033 560 1066 595 τῇ
1087 558 1193 593 ἀλογία,
1208 557 1394 593 χαλεπώτερον
1420 554 1638 591 μετατιθεμένων
1660 554 1705 584 είς
1725 552 1757 578 τὸ

967 604 1203 641 σωφρονέστερον;
1223 603 1291 630 Ἀλλ’
1302 602 1363 629 ἐπεὶ
1373 601 1485 636 δύναμις
1499 600 1546 626 τοῦ
1558 598 1626 626 Θεοῦ
1652 600 1666 625 ὁ
1688 597 1757 633 Χρι-

966 649 1028 681 στὸς
1040 647 1083 685 ἦν,
1102 649 1148 676 καὶ
1163 648 1242 683 σοφία
1257 647 1304 674 τοῦ
1319 646 1433 682 Πατρὺς,
1449 645 1493 672 διὰ
1504 644 1584 671 τοῦτο
1599 643 1689 670 ταῦτα
1704 651 1756 669 τε·

965 695 1073 731 ποιηκε,
1089 694 1137 721 καὶ
1153 694 1193 720 ἔτι
1208 695 1288 725 ποιεῖ,
1302 693 1354 719 κᾶν
1371 693 1438 728 μήτε
1462 691 1583 718 Ἰουδαῖοι
1601 690 1669 724 μήτε
1689 688 1757 714 Ἔλ-

964 740 1044 776 ληνες
1068 740 1225 775 βούλωνται,
1249 740 1273 766 οἱ
1298 738 1474 769 ἀπιστοῦντες
1500 735 1582 764 αὑτοῦ
1606 735 1646 770 τῷ
1667 735 1755 769 λόγῳ,

971 786 1066 821 Ἡμεῖς
1081 784 1126 812 οὖν
1141 786 1170 812 οὒ
1186 784 1346 820 παυσόμεθα
1360 783 1531 814 πιστεύοντες
1550 782 1590 816 τῷ
1604 780 1664 816 Θεῷ
1682 781 1759 807 κατὰ

929 824 950 851 Β
963 832 1012 864 τὰς
1031 832 1116 872 Ἰησοῦ
1129 831 1246 867 Χριστοῦ
1255 830 1403 866 ὑποθήκας,
1418 828 1535 860 καὶτοὺς
1546 827 1756 861 τυφλὼττοντας

964 878 1031 913 περὶ
1047 877 1200 904 θεοσέϐειαν
1215 876 1351 907 ἐθέλοντες
1365 875 1554 910 ἐπιστρέφειν·
1573 873 1627 900 κᾶν
1646 874 1669 899 οἱ
1686 872 1757 906 ἁλη-

964 923 1018 955 θῶς
1032 922 1232 958 τυφλώττοντες
1246 922 1417 958 λοιδορῶνται
1431 921 1496 956 ἡμῖν
1505 920 1543 951 ὼς
1553 918 1756 953 τυφλώττουσι,

964 969 1009 996 καὶ
1032 970 1056 996 οἱ
1080 967 1278 1004 βουκολοῦντες,
1300 968 1355 994 εἴτε
1383 967 1502 994 Ἰουδαῖοι
1528 965 1584 991 εἴτε
1609 964 1757 999 Ἕλληνες,

962 1016 1024 1048 τοὺς
1039 1014 1319 1050 συγκατατιθεμένους
1331 1014 1431 1044 αὐτοῖς,
1443 1013 1508 1048 ἡμῖν
1531 1010 1690 1045 ἐγκαλῶσιν
1720 1010 1758 1041 ὡς

963 1061 1194 1097 βουκολοῦσιτοὺς
1215 1059 1388 1094 ἀνθρώπουςι
1415 1057 1501 1092 καλήν
1523 1065 1556 1091 γε
1579 1055 1758 1091 βουκόλησιν,

963 1108 996 1134 ἵν’
1010 1107 1070 1134 ἀντὶ
1079 1106 1235 1134 ἀκολάστων
1249 1105 1384 1140 σώφρονες
1395 1103 1539 1138 γένωνται,
1552 1101 1568 1137 ἧ
1584 1102 1760 1136 προκόπτον-

961 1153 1008 1184 τές
1022 1161 1054 1186 γε
1073 1153 1119 1178 ἐπὶ
1138 1150 1313 1186 σωφροσύνην
1325 1158 1331 1164 ·
1348 1150 1395 1176 καὶ
1412 1149 1472 1175 ἀντὶ
1490 1149 1591 1175 ἀδίκων
1607 1147 1723 1178 δίκαιοι,
1740 1146 1758 1182 ἢ

962 1197 1161 1234 προκόπτοντες
1187 1197 1233 1223 ἐπὶ
1256 1194 1443 1229 δικαιοσύνην·
1471 1193 1517 1220 καὶ
1540 1193 1602 1220 ἀντὶ
1624 1192 1758 1227 ἀφρόνων

963 1243 1098 1278 φρόνιμοι,
1111 1243 1127 1276 ἢ
1142 1242 1278 1272 ὁδεύοντες
1289 1241 1335 1266 ἐπὶ
1345 1240 1394 1275 τὴν
1407 1239 1553 1275 φρόνησιν·
1569 1238 1616 1264 καὶ
1628 1238 1693 1263 ἀντὶ
1705 1237 1759 1263 δει-

962 1289 1014 1316 λῶν
1042 1289 1088 1315 καὶ
1117 1287 1220 1322 ἁγενῶν
1243 1287 1298 1322 (41)
1323 1286 1369 1313 καὶ
1392 1285 1542 1320 ἀνάνδρων,
1558 1283 1676 1319 ἀνδρεῖοι
1707 1283 1758 1308 καὶ

962 1333 1130 1370 καρτερικοὶ,
1143 1333 1190 1359 καὶ
1202 1332 1318 1368 μάλιστα
1330 1331 1409 1358 τοῦτο
1423 1330 1641 1365 ἐπιδεικνύμενοι
1652 1330 1681 1356 ὲν
1696 1330 1756 1360 τοῖς

963 1382 1032 1417 ὑπὲρ
1047 1380 1187 1411 εὐσεϐείας
1199 1380 1248 1414 τῆς
1262 1381 1303 1411 εὶς
1317 1379 1362 1406 τδν
1379 1379 1510 1406 κτίσαντα
1526 1378 1574 1404 ὅλα
1589 1377 1656 1404 Θεὸν
1676 1377 1754 1411 ἀγῶ-

964 1436 1015 1454 σιν.
1039 1425 1140 1454 Ἱῐλθεν
1158 1424 1203 1453 οὖν
1220 1426 1269 1461 οὐχ
1291 1426 1343 1452 om
1364 1425 1422 1456 ἐνὸς
1443 1425 1594 1459 προφήτου,
1615 1423 1674 1450 ἀλλ’
1700 1424 1754 1450 ὑπὸ

963 1473 1071 1500 πάντων
1084 1471 1284 1507 προκηρυχθεὶς
1300 1470 1403 1506 Ἰησοῦς
1417 1470 1543 1505 Χριστός.
1563 1469 1616 1496 Καὶ
1628 1469 1710 1495 τοῦτο
1725 1469 1754 1495 δὲ

962 1519 1013 1553 τῆς
1034 1517 1152 1553 ἀμαθίας
1167 1515 1200 1552 ἦν
1224 1516 1343 1548 Κέλσου,
1369 1516 1518 1551 περιθεῖναι
1543 1515 1582 1550 τῷ
1613 1514 1754 1548 Ἰουδαῖκῷ

964 1563 1112 1599 προσώπῳ,
1124 1563 1172 1589 ἕνα
1185 1563 1329 1598 προφήτην
1345 1561 1538 1597 προειρηκέναι
1549 1559 1671 1596 περὶτοῦ
1684 1560 1754 1595 Χρι-

965 1609 1038 1636 στοῦ.
1057 1610 1112 1636 Καὶ
1135 1609 1194 1636 ἐπεὶ
1213 1608 1299 1635 ταῦτα
1316 1610 1331 1635 ό
1350 1607 1426 1644 παρὰ
1440 1606 1478 1642 τῷ
1501 1606 1599 1641 Κέλσῳ
1624 1606 1754 1638 Ἰουδαῖος

964 1656 1086 1691 εἰσῆκται
1104 1655 1203 1689 λέγων,
1229 1655 1266 1686 ὡς
1289 1653 1368 1688 δῆθεν
1393 1653 1463 1680 κατὰ
1484 1653 1530 1679 τον
1547 1652 1643 1679 ἑαυτοῦ
1659 1652 1752 1687 νόμον,

965 1702 1012 1728 καὶ
1029 1700 1110 1728 αὑτοῦ
1126 1709 1176 1727 που
1193 1700 1347 1727 κατέπαυσε
1361 1699 1407 1725 τὸν
1419 1699 1506 1732 λόγον,
1525 1699 1573 1724 καὶ
1586 1697 1655 1724 ἄλλα
1669 1697 1755 1724 εἰπὼν

962 1747 993 1773 οὐ
1011 1748 1120 1782 μνήμης
1140 1746 1218 1779 ἄξιον
1244 1746 1291 1773 καὶ
1310 1745 1390 1777 αὐτὸς
1413 1745 1505 1772 ἐνθάδε
1528 1744 1702 1771 καταπαύσω
1725 1745 1756 1770 τὺ

963 1791 1088 1827 δεύτερον
1104 1792 1157 1818 τῶν
1177 1791 1245 1827 πρὸς
1266 1790 1296 1817 τὸ
1313 1790 1482 1825 σύγγραμμα
1500 1789 1584 1816 αὐτοῦ
1599 1789 1756 1824 ὑπαγορευ-

965 1837 1066 1864 θέντων
1080 1846 1133 1872 μοι.
1151 1836 1217 1863 Θεοῦ
1230 1837 1258 1864 δὲ
1269 1836 1393 1869 διδόντος,
1410 1836 1520 1870 καὶτῆς
1537 1834 1658 1870 Χριστοῦ
1676 1835 1756 1861 δυνά-

967 1891 1040 1917 μεως
1055 1884 1089 1918 τῇ
1104 1884 1175 1917 ψυχῇ
1204 1881 1282 1917 ἡμῶν
1301 1881 1495 1917 ἐπιδημούσης,
1520 1880 1712 1916 πειρασόμεθα
1729 1881 1757 1907 ὲν

965 1927 1003 1962 τῷ
1020 1928 1104 1963 τρίτῳ
1123 1927 1190 1962 προς
1213 1927 1246 1954 τὰ
1260 1926 1323 1962 ἑξῆς
1344 1926 1382 1961 τῷ
1405 1925 1502 1960 Κέλσῳ
1522 1925 1668 1961 γραφέντα
1690 1933 1758 1960 πρα-

965 1971 1179 2006 γματεύσασθαι.

130 2042 1169 2056 .____——___

438 2090 855 2172 ΩΡΙΓΕΝΟΥΣ
892 2117 1099 2172 ΚΑΤΑ
1136 2114 1440 2174 ΚΕΛΣΟΥ

691 2207 880 2249 ΤΟΜΟΣ
911 2208 1102 2250 ΤΡΙΤΟΣ
1113 2204 1182 2250 (42).

253 2346 545 2394 ORIGENIS
582 2350 816 2396 CONTRA
856 2352 1084 2397 CELSUM
1121 2353 1302 2396 LIBER
1339 2351 1625 2396 TERTIUS.

162 2495 190 2522 Ι.
207 2495 235 2522 In
255 2495 342 2530 primo
355 2497 426 2531 quod
448 2497 578 2524 adversus
599 2497 696 2525 librum
713 2506 726 2524 ιι
743 2498 821 2525 Celso
835 2505 909 2525 arro-

1005 2499 1048 2525 ‘Ev
1073 2499 1121 2533 μὲν
1142 2497 1180 2532 τῷ
1205 2496 1304 2533 πρώτῳ
1322 2497 1361 2532 τῷ
1380 2497 1448 2533 πρὸς
1471 2497 1521 2533 τὴν
1546 2496 1670 2530 ἀλαζόνα
1695 2498 1756 2526 ὲπι-

127 2541 200 2575 ganti
213 2542 267 2568 veri
286 2542 412 2569 sermonis
429 2542 505 2570 titulo
524 2543 681 2577 inscriptum
698 2549 846 2577 contraque
861 2551 910 2571 nos

126 2586 295 2614 elaboratum
318 2589 478 2623 scripsimus
503 2589 648 2621 volumine,
671 2589 828 2616 ﬁdelissime
846 2593 911 2615 Am-

127 2631 210 2664 brosi,
226 2633 411 2666 praelationem
434 2632 493 2667 ejns
515 2639 543 2660 et
559 2641 619 2668 quae
635 2639 784 2668 sequuntur
806 2633 910 2666 ordine,

164 2685 218 2754 $39)
231 2686 322 2716 Codex
338 2689 449 2722 Regius,
462 2690 615 2724 δυνήσεται.

175 2720 219 2754 40)
245 2722 444 2754 Ἐγκειμένων.
470 2724 567 2751 Guiclu
595 2734 615 2750 st

175 2720 219 2755 40)
245 2720 446 2757 Ἐγκειμέὖωνζ
470 2720 567 2751 Guiclo
595 2725 767 2751 scribendum
794 2724 909 2756 \‘idclttt‘,

129 2755 304 2783 ἐκκειμένων.

165 2764 204 2780 κει
229 2764 304 2783 ενων.

165 2764 227 2823 (ιιιῖί
240 2790 322 2819 Codd.
338 2792 436 2826 Regius
452 2799 476 2820 et
494 2794 663 2826 llasilccnsis,
678 2793 806 2827 ἀγεννῶν.

963 2544 1071 2579 γραφὴν
1085 2542 1199 2576 Κέλσου,
1212 2541 1412 2577 ἐπιγράψαντος
1423 2541 1521 2576 ἀληθῆ
1533 2543 1632 2577 λόγον
1647 2543 1679 2569 τὸ
1697 2543 1755 2570 καθ’

964 2588 1040 2623 ἡμῶν
1053 2587 1126 2623 αὐτῷ
1143 2587 1290 2622 συνταχθὲν
1303 2587 1414 2622 βιϐλίον,
1430 2588 1468 2619 ὼς
1484 2587 1668 2623 προσέταξας,
1685 2588 1756 2615 κατὰ

964 2634 1088 2670 δύναμιν,
1105 2634 1248 2660 πιστότατε
1269 2632 1423 2669 Ἀμϐρόσιῆ
1445 2633 1623 2669 διειλήφαμεν
1645 2634 1678 2660 τὸ
1691 2641 1755 2670 προ-

1001 2690 1055 2730 92)
1075 2691 1184 2730 Inumss.
1200 2689 1294 2730 t‘it'ulus
1305 2695 1357 2730 est,
1372 2688 1438 2730 πρὸς
1452 2689 1497 2730 rev
1511 2690 1752 2730 ἐπιγεγραμμένον

966 2723 1069 2751 Κέλσου
1090 2725 1181 2759 ἀληθῆ
1207 2724 1284 2760 λόγον
1306 2723 1442 2758 τόμοςγ.
1467 2725 1523 2752 Duo
1538 2723 1683 2760 Anglicani
1707 2732 1752 2759 pro

966 2761 1047 2795 τόμος
1061 2763 1082 2794 γ’
1100 2760 1199 2787 habent
1211 2759 1288 2793 λόγος
1303 2762 1336 2792 γ’.
