1843 3097
29 178 80 206 921

637 177 777 205 CONTRA
797 177 934 205 CELSUM
953 178 1017 207 LIB.
1035 179 1078 207 1ΙΙ.

1615 183 1666 211 9'22

29 239 126 273 οἰμιον
146 237 228 264 αὑτοῦ
251 236 297 263 καὶ
313 236 386 271 ἑξῆς,
408 236 523 263 ἕκαστον
544 236 599 262 τῶν
615 237 767 272 εἰρημένων
784 237 805 272 β(

927 238 1040 273 jussisti,
1057 246 1106 272 pro
1127 239 1231 266 viribus
1247 240 1371 272 refutavi,
1394 240 1459 268 nihil
1486 241 1665 268 indiscussnm

29 282 204 315 σινίιῖοντες,
224 281 276 313 ἕως
291 281 477 316 κατελήξαμεν
490 283 530 313 εἰς
547 281 596 317 τὴν
616 283 680 317 παρ’
692 282 766 317 αὐτῷ
784 282 830 317 δη-

31 328 176 364 μηγορίαν
202 328 249 354 τοῦ
287 328 432 360 Ἰουδαίου,
465 327 659 363 πεπλασμένην
691 328 830 362 γεγονέναι

29 373 109 409 πρὸς
124 374 172 400 τὸν
191 374 307 408 Ἰησοῦν·
327 375 356 399 ἐν
376 373 405 399 δὲ
420 372 458 408 τῷ
483 373 601 409 δευτέρῳ
618 373 685 408 πρὸς
710 374 769 406 ὅλα,
793 374 831 405 ὡς

30 416 90 445 οἶοί
103 419 128 444 τ’
148 416 229 454 ἦμεν,
249 419 453 453 ἀπαντήσαντες
469 418 503 445 τὰ
517 418 567 453 τῆς
587 418 656 454 πρὸς
670 420 754 454 ἡμᾶς,
769 419 831 450 τοὺς

29 464 80 491 διὰ
105 464 226 500 Χριστοῦ
250 464 290 499 τῷ
310 464 370 500 Θεῷ
392 463 578 496 πιστεύοντας,
594 464 763 500 δημηγορίας
783 465 830 492 τοῦ

30 510 107 545 παρ’
121 509 197 544 αὐτῷ
219 509 362 536 Ἰουδαίου·
384 509 475 544 τρίτον
491 508 586 535 τοῦτον
606 509 770 544 ὲνιστάμεθα
789 510 831 536 λό-

30 562 98 588 γον,
116 555 148 580 ἐν
164 551 186 587 ᾧ
202 554 342 589 πρόκειται
359 553 545 588 ἀγωνίσασθαι
565 553 632 589 πρὸς
654 554 672 580 ἃ
697 554 831 581 ἐκτίθεται

29 600 71 631 ὡς
98 599 156 626 ἀπὸ
178 599 242 625 ἰδίου
257 598 411 634 προσώπου.
426 599 494 634 Φησὶ
508 599 551 634 δὴ,
573 599 614 625 δτι
633 609 642 624 ι
657 599 831 635 Εὺηθέστατα

31 645 163 680 ἐρίζουσι
175 644 244 680 πρὸς
256 643 385 680 ἀλλήλους
400 645 557 679 Χριστιανοὶ
570 645 617 671 καὶ
636 645 768 677 Ἰουδαῖοι,
784 646 831 672 καὶ

31 690 115 724 λέγει
136 690 221 725 μηδὲν
237 690 375 724 διαφέρειν
391 689 469 724 ἡμῶν
482 689 527 715 τὸν
546 689 613 725 πρὸς
630 689 760 725 ἀλλήλους
773 691 831 717 διά-

30 737 120 770 λογον
141 736 206 771 περὶ
226 735 343 771 Χριστοῦ
357 735 405 770 τῆς
420 734 492 761 κατὰ
507 735 558 770 τὴν
574 736 721 771 παροιμίαν
737 736 832 763 καλου-

33 782 126 817 μένης
152 781 212 808 ὖνου
245 781 324 812 σκιᾶς
352 780 440 815 μάχης
466 780 537 816 (45)·
570 782 617 807 καὶ
639 781 724 808 οἴεται
750 782 832 817 μηδὲν

31 827 142 862 σεμνὴν
160 824 229 852 εἶναι
251 827 279 853 ἐν
302 827 336 861 τῇ
356 825 488 852 Ἰουδαίων
509 825 555 852 καὶ
574 826 742 861 Χριστιανῶν
765 827 832 862 πρὸς

30 871 173 907 ἀλλήλους
187 872 315 908 ζητήσει·
333 871 512 898 πιστευόντων
534 872 582 907 μὲν
602 872 776 907 ἀμφοτέρων,
791 873 831 899 ὅτι

29 918 91 944 ἀπὸ
113 917 189 943 θείου
211 917 368 952 Πνεύματος
385 916 574 952 προεφητεύθη
590 926 631 948 τις
654 917 829 953 ὲπιδημήσων
846 913 866 940 Β

29 962 137 999 Σωτὴρ
157 962 196 998 τῷ
218 962 290 997 γένει
317 962 370 990 τῶν
393 962 554 998 ἀνθρώπων,
579 962 669 988 οὐκέτι
694 962 715 988 δ’
733 962 829 997 ὁμολο-

29 1010 161 1043 γούντων
179 1010 242 1045 περὶ
267 1008 313 1036 τοῦ
337 1008 494 1044 ἐληλυθέναι
517 1008 562 1034 τὸν
582 1008 828 1044 προφητευόμενον,

29 1056 46 1090 ἢ
68 1056 123 1091 μή.
137 1065 146 1081 ι
161 1055 318 1090 Χριστιανοὶ
337 1054 386 1089 μὲν
405 1055 459 1089 γὰρ
479 1053 518 1089 τῷ
536 1053 634 1088 Ἰησοῦ,
653 1053 690 1084 ὡς
706 1053 775 1080 κατὰ
797 1053 830 1079 τὰ

29 1101 268 1137 προφητευόμενα
305 1099 461 1135 ἐληλυθότι,
491 1098 728 1134 πεπιστεύκαμεν·
762 1099 829 1125 Ἰου-

28 1147 118 1174 δαίων
137 1147 166 1173 δὲ
183 1148 206 1173 οἱ
225 1147 344 1173 πλεῖστοι
363 1145 488 1172 τοσοῦτον
511 1145 600 1171 δέουσι
622 1143 670 1170 τοῦ
692 1143 830 1171 πιστεύειν

28 1194 75 1224 εἰς
91 1193 188 1223 αὐτὸν,
208 1193 245 1223 ὡς
260 1193 307 1218 καὶ
321 1191 384 1223 τοὺς
399 1190 447 1226 μὲν
461 1189 531 1217 κατὰ
551 1189 597 1216 τὸν
617 1189 712 1225 καιρὺν
728 1190 829 1215 ἐκεῖνον

29 1240 296 1268 ἐπιϐεϐουλευκέναι
311 1240 350 1276 τῷ
370 1239 472 1275 Ἰησοῦ·
490 1241 553 1271 τοὺς
571 1239 599 1265 δὲ
613 1239 671 1270 νῦν,
691 1237 830 1264 εὐδοκοῦν-

28 1295 84 1318 τας
101 1288 161 1317 τοῖς
178 1286 229 1312 ὑπὸ
252 1285 306 1311 τῶν
327 1285 458 1311 Ἰουδαίων
483 1285 542 1310 κατ’
559 1283 641 1310 αὐτοῦ
665 1282 832 1318 τετολμημέ-

29 1341 93 1363 νοις
113 1332 187 1361 τὸτε,
201 1332 365 1366 κακηγορεῖν
377 1330 422 1357 τὸν
442 1330 555 1366 Ἰησοῦν,
569 1330 606 1360 ὡς
621 1329 665 1355 διά
678 1337 748 1359 τινος
767 1336 831 1362 γοη-

881 283 1038 317 relinquens
1054 291 1139 318 usque
1158 284 1191 311 ad
1219 292 1280 312 eum
1304 286 1402 317 locum,
1416 285 1460 312 ubi
1484 286 1594 313 lictitius
1617 285 1665 313 Ju-

883 329 956 356 dtctts
970 334 1066 355 contra
1082 328 1173 356 Jcsum
1188 329 1364 356 declamitare
1379 331 1487 358 desinit.
1505 331 1532 358 lu
1547 333 1665 359 secundo

882 379 973 401 autem
989 381 1132 401 occursum
1154 380 1198 402 est
1212 375 1354 408 omnibus,
1375 380 1402 402 ut
1418 384 1483 403 mete
1505 377 1576 403 vires
1599 377 1667 403 tule-

883 425 957 452 runt,
971 427 1030 453 quae
1047 420 1124 446 nobis
1139 427 1186 454 per
1201 420 1339 448 Christum
1356 422 1410 448 Deo
1429 422 1603 449 credentibus
1618 421 1666 449 Ju-

881 465 956 493 daeus
975 466 1045 500 apud
1060 465 1133 492 illum
1158 465 1258 498 objicit.
1275 465 1395 492 Tertium
1409 466 1480 492 hunc
1495 467 1666 501 aggredimur

882 510 909 537 in
924 518 977 544 quo
993 510 1070 538 nobis
1086 512 1252 545 propositum
1269 515 1309 537 est
1333 510 1376 536 illa
1401 510 1567 545 impugnare,
1581 511 1666 547 448

882 563 941 589 qua:
965 556 1021 589 ipse
1046 557 1172 590 proponit
1193 563 1226 582 ex
1245 556 1352 590 propria
1374 563 1498 589 persona.
1513 555 1558 583 Ait
1583 557 1666 590 igitur

883 600 926 627 ille
947 610 956 626 ι
974 600 1054 628 stulte
1079 601 1151 628 inter
1167 608 1196 628 se
1223 601 1388 628 contendere
1415 600 1522 629 Iudaeos
1541 605 1569 628 et
1585 602 1663 628 Cbri-

882 647 1003 681 stiauos;
1021 647 1248 674 concertationem
1269 647 1339 674 inter
1368 652 1495 681 utrosque
1511 647 1544 675 de
1559 647 1665 674 Christo

882 699 1064 728 comparatam
1087 700 1158 725 esse,
1188 698 1218 720 ut
1233 697 1275 720 est
1299 693 1324 720 in
1350 693 1502 728 proverbio,
1529 693 1613 719 rixam
1633 692 1667 720 de

883 740 977 766 umbra
996 739 1080 771 asini;
1100 738 1166 766 nihil
1188 739 1329 772 gravitatis
1347 739 1446 765 habere
1470 739 1541 765 hanc
1559 737 1667 765 διιόωο-

883 792 942 811 rum
956 791 1017 811 cum
1035 783 1198 810 Christianis
1213 783 1437 818 disputationem;
1455 791 1515 810 cum
1531 782 1667 810 fateantur

882 829 974 856 divino
994 828 1096 862 Spiritu
1117 828 1274 863 praedictum
1298 828 1381 855 fuisse
1406 828 1473 860 fore,
1490 832 1520 854 ut
1533 828 1566 854 ad
1583 835 1668 862 genus

883 875 1028 901 humanum
1051 875 1176 902 Salvator
1200 875 1357 905 adveniret;
1380 874 1543 900 dissentiant
1564 877 1665 905 autem,

881 920 1021 947 veneritne
1036 921 1060 948 is
1080 921 1124 955 qui
1142 920 1286 955 praedictus
1300 924 1353 951 est,
1374 927 1474 946 annon.
1487 929 1497 946 ι
1515 919 1570 947 Nos
1593 920 1665 946 enim

882 967 1029 995 Christiani
1059 966 1151 994 Iesum
1182 967 1328 998 credimus,
1351 965 1498 993 secundum
1521 966 1667 1000 propheta-

882 1019 942 1038 rutn
958 1011 1079 1044 oracula,
1098 1012 1250 1038 advenisse.
1270 1009 1424 1037 Judtcortnn
1441 1014 1528 1036 autem
1545 1009 1666 1043 plerique

884 1062 987 1096 tantum
1002 1057 1079 1084 abest
1090 1062 1119 1083 ut
1135 1057 1160 1083 in
1173 1056 1264 1084 Jesum
1278 1056 1400 1087 credant,
1416 1061 1454 1086 ut.
1473 1055 1518 1089 qui
1532 1055 1577 1082 illo
1598 1059 1667 1081 tem-

882 1110 948 1137 pore
964 1102 1081 1134 fuerunt,
1103 1102 1216 1129 insidias
1232 1102 1270 1128 illi
1298 1101 1383 1128 moliti
1403 1100 1518 1134 fuerint;
1543 1101 1666 1128 hodierni

883 1155 946 1175 vero
969 1149 1149 1183 approbantes
1165 1155 1225 1182 quae
1248 1151 1342 1174 contra
1367 1147 1442 1173 illum
1462 1146 1526 1173 olim
1543 1146 1588 1173 alii
1607 1147 1666 1173 ausi

881 1194 1006 1226 fuerunt,
1029 1195 1209 1221 criminentur
1233 1200 1294 1220 eum
1311 1193 1470 1227 quibusdam
1494 1192 1605 1227 magicis
1622 1199 1667 1218 ar-

882 1240 953 1266 tibus
978 1240 1150 1272 coniinxissc,
1173 1247 1202 1266 se
1226 1247 1287 1266 esse
1311 1246 1391 1272 quem
1417 1237 1501 1265 Judaei
1527 1237 1666 1265 Christum

882 1289 993 1318 vocant,
1009 1292 1144 1319 quemque
1168 1285 1306 1319 propheta:
1319 1287 1461 1310 venturum
1485 1289 1546 1309 esse
1567 1282 1666 1317 praedi-

883 1334 991 1355 xerunt.

27 1379 114 1410 τείας
132 1378 315 1413 πλασάμενον,
333 1378 372 1404 ὅτι
391 1378 444 1412 ἄρα
464 1378 507 1412 εἴη
518 1378 532 1404 ὁ
547 1376 598 1403 ὑπὸ
616 1375 670 1402 τῶν
684 1374 830 1410 προφητῶν
853 1375 998 1410 κηρυχθεὶς
1009 1375 1198 1410 ἐπιδημήσειν,
1212 1374 1376 1409 καλούμενος
1390 1374 1461 1401 κατὰ
1481 1374 1516 1401 τὰ
1533 1373 1666 1402 Ἰουδαίων

29 1425 145 1460 πάτρια
160 1424 284 1460 Χριστός.

70 1470 237 1504 Δεγέτωσαν
253 1470 285 1504 δὴ
302 1469 367 1504 ἡμῖν
389 1469 404 1495 ὁ
420 1467 522 1500 Κέλσος
539 1468 586 1494 καὶ
605 1468 630 1494 οἱ
653 1466 804 1503 ἀρεσκόμεν

923 1465 943 1492 Ξ.
965 1465 1060 1492 Dicant
1077 1465 1156 1492 velim
1171 1468 1198 1490 et
1211 1463 1305 1491 Celsus
1318 1468 1342 1490 et
1364 1463 1381 1490 ii
1398 1463 1498 1497 quibus
1520 1461 1578 1495 ejus
1601 1468 1667 1487 con-

30 1517 96 1547 τοῖς
121 1514 184 1541 καθ’
197 1515 274 1550 ἡμῶν
293 1514 339 1540 ὑπ’
358 1513 440 1540 αὐτοῦ
456 1513 621 1548 λεγομένοις,
637 1513 661 1538 εί
680 1511 741 1538 ὄνου
767 1512 832 1546 σκιᾷ

30 1563 114 1588 ἔοικε
129 1561 161 1588 τὸ
178 1560 370 1596 προειρηκέναι
385 1560 447 1591 τοὺς
469 1559 604 1587 Ἰουδαίων
629 1558 772 1593 προφήτας
788 1557 832 1583 τό-

31 1616 92 1634 πον
118 1608 251 1641 γενέσεως
277 1607 324 1633 τοῦ
339 1606 510 1642 ήγησομένου
534 1605 589 1641 (Μ)
607 1605 660 1631 τῶν
677 1604 765 1635 καλῶς
789 1603 833 1638 βε-

32 1653 194 1688 βιωκότων,
215 1653 262 1679 καὶ
288 1652 341 1679 τῶν
369 1651 589 1688 χρηματιζόντων
615 1649 723 1686 μερίδος
746 1648 829 1675 Θεοῦ·

31 1700 86 1726 καὶ
118 1697 254 1733 Παρθένον
282 1697 484 1732 συλληψομένην
499 1696 544 1723 τὸν
568 1694 758 1730 Ἐμμανουήλ·
784 1693 832 1720 καὶ

32 1744 146 1780 σημεῖα
160 1743 206 1768 καὶ
227 1741 357 1777 τεράστια
380 1741 496 1776 ἐσόμενα
513 1741 564 1766 ὑπὸ
588 1740 635 1766 τοῦ
663 1747 831 1774 προφητευο-

34 1790 127 1825 μένου
151 1788 252 1815 τοιάδε·
269 1788 316 1814 καὶ
332 1788 372 1813 ὅτι
389 1787 441 1818 ἓως
461 1787 559 1822 τάχους
573 1786 714 1821 δραμεῖται
727 1786 741 1810 ὁ
754 1784 832 1818 λόγος

32 1837 138 1868 αὑτοῦ,
153 1836 190 1868 ὡς
207 1837 246 1867 εἰς
263 1836 352 1862 πᾶσαν
375 1835 423 1869 τὴν
437 1835 487 1869 γῆν
511 1832 628 1865 ἐξελθεῖν
648 1832 692 1857 τὸν
715 1831 832 1865 φθόγγον

32 1882 128 1910 αὑτοῦ
139 1881 193 1908 τῶν
204 1881 369 1908 ἀποστόλων·
381 1881 441 1906 τίνα
451 1889 481 1906 τε
495 1879 618 1905 πείσεται
634 1877 686 1904 ὑπὸ
701 1877 832 1903 Ἰουδαίων

33 1926 289 1962 καταδικαζόμενος
299 1935 305 1941 ·
318 1926 365 1953 καὶ
379 1926 437 1957 πῶς
444 1925 633 1960 ἀναστήσεται.
643 1921 715 1958 Ἀρα
728 1922 782 1957 γὰρ
796 1923 833 1953 ὡς

33 1975 122 2010 ἔτυχε
142 1973 219 2000 ταῦτ’
237 1973 327 2007 ἔλεγον
342 1973 366 1999 oi
383 1972 534 2008 προφῆται,
555 1971 602 1997 σὺν
624 1969 736 2004 οὐδεμιᾷ
753 1969 834 1994 πιθα-

33 2022 147 2055 νότητι,
168 2021 200 2055 τῇ
217 2019 329 2056 κινούσῃ
344 2019 442 2050 αὐτοὺς
462 2018 508 2044 ἐπὶ
524 2017 553 2044 τὸ
574 2016 610 2052 μὴ
633 2015 712 2051 μόνον
737 2015 832 2045 εἰπεῖν,

32 2066 113 2094 ἀλλὰ
134 2066 182 2093 καὶ
202 2065 360 2100 ἀναγραφῆς
373 2063 486 2097 ἀξιῶσαι
501 2063 535 2089 τὰ
553 2062 701 2097 λεγόμενα;
718 2058 790 2096 Ἀρα
805 2059 833 2085 δὲ

33 2114 69 2140 τὸ
87 2110 202 2138 τοσοῦτο
217 2110 270 2138 τῶν
290 2109 424 2137 Ἰουδαίων
448 2109 540 2140 ἔθνος,
558 2108 640 2134 πάλαι
654 2106 745 2142 χώραν
766 2105 833 2132 ἰδίαν

34 2157 157 2192 εἰληφὸς
178 2158 273 2187 οἰκεῖν,
294 2156 342 2182 σὺν
372 2155 484 2190 οὐδεμιᾷ
509 2154 668 2188 πιθανότητι
689 2152 764 2183 τινὰς
786 2151 834 2186 μὲν

33 2204 79 2235 ὡς
96 2203 240 2239 προφήτας
252 2202 425 2237 ἀνηγόρευον,
440 2201 548 2236 ἐτέρους
558 2200 587 2226 δὲ
600 2199 638 2230 ὡς
649 2198 835 2233 ψευδοπροφή-

32 2258 93 2281 τας
110 2249 167 2284 (45)
181 2247 394 2283 ὰπεδοκίμαζονς
411 2247 466 2273 Καὶ
484 2245 560 2272 οὐδὲν
573 2243 607 2280 ἦν
621 2245 684 2280 παρ’
700 2244 790 2274 αὐτοῖς
805 2243 835 2270 τὸ

35 2294 266 2331 προκαλούμενον
285 2293 461 2328 συναριθμεῐν
477 2293 537 2323 ταῖς
559 2291 644 2327 ἱεραῖς
664 2287 732 2316 εἶναι
756 2297 835 2315 πεπι-

37 2340 209 2375 στευμέναις
220 2339 357 2370 Μωῧσέως
379 2337 479 2373 βίϐλοις
500 2337 563 2368 τοὺς
590 2336 685 2370 λόγους
698 2334 751 2361 τῶν
772 2333 835 2368 ἑξῆς

35 2385 246 2421 νενομισμένων
269 2382 339 2411 εἶναι
364 2383 526 2419 προφητῶν;
550 2382 604 2408 Καὶ
618 2382 743 2408 δύνανται
768 2381 833 2414 ἡμῖν

36 2431 222 2465 παραστῆσαι
237 2430 262 2455 οἱ
285 2428 409 2464 εὐήθειαν
432 2427 608 2462 ἐγκαλοῦντες
635 2425 770 2456 Ἰουδαίοις
788 2425 834 2451 καὶ

36 2477 228 2512 Χριστιανοῖς,
250 2475 290 2501 δτι
311 2474 422 2501 ἐδύνατο
439 2473 631 2508 συνεστηκέναι
648 2472 678 2498 τὺ
701 2471 834 2497 Ἰουδαίων

39 2523 132 2554 ἔθνος,
150 2521 283 2556 μηδεμιᾶς
297 2519 462 2554 ἐπαγγελίας
476 2518 656 2555 προγνώσεων
671 2516 753 2551 οὔσης
769 2517 833 2551 παρ’

39 2568 154 2598 αὐτοῖς·
177 2567 224 2593 καὶ
238 2567 279 2593 ὅτι
298 2565 332 2592 τὰ
353 2566 401 2601 μὲν
429 2565 492 2597 περὶ
515 2564 613 2595 αὐτοὺς
633 2563 696 2598 ἔθνη
720 2562 834 2589 ἕκαστον

884 1515 926 1538 Ira
942 1518 990 1538 nos
1004 1510 1207 1538 criminationes
1222 1508 1341 1543 placent,
1355 1516 1388 1535 an
1403 1509 1468 1535 satis
1482 1508 1584 1534 umbrae
1597 1506 1665 1533 asini

882 1558 970 1585 simile
1004 1557 1073 1583 istud
1106 1556 1156 1588 sit,
1180 1555 1340 1589 praedixisse
1363 1554 1515 1581 Judtcorum
1549 1552 1666 1586 prophe-

884 1607 924 1629 tas
937 1603 959 1618 "
980 1601 1068 1628 locum
1090 1601 1134 1628 ubi
1159 1602 1315 1628 nasciturus
1334 1605 1393 1627 erat
1412 1600 1465 1625 dux
1483 1598 1528 1624 ille
1553 1604 1664 1626 eorum,

884 1648 928 1682 qui
947 1652 1020 1674 recte
1044 1648 1166 1675 viventes
1182 1648 1227 1674 Dei
1246 1654 1309 1681 pars
1325 1645 1509 1680 appellantur;
1534 1642 1668 1675 simulque

884 1693 1021 1728 Virginem
1046 1697 1236 1726 concepturam
1257 1689 1436 1722 Emmanuel;
1460 1688 1533 1714 illum
1559 1687 1616 1714 haec
1640 1689 1668 1713 et

883 1738 928 1765 illa
952 1738 1028 1773 signa
1045 1738 1222 1773 prodigiaque
1245 1737 1398 1767 facturum;
1425 1733 1555 1761 velociter
1571 1739 1667 1759 cursu-

885 1792 942 1811 rum
966 1792 1117 1812 sermonem
1132 1784 1198 1819 ejus,
1214 1783 1252 1810 ita
1269 1788 1298 1810 ut
1321 1783 1347 1809 in
1365 1788 1471 1808 onmem
1488 1783 1588 1806 terram
1610 1777 1667 1810 ejus

883 1829 1067 1864 apostolorum
1092 1829 1180 1855 exiret
1196 1834 1294 1859 sonus;
1312 1826 1467 1853 damnatum
1484 1822 1515 1848 iri
1532 1829 1546 1848 a
1568 1819 1668 1847 Judmis

884 1874 1079 1909 suppliciisque
1101 1872 1227 1900 aﬂectum
1249 1872 1292 1903 iri,
1307 1877 1340 1896 ac
1357 1872 1574 1896 resurrecturum
1595 1870 1666 1891 esse.

883 1908 1009 1954 Nunquid
1025 1920 1081 1946 hmo
1100 1923 1201 1945 temere
1216 1917 1343 1943 dixerunt
1366 1913 1512 1948 prophetat,
1540 1917 1589 1936 nec
1613 1908 1667 1935 ulla

883 1973 930 1993 eos
955 1964 1102 2000 probabilis
1118 1969 1204 1990 causa
1231 1960 1345 1995 impulit,
1369 1964 1465 1985 utnon
1492 1955 1579 1982 solum
1596 1954 1668 2000 dice-

885 1997 1013 2043 rent,‘sed
1031 2009 1112 2036 etiam
1131 2007 1211 2035 scribi
1235 2006 1315 2040 digna
1340 2000 1546 2031 existimarent?
1563 2000 1603 2026 An
1620 1997 1668 2024 Ju-

885 2056 1004 2083 daeorum
1028 2062 1093 2089 gens
1110 2057 1184 2080 tanta
1208 2058 1268 2086 quae
1290 2050 1388 2076 dudum
1412 2046 1548 2082 propriam
1581 2043 1668 2076 regio-

886 2109 947 2128 nem
975 2098 1146 2127 incolendam
1172 2099 1331 2130 acceperat,
1357 2092 1429 2120 nulla
1457 2089 1597 2118 verisimili
1625 2096 1668 2115 ra-

887 2148 958 2173 tione
980 2145 1110 2181 quosdam
1127 2143 1235 2178 quidem
1258 2145 1288 2168 ut
1310 2147 1390 2166 veros
1408 2134 1668 2181 prophetasrprtctli-

885 2179 1000 2224 caverit,
1015 2190 1082 2217 alios
1097 2193 1187 2216 autem
1202 2192 1231 2214 ut
1246 2186 1328 2213 falsos
1345 2181 1545 2218 repudiaverit?
1561 2179 1668 2207 Nihilne

886 2238 937 2264 fuit
960 2236 1031 2270 quod
1057 2235 1117 2263 illos
1142 2237 1262 2261 moveret
1285 2231 1319 2258 ad
1343 2228 1575 2256 annuincrandunt
1594 2226 1669 2252 libris

887 2283 1005 2318 Moysis,
1030 2289 1098 2316 quos
1128 2280 1276 2307 credebant
1307 2286 1366 2306 esse
1395 2282 1502 2307 sacros,
1529 2278 1669 2300 sermones

885 2336 978 2355 eorum
998 2335 1065 2362 quos
1080 2327 1227 2362 prophetas
1242 2332 1300 2352 csse
1319 2321 1541 2352 arbitrabantur?
1557 2319 1606 2352 Qui
1623 2317 1670 2344 Ju-

886 2375 951 2401 daeis
971 2378 998 2400 et
1011 2373 1174 2400 Christianis
1191 2372 1333 2400 stultitiam
1350 2370 1527 2405 exprobrant,
1536 2373 1599 2392 num
1617 2363 1670 2390 illis

887 2421 1049 2456 persuadere
1076 2424 1204 2455 poterunt
1231 2418 1385 2446 Judmorum
1415 2420 1522 2450 gentem
1551 2411 1670 2446 potuisse

886 2469 1049 2498 consistere.
1076 2467 1126 2493 etsi
1154 2467 1187 2494 de
1216 2471 1307 2492 rerutn
1335 2463 1486 2489 futurarum
1514 2456 1670 2491 cognitione

887 2513 960 2540 nulla
979 2513 1028 2546 ipsi
1051 2512 1119 2538 tacta
1149 2510 1294 2546 promissio
1320 2507 1430 2536 ruisset?
1453 2507 1491 2531 An
1510 2507 1603 2538 gentes
1629 2500 1667 2526 illi

886 2560 1068 2594 circumiecta:
1083 2567 1131 2594 pro
1147 2559 1203 2586 suis
1217 2564 1329 2591 qumque
1344 2554 1473 2582 institutis
1494 2549 1669 2578 crediderunt.

77 2650 103 2665 ⁸¹
121 2648 206 2676 Micb.
231 2655 258 2681 v,
276 2647 327 2680 l2;
348 2647 401 2676 lsa.
419 2654 468 2680 vn,
482 2645 536 2678 il;
552 2653 611 2679 un,
627 2646 660 2678 7;
688 2644 760 2673 Psal.
777 2653 823 2679 xv,
838 2645 882 2672 10.

77 2717 140 2752 (45)
162 2717 254 2743 Ὄνου
276 2715 365 2749 σκιᾶς
384 2715 495 2752 μάχης,
520 2714 633 2752 De_]toc
651 2712 746 2744 atlagio
772 2714 834 2752 vide

38 2748 196 2782 Zenobiam
215 2752 337 2778 centuria
354 2748 444 2782 sem;
460 2750 538 2783 adag.
558 2748 602 2778 98.
618 2751 646 2783 et
670 2753 759 2774 notam
775 2749 833 2774 An-

38 2781 117 2816 dreas
143 2786 261 2813 Srhotti.
283 2785 348 2813 item
365 2786 476 2812 Snidam
500 2781 525 2810 in
548 2791 614 2809 voce
630 2781 692 2807 ὄνου
710 2783 783 2814 σκιά,
807 2787 834 2810 et

39 2823 110 2858 περὶ
131 2821 296 2858 δνουέσκιᾶς
318 2828 378 2847 cum
399 2819 588 2858 observatione
613 2816 757 2858 clarissimi
775 2818 832 2858 [viri

38 2853 154 2884 tiu-stur.
180 2856 250 2882 Idem
281 2863 360 2888 porro
389 2861 430 2881 est
462 2854 525 2887 περὶ
552 2853 612 2878 ὄνου
642 2853 719 2883 σκιᾶς
747 2853 830 2887 μάχε-

40 2893 119 2924 σθαι,
131 2899 165 2919 ac
181 2901 189 2916 ι
204 2891 288 2918 rixari
305 2891 336 2917 tle
349 2890 409 2916 lana
426 2889 553 2923 caprina,
569 2897 577 2913 ι
595 2888 626 2914 de
644 2895 671 2913 re
690 2888 776 2914 nihili.

924 2712 980 2749 (M)
1005 2710 1216 2749 Ἡγησρμένου.
1232 2707 1278 2735 Sic
1295 2714 1361 2747 mss.
1376 2706 1456 2749 Reg,
1473 2704 1669 2749 [glasillctyd'uo

886 2739 1022 2779 Va‘ticarii.
1040 2739 1141 2773 rectius
1156 2751 1222 2771 sane
1237 2749 1318 2777 quam
1333 2739 1466 2775 impressi,
1480 2739 1617 2773 inquibus
1632 2739 1669 2766 le-

885 2781 1153 2819 ςὶιυιξνὴγησαμένου.
1189 2813 1195 2819 ι
1285 2811 1312 2819 Ν

922 2809 1261 2853 (4Ξὶ)¹¹ιιῖἐυδοᾳῐροφήτας.
1285 2811 1329 2838 Sic
1354 2814 1426 2850 recte
1449 2809 1549 2853 habent
1574 2815 1668 2835 omnes

885 2843 1042 2883 codd-lines.
1057 2843 1126 2878 Male
1140 2843 1228 2877 autetn
1241 2843 1381 2881 impressi,
1398 2843 1545 2879 προφήτας.
