1848 3091
24 120 82 147 3'21)

631 123 771 151 CONTRA
792 123 930 152 CELSUM
950 124 1014 151 LIB.
1036 123 1081 152 lli.

1628 127 1682 157 950

18 188 113 215 ρευε,
131 182 241 217 μήποτε
259 180 314 218 (61)
329 181 431 209 δίκαιον
446 179 515 209 εἶναι
531 181 662 208 διδάσκων
675 182 704 209 τὺ
725 191 732 208 >

913 183 997 209 uisset
1012 182 1125 209 omnino
1139 182 1219 209 ullam
1236 183 1354 210 hominis
1367 184 1551 212 Occisionem:
1569 193 1618 212 nec
1632 191 1681 213 do-

18 224 156 260 θρὼττου
174 227 303 262 τόλμημα
317 227 371 254 τῶν
387 228 482 254 ἑαυτοῦ
505 227 632 263 μαθητῶν
642 247 649 258 ,
673 227 724 254 κᾶν
738 227 823 253 ἀδικὼ

17 279 120 303 τατος
144 273 251 304 ἐκεῖνος
332 273 361 299 οὐ
382 273 435 309 γὰρ
459 274 573 309 πρέπειν
592 274 684 309 ἡγεῖτο
706 275 738 308 τῇ
755 273 838 308 ὲνθέῳ

17 317 139 344 ἑαυτοῦ
158 318 306 354 νομοθεσίᾳ
319 319 349 345 τὸ
366 320 516 355 συγχωρεῖν
529 319 725 354 ὁποιανδήποτε
738 317 838 353 ἀνθρώ-

18 370 81 389 που
115 364 278 399 ἀναίρεσιν”
295 363 351 390 οὔτ’
371 363 403 390 ἂν
420 364 594 399 Χριστιανοὶ,
609 365 633 390 οἱ
648 364 701 390 ἀπὸ
719 364 838 395 στάσεως

17 408 206 443 ἀρξάμενοι,
228 409 290 440 τοὺς
307 409 353 435 ἐπὶ
378 408 501 435 τοσοῦτον
530 409 649 444 ἡμέρους
666 409 838 444 προσήκαντο

17 454 154 488 νόμους,
176 455 210 481 δι’
231 451 268 482 ὧν
288 455 325 486 ὡς
347 454 470 490 πρόϐατα
487 455 535 489 μὲν
556 455 726 490 ἀναιρεῖσθαι
747 455 837 486 αὐτοῖς

17 501 168 534 ἐγίγνετο
180 521 187 533 ,
207 501 340 536 μηδέποτε
358 502 386 528 δὲ
401 501 556 537 ἀμύνασθαι
579 499 630 527 οἶοί
650 502 674 527 τ’
695 499 765 537 ἦσαν
782 501 836 537 (62)

16 547 95 578 τοὺς
114 546 279 578 διώκοντας.
302 547 431 581 Καίτοιγε
449 547 596 582 βαθύτερον
622 546 780 578 ἐξετάζοντα
804 547 837 572 τὰ

17 592 197 626 πράγματα
207 613 214 624 ,
228 592 300 618 ἐστιν
317 593 403 619 εἰπεῖν
419 592 484 627 περὶ
499 592 548 627 μὲν
563 592 619 619 τῶν
639 591 836 627 ἐξεληλυθότων

15 638 53 663 ἐκ
84 636 150 671 γῆς
169 637 322 671 Αἰγύπτου,
337 637 378 663 ὅτι
397 636 556 673 παραδόξως
575 639 590 664 ὁ
604 638 658 669 πᾶς
676 637 744 669 λεὼς
757 639 837 664 οἱονεὶ

16 682 213 718 θεοδὼρητον
226 683 364 710 διάλεκτον
379 683 484 718 ἀθρόως
500 683 628 718 ἀνείληφε
641 683 689 718 τὴν
701 684 837 719 καλουμέ-

15 737 75 764 νην
108 729 245 764 Ἐϐραίαν
259 737 265 743 ”
279 729 317 760 ὡς
331 728 376 755 καὶ
389 728 443 755 τῶν
458 730 521 764 παρ’
535 729 627 760 αὐτοῖς
642 737 684 760 τις
699 727 758 756 εἷπε
776 738 837 765 προ-

16 774 150 808 φητῶν,
179 774 220 800 ὅτι
238 783 247 799 ‹
268 774 311 799 Ἐν
335 773 373 808 τῷ
388 773 505 807 ἐξελθεῖν
527 774 625 806 αὐτοὺς
641 775 673 800 ἐκ
687 775 738 810 γῆς
754 775 837 809 Αίγύ-

17 828 104 845 mou
124 819 265 854 γλῶσσαν,
280 819 314 854 ἣν
331 820 381 846 οὐκ
395 819 465 854 ἔγνω
481 819 546 855 (65),
563 820 692 854 ἥκουσαν.
711 829 721 846 ›

889 226 991 252 cuisset
1003 225 1057 252 vim
1075 225 1178 252 homini
1193 233 1331 260 nunquam
1345 227 1419 261 juste
1436 236 1451 255 a
1468 229 1525 255 suis
1538 230 1680 264 diseipulis

889 270 984 298 inferri
1006 278 1105 305 posse,
1133 271 1258 305 quamvis
1282 271 1463 306 injustissimo
1484 283 1491 307 ;
1518 275 1678 303 indecorum

888 315 960 341 enim
983 315 1096 349 putabat
1118 315 1217 343 divinis
1238 316 1295 344 suis
1312 317 1415 352 legibus
1434 320 1553 353 permitti
1577 321 1677 347 caadem

888 360 1022 393 hominis,
1038 360 1232 395 qualiscunque
1257 363 1364 390 tandem
1394 363 1439 390 illa
1462 369 1534 392 esset
1556 375 1562 392 :
1592 374 1679 400 neque

887 405 969 432 etiam
984 405 1132 433 Christiani
1150 413 1226 433 suam
1244 414 1258 432 a
1277 408 1412 436 seditione
1439 410 1570 439 ducentes
1594 412 1679 446 origi-

888 458 949 477 nem
967 451 1040 485 leges
1054 451 1232 479 admisissent
1250 452 1286 479 ita
1301 454 1441 487 pacilicas,
1460 460 1489 482 ut
1505 462 1617 490 propter
1631 465 1677 485 eas

888 497 988 523 factum
1005 497 1088 524 fuerit
1119 502 1149 524 ut
1162 497 1244 525 veluti
1261 505 1327 525 oves
1349 500 1578 534 interﬁcerentur,
1593 502 1676 538 552

888 549 937 570 nec
950 550 998 577 per
1011 550 1057 570 eas
1070 542 1163 570 liceret
1175 544 1208 570 de
1221 545 1442 578 persecutoribus
1453 553 1561 574 sumere
1574 549 1678 583 suppli-

888 589 969 615 cium.
994 588 1048 616 Sed
1074 593 1101 616 et
1124 589 1169 623 qui
1194 596 1251 616 rem
1275 591 1392 617 scrutari
1411 591 1492 618 altius
1509 592 1638 626 voluerit,
1654 594 1678 622 is

887 635 978 662 dicere
992 635 1091 669 poterit
1107 643 1159 662 non
1176 637 1237 663 sine
1260 636 1391 663 miraculo
1408 637 1566 672 contigisse,
1587 641 1676 674 utqui

887 688 920 707 ex
934 680 1051 715 IEgypto
1066 680 1191 713 exibant,
1207 682 1299 709 statim
1313 685 1342 709 et
1358 682 1436 716 quasi
1452 683 1524 710 Deus
1543 684 1678 718 inspiras-

887 730 939 758 set,
966 725 1084 760 linguam
1109 731 1271 760 usurparent
1290 734 1350 761 qua:
1370 727 1505 756 Hebraica
1530 729 1676 756 vocitatur.

887 770 946 804 Quo
958 771 1074 805 pertinet
1089 771 1159 798 istud
1173 771 1254 798 unius
1265 779 1297 798 ex
1311 779 1405 799 eorutn
1419 773 1573 808 prophetis:
1589 783 1597 799 ι
1609 774 1677 801 Cum

887 817 992 843 exirent
1007 818 1040 844 de
1067 822 1139 844 terra
1156 817 1265 853 {Egypti
1291 826 1353 851 eos,
1378 827 1459 854 quam
1476 827 1529 847 non
1545 825 1679 848 noverant

853 853 873 879 Β
888 862 1018 896 linguam,
1034 863 1171 890 audivisse
1186 864 1219 890 ⁵⁵.
1240 873 1249 889 ι

58 908 130 934 Καὶ
156 907 228 935 οὕτω
248 908 276 935 δὲ
302 909 536 935 κατασκευαστέον
549 928 556 938 ,
570 909 610 935 ὅτι
623 909 672 935 οὐκ
693 908 835 942 Αἰγύπτιοι

14 953 105 989 ἦσαν
133 955 162 980 οἱ
190 954 377 990 ἐξεληλυθότες
404 954 472 989 μετὰ
503 955 642 986 Μωῡσέως
672 955 720 990 τὴν
751 955 835 988 Λίγυ-

15 1007 101 1025 πτον
118 998 191 1034 (64).
207 999 238 1025 El
255 999 303 1034 μὲν
319 999 373 1035 γὰρ
389 999 533 1033 Αἰγύπτιοι
552 998 632 1036 ἦσαν,
652 1000 735 1035 ἐχρῆν
747 1000 834 1026 αὐτῶν

12 1044 53 1070 τὰ
89 1044 222 1079 ὀνόματα
245 1042 314 1070 εἶναι
339 1044 494 1078 Αἰγύπτια,
520 1045 557 1076 ὡς
581 1045 682 1080 ἑκάστῃ
703 1045 834 1080 διαλέκτῳ

14 1091 186 1124 συγγενεῖς
198 1091 265 1116 εἰσιν
281 1091 308 1117 αἱ
325 1091 505 1126 προσηγορίαι
519 1100 525 1106 ⁸
545 1092 568 1117 εἰ
582 1090 604 1117 δ’
623 1092 655 1117 ὲκ
670 1090 723 1116 τῶν
738 1091 835 1126 ὀνομά-

11 1144 81 1161 των
106 1135 264 1171 Ἑϐραϊκῶν
279 1135 363 1162 ἧντων
379 1136 474 1171 σαφὲς,
485 1136 525 1162 ὅτι
539 1136 589 1162 οὐκ.
608 1135 750 1169 Αἰγύπτιοι
765 1134 834 1172 ἦσαν

14 1180 162 1215 (πλήρης
173 1179 227 1214 γὰρ
243 1180 259 1215 ἡ
275 1180 295 1205 Γ
299 1180 370 1216 ραφὴ
381 1179 435 1206 τῶν
457 1179 608 1214 Ἑϐραϊκῶν
622 1179 772 1214 ὀνομάτων,
789 1180 834 1206 καὶ

11 1225 81 1251 τῶν
101 1226 135 1251 ὲν
154 1225 285 1260 Αἰγύπτῳ
297 1225 408 1251 τοιαῦτα
433 1224 554 1259 θεμένων
568 1225 624 1256 τοῖς
638 1224 728 1259 υἱοῖς),
743 1224 832 1259 δῆλον,

12 1272 62 1298 ὖτι
78 1270 191 1306 ψεῦδος
202 1271 232 1297 τὺ
246 1270 389 1306 λεγόμενον
403 1270 456 1297 ὑπὸ
470 1270 523 1296 τῶν
539 1269 695 1304 Λὶγυτπίων
707 1290 714 1301 ,
729 1270 769 1296 ὅτι
782 1270 830 1295 Δί-

11 1317 150 1350 γύπτιοι
176 1316 252 1348 ὄντες
275 1315 454 1352 ἀπηλάθησαν
481 1315 550 1350 μετὰ
564 1315 703 1346 Μωῦσέως
718 1315 772 1341 ἀπὸ
784 1315 833 1349 τῆς

12 1363 191 1396 Αἰγύπτου.
206 1362 260 1389 Καὶ
276 1362 368 1396 σαφῶς
390 1362 502 1397 ἐναργές
519 1362 606 1393 ἐστιν,
623 1362 663 1387 ὅτι
680 1363 712 1387 ὲκ
735 1361 833 1396 προγό-

11 1419 79 1437 νων
103 1408 257 1445 Ἐϐραίων,
269 1408 340 1434 κατὰ
354 1407 403 1443 τὴν
418 1407 493 1443 παρὰ
503 1409 615 1434 Μωῡσεῖ
628 1408 832 1443 ἀνα-γραφεῖσαν

12 1456 182 1491 ἱστορίαν,
201 1454 232 1480 τὺ
254 1454 331 1489 γένος
355 1453 460 1488 ἔχοντες
483 1452 614 1488 διαλέκτῳ
631 1452 750 1488 ἐχρῶντο
761 1472 768 1484 ,
786 1452 831 1486 ἀφ’

9 1499 53 1537 ἧς
74 1501 133 1527 καὶ
149 1500 185 1526 τὰ
200 1499 319 1535 ὀνόματα
337 1501 393 1531 τοῖς
407 1500 474 1530 υἱοῖς
490 1499 617 1525 ἐτίθεντο.
633 1499 701 1534 Περὶ
722 1498 750 1525 δὲ
763 1498 831 1534 Χρι-

10 1546 169 1577 στιανῶν,
186 1546 246 1571 ἐπεὶ
259 1544 427 1580 διδαχθέντες
448 1545 484 1580 μὴ
504 1544 656 1580 ἀμύνασθαι
675 1544 738 1575 τοὺς
755 1544 832 1570 πολε-

9 1591 114 1626 μίους
140 1590 280 1625 ἐτήρησαν
300 1590 349 1625 τὴν
368 1589 471 1624 ἥμερον
486 1589 533 1615 καὶ
551 1588 738 1624 φιλάνθρωπον
754 1597 833 1624 νομο-

9 1637 128 1664 θεσίαν
138 1656 147 1668 ,
164 1636 207 1662 διὰ
220 1635 292 1662 τοῦθ’
308 1636 441 1670 ὅπεροὺκ
452 1635 484 1662 ἃν
501 1634 623 1666 ἐξουσίαν
639 1633 763 1665 λαϐόντες
778 1633 826 1660 τοῦ

9 1683 180 1717 πολεμεῖν,
198 1682 222 1707 εί
242 1682 288 1708 καὶ
306 1681 375 1708 πάνυ
397 1678 466 1716 ἦσαν
486 1680 613 1712 δυνατοὶ,
629 1680 740 1715 ἤνυσαν,
760 1680 831 1706 τοῦτ’

9 1730 81 1757 ἀπὸ
113 1727 188 1754 Θεοῦ
212 1727 354 1762 εἰλήφασι,
375 1725 423 1753 τοῦ
447 1726 516 1761 ὑπὲρ
533 1725 622 1752 αὐτῶν
644 1724 699 1760 (65)
716 1724 833 1760 πολεμή-

10 1783 133 1806 σαντος
152 1774 214 1806 ἀεὶ,
232 1774 278 1800 καὶ
294 1772 365 1800 κατὰ
380 1772 493 1808 καιροὺς
510 1771 662 1803 παύσαντος
678 1772 740 1802 τοὺς
761 1770 832 1797 κατὰ

9 1820 213 1857 Χριστιανῶν
228 1819 403 1854 ἱσταμένους,
427 1819 474 1845 καὶ
495 1818 615 1853 ἀναιρεῖν
631 1817 728 1848 αὐτοὺς
743 1816 846 1845 θέλον-,

9 1876 88 1898 τας.
113 1865 313 1900 ’Υπομνήσεως
324 1864 378 1899 γὰρ
394 1864 473 1899 χάριν
491 1863 554 1898 (ἵνα,
572 1862 718 1897 ἐνορῶντες
730 1862 830 1896 ὀλίγοις

9 1911 253 1948 ἀγωνιζομένοις
266 1911 336 1946 ὑπὲρ
346 1909 496 1941 εὐσεϐείας,
510 1908 687 1943 δοκιμώτεροι
702 1908 830 1942 γίνωνται

9 1959 70 1985 καὶ
90 1957 216 1984 Θανάτου
230 1955 456 1991 καταφρονῶσιν),
470 1955 555 1988 ὀλίγοι
573 1953 643 1980 κατὰ
656 1953 767 1988 καιροὺς
783 1954 830 1979 καὶ

9 2003 142 2038 σφόδρα
156 2002 333 2037 εὐαρίθμητοι
349 2001 419 2036 ὑπὲρ
430 2000 479 2035 τῆς
492 1998 660 2034 Χριστιανῶν
677 1997 830 2030 θεοσεϐείας

9 2048 203 2083 τεθνήκασι·
227 2047 375 2079 κωλύοντος
396 2045 463 2073 Θεοῦ
479 2045 510 2072 τὸ
535 2046 589 2072 πᾶν
608 2044 829 2080 ἐκπολεμηθῆναι
844 2051 854 2061 ν

9 2094 125 2122 αὐτῶν
144 2091 239 2124 ἕθνος⁸
257 2092 388 2128 συστῆναι
402 2092 457 2127 γὰρ
471 2091 536 2118 αὐτὸ
550 2090 685 2122 ἐϐούλετο,
702 2090 749 2116 καὶ
765 2090 831 2126 πλη-

9 2139 160 2176 ρωθῆναι
187 2138 276 2164 πᾶσαν
297 2137 346 2173 τὴν
366 2137 419 2172 γῆν
436 2137 486 2172 τῆς
507 2136 642 2172 σωτηρίου
657 2135 760 2171 ταύτης
782 2135 828 2161 καὶ

846 1524 868 1554 C

923 908 949 934 8.
966 907 1021 934 Hoc
1033 908 1114 935 etiam
1134 913 1296 943 argumento
1313 910 1483 943 probandum
1497 916 1549 943 est,
1564 918 1611 938 eos
1625 911 1676 939 E-

888 953 994 988 gyptios
1007 961 1060 980 nou
1076 953 1170 987 fuisse,
1184 955 1228 988 qui
1245 962 1278 981 ex
1291 954 1409 990 Egypto
1429 963 1489 983 cuin
1518 956 1610 992 Moyse
1633 965 1676 985 re-

888 1002 1038 1025 cesserunt.
1062 998 1129 1026 Nam
1153 1000 1176 1027 si
1190 999 1310 1035 Egyptii
1333 1005 1433 1035 essent,
1453 1002 1564 1029 nomina
1578 1010 1675 1030 eorum

888 1044 1047 1078 (Egyptiaca
1060 1044 1144 1072 fuisse
1155 1050 1273 1079 oportet.
1286 1046 1349 1073 Sua:
1363 1047 1434 1073 enim
1447 1053 1510 1074 sunt
1526 1048 1674 1082 unicuique

887 1089 987 1124 lingua;
1011 1090 1127 1125 propria:
1152 1090 1358 1125 appellationes.
1374 1091 1432 1118 Non
1450 1092 1535 1127 igitur
1551 1092 1674 1128 (Egyptii

887 1138 975 1167 erant,
988 1134 1009 1161 si
1024 1133 1158 1162 Hebraica
1171 1143 1266 1162 eorum
1284 1137 1397 1163 nomina
1413 1136 1534 1164 fuerunt.
1544 1139 1580 1165 At
1594 1139 1673 1172 plena

888 1177 1028 1212 Scriptura
1045 1183 1086 1205 est
1109 1179 1265 1206 nominibus
1287 1179 1443 1214 Hebraicis,
1467 1181 1555 1215 iisque
1579 1183 1626 1216 qui
1642 1182 1674 1209 li-

887 1223 958 1250 beris
976 1224 1161 1258 imposuerunt
1174 1225 1330 1260 hujusmodi
1345 1227 1465 1254 nomina.
1485 1227 1557 1263 Ergo
1571 1228 1672 1255 falsum

886 1273 927 1294 cst
945 1268 970 1295 id
985 1270 1056 1303 quod
1071 1269 1190 1305 Egyptii
1213 1271 1316 1303 dicunt,
1333 1279 1379 1298 eos
1403 1272 1508 1307 origine
1523 1273 1667 1308 {Egyptios

885 1321 916 1340 cx
932 1313 1049 1349 [Egypto
1074 1323 1135 1341 cmn
1159 1315 1251 1350 Moyse
1277 1316 1404 1350 expulsos
1427 1324 1498 1345 esse.
1519 1318 1546 1345 ld
1566 1326 1674 1353 quoque

886 1358 1056 1392 perspicuum
1073 1364 1124 1393 est,
1138 1366 1195 1393 eos,
1212 1364 1241 1386 ut
1256 1360 1370 1387 historia
1387 1369 1401 1387 a
1412 1361 1502 1396 Moyse
1515 1364 1672 1397 conscripta

887 1407 1012 1437 testatur,
1030 1412 1044 1430 a
1072 1405 1231 1438 parentibus
1253 1405 1374 1433 Hebraeis
1392 1412 1487 1440 ortos,
1511 1408 1602 1442 lingua
1627 1409 1673 1436 illa

886 1457 948 1477 usos
965 1457 1045 1483 esse,
1063 1458 1095 1477 ex
1109 1458 1161 1485 qua
1181 1450 1343 1485 imponenda
1368 1452 1430 1479 ﬁliis
1452 1453 1560 1480 nomina
1583 1461 1674 1482 sume-

878 1496 958 1523 .bant.
984 1495 1131 1523 Christiani
1148 1498 1258 1528 autem,
1278 1497 1406 1531 quoniam
1431 1498 1575 1532 benignam
1598 1499 1671 1526 illaut

884 1548 1107 1577 mansuetamque
1122 1543 1209 1579 legem
1226 1548 1371 1571 servarunt
1390 1552 1472 1578 quam
1494 1545 1566 1572 docti
1582 1552 1671 1578 erant,

884 1590 974 1616 hostes
989 1597 1042 1617 non
1062 1589 1227 1622 ulciscendi,
1243 1589 1346 1617 idcirco
1361 1591 1433 1625 quod
1452 1591 1592 1618 consecuti
1617 1601 1671 1619 non

883 1638 983 1667 essent,
1006 1635 1111 1662 etiamsi
1128 1636 1189 1662 data
1211 1635 1265 1662 illis
1279 1635 1377 1663 fuisset
1391 1635 1570 1670 belligerandi
1588 1636 1672 1664 licen-

884 1680 931 1713 tia,
946 1684 973 1708 et
988 1680 1091 1708 idoneis
1108 1682 1141 1708 ad
1157 1681 1227 1708 hanc
1250 1688 1307 1707 rem
1340 1681 1450 1708 auxiliis
1463 1682 1588 1709 instructi
1607 1682 1673 1710 fuis-

882 1730 953 1758 sent,
968 1725 995 1753 id
1014 1733 1030 1752 a
1044 1726 1099 1754 Deo
1113 1727 1255 1754 consecuti
1271 1731 1334 1754 sunt
1349 1727 1395 1762 qui
1418 1734 1526 1762 semper
1544 1729 1673 1763 pugnavit

881 1778 931 1805 pro
945 1771 1008 1804 illis,
1024 1776 1052 1799 et
1064 1773 1229 1807 opportunis
1247 1774 1413 1807 temporibus
1427 1774 1598 1808 compescuit
1612 1781 1670 1806 eos,

881 1816 927 1850 qui
942 1817 967 1843 in
982 1815 1154 1844 Christianos
1167 1816 1342 1852 insurgerent
1357 1823 1383 1844 et
1397 1825 1444 1845 eos
1468 1818 1624 1846 interﬁcere
1643 1819 1671 1846 in

882 1861 973 1888 animo
988 1861 1129 1889 haberent.
1147 1862 1184 1890 Ut
1199 1862 1272 1889 enim
1296 1862 1341 1889 alii
1367 1862 1393 1889 in
1417 1862 1575 1889 memoriam
1593 1869 1671 1889 revo-

881 1910 975 1932 carent
985 1911 1013 1933 et
1026 1906 1150 1934 videndis
1161 1906 1256 1941 paucis
1270 1914 1318 1941 pro
1332 1907 1433 1942 pietate
1446 1907 1614 1934 certantibus
1625 1907 1671 1933 tir-

881 1951 982 1978 miores
1005 1952 1099 1979 ﬁerent
1126 1956 1296 1986 mortemque
1321 1956 1497 1986 spernerent,
1516 1952 1593 1986 pauci
1622 1958 1670 1986 per

882 1997 1024 2024 intervalla
1037 2003 1185 2032 temporum
1199 2002 1226 2024 et
1242 1997 1322 2024 facile
1335 1997 1519 2024 numerabiles
1533 2004 1582 2032 pro
1589 1996 1670 2024 Chri-

881 2043 969 2070 stiana
982 2043 1112 2078 religione
1127 2049 1241 2070 mortem
1255 2042 1392 2070 obierunt.
1411 2043 1463 2070 Sed
1488 2048 1582 2070 eorum
1599 2050 1666 2077 gen-

882 2096 935 2118 tem
960 2098 1071 2125 prorsus
1095 2091 1229 2126 exstingui
1255 2098 1395 2125 nunquam
1425 2090 1549 2125 permisit
1572 2090 1666 2116 Deus:

881 2137 934 2164 imo
949 2137 1101 2164 consistere
1116 2136 1201 2164 voluit
1224 2140 1251 2163 et
1269 2136 1423 2163 universam
1438 2140 1539 2162 terram
1557 2135 1667 2162 salutari

9 2182 238 2218 ςύσεὸεσ-εάτης
252 2182 434 2213 διδασκαλίας.
451 2181 536 2208 Πάλιν
557 2190 588 2207 τε
603 2179 647 2214 αὗ,
664 2179 698 2208 ἵν’
711 2182 732 2207 ol

913 2191 926 2209 a
946 2187 974 2210 et
997 2183 1118 2218 piissima
1133 2183 1258 2210 doctrina
1283 2181 1392 2216 repleri.
1413 2182 1521 2208 Rursus
1544 2181 1624 2214 Deus,
1639 2184 1668 2207 ut

10 2232 40 2258 δέ
49 2237 161 2265 στεροι
171 2228 339 2255 ἀναπνὲωσιν
355 2228 408 2255 ἀπὸ
418 2228 467 2262 τῆς
483 2228 546 2263 περὶ
559 2227 605 2254 τοῦ
619 2226 733 2253 θανάτου
747 2235 828 2263 φρον-

9 2277 114 2307 τίδος,
128 2276 145 2301 ὁ
162 2274 228 2306 Θεὸς
241 2275 396 2310 προυνοεῖτο
411 2273 465 2300 τῶν
482 2274 679 2305 πιστευόντων,
699 2273 772 2308 μόνῳ
788 2273 827 2308 τῷ

9 2322 190 2358 βουλήματι
207 2320 396 2352 διασκεδαννὺς
420 2320 509 2346 πᾶσαν
525 2319 573 2354 τὴν
590 2319 650 2345 κατ’
664 2319 753 2345 αὐτῶν
768 2320 827 2346 ἑπι-

9 2367 152 2401 ϐσυὶὴν,
180 2365 224 2392 ἵνα
251 2365 320 2401 μήτε
346 2365 480 2400 βασιλεῖς,
506 2365 574 2399 μήτε
591 2364 615 2390 οί
637 2363 706 2390 κατὰ
728 2363 827 2394 τόπους

9 2412 195 2449 ἡγούμενοι,
216 2412 282 2447 μήτε
309 2411 334 2437 οί
347 2410 429 2446 δῆμοι
445 2409 593 2445 ὲξαφθῆναι
606 2410 664 2435 κατ’
678 2409 765 2435 αὐτῶν
781 2409 827 2435 ἐπὶ

9 2460 125 2487 πλεῖον
138 2457 284 2492 δυνηθῶσι.
300 2457 393 2484 Ταῦτα
408 2457 455 2492 μὲν
473 2456 541 2492 πρὸς
554 2455 588 2482 τὰ
604 2455 656 2482 ὑπὸ
670 2455 775 2482 Κέλσου
789 2456 826 2481 ei.-

19 2515 50 2541 νη
58 2504 144 2540 μένα
159 2503 223 2538 περὶ
237 2502 296 2534 τοῦ,
313 2512 323 2529 r
339 2503 436 2530 Στάσιν
451 2501 591 2537 γεγονέναι
607 2502 656 2537 τὴν
668 2501 765 2537 ἀρχὴν,
778 2502 827 2529 πά-

883 2229 1045 2257 inﬁrtttiores
1067 2236 1082 2256 a
1107 2229 1204 2256 mortis
1226 2232 1300 2256 metu
1325 2227 1509 2262 respirarent,
1534 2227 1669 2253 consuluit

882 2274 1004 2302 ﬁdelibus
1023 2280 1050 2302 et
1067 2274 1125 2302 solo
1141 2278 1206 2301 nutu
1228 2279 1323 2301 omnes
1339 2277 1459 2300 struetas
1485 2271 1538 2299 illis
1555 2271 1668 2299 insidias

881 2320 1032 2354 dissipavit,
1050 2325 1078 2346 ut
1093 2327 1180 2355 neque
1196 2326 1286 2354 reges,
1302 2325 1390 2353 neque
1404 2318 1572 2345 diversorum
1595 2317 1668 2344 locn-

881 2374 939 2393 rum
955 2366 1110 2400 principes,
1124 2373 1212 2400 ncque
1236 2364 1328 2399 populi
1351 2368 1446 2391 contra
1469 2362 1530 2389 illos
1552 2362 1667 2396 amplius

879 2412 1035 2446 exasperari
1061 2416 1183 2446 possent.
1211 2410 1301 2445 Atque
1328 2411 1384 2436 haec
1408 2409 1441 2435 de
1465 2415 1497 2435 eo
1512 2408 1582 2442 quod
1597 2408 1666 2434 dixit

879 2457 984 2490 Celsus,
999 2466 1008 2482 ‹
1019 2457 1126 2484 Judmos
1140 2457 1218 2489 olim,
1228 2460 1320 2491 postea
1333 2462 1400 2481 vero
1410 2453 1579 2480 Christianos
1588 2460 1664 2479 suam

879 2502 1004 2530 seditioni
1020 2506 1158 2537 acceptam
1176 2501 1279 2528 referre
1291 2500 1434 2535 originem.
1454 2507 1463 2523 ι

9 2558 62 2579 ιιι
98 2551 156 2586 μὲν
174 2549 221 2576 τοῦ
240 2549 371 2585 συστῆναι
394 2548 552 2580 Ἰουδαίους,
579 2547 690 2583 ὓστερον
714 2547 742 2574 δὲ
761 2547 871 2580 τούτους
884 2548 938 2584 (66)
954 2548 1134 2584 Χριστιανοὺς
1147 2546 1283 2582 γενέσθαι.
1305 2555 1314 2571 ι

48 2598 84 2614 ⁸⁸
101 2595 180 2623 Psal.
194 2603 275 2628 Lxxx,
293 2595 320 2622 6.

51 2643 125 2678 (61)
144 2639 723 2680 411321216.“MalletBollel‘ﬁllusyﬂsé‘tfo‘ﬁ:
739 2638 822 2666 Paulo

9 2674 85 2707 ιοὲι
109 2677 201 2704 codex
223 2676 396 2708 Basileensis,
411 2676 475 2707 τοὺς
491 2674 587 2701 ἑαυτοῦ
611 2674 747 2710 μαθητάς,
763 2681 823 2708 quae

11 2714 112 2743 eclio
136 2719 203 2738 num
215 2713 250 2747 sit
267 2711 344 2738 alteri
364 2711 529 2747 praeferenda
541 2709 661 2747 iudicent
673 2710 821 2747 doctiores:

9 2751 49 2779 'Jt
89 2753 122 2774 ut
139 2751 193 2779 est,
210 2746 323 2773 Guietus
343 2743 484 2773 delendum
507 2744 644 2771 existimat
656 2743 710 2770 τῶν
726 2743 821 2779 ἑαυτοῦ

9 2778 257 2817 λαοητῶνζΜοι
273 2780 439 2808 Ηωεςιιειὶυδ
455 2781 482 2807 in
508 2783 580 2806 textu
598 2779 690 2811 habet,
703 2778 749 2805 καὶ
764 2778 822 2804 ἀδι-

9 2820 167 2847 cra-cato;-

51 2852 126 2889 (6‘2,
147 2848 210 2877 οἶοι
224 2850 247 2876 τ’
263 2850 354 2886 ἦσαν.
369 2850 466 2878 Guicto
481 2849 592 2877 delenda
607 2849 744 2876 videntur.

912 2636 968 2672 (65)
990 2637 1094 2671 Ἔγνω,
1109 2635 1191 2669 Lego,
1211 2635 1344 2668 ἔγνωσαν.

910 2684 966 2720 (64)
982 2682 1214 2720 Τὴν-Αἴγυπτον.
1228 2681 1268 2706 Au
1284 2680 1459 2707 scribendum
1472 2682 1500 2705 ut
1511 2677 1590 2713 paulo
1604 2682 1663 2712 post

876 2715 969 2754 supra,
983 2718 1015 2744 ἐκ
1026 2717 1076 2752 τῆς
1090 2715 1227 2749 Αἰγύπτου
1239 2723 1246 2746 ;

911 2764 967 2799 (65)
996 2762 1089 2799 ’Υπὲρ
1111 2760 1218 2799 αὐτῶν.
1243 2759 1288 2787 Sic
1313 2767 1377 2787 mss.
1406 2759 1530 2794 lmpressi
1547 2766 1613 2787 vero
1635 2759 1661 2785 iu

878 2797 962 2832 textu,
979 2797 1043 2834 περὶ
1061 2797 1160 2824 αὐτῶν.

909 2845 965 2881 (66)
980 2845 1128 2878 Ὕστερον
1143 2842 1176 2869 δὲ
1189 2842 1324 2874 τούτους.
1341 2840 1519 2868 Scribendum
1545 2839 1660 2873 videtur,
