1848 3091
75 174 133 203 937

663 174 804 202 CONTRA
821 172 960 201 CELSUM
989 173 1052 201 LlB.
1069 173 1112 201 lll.

1653 175 1708 203 938

75 236 150 266 λεια,
165 234 211 262 καὶ
224 234 253 261 τὸ
264 234 317 261 τῶν
332 234 432 268 ἔξωθεν
451 235 519 266 δέος-
538 234 625 261 ταῦτα
643 234 747 269 βεϐαιοῖ
761 234 811 269 τὴν
824 234 859 259 πίε

948 233 1013 261 lem.
1035 243 1044 259 ι
1063 234 1102 260 Ad
1129 233 1199 267 quod
1219 233 1340 261 dicemus
1359 233 1395 261 ita
1412 233 1527 266 ratione,
1544 237 1590 260 aut
1613 233 1706 268 potius

76 291 139 309 στιν
156 282 256 313 αὐτοῖς.
274 291 283 307 ι
300 282 355 308 Καὶ
366 281 433 317 πρὸς
448 281 525 307 τοῦτο
541 281 568 308 δὲ
581 282 712 316 φήσομεν,
726 281 766 307 ὅτι
782 281 867 312 οὕτως

74 329 108 361 ἐξ
125 328 290 359 ὑποθέσεως,
307 327 406 362 μᾶλλον
423 327 451 353 δὲ
464 326 517 353 οὐδ’
531 327 694 358 ὑποθέσεως,
710 325 777 352 ἀλλὰ
794 325 868 358 θείας

76 374 221 409 ἐνεργείας
238 373 268 399 τὸ
283 372 407 408 σύνθημα
421 373 486 408 ἡμῖν
498 372 553 407 (32)
571 372 654 403 ἐστιν,
672 371 741 397 ὥστε
757 371 806 407 τὴν
817 372 867 407 ἀρ-

74 418 130 454 χὴν
145 418 225 445 αὑτοῦ
243 416 311 444 εἶναι
332 418 397 444 Θεὸν
414 418 442 444 ὲν
457 417 610 452 προφήταις
629 417 789 443 διδάσκοντα
805 417 867 448 τοὺς

75 463 239 499 ἀνθρώπους
249 463 357 490 ἐλπίσαι
365 463 510 498 ἐπιδημίαν
524 463 653 498 Χριστοῦ,
668 462 798 494 σώσοντος
806 463 868 493 τοὺς

74 510 247 545 ἀνθρώπους.
266 511 347 537 Ὅσον
361 510 415 545 γὰρ
430 509 509 536 τοῦτο
525 509 574 535 οὐκ
590 508 697 544 ἀληθῶς
717 509 865 544 ἐλέγχεται,

74 556 128 583 κᾶν
142 556 207 592 δοκῇ
220 556 272 583 ὑπὸ
286 556 340 582 τῶν
357 557 478 583 ἀπίστων
492 555 661 591 ἐλέγχεσθαι,
674 556 720 581 ἐπὶ
742 555 866 581 τοσοῦτον

71 602 89 628 ὁ
100 601 179 635 λόγος
194 601 232 632 ὡς
243 601 309 628 Θεοῦ
327 601 413 635 Λόγος
429 600 594 631 συνίσταται,
604 600 651 627 καὶ
665 601 679 626 ὁ
693 600 796 635 Ἰησοῦς
804 599 867 631 Υἱὸς

70 647 113 674 ὢν
126 647 203 679 Θεοῦ,
217 648 263 674 καὶ
274 648 338 682 πρὶν
355 647 573 682 ὲνανθρωττῆσαι,
585 647 632 673 καὶ
643 645 864 681 ἐνανθρωπήσας,

70 692 276 719 ἀποδείκνυται.
309 691 380 726 Ἐγὼ
389 692 417 718 δέ
432 700 511 727 φημι,
524 691 565 718 ὅτι
582 691 630 717 καὶ
642 690 710 726 μετὰ
727 691 775 726 τὴν
789 691 866 717 ὲναν-

70 737 217 773 ορὼπησιν
228 737 271 763 ἀεὶ
288 737 442 772 εὑρίσκεται
455 737 512 767 τοῖς
528 735 634 770 ἔχουσιν
650 735 804 770 ὀφθαλμοὺς
819 736 867 770 ψυ-

70 782 127 816 χῆς
148 781 390 816 ὀξυδερκεστάτους
418 780 663 816 θεοπρεπὲστατος,
688 781 735 806 καὶ
758 779 865 815 ἀληθῶς

70 827 168 853 θεόθεν
178 827 325 862 πρὺςήμᾶς
336 826 482 857 κατελθὼν,
492 827 537 852 καὶ
545 826 594 852 οὐκ
605 826 658 852 ἀπὸ
667 825 799 857 συνέσεως
810 825 864 862 (85)

71 872 249 909 ἀνθρωπίνης
267 873 316 908 τὴν
332 872 420 908 ἀρχὴν
436 872 452 908 ἢ
463 871 497 898 τὰ
511 871 574 906 ἑξῆς
586 872 619 906 τῇ
632 872 703 907 ἀρχῇ
715 871 793 906 ἔχων,
806 871 863 898 ἀλλ’

68 919 129 945 ἀπὸ
144 919 191 954 τῆς
206 919 252 945 τοῦ
269 918 337 945 Θεοῦ
348 918 519 952 ἐπιφανείας,
532 918 643 954 ποικίλῃ
656 918 736 953 σοφίᾳ
753 917 800 944 καὶ
811 926 865 944 ποι-

68 965 163 996 κίλαις
177 964 306 1000 δυνάμεσι
325 965 506 1000 συστήσαντος
521 965 651 1000 πρότερον
671 965 719 999 μὲν
729 964 775 990 τὸν
798 965 863 990 Ἰου-

66 1011 196 1046 δαῖσμὸν,
217 1010 285 1045 μετὰ
300 1010 322 1036 δ’
340 1010 419 1037 αὑτὸν
436 1010 481 1036 τὸν
501 1009 724 1045 Χριστιανισμόν·
743 1009 863 1046 ἠλέγχθη

66 1057 100 1083 δὲ
117 1056 165 1084 καὶ
184 1056 213 1082 τὸ
229 1057 322 1083 στάσιν
335 1056 493 1091 νομίζεσθαι
509 1057 556 1082 καὶ
577 1055 626 1092 τὴν
643 1056 685 1083 διὰ
700 1056 748 1091 τὴν
772 1057 864 1084 στάσιν

67 1102 206 1137 ὠφέλειαν
219 1102 305 1138 ἀρχὴν
319 1100 389 1129 εἶναι
401 1102 440 1137 τῷ
451 1102 594 1134 τοσούτους
612 1102 806 1137 ἐπιστρέψαντι
818 1103 865 1129 καὶ

69 1147 250 1183 βελτιώσαντι
262 1148 344 1183 λόγῳ.

110 1195 173 1220 ’Ότι
186 1194 213 1220 δὲ
226 1194 287 1220 οὐδὲ
303 1193 333 1220 τδ
348 1193 401 1220 τῶν
415 1193 512 1225 ἔξωθεν
528 1193 587 1224 δέος
601 1193 630 1219 τὸ
647 1193 770 1228 σύνθημα
787 1193 864 1228 ἡμῶν

64 1240 222 1275 δωκρατεῖ,
236 1240 314 1275 δῆλον
322 1241 354 1266 ἐκ
370 1240 416 1266 τοῦ
434 1239 580 1271 καὶτοῦτο,
597 1239 770 1274 βουληθέντος
785 1238 862 1270 Θεοῦ,

67 1285 282 1320 πεπαῦσθαιῆδη
292 1286 378 1321 χρόνῳ
389 1285 499 1312 πλείονι.
508 1286 562 1312 Καὶ
569 1285 642 1316 εἰκὸς
650 1284 800 1311 παύσεσθαι
808 1284 863 1320 (84)

66 1331 102 1357 τὸ
113 1331 153 1362 ὡς
168 1332 234 1366 πρὸς
248 1331 293 1358 τὸν
304 1331 360 1367 βίον
372 1331 463 1358 τοῦτον
487 1332 542 1362 τοῖς
557 1331 712 1357 πιστεύουσι
723 1331 865 1366 ἐγγενόμε‹

66 1385 118 1403 νον
142 1376 229 1408 ἀδεές·
254 1376 323 1403 ἐπὰν
345 1377 423 1404 πάλιν
435 1378 459 1403 οἰ
474 1377 554 1402 παντὶ
568 1376 662 1412 τρόπῳ
677 1376 863 1407 διαϐάλλοντες

65 1421 117 1447 τὸν
131 1420 210 1454 λόγον
226 1420 274 1456 τὴν
284 1421 373 1447 αἰτίαν
381 1421 429 1456 τῆς
439 1421 485 1446 ἐπί
492 1420 603 1446 τοσοῦτο
617 1420 663 1446 νῦν
677 1420 796 1451 στάσεως
807 1418 862 1454 (85)

67 1468 101 1493 ὲν
118 1466 215 1502 πλήθει
234 1466 288 1493 τῶν
311 1466 493 1494 πιστευόντων
514 1466 661 1501 νομίσωσιν
681 1465 736 1501 (86)
752 1462 820 1491 εἶναι
834 1465 864 1492 ἐν

66 1512 111 1548 τῷ
130 1512 167 1548 μὴ
178 1512 422 1548 προσπολεμεῖσθαι
439 1512 535 1543 αὐτοὺς
554 1511 607 1537 ὑπὸ
628 1511 682 1537 τῶν
705 1511 864 1546 ἡγουμένων

66 1558 174 1593 ὁμοίως
189 1559 244 1590 τοῖς
262 1558 344 1584 πάλαι
365 1557 479 1593 χρόνοις.
505 1557 710 1593 Μεμαθήκαμεν
734 1557 788 1592 γὰρ
810 1556 864 1583 ἀπὸ

66 1604 118 1630 τοῦ
142 1603 220 1638 λόγου
240 1604 301 1639 μήτ’
325 1604 354 1630 ὲν
371 1603 466 1639 εἰρήνῃ
482 1603 625 1629 ἐκλύεσθαι
651 1603 698 1629 καὶ
717 1604 750 1638 τῇ
770 1602 863 1629 ἀνέσει
877 1594 899 1624 C

64 1649 186 1681 ἑαυτοὺς
200 1649 357 1680 ἐπιδιδόναι,
376 1649 437 1684 μήτ’
448 1649 476 1675 ἐν
490 1649 528 1684 τῷ
545 1648 719 1683 πολεμεῖσθαι
737 1647 788 1674 ὑπὸ
811 1647 858 1673 τοῦ

65 1695 175 1730 κόσμου
193 1696 332 1726 ὲκκακεῖν,
348 1694 394 1721 καὶ
407 1694 573 1729 ἀφίστασθαι
589 1694 638 1729 τῆς
657 1693 724 1729 πρὸς
733 1693 777 1719 τὸν
794 1693 860 1719 Θεὸν

65 1741 126 1767 ’.ὢν
141 1740 209 1767 ὅλων
220 1741 248 1766 ὲν
270 1740 358 1776 Ἰησοῦ
373 1739 411 1774 τῷ
418 1739 527 1776 Χριστῷ
537 1739 657 1775 ἀγάπης.
674 1738 771 1773 Σαφῶς
785 1739 816 1774 δὴ
830 1739 860 1765 τὸ

109 1827 167 1862 (82)
183 1828 269 1855 Codd.
285 1827 396 1861 Regius,
419 1827 583 1854 Basileensis
596 1832 623 1854 et
633 1829 692 1855 ‘duo
708 1827 860 1862 Anglicani.

64 1863 162 1898 ἡμῶν,
184 1863 249 1889 libb.
261 1863 354 1898 excusi
369 1862 582 1898 admarginem,
599 1863 685 1898 ὑμῶν.
704 1862 786 1898 Paulo
802 1868 862 1896 post

65 1896 167 1924 dinnes
175 1905 251 1927 ntss..
260 1897 310 1923 κᾶν
318 1897 392 1932 δοκῇ.
403 1896 484 1932 Libb.
491 1897 582 1923 excusi
594 1896 624 1924 in'
631 1903 681 1924 text
687 1906 713 1926 ιι.
723 1897 770 1923 καὶ
777 1897 859 1924 δοκεῖ.

106 1932 165 1968 (85)
193 1931 356 1968 Συνέσεως.
379 1932 460 1958 Forte
479 1931 621 1968 legendum
643 1932 802 1968 coveécew;
818 1932 859 1968 vel

66 1966 238 1998 ὑποθέσεως.
261 1967 332 1993 Nihil
350 1972 439 1993 tamen
456 1966 621 1994 mutavimus
642 1967 856 2001 interpretando.

107 2002 361 2037 (84)Πιιύσεσθαι,
380 2001 416 2027 Ita
444 2001 555 2037 Regius,
572 2001 782 2037 Basileensiset
805 2002 858 2037 duo

65 2035 227 2071 Anglicani,
255 2037 357 2063 rectius
381 2043 462 2069 quant
479 2036 544 2071 libb.
565 2037 674 2071 excusi,
689 2035 858 2071 παξᾶσασθαι.

65 2070 158 2099 Paulo
172 2076 228 2106 post
242 2079 337 2106 omnes
349 2079 424 2101 mss.,
441 2070 529 2106 αἰτίαν
546 2070 595 2104 τῆς
604 2071 650 2096 ἐπὶ
661 2070 781 2097 τοσοῦτο.
805 2071 859 2097 ltit-

64 2104 178 2141 preSSi,‘
193 2105 279 2141 αἰτίαν
295 2105 332 2136 ὡς
346 2105 391 2141 επὶ
405 2104 525 2131 τοσοῦτο.

105 2141 163 2181 ς85)
179 2140 594 2181 Στάσεῳςτ-Οιὶςειιοεηνὶιζοιιιι·
609 2140 746 2181 respicere
758 2147 858 2181 ant-uim

64 2174 192 2210 primum
217 2180 244 2202 et
272 2175 383 2202 tertium
406 2174 536 2201 Gordiani
557 2174 666 2208 imper.,
691 2176 741 2201 sub
761 2175 860 2208 quibus

65 2209 197 2237 exortum
223 2214 265 2237 est
286 2210 384 2237 bellum
413 2209 563 2236 Persicum.
587 2210 692 2236 Etenim
716 2209 813 2243 Sapor,
830 2215 858 2236 ιιι

921 287 972 307 non
988 279 1101 310 ratione.
1113 280 1160 306 sed
1174 280 1209 305 ita
1219 279 1309 306 divina
1321 280 1481 314 opeiatione
1488 279 1571 315 456
1584 285 1704 307 nostrum

919 326 968 353 niti
986 326 1149 356 institutum,
1165 330 1192 353 ut
1213 325 1271 358 ejus
1286 327 1448 361 principium
1463 327 1499 355 sit
1513 327 1595 359 Deus,
1613 327 1659 361 qui
1677 327 1704 354 in

919 370 1058 405 prophetis
1074 370 1200 398 homines
1212 370 1291 398 docet
1311 378 1422 406 sperare
1437 372 1582 400 adventum
1601 372 1705 400 Christi

918 417 1033 444 salutem
1047 416 1202 443 hominibus
1215 416 1334 443 allaturi.
1357 416 1494 450 Quantum
1509 418 1582 445 ettitn
1598 417 1625 445 id
1648 424 1701 444 non

918 470 983 489 vere
1003 461 1064 490 falsi
1086 461 1267 494 convincitur,
1279 461 1342 488 licet
1361 461 1395 489 ab
1410 462 1564 490 inﬁdelibus
1576 463 1704 491 convinci

920 508 1055 540 videatur,
1079 511 1155 534 tanto
1172 507 1258 542 magis
1269 507 1395 534 doctrina
1412 508 1469 535 haec
1488 512 1617 543 tanquam
1638 509 1706 536 Ver-

917 554 980 581 bum
996 553 1042 581 Dei
1055 553 1245 584 continuatur,
1267 552 1401 587 Jesusque
1423 553 1469 580 Dei
1490 560 1550 580 esse
1566 553 1651 580 Filius
1676 557 1706 581 et

918 604 1063 634 antequant
1080 600 1161 626 ltottto
1188 597 1277 630 ﬁeret.
1303 602 1330 625 el
1345 603 1487 632 postquam
1510 599 1591 626 homo
1615 598 1703 626 factus

917 650 969 678 est;
982 645 1194 672 dentonstratur.
1212 644 1345 679 Equidem
1364 642 1566 676 aﬂirmaverim,
1584 643 1703 671 Verbum

918 692 968 718 hoc
982 691 1167 725 dignissimum
1187 690 1242 718 Deo
1258 690 1374 717 inveniri
1393 690 1476 717 etiam
1496 694 1558 724 post
1574 689 1703 716 incarna-

918 737 1018 763 tionem
1032 736 1066 763 ab
1085 736 1118 763 iis
1132 736 1178 770 qui
1191 735 1284 762 oculos
1296 737 1395 763 anima:
1413 735 1513 763 habent
1522 735 1706 770 perspicacis—

917 782 1011 813 sitnos,
1027 786 1054 808 et
1071 788 1135 809 vere
1149 789 1164 808 a
1177 781 1231 808 Deo
1243 781 1276 807 ad
1293 787 1343 808 nos
1357 782 1476 812 venisse,
1493 785 1521 808 et
1535 781 1570 807 ab
1583 780 1704 807 humana

917 827 1059 862 prudentia
1077 835 1127 855 nec
1140 827 1274 862 originem
1299 833 1349 854 nec
1366 833 1528 861 progressus
1550 826 1704 860 accepisse.

917 873 963 899 sed
975 881 989 898 ιι
1006 871 1069 905 Deo,
1088 872 1175 907 quise
1189 871 1331 906 multiplici
1347 872 1484 906 sapientia
1495 871 1635 906 variisque
1651 872 1705 898 mi-

881 906 901 933 Β
918 918 1017 945 raculis
1046 917 1224 944 manifestans
1248 917 1365 951 primum
1392 917 1502 952 quidem
1521 916 1703 948 Judaismum,

916 969 1009 998 postea
1027 964 1267 992 Christianismum
1284 964 1434 992 constituit.
1452 963 1528 997 Quod
1543 964 1581 991 ait
1598 964 1705 996 Celsus,

915 1010 1075 1038 seditionem
1094 1015 1123 1038 et
1138 1015 1274 1045 speratam
1300 1018 1333 1039 ex
1362 1011 1406 1038 illa
1431 1011 1579 1038 tttilitatem
1596 1011 1704 1038 dedisse

914 1055 1046 1091 originem
1074 1056 1216 1090 doctrinae,
1243 1064 1295 1091 qtta
1313 1061 1354 1084 tot
1372 1057 1497 1084 homines
1524 1058 1650 1085 conversi
1676 1061 1705 1084 et

915 1100 1042 1127 meliores
1055 1099 1116 1127 facti
1131 1107 1205 1134 sunt,
1221 1102 1247 1129 id
1259 1102 1316 1135 jam
1333 1100 1480 1129 refutatum
1496 1104 1547 1128 est.

951 1190 994 1217 l5.
1010 1189 1102 1224 Neque
1125 1194 1281 1218 exterarum
1302 1194 1376 1218 metu
1403 1195 1524 1218 nostrum
1549 1191 1704 1218 institutum

917 1235 1073 1262 confirmari
1093 1235 1134 1262 vel
1151 1235 1215 1263 hinc
1231 1240 1315 1270 patet,
1341 1237 1413 1270 quod
1430 1235 1487 1270 jam
1509 1236 1555 1263 diu
1580 1236 1617 1263 sit
1639 1243 1702 1263 cum

914 1280 1022 1307 volente
1037 1280 1093 1308 Deo
1109 1282 1232 1308 sttblatus
1247 1286 1289 1309 est
1312 1282 1357 1310 ille
1379 1288 1478 1310 metus.
1495 1281 1597 1310 Tamen
1614 1282 1704 1310 credi-

915 1327 1001 1354 derim
1019 1327 1244 1361 tranquillitatem
1262 1327 1345 1362 illam,
1362 1329 1433 1363 quod
1453 1328 1485 1355 ad
1495 1328 1566 1355 hanc
1588 1328 1669 1355 vitam
1687 1336 1703 1355 a

915 1371 1040 1399 ildelibus
1057 1372 1258 1408 transigendam
1273 1373 1402 1408 pertinet,
1414 1380 1467 1401 non
1480 1373 1525 1400 diu
1540 1373 1702 1401 duraturam

914 1423 983 1444 esse.
1009 1417 1075 1445 Nam
1089 1418 1136 1453 qtti
1158 1423 1280 1446 nostram
1294 1419 1421 1446 omnibus
1445 1418 1534 1446 tttodis
1551 1419 1702 1446 doctrinam

914 1463 1125 1496 calumniantur,
1140 1464 1301 1492 existimant
1316 1471 1426 1492 causam
1439 1470 1534 1496 tantie.
1549 1467 1609 1500 quae
1629 1473 1701 1494 nunc

914 1515 967 1542 est,
985 1517 1074 1537 rerum
1089 1510 1305 1545 perturbationis
1319 1518 1378 1538 eam
1399 1518 1470 1544 esse,
1486 1512 1558 1546 quod
1581 1512 1701 1539 ﬁdelium

915 1562 1046 1582 numerus
1070 1555 1226 1589 increverit,
1247 1563 1305 1583 -nee
1326 1563 1373 1583 eos
1397 1557 1580 1591 proﬂigandos
1606 1562 1704 1585 curent

916 1602 1056 1636 praesides,
1082 1607 1112 1629 ut
1142 1603 1328 1637 superioribus
1344 1605 1512 1638 temporibus
1538 1603 1702 1632 factitatum.

915 1648 990 1675 Docti
1010 1647 1110 1675 etenim
1128 1655 1221 1676 sumus
1240 1657 1328 1684 tteqne
1343 1650 1370 1677 in
1383 1657 1450 1685 pace
1468 1650 1555 1678 soluto
1570 1658 1631 1678 esse
1645 1651 1705 1678 ani--

914 1701 958 1720 Illo
975 1694 1128 1722 mollitiave
1157 1702 1206 1723 nos
1230 1697 1354 1730 tradere;
1381 1703 1469 1731 neque
1486 1697 1587 1724 mundo
1603 1696 1702 1724 bellum

915 1740 997 1767 nobis
1013 1741 1149 1768 indicente
1164 1741 1334 1776 despOndere
1353 1743 1485 1775 attimuttt,
1502 1748 1530 1769 et.
1545 1751 1560 1770 ιι
1583 1743 1647 1772 Deo.
1676 1742 1703 1769 iit

917 1832 1309 1866 mantemnanteconspectum
1329 1831 1393 1866 duci
1409 1831 1500 1866 jussit,
1518 1839 1550 1858 ac
1578 1833 1703 1866 spoliari,

915 1864 1052 1900 eLoccidi
1079 1864 1178 1900 (ibid.).
1202 1874 1211 1890 ι
1233 1865 1302 1892 Vide
1329 1864 1474 1892 Baroniunt
1493 1866 1527 1892 ad
1555 1864 1619 1892 ann.
1636 1864 1702 1900 255,

913 1898 983 1924 254:
1001 1907 1010 1922 ι
1032 1898 1095 1924 Haec
1110 1898 1166 1932 ipsa
1183 1907 1301 1933 namque
1316 1904 1437 1933 tempora
1456 1900 1645 1928 existimamus
1668 1898 1701 1930 ali

913 1934 1007 1969 eodem
1015 1933 1130 1969 Origene
1144 1934 1271 1969 indicata,
1283 1942 1344 1960 cuin
1360 1942 1442 1969 agens
1449 1936 1578 1962 adversus
1591 1935 1701 1965 Celsum

912 1967 1024 1998 ltmcait,
1046 1967 1138 1994 Denuo
1149 1968 1370 2000 calumniatores,
1379 1967 1398 1994 3
1415 1970 1568 1997 διεδρείας.
1582 1985 1616 1989 ——
1633 1971 1701 1999 Vide

913 2003 1045 2039 litottitttnt
1068 2002 1145 2039 initio
1158 2003 1288 2039 librorum
1311 2003 1411 2030 Contra
1428 2003 1532 2031 Celsum
1548 2006 1699 2039 praeﬁxum.

945 2036 1001 2072 (86)
1017 2036 1200 2070 Νομίσωσιν.
1233 2038 1308 2072 Orig.
1338 2042 1445 2065 tractat.
1472 2039 1507 2066 “2‘8
1533 2036 1557 2065 iii
1582 2039 1699 2067 M:ttllt.:

913 2080 922 2096 ι
935 2071 1105 2108 Frequenter
1112 2072 1183 2098 ettittt
1196 2072 1276 2099 famis
1285 2071 1368 2108 causa
1377 2072 1547 2100 Christianos
1555 2076 1702 2108 culparum

909 2106 1033 2142 gentiles,
1053 2111 1080 2133 et
1094 2107 1250 2141 quicunque
1265 2107 1405 2142 sepiebant
1416 2116 1476 2142 qute
1488 2106 1611 2142 gentium
1624 2116 1702 2140 sunt.

910 2141 964 2167 Sed
981 2145 1008 2167 et
1030 2142 1246 2175 pestilentiarum
1266 2141 1362 2169 causas
1382 2143 1415 2169 ad
1426 2141 1533 2170 Christi
1550 2143 1700 2173 Ecclesiam

911 2175 1070 2202 retulerunt.
1081 2176 1188 2203 Scimus
1195 2182 1283 2204 autem
1292 2182 1318 2204 et
1327 2178 1396 2211 apud
1405 2185 1453 2204 nos
1462 2183 1542 2205 terrre
1551 2184 1653 2205 tnotutn
1663 2179 1702 2207 fa-

911 2215 984 2248 ctum
1003 2210 1113 2248 ittqlocis
1128 2212 1301 2248 quibusdam,
1318 2210 1349 2239 et
1362 2211 1448 2239 [aetas
1464 2212 1549 2240 fuisse
1565 2212 1700 2248 quasdam

64 2245 177 2272 cladem
188 2244 227 2280 ab
240 2245 395 2280 Alexandro
406 2245 509 2272 Severo
522 2243 612 2280 Persis
629 2244 729 2270 illatam
745 2244 858 2271 ulcisce-
873 2242 896 2269 D
913 2246 1015 2276 ruinas,
1038 2246 1075 2272 ita
1096 2250 1125 2272 ut
1138 2242 1189 2280 'qui
1204 2251 1282 2273 erattt
1293 2242 1374 2280 vitnpii
1393 2251 1469 2274 extra
1492 2242 1700 2276 iidem-causam

68 2285 161 2312 retur,
178 2279 295 2306 ditiones
308 2279 445 2314 Romanas
462 2278 573 2314 invadit,
588 2279 761 2314 Antiochiam
773 2281 854 2312 capit,

64 2318 98 2341 et
112 2314 217 2341 civibus
231 2312 390 2341 servitutem
404 2313 542 2348 imposuit.
559 2321 628 2346 quos
639 2319 730 2346 postea
743 2312 857 2340 Gordia-

64 2356 123 2376 nus
138 2349 164 2375 in
177 2348 327 2375 libertatem
337 2348 493 2380 vindicavit,
508 2352 535 2374 ut
553 2348 609 2382 ipse
624 2353 740 2375 testatur
753 2348 779 2374 iit
795 2349 856 2382 epi-

64 2383 154 2415 stola,
173 2390 253 2417 quam
272 2381 382 2417 scripsit
399 2384 431 2409 ad
448 2382 614 2414 Mesitltium,
630 2383 688 2416 ejus
708 2381 832 2409 socerum
847 2389 854 2408 :

67 2428 78 2443 I
101 2416 190 2444 Etiam
207 2418 313 2448 Persas,
329 2416 356 2443 iit
373 2418 448 2444 brevi
467 2418 549 2443 multa
566 2423 738 2449 conuectant,
751 2416 785 2443 ab
798 2419 855 2443 An-

63 2453 251 2479 tiochensium
282 2453 445 2483 cervicibus,
472 2460 539 2486 quas
562 2452 617 2485 jam
641 2459 724 2479 nexas
746 2451 856 2478 Persico

63 2488 145 2514 ferro
161 2487 340 2522 gerebant,et
354 2494 430 2520 reges
446 2487 603 2518 Persarum,
619 2493 643 2514 et
659 2487 733 2522 leges
751 2487 856 2513 amovi-

62 2529 143 2549 mus.
168 2522 268 2549 Carras
297 2521 403 2556 deinde.
432 2527 598 2556 catterasque
633 2521 714 2549 urbes
741 2522 856 2555 imperio

64 2558 194 2584 Romano
212 2555 387 2591 reddidimus.
409 2565 418 2582 ι
436 2556 489 2583 Jul.
506 2555 632 2591 CapitoL,
652 2559 684 2582 de
705 2556 854 2583 Gordiano.

62 2591 129 2618 Huc
141 2591 274 2617 accedunt
287 2590 369 2617 factio
385 2591 543 2624 Sabiniana,
557 2592 633 2624 ittita,
648 2597 677 2618 tit
692 2593 729 2618 ait
744 2591 855 2624 Capito-

63 2627 155 2658 linus,
172 2626 198 2652 in
224 2625 315 2652 Africa
339 2632 432 2652 contra
447 2626 612 2653 Gordiattuin
627 2626 760 2662 (Capitol.
777 2626 854 2662 ibid.)

61 2666 94 2688 et
115 2666 195 2687 terra:
210 2665 309 2691 ntotus,
332 2668 342 2684 ι
358 2668 390 2687 eo
404 2668 488 2694 usque
506 2663 607 2695 gravis,
621 2660 771 2695 imperante
784 2660 855 2686 Gor-

62 2697 161 2725 diano,
177 2700 206 2721 ιιι
219 2695 345 2721 civitates
366 2696 446 2722 etiant
471 2700 551 2722 terra:
570 2696 645 2722 hiatu
665 2703 725 2721 cttttt
750 2696 855 2730 populis

61 2730 242 2765 deperirent;
259 2731 293 2756 ob
308 2737 366 2763 qua:
385 2731 519 2757 sat-t'iticia
535 2737 582 2765 per
603 2735 687 2757 totam
704 2730 796 2756 urbem
813 2735 856 2756 to—

62 2771 181 2799 tumque
206 2767 309 2799 orbem?
326 2770 461 2791 terrarunt
483 2765 602 2799 ingentia
623 2765 758 2791 celebrata
780 2770 853 2792 sunt.

61 2798 152 2834 (idem
166 2798 254 2832 ibid.).
275 2809 284 2824 ι
301 2798 366 2825 Item
394 2799 509 2825 Mesitltii
532 2801 666 2830 interitus,
686 2808 694 2824 ι
721 2805 852 2833 quantum

61 2834 190 2870 plerique
200 2835 305 2870 dicunt,
317 2834 420 2870 artibus
429 2834 544 2868 Philippi
559 2836 727 2870 machinatus
736 2834 834 2870 (ibim).
842 2844 851 2859 ι

60 2868 142 2898 Adde
165 2873 193 2895 et
215 2868 346 2895 Gordiani
366 2876 476 2900 necem;
505 2878 515 2894 ι
538 2877 617 2903 quem
635 2868 775 2904 Philippus
798 2871 854 2896 cla-

226 2914 362 2945 ΡΔτιιοι..
386 2915 445 2946 (in.
470 2915 524 2945 XI.
570 2920 575 2922 '

910 2285 990 2306 terrae
1007 2285 1096 2317 motus
1114 2281 1237 2308 dicerent
1254 2281 1435 2309 Christianos.
1452 2283 1567 2317 Propter
1581 2286 1654 2317 quod
1671 2289 1700 2312 et

909 2315 1113 2350 persecutiones
1125 2323 1211 2350 passa:
1223 2320 1285 2343 sunt
1298 2317 1433 2347 Ecclesiae,
1449 2323 1476 2344 et
1492 2315 1609 2345 incensa:
1623 2316 1696 2347 sunt.

907 2348 965 2386 Non
973 2349 1058 2386 solum
1072 2348 1161 2386 autem
1172 2351 1208 2376 illi
1231 2352 1277 2378 sed
1285 2357 1313 2378 et
1320 2352 1365 2385 qui
1375 2352 1536 2379 videbantur
1543 2354 1698 2386 prudentes.

910 2384 972 2420 talia
987 2384 1013 2410 iu
1033 2384 1142 2418 publico
1157 2385 1289 2418 dicet-ent,
1305 2384 1367 2420 quia
1392 2393 1502 2420 propter
1524 2384 1699 2416 Christianos

907 2418 976 2457 tium
991 2420 1144 2457 gravissittti
1155 2424 1235 2447 terrm
1251 2418 1350 2457 motus.
1368 2430 1376 2457 ι
1391 2418 1515 2457 Tertull”
1532 2422 1620 2456 Apelt,
1635 2430 1696 2457 cap.

907 2453 957 2479 4οε
978 2462 987 2478 ι
1003 2453 1186 2482 Prattexentes
1208 2463 1274 2482 sane
1294 2455 1327 2482 ad
1341 2456 1394 2482 odii
1412 2453 1596 2483 defensionem
1613 2453 1696 2483 'illa'nt

908 2495 1015 2522 quoque
1031 2489 1189 2518 vanitatem,
1206 2490 1278 2523 quod
1293 2490 1451 2516 existiment
1471 2492 1560 2517 ontnis
1582 2491 1697 2524 publica:

907 2524 1004 2555 cladis,
1017 2524 1104 2550 omnis
1116 2524 1255 2557 popularis
1268 2525 1441 2556 incommodi,
1452 2525 1622 2552 Christianos
1636 2533 1697 2552 esse

907 2564 1026 2584 causam.
1045 2557 1073 2583 Si
1087 2558 1194 2585 Tiberis
1207 2560 1330 2586 ascendit
1342 2561 1374 2586 ad
1386 2560 1499 2591 moenia,
1512 2560 1535 2586 si
1551 2559 1627 2586 Nilus
1643 2568 1695 2587 ιιυιι

908 2592 1032 2619 ascendit
1044 2593 1070 2618 iit
1083 2600 1158 2624 arva,
1173 2594 1194 2619 si
1211 2594 1310 2620 coelum
1321 2594 1409 2625 stetit.
1424 2594 1446 2621 si
1465 2599 1537 2620 terra
1560 2595 1652 2625 ntovit,
1673 2597 1696 2621 si

908 2626 1004 2658 fames,
1021 2627 1043 2653 si
1063 2627 1136 2653 lites:
1152 2629 1244 2654 statim
1262 2628 1425 2655 Christianos
1444 2629 1478 2654 ad
1493 2629 1603 2655 leonem.
1623 2629 1697 2655 Tan-

908 2666 949 2697 tos
969 2662 1002 2687 ad
1017 2662 1184 2688 ttnum?etc.
1203 2672 1211 2687 t
1229 2664 1295 2690 Vide
1309 2671 1369 2697 cap.
1387 2664 1404 2690 2
1422 2664 1487 2691 ibid.
1505 2669 1532 2690 et
1548 2664 1645 2690 librum
1660 2664 1695 2690 ad

908 2696 1062 2732 ξεομνιαιη,
1091 2698 1213 2732 capta;
1236 2699 1400 2731 Cyprianum
1418 2699 1451 2724 ad
1475 2698 1696 2732 Demetriatmnt;

908 2730 1096 2769 Firmilianuitt
1106 2733 1139 2757 ad
1154 2730 1409 2769 Cypr.._’epi_st.p75,
1427 2734 1503 2769 apud
1525 2730 1694 2769 Cypr.:A_u;

907 2766 1056 2799 gustinum,
1071 2766 1117 2792 lib.
1130 2773 1161 2798 tt,
1174 2774 1233 2799 cap.
1249 2767 1275 2799 2,
1290 2767 1326 2793 De
1337 2767 1407 2794 civit.
1422 2766 1485 2800 Dei;
1498 2766 1618 2796 edictunt
1634 2767 1693 2794 Ma-

907 2801 1001 2836 ;itnitti
1016 2801 1085 2834 apud
1100 2800 1259 2833 Eusebium,
1277 2802 1323 2828 lib.
1349 2809 1386 2833 Ix,
1403 2810 1463 2836 cap.
1487 2804 1514 2835 6,
1536 2803 1692 2830 Ecclesiast.

906 2834 970 2871 (ttat.
993 2835 1166 2871 boettpletius
1187 2837 1220 2862 de
1245 2837 1295 2862 hac
1323 2834 1457 2863 calumnia
1482 2838 1537 2871 agit
1558 2838 1694 2866 Arnobius

907 2869 953 2896 lib.
971 2869 1089 2897 tComra
1099 2876 1197 2906 gentes,
1212 2879 1292 2905 quem
1309 2871 1380 2899 vide.
1399 2869 1531 2900 Sratvcsi.

1498 2920 1537 2948 30
