1848 3091
46 121 96 148 3‘21)

632 122 771 150 CONTRA
792 122 930 151 CELSUM
951 123 1014 150 LIB.
1036 122 1081 151 lll.

1628 127 1682 156 950

42 189 120 216 ρευε,
137 181 242 216 μήποτε
259 179 314 216 (Gl)
329 180 432 208 δίκαιον
447 178 516 208 εἶναι
531 180 662 208 διδάσκων
676 181 705 208 τὺ
725 183 783 208 κατ’
799 182 828 208 ἀν

913 182 997 208 uisset
1012 181 1125 208 omnino
1139 181 1220 208 ullam
1237 182 1355 210 hominis
1367 183 1551 211 oecisionem:
1569 192 1618 212 nec
1633 190 1681 212 do-

42 225 158 261 θρώπου
174 225 304 261 τόλμημα
317 225 371 252 τῶν
387 227 483 252 ἑαυτοῦ
506 226 633 262 μαθητῶν
643 246 650 257 ,
673 227 724 253 κᾶν
739 226 834 252 ἀδικώ

41 280 126 302 τατος
148 272 252 303 ἐκεῖνος
332 272 362 298 οὐ
382 271 436 308 γὰρ
460 273 574 308 πρέπειν
593 273 684 308 ἠγεῖτο
706 274 739 307 τῇ
756 272 838 307 ἐνοέῳ

41 317 145 344 ἑαυτοῦ
160 317 306 352 νομοθεσίᾳ
320 318 350 344 τὸ
366 319 516 353 συγχωρεῖν
530 318 726 353 ὁποιανδήποτε
738 316 838 352 ἀνθρὼ-

41 370 95 388 nou
122 363 278 398 ἀναίρεσιν·
296 362 352 389 οὔτ’
371 361 404 389 ἂν
420 363 594 398 Χριστιανοὶ,
609 364 633 389 οί
648 363 701 389 ἀπὸ
719 363 838 394 στάσεως

39 407 206 442 ἀρξάμενοι,
228 407 290 438 τοὺς
308 408 354 433 ἐπὶ
378 407 502 434 τοσοῦτον
530 408 649 442 ἡμέρους
666 408 838 444 προσήκαντο

39 453 156 488 νόμους,
177 453 210 480 δι’
231 449 268 480 ὧν
288 454 325 485 ὡς
347 453 471 488 πρόϐατα
488 453 536 488 μὲν
557 453 726 489 ἀναιρεῖσθαι
747 454 837 486 αὐτοῖς

40 500 187 533 ἐγίγνετο,
207 501 340 535 μηδέποτε
358 500 386 526 δὲ
402 500 557 535 ἀμύνασθαι
580 498 630 526 οἷοί
651 502 674 526 τ’
696 499 765 535 ἦσαν
782 500 837 535 (6'2)

39 547 103 577 τοὺς
121 545 280 577 διώκοντας.
303 546 431 580 Καίτοιγε
450 545 596 582 βαθύτερον
622 545 780 578 ἐξετάζοντα
804 546 837 572 τὰ

40 591 197 626 πράγματα
207 611 214 623 ,
228 590 301 617 ἔστιν
317 592 404 617 εἰπεῖν
420 592 484 626 περὶ
499 591 548 626 μὲν
564 591 619 618 τῶν
639 591 837 626 ἐξεληλυθότων

38 637 70 662 ὲκ
94 635 153 670 γῆς
169 636 322 669 Αἰγύπτου,
337 636 378 662 ὅτι
398 636 556 672 παραδόξως
575 637 590 662 ὁ
604 637 658 668 πᾶς
676 636 744 668 λεὼς
757 638 837 664 οίονε)¹

38 681 212 717 θεοδώρητον
226 682 365 709 διάλεκτον
379 682 484 717 ἀθρόως
500 682 628 717 ἀνείληφε
641 682 690 718 τὴν
702 683 837 718 καλουμέ-

38 736 87 762 νην
113 727 245 762 Ἐϐραίαν
259 736 265 742 ·
279 727 317 759 ὡς
331 727 377 754 καὶ
389 727 443 754 τῶν
458 728 522 763 παρ’
536 728 628 759 αὐτοῖς
642 736 684 760 τις
699 726 759 754 εἷπε
777 737 837 764 προ-

39 773 152 807 φητῶν,
179 773 220 799 ὅτι
238 782 247 798 ι
268 773 311 798 Ἐν
335 772 373 807 τῷ
388 773 505 805 ἐξελθεῖν
527 773 625 805 αὐτοὺς
641 774 672 799 ἐκ
688 774 738 809 γῆς
755 774 837 808 Αίγύ-

39 827 109 844 πτου
130 817 266 852 γλῶσσαν,
280 818 314 853 ἦν
331 819 381 844 οὐκ
395 818 465 852 ἐγνω
481 818 546 854 (65),
564 819 692 853 ἥκουσαν.
712 828 721 844 ι

74 907 134 933 Καὶ
157 906 229 934 οὕτω
247 907 276 933 δὲ
302 907 537 934 κατασκευαστέον
550 927 556 938 ,
570 908 610 934 ὅτι
623 907 672 934 οὐκ
693 908 835 941 Αἰγύπτιοι

37 951 111 987 ἦσαν
137 954 162 979 οἱ
190 953 377 989 ἐξεληλυθότες
404 953 472 988 μετὰ
504 954 642 985 Μωῦσέως
672 954 720 988 τὴν
751 953 835 988 Αἴγυ-

38 1006 107 1023 πτον
123 997 191 1032 (64).
207 998 239 1024 Et
255 998 303 1032 μὲν
319 998 373 1034 γὰρ
389 998 534 1032 Αίγύπτιοι
552 997 632 1034 ἦσαν,
652 999 735 1034 ἐχρῆν
747 999 835 1025 αὐτῶν

36 1043 69 1069 τὰ
98 1043 221 1078 ὀνόματα
245 1041 314 1069 εἶναι
339 1043 494 1077 Αἰγύπτια,
520 1043 557 1075 ὡς
581 1044 682 1079 ἐκάστῃ
704 1044 834 1079 διαλέκτῳ

37 1090 186 1123 σδγγενεῖς
197 1089 264 1115 εἰσιν
281 1090 308 1116 αἱ
325 1090 505 1125 προσηγορίαι
519 1098 525 1104 ·
545 1091 568 1116 εἰ
583 1089 604 1115 δ’
623 1091 655 1116 ἐκ
670 1089 723 1115 τῶν
738 1090 835 1125 ὀνομά-

35 1142 91 1159 των
111 1133 264 1169 Ἑϐραϊκῶν
279 1134 363 1161 όντων
380 1135 473 1169 σαφὲς,
485 1135 525 1161 ὅτι
539 1135 589 1161 οὐκ
608 1135 749 1168 Αἰγύπτιοι
765 1133 834 1170 ἦσαν

36 1179 162 1213 (πλήρης
172 1177 227 1213 γὰρ
243 1179 260 1213 ἡ
275 1178 370 1214 Γραφὴ
381 1178 435 1205 τῶν
457 1177 608 1214 Ἑϐραϊκῶν
622 1178 772 1213 ὀνομάτων,
789 1179 834 1205 καὶ

34 1224 91 1249 τῶν
107 1225 137 1250 ἐν
154 1224 284 1259 Αἰγύπτῳ
297 1223 408 1250 τοιαῦτα
433 1223 554 1258 θεμένων
568 1224 624 1254 τοῖς
638 1223 727 1258 υἱοῖς),
743 1223 832 1258 δῆλον,

34 1270 76 1295 ὅτι
88 1269 191 1304 ψεῦδος
201 1270 231 1296 τὺ
246 1269 389 1304 λεγόμενον
404 1269 456 1295 ὑπὸ
470 1269 523 1295 τῶν
539 1268 695 1303 Αἰγυπτίων
707 1289 714 1300 ,
729 1269 769 1294 ὅτι
782 1269 830 1294 Al-

34 1315 151 1348 γύπτιοι
176 1315 251 1346 ὀντες
276 1314 454 1350 ἀπηλάθησαν
481 1313 550 1349 μετὰ
564 1314 703 1345 Μωῡσέως
718 1314 772 1341 ἀπὸ
784 1314 833 1348 τῆς

34 1361 191 1394 Αἰγύπτου.
206 1360 260 1388 Καὶ
276 1360 368 1394 σαφῶς
390 1360 502 1396 ἐναργές
519 1361 606 1391 ἐστιν,
623 1360 663 1386 ὅτι
680 1362 712 1386 ἐκ
735 1360 833 1395 προγό-

34 1417 88 1434 νων
109 1407 257 1443 Ἐϐραίων,
269 1406 340 1433 κατὰ
354 1406 403 1442 τὴν
417 1406 493 1442 παρὰ
503 1407 614 1433 Μωῡσεῐ
628 1407 832 1442 ἀναγραφεῖσαν

35 1454 181 1489 ίπορίαν,
200 1453 231 1479 τὸ
254 1453 331 1487 γένος
355 1452 460 1486 ἔχοντες
483 1451 613 1487 διαλέκτῳ
632 1451 768 1487 ἐχρῶντο,
786 1451 831 1485 ἀφ’

32 1496 67 1534 ἧς
83 1499 134 1525 καὶ
150 1498 184 1525 τὰ
199 1499 319 1534 ὀνόματα
336 1499 393 1530 τοῖς
406 1499 474 1529 υἱοῖς
490 1497 617 1523 ἐτίθεντο.
634 1497 701 1533 Περὶ
722 1497 750 1524 δέ
763 1497 831 1532 Χρι-

33 1545 168 1576 στιανῶν,
185 1544 246 1570 ἐπεὶ
259 1543 426 1579 διδαχθέντες
448 1543 484 1579 μὴ
504 1543 655 1578 ἀμύνασθαι
675 1543 738 1574 τοὺς
755 1543 833 1569 πολε-

32 1589 117 1623 μίους
141 1589 280 1624 ἐτήρησαν
299 1589 349 1623 τὴν
367 1588 471 1623 ἥμερον
486 1588 532 1613 καὶ
550 1587 738 1622 φιλάνθρωπον
753 1596 833 1623 νομο-

30 1634 148 1666 θεσίαν,
164 1634 207 1661 διὰ
220 1633 292 1660 τοῦθ’
308 1634 441 1669 ὃπερ”οὐκ
452 1633 484 1660 ἂν
501 1633 622 1665 ἐξουσίαν
638 1632 763 1664 λαϐόντες
778 1632 826 1659 τοῦ

31 1681 180 1716 πολεμεῖν,
198 1680 222 1706 εί
242 1680 288 1706 καὶ
305 1680 374 1706 πάνυ
397 1677 466 1714 ἦσαν
486 1679 613 1710 δυνατοὶ,
629 1679 739 1713 ἤνυσαν,
759 1678 830 1705 τοῦτ’

31 1728 88 1753 ἀπὸ
115 1726 187 1753 Θεοῦ
212 1725 354 1761 είλήφασι,
374 1724 422 1751 τοῦ
446 1725 516 1760 ὑπὲρ
533 1723 622 1750 αὐτῶν
644 1723 699 1759 (65)
716 1723 832 1759 πολεμή-

32 1782 134 1804 σαντος
151 1773 214 1804 ἀεὶ,
232 1773 277 1799 καὶ
295 1771 364 1798 κατὰ
380 1771 493 1807 καιροὺς
510 1770 662 1802 παύσαντος
678 1770 740 1801 τοὺς
761 1769 831 1796 κατὰ

31 1818 212 1854 Χριστιανῶν
228 1818 402 1853 ἱσταμένους,
427 1818 473 1844 καὶ
494 1817 615 1852 ἀναιρεῖν
631 1816 728 1847 αὐτοὺς
743 1815 846 1843 θέλον-.

30 1873 92 1896 τας.
113 1864 313 1899 Ὑπομνήσεως
324 1863 378 1898 γὰρ
394 1863 473 1898 χάριν
491 1862 554 1898 (ἵνα,
572 1861 717 1896 ἐνορῶντες
730 1861 830 1895 ὀλίγοις

29 1909 252 1945 ἀγωνιζομένοις
266 1910 336 1945 ὑπὲρ
345 1908 496 1939 εὐσεϐείας,
510 1906 686 1942 δοκιμώτεροι
702 1907 829 1940 γίνωνται

30 1956 78 1982 καὶ
94 1955 215 1982 θανάτου
229 1954 455 1990 καταφρονῶσιν),
470 1953 554 1988 ὀλίγοι
572 1952 642 1979 κατὰ
656 1953 767 1987 καιροὺς
783 1953 829 1978 καὶ

30 2001 142 2036 σφόδρα
157 2000 333 2036 εὐαρίθμητοι
349 1999 419 2035 ὑπὲρ
430 2000 479 2034 τῆς
492 1998 660 2033 Χριστιανῶν
676 1997 829 2029 θεοσεϐείας

29 2047 203 2082 τεθνήκασι·
226 2045 375 2078 κωλύοντος
396 2043 463 2072 Θεοῦ
479 2044 509 2070 τὸ
535 2044 588 2071 πᾶν
608 2043 828 2079 ἐκπολεμηθῆναι
843 2051 854 2059 κ

28 2092 126 2118 αὐτῶν
144 2090 238 2122 ἔθνος·
258 2091 387 2126 συστῆναι
402 2090 456 2126 γὰρ
470 2090 536 2117 αὐτὸ
550 2089 684 2121 ἐϐούλετο,
702 2089 749 2115 καὶ
765 2089 830 2125 πλη-

30 2137 159 2172 ρωθῆναι
186 2136 276 2163 πᾶσαν
296 2135 346 2172 τὴν
366 2135 418 2171 γῆν
436 2135 485 2171 τῆς
507 2135 641 2171 σωτηρίου
657 2133 759 2170 ταύτης
782 2134 828 2160 καὶ

889 225 992 252 auisset
1004 225 1058 251 vim
1075 225 1179 252 homini
1194 233 1331 259 nunquam
1345 227 1419 261 justc
1437 235 1451 254 a
1468 229 1525 255 suis
1538 229 1680 264 discipulis

890 269 985 296 inferri
1006 277 1105 305 posse,
1133 271 1258 304 quamvis
1283 271 1463 306 injustissimo
1484 283 1491 306 ;
1519 274 1679 303 indecorum

888 315 960 340 enim
983 314 1097 348 putabat
1119 314 1217 342 divinis
1238 315 1295 343 suis
1312 316 1415 352 legibus
1434 320 1553 352 permitti
1577 320 1678 347 cmdem

889 359 1023 392 hominis,
1038 359 1233 395 qualiscunque
1257 362 1364 389 tandem
1394 362 1439 390 illa
1462 369 1534 392 esset
1556 374 1562 392 :
1591 373 1679 400 neque

888 405 969 431 etiam
985 404 1133 432 Christiani
1150 413 1226 433 suam
1244 413 1259 432 a
1277 407 1412 435 seditione
1439 409 1570 438 ducentes
1594 412 1679 446 origi-

889 457 950 477 nem
967 450 1040 484 leges
1055 451 1232 478 admisissent
1250 452 1286 478 ita
1301 453 1441 486 paciﬁcas,
1460 459 1489 481 ut
1505 462 1617 490 propter
1631 465 1677 484 eas

889 495 988 523 factum
1006 496 1088 523 fuerit
1119 501 1149 523 ut
1163 497 1244 524 veluti
1261 505 1327 525 oves
1348 498 1578 534 interﬁcerentur,
1593 501 1676 537 552

889 549 937 568 nec
951 549 999 576 per
1011 549 1057 569 eas
1070 542 1164 569 liceret
1175 543 1208 570 de
1221 545 1442 577 persecutoribus
1453 553 1560 573 sumere
1574 548 1677 582 suppli-

888 588 969 614 cium.
994 587 1048 615 Sed
1074 592 1101 615 et
1124 587 1169 622 qui
1195 595 1252 615 rem
1275 590 1393 616 scrutari
1411 590 1492 618 altius
1509 592 1637 625 voluerit,
1654 594 1677 621 is

888 634 978 661 dicere
992 634 1091 668 poterit
1107 642 1159 660 non
1177 635 1237 663 sine
1260 635 1392 662 miraculo
1408 636 1566 671 contigisse,
1587 643 1615 665 ut
1628 641 1676 673 qni

887 687 921 706 ex
934 679 1051 715 Egypto
1066 679 1191 712 exibant,
1207 682 1300 707 statim
1314 685 1342 708 et
1359 681 1436 715 quasi
1452 682 1524 710 Deus
1543 683 1678 717 inspiras-

888 729 939 757 set,
966 725 1084 759 linguam
1110 730 1271 760 usurparent
1291 733 1350 760 quae
1370 726 1506 755 Hebraica
1530 729 1676 756 vocitatur.

887 769 946 803 Quo
958 770 1074 804 pertinet
1090 770 1159 797 istud
1174 771 1254 797 unius
1265 779 1297 797 ex
1311 779 1406 798 eorum
1419 773 1574 807 prophetis:
1589 782 1597 798 ι
1609 773 1677 800 Cum

888 816 993 842 exirent
1007 817 1040 843 de
1067 821 1139 843 terra
1156 816 1266 852 Aigpri
1291 825 1354 850 eos,
1378 826 1459 853 quam
1476 827 1529 846 non
1545 824 1680 847 noverant

853 851 873 878 Β
889 861 1018 895 linguam,
1034 862 1171 890 audivisse
1186 863 1220 889 ³⁵.
1240 873 1249 888 ι

923 907 950 933 8.
966 907 1021 933 Hoc
1033 908 1114 934 etiam
1135 913 1296 942 argumento
1312 909 1483 943 probandum
1497 915 1549 943 est,
1563 918 1611 937 eos
1625 910 1676 938 1E-

888 952 994 987 gyplios
1007 960 1060 979 non
1077 953 1170 986 fuisse,
1184 955 1228 987 qui
1244 961 1278 981 ex
1291 953 1409 989 IEgyplo
1429 962 1489 982 cum
1517 955 1609 990 Moyse
1632 965 1676 984 re-

888 1002 1038 1024 cesserunt.
1062 997 1128 1025 Nam
1153 999 1176 1026 si
1190 998 1310 1034 [Egyptii
1332 1004 1432 1034 essent,
1453 1001 1564 1028 nomina
1577 1009 1674 1030 eorum

888 1042 1047 1077 {Egyptiaca
1060 1043 1143 1071 fuisse
1155 1049 1272 1078 oportet.
1286 1045 1349 1072 Sua:
1362 1046 1434 1072 enim
1447 1053 1510 1074 sunt
1526 1047 1674 1082 unicuique

887 1088 987 1123 linguae
1011 1089 1127 1124 propriae
1151 1089 1358 1124 appellationes.
1374 1090 1432 1118 Non
1450 1091 1535 1126 igitur
1550 1092 1674 1128 [Egyplii

887 1137 975 1166 erant,
988 1133 1008 1160 si
1024 1132 1158 1161 Hebraica
1172 1141 1266 1162 eorum
1285 1136 1397 1162 nomina
1412 1135 1534 1164 fuerunt.
1544 1138 1580 1164 At
1593 1139 1673 1172 plena

888 1176 1028 1211 Scriptura
1045 1182 1086 1204 est
1109 1179 1265 1206 nominibus
1285 1179 1442 1213 llebraicis,
1466 1181 1555 1215 iisque
1579 1182 1625 1216 qui
1642 1182 1675 1208 li-

886 1222 958 1249 beris
976 1222 1160 1257 imposuerunt
1174 1225 1329 1259 huiusmodi
1345 1226 1465 1253 nomina.
1485 1226 1556 1262 Ergo
1571 1227 1671 1255 falsum

886 1272 927 1294 est
945 1268 970 1294 id
985 1269 1057 1302 quod
1071 1268 1190 1304 Egyptii
1213 1270 1316 1302 dicunt,
1332 1278 1379 1297 eos
1402 1271 1508 1306 origine
1523 1272 1666 1308 IEgyptios

885 1320 916 1339 ex
932 1312 1049 1348 {Egypto
1073 1322 1135 1341 cum
1159 1314 1251 1350 Moyse
1277 1315 1404 1350 expulsos
1427 1323 1497 1344 esse.
1519 1317 1546 1344 ld
1565 1325 1673 1352 quoque

886 1358 1056 1391 perspicuum
1073 1363 1124 1392 est,
1138 1365 1194 1392 eos,
1211 1364 1240 1386 ut
1256 1359 1370 1386 historia
1386 1368 1400 1386 a
1412 1360 1502 1396 Moyse
1514 1363 1672 1397 conscripta

887 1406 1012 1436 testatur,
1030 1411 1044 1429 a
1072 1404 1231 1437 parentibus
1253 1404 1374 1433 Hebraeis
1391 1412 1487 1439 ortos,
1511 1407 1602 1441 lingua
1626 1409 1672 1435 illa

886 1456 948 1476 usos
965 1456 1044 1482 esse,
1062 1457 1095 1476 ex
1109 1457 1160 1484 qua
1180 1450 1342 1484 imponenda
1368 1451 1429 1479 ﬁliis
1451 1453 1560 1480 nomina
1582 1461 1673 1481 sume-

879 1495 958 1522 .bant.
984 1494 1130 1522 Christiani
1148 1497 1257 1528 autem,
1278 1495 1406 1530 quoniam
1431 1497 1574 1532 benignam
1598 1499 1670 1526 illam

884 1547 1107 1576 mansuetamque
1122 1543 1209 1578 legem
1225 1547 1371 1570 servarunt
1390 1551 1472 1578 quam
1494 1545 1566 1572 docti
1581 1551 1671 1577 erant,

884 1589 974 1615 hostes
989 1596 1042 1615 non
1062 1588 1227 1621 ulciscendi,
1243 1589 1346 1616 idcirco
1361 1590 1433 1624 quod
1452 1591 1592 1618 consecuti
1617 1600 1671 1619 non

883 1637 983 1666 essent,
1006 1634 1111 1661 etiamsi
1128 1635 1189 1661 data
1211 1634 1265 1661 illis
1279 1634 1377 1662 fuisset
1391 1635 1569 1670 belligerandi
1588 1636 1672 1664 licen-

884 1679 931 1712 tia,
946 1683 973 1706 et
988 1679 1091 1707 idoneis
1107 1680 1141 1706 ad
1157 1681 1227 1707 hanc
1250 1687 1307 1706 rem
1340 1680 1450 1708 auxiliis
1464 1681 1587 1708 instructi
1606 1681 1672 1709 fuis-

882 1729 953 1757 sent,
968 1724 995 1752 id
1015 1732 1030 1751 a
1044 1725 1098 1752 Deo
1113 1726 1255 1753 consecuti
1271 1730 1334 1753 sunt
1349 1727 1395 1761 qui
1418 1734 1525 1761 semper
1544 1729 1673 1762 pugnavit

881 1777 931 1804 pro
945 1770 1008 1803 illis,
1024 1775 1051 1797 et
1064 1771 1228 1806 opportunis
1247 1773 1413 1806 temporibus
1427 1773 1597 1807 compescuit
1612 1781 1670 1806 eos,

881 1815 927 1849 qui
941 1815 967 1842 in
981 1814 1153 1844 Christianos
1167 1816 1342 1851 insurgerent
1356 1821 1383 1843 et
1396 1824 1444 1844 eos
1468 1817 1623 1845 interﬁcere
1643 1819 1670 1845 in

882 1860 973 1887 animo
987 1860 1129 1888 haberent.
1147 1861 1183 1889 Ut
1199 1861 1271 1888 enim
1296 1861 1340 1888 alii
1366 1862 1393 1888 in
1416 1861 1574 1888 memoriam
1593 1868 1671 1888 revo-

881 1909 975 1932 carent
985 1909 1014 1932 et
1026 1905 1150 1933 videndis
1161 1905 1255 1940 paucis
1269 1913 1318 1940 pro
1331 1905 1432 1941 pietate
1445 1906 1614 1933 certantibus
1624 1906 1670 1933 ﬁr-

881 1950 981 1977 miores
1005 1951 1099 1978 ﬁerent
1125 1955 1295 1985 mortemque
1321 1955 1497 1985 spernerent,
1516 1951 1593 1985 pauci
1621 1957 1670 1985 per

881 1996 1024 2023 intervalla
1036 2002 1184 2031 temporum
1198 2001 1226 2023 et
1242 1996 1322 2023 facile
1335 1996 1518 2023 numerabiles
1532 2003 1581 2030 pro
1589 1995 1669 2023 Chri-

880 2042 968 2069 stiana
982 2041 1111 2077 religione
1127 2048 1241 2069 mortem
1255 2042 1391 2069 obierunt.
1410 2041 1463 2069 Sed
1487 2048 1581 2068 eorum
1598 2049 1665 2076 gen—

881 2095 934 2117 tem
958 2097 1070 2124 prorsus
1094 2090 1229 2124 exstingui
1255 2097 1395 2124 nunquam
1424 2089 1548 2124 permisit
1571 2089 1666 2115 Deus:

880 2136 934 2163 imo
949 2136 1100 2164 consistere
1115 2135 1200 2162 voluit
1223 2139 1251 2162 et
1268 2135 1423 2162 universam
1437 2139 1538 2161 terram
1556 2133 1666 2161 salutari

27 2181 238 2216 εὺσεὸεστάτης
252 2181 434 2212 διδασκαλίας.
451 2180 535 2207 Πάλιν
557 2188 587 2206 τε
602 2178 647 2213 αὖ,
664 2178 697 2206 ἵν’
711 2181 734 2206 οι
749 2179 828 2206 ἀσθε-

913 2190 925 2208 a
945 2186 973 2209 et
996 2182 1117 2217 piissima
1133 2182 1258 2209 doctrina
1282 2181 1392 2215 repleri.
1413 2180 1520 2207 Rursus
1544 2179 1624 2213 Deus,
1638 2183 1668 2207 ut

32 2228 55 2254 ιέ
61 2235 160 2263 στεροι
170 2227 338 2254 ἁναπνέωσιν
354 2227 407 2253 ἀπὸ
418 2227 467 2261 τῆς
483 2226 545 2261 περὶ
559 2225 605 2252 τοῦ
618 2225 732 2252 θανάτου
747 2234 827 2262 φρον-

26 2275 115 2305 τίδος,
129 2274 145 2299 ὀ
161 2273 228 2304 Θεὸς
241 2274 395 2308 προυνοεῖτο
411 2273 465 2299 τῶν
482 2272 679 2303 πιστευόντων,
699 2272 772 2307 μόνῳ
788 2272 827 2307 τῷ

28 2320 190 2355 βουλήματι
206 2319 396 2350 διασκεδαννὺς
420 2319 509 2345 πᾶσαν
524 2318 573 2353 τὴν
590 2318 650 2344 κατ’
664 2317 753 2344 αὐτῶν
767 2318 826 2344 sm-

26 2364 153 2399 6ουλὴν,
180 2363 224 2390 ἵνα
251 2364 319 2399 μήτε
345 2363 480 2398 βασιλεῖς,
506 2363 574 2398 μήτε
590 2363 615 2389 oi.
636 2361 706 2388 κατὰ
728 2362 826 2393 τόπους

27 2410 195 2445 ἡγούμενοι,
215 2410 282 2445 μήτε
309 2410 333 2435 οἱ
347 2409 428 2444 δῆμοι
444 2408 592 2443 ἐξαφθῆναι
605 2408 664 2434 κατ’
677 2407 765 2434 αὐτῶν
781 2407 827 2434 ἐπὶ

27 2457 126 2482 πλεῖον
139 2455 283 2490 δυνηθῶσι.
299 2455 392 2482 Ταῦτα
407 2456 454 2490 μὲν
473 2455 541 2490 πρὸς
554 2454 587 2480 τὰ
604 2453 656 2480 ὑπὸ
670 2453 774 2480 Κέλσου
789 2455 826 2480 εἰς

39 2502 145 2537 πημένα
158 2502 222 2537 περὶ
237 2501 296 2533 τοῦ,
312 2511 322 2528 α
339 2501 436 2529 Στάσιν
451 2499 590 2535 γεγονέναι
607 2501 656 2536 τὴν
668 2500 764 2536 ἀρχὴν,
777 2500 827 2527 πά-

882 2228 1045 2256 inﬁrmiores
1067 2235 1081 2255 a
1106 2227 1203 2255 mortis
1226 2231 1300 2255 metu
1324 2226 1508 2261 respirarent,
1533 2226 1668 2252 consuluit

881 2273 1004 2301 ﬁdelibus
1022 2279 1049 2301 et
1067 2273 1124 2300 solo
1140 2277 1206 2300 nutu
1227 2278 1322 2300 omnes
1338 2276 1458 2299 strumas
1485 2270 1538 2297 illis
1554 2270 1668 2298 insidias

881 2319 1032 2353 dissipavit,
1049 2323 1078 2345 ut
1092 2326 1180 2354 neque
1196 2325 1285 2353 reges,
1302 2324 1390 2352 neque
1404 2317 1572 2343 diversorum
1595 2316 1667 2342 loco-

880 2374 938 2392 rum
954 2365 1109 2399 principes,
1123 2372 1211 2399 neque
1235 2363 1327 2398 populi
1350 2367 1445 2390 contra
1468 2361 1530 2389 illos
1551 2361 1666 2396 amplius

879 2411 1034 2445 exasperari
1060 2415 1182 2445 possent.
1209 2409 1301 2444 Atque
1327 2410 1383 2435 hmc
1407 2408 1440 2434 de
1464 2415 1496 2434 eo
1512 2407 1581 2440 quod
1596 2407 1666 2433 dixit

879 2456 983 2489 Celsus,
998 2465 1007 2481 ι
1018 2455 1126 2483 Judzcos
1139 2456 1217 2488 olim,
1227 2459 1319 2490 postea
1333 2460 1399 2480 vero
1409 2451 1579 2479 Christianos
1587 2459 1664 2479 suam

878 2501 1003 2528 seditioni
1019 2505 1158 2536 acceptam
1176 2499 1278 2527 referre
1290 2499 1434 2534 originem.
1453 2506 1462 2522 ι

25 2548 70 2575 λπι
99 2549 155 2584 μὲν
173 2548 220 2574 τοῦ
239 2548 370 2584 συστῆναι
394 2547 552 2579 Ἰουδαίους,
578 2546 690 2582 ὕστερον
713 2546 742 2572 δὲ
760 2546 870 2579 τούτους
883 2547 937 2583 (66)
954 2547 1133 2583 Χριστιανοὺς
1147 2545 1282 2581 γενέσθαι,
1304 2554 1313 2570 ›

60 2595 86 2611 ⁵⁸
101 2593 179 2621 Psal.
193 2601 274 2626 Lux,
293 2593 319 2621 6.

61 2641 126 2676 (6|)
145 2639 292 2678 Mrixgre.__
305 2639 394 2678 Mallet
407 2638 563 2678 Boherellus
572 2637 723 2678 Maefen,
738 2636 821 2664 Paulo

25 2673 85 2711 post
109 2673 200 2702 codex
223 2675 395 2711 Basileensis,
412 2675 474 2711 τοὺς
491 2673 593 2711 ἐαυτῷ,
613 2673 746 2711 μαθητάς,
763 2680 822 2706 qua:

24 2708 111 2738 lectio
137 2718 202 2737 num
214 2709 343 2746 sitralteri
352 2745 355 2746 ν
364 2709 529 2746 praeferenda
540 2708 660 2746 judicent
672 2709 820 2746 doctiores:

24 2747 78 2783 ι]ιῄ
89 2751 122 2772 ut
131 2744 323 2783 _est,_Cnie_t_us
343 2742 484 2783 delendum
506 2743 643 2783 existimat
656 2742 709 2783 τῷν
725 2742 820 2783 sautio-5

25 2779 177 2815 μαθητῶν.
196 2779 257 2807 Mox
272 2779 438 2807 llrnscbelius
454 2779 482 2806 in
507 2782 580 2805 textu
598 2778 689 2810 habet,
703 2777 749 2804 καὶ
763 2777 821 2802 ἁδι-

23 2816 165 2846 κιῖιτατος.

63 2851 125 2886 (6‘2,
145 2847 208 2876 οἶοι
223 2849 246 2875 τ’
263 2848 354 2884 ἦσαν.
369 2848 465 2876 Guieto
480 2847 591 2876 delenda
607 2847 743 2875 videntur.

911 2635 967 2671 (65)
990 2636 1093 2670 Ἔγνω.
1108 2634 1190 2668 Lego,
1211 2633 1343 2667 ἔγνωσαν.

910 2683 966 2718 (64)
981 2681 1213 2718 ΤὴνᾉΑτγιιπτον.
1227 2680 1268 2705 An
1283 2679 1458 2706 scribendum
1470 2681 1499 2704 ut
1511 2676 1590 2712 paulo
1603 2681 1662 2711 post

875 2714 968 2752 supra,
982 2717 1014 2743 ἐκ
1026 2716 1075 2750 τῆς
1089 2714 1245 2748 Αίγύπτου;

910 2762 966 2797 (65)
995 2761 1084 2795 Ὑπὲρ
1110 2759 1217 2797 αὐτῶν.
1242 2758 1287 2786 Sic
1312 2766 1376 2786 mss.
1404 2758 1529 2793 lmpressi
1547 2766 1612 2786 vero
1634 2758 1660 2784 in

877 2796 961 2831 textu,
978 2796 1043 2832 περὶ
1060 2796 1159 2822 αὐτῶν.

909 2844 964 2879 (66)
979 2844 1127 2877 ’Υστερον
1142 2841 1175 2868 δὲ
1188 2841 1323 2873 τούτους.
1340 2839 1518 2868 Scribendum
1543 2839 1660 2872 videtur,
