1848 3091
44 138 85 165 953

44 199 117 233 μένοις
130 195 207 227 θεῖοις
221 193 290 222 εἶναι
306 195 417 230 βιϐλίοις
433 196 546 232 ἐκδοχὴν
560 197 686 230 γεγόνασι
705 196 806 230 διαᾳω-
822 198 843 225 Α

43 244 86 270 νίαι
100 242 147 268 τῶν
161 242 348 268 πιστευόντων.
367 243 426 268 Ἔτι
439 242 505 276 γοῦν
518 242 572 268 τῶν
586 241 742 268 ἀποστόλων
758 250 808 276 κη-

42 288 186 324 ρυσσόντων,
198 288 244 313 καὶ
255 287 308 313 τῶν
323 288 463 314 αὐτοπτῶν
473 287 520 313 τοῦ
537 287 622 322 Ἰησοῦ
633 287 809 313 διδασκόντων

42 332 68 358 τὰ
81 331 174 357 ἐκείνου
189 330 346 366 μαθήματα,
359 330 472 366 ζήτησις
488 331 537 357 οὐκ
552 331 628 365 ὀλίγη
646 330 713 366 πρὸς
729 330 810 366 ἀλλή-

41 377 90 408 λους
102 376 241 411 γεγένηται
263 376 336 411 παρὰ
348 378 404 407 τοῖς
424 376 478 402 ἀπὸ
501 376 632 402 Ἰουδαίων
654 376 808 402 πιστεύουσι

41 423 93 458 περὶ
108 422 157 448 τῶν
176 421 206 454 ἐξ
219 422 302 448 ὲθνῶν
316 422 506 457 ἐπερχομένων
523 422 578 457 (71)
593 421 632 457 τῷ
645 422 716 457 λόγῳ
728 442 734 453 ,
758 422 807 448 πό-

39 477 104 503 τερον
116 468 154 494 δεῖ
167 468 200 494 τὰ
222 468 352 495 Ἰουδαϊκὰ
366 468 464 499 αὐτοὺς
478 469 570 505 τηρεῖν
584 468 642 503 ἔθη,
657 468 674 503 ἢ
693 468 722 495 τὸ
744 469 808 504 περὶ

39 513 148 548 καθαρῶν
161 513 207 539 καὶ
219 513 380 548 ἀκαθάρτων
396 513 548 549 βρωμάτων
566 513 648 549 βάρος
661 514 715 549 (7⁸2)
728 514 807 547 ἀφαι-

39 561 94 595 ρεῖν,
108 559 143 590 ὡς
158 560 208 585 οὐκ
220 560 338 594 ἐπεῖγον,
354 560 408 586 ἀπὸ
422 559 474 586 τῶν
491 560 523 586 τὰ
535 559 637 595 πάτρια
646 560 807 586 καταλιπόν-

37 614 81 632 των
91 605 116 631 ὲν
131 605 186 636 τοῖς
200 605 287 631 ἔθνεσι
298 606 344 632 καὶ
357 606 538 632 πιστευόντων
552 605 590 640 τῷ
607 606 703 640 Ἰησοῦ.
729 605 807 632 Ἀλλὰ

37 652 75 677 καὶ
81 652 107 677 ἐν
115 652 171 682 ταῖς
181 650 285 677 Παύλου
294 651 471 683 Ἐπιστολαῖς,
483 651 626 686 γενομένου
637 651 665 676 ὲν
672 651 711 686 τῷ
719 651 806 687 χρόνῳ

35 696 78 722 τῶν
97 696 193 731 Ἰησοῦν
214 696 389 732 ἑωρακότων,
408 697 564 732 εὑρίσκεται
587 697 719 732 λεγόμενά
734 706 804 728 τινα,

35 742 66 772 ὡς
84 741 249 777 ζητηθέντων
268 742 347 768 τινῶν
370 742 433 777 περὶ
459 743 650 774 ἀναστάσεως,
670 743 717 769 καὶ
741 743 806 777 περὶ

34 787 72 813 τοῦ
87 787 132 822 ἤδη
149 787 233 822 αὐτὴν
246 786 394 821 γεγονέναι’
412 787 458 813 καὶ
475 787 538 822 περὶ
556 788 662 822 ἡμέρας
683 788 784 823 Κυρίου
796 808 804 821 ,

33 831 132 868 πότερον
145 832 298 867 ἐνέστηκεν,
315 832 330 867 ἢ
349 833 395 866 μή.
418 832 496 858 Ἀλλὰ
513 833 558 859 καὶ
573 833 604 859 τὸ
621 843 630 858 ι
657 833 803 869 Ἐκτρεπό-

33 887 100 913 μενος
114 879 162 910 τὰς
179 878 307 914 βεϐήλους
324 878 497 911 κενοφωνίας,
517 879 563 905 καὶ
579 878 728 910 ἀντιθέσεις
754 879 803 913 τῆς

31 923 191 959 ψευδωνύμου
207 923 342 957 γνώσεως,
359 925 392 960 ἦν
408 933 479 956 τινες
492 924 718 959 ἐπαγγελλόμενοι
736 924 801 959 (75),

31 970 85 1005 περὶ
99 969 144 1004 τὴν
161 969 252 996 πίστιν
268 969 448 1006 ἐναυάγησαν·
470 980 479 996 ι
498 970 644 1004 δηλωτικόν
661 971 744 1001 ἐστιν,
762 970 802 996 ὅτι

30 1014 69 1040 ἀπ’
86 1014 170 1050 ἀρχῆς
191 1014 317 1048 γεγόνασί
339 1024 410 1047 τινες
430 1015 605 1051 παρεκδοχαὶ,
628 1015 731 1041 οὐδέπω
756 1015 803 1049 (ὡς

29 1059 102 1085 οἴεται
118 1060 218 1091 Κέλσος
229 1060 253 1096 ,)
271 1060 374 1087 πολλῶν
391 1061 443 1087 τῶν
461 1061 638 1087 πιστευόντων
654 1060 803 1096 γεγενημέ-

29 1113 83 1130 νων.

56 1148 116 1181 Εἶτ’,
133 1150 204 1182 ἐπεὶ,
220 1150 258 1182 ὡς
274 1150 433 1186 κατηγορῶν
449 1150 496 1177 τοῦ
512 1151 602 1185 λόγου,
617 1149 651 1176 τὰ
669 1150 732 1185 περὶ
749 1149 803 1175 τῶν

27 1196 51 1220 ὲν
74 1196 274 1231 Χριστιανισμῷ
296 1197 427 1231 αἱρέσεων
452 1196 574 1228 ὀνειδίζει
597 1197 680 1231 ἡμῖν,
705 1196 800 1229 λέγων·

27 1250 35 1264 ι
52 1240 92 1271 Εἰς
108 1241 208 1276 πλῆθος
224 1241 252 1268 δὲ
268 1243 427 1277 σπαρέντες,
445 1240 522 1273 αὖθις
536 1239 569 1268 αὖ
586 1241 731 1276 σχίζονται,
754 1241 802 1267 καὶ

25 1285 165 1318 τέμνονται,
183 1286 231 1313 καὶ
247 1286 354 1318 στάσεις
367 1286 434 1318 ἰδίας
445 1287 516 1322 ἔχειν
532 1286 642 1313 ἕκαστοι
657 1286 773 1312 θέλουσι·
788 1295 798 1312 ι

24 1331 82 1364 φησι
97 1331 128 1363 δ’,
145 1330 188 1358 δτι
207 1341 216 1357 ι
236 1331 291 1358 Καὶ
313 1332 366 1358 ὑπὸ
388 1332 506 1367 πλήθους
528 1331 609 1357 πάλιν
625 1331 800 1366 διιστάμενοι,

25 1376 86 1408 σφᾶς
101 1377 199 1408 αὐτοὺς
214 1377 379 1411 ἐλέγχουσιν,
397 1376 465 1408 ἑνὸς,
482 1376 519 1407 ὠς
537 1377 635 1408 εἰπεῖν,
651 1376 691 1402 ἔτι
707 1384 802 1402 κοινω-

24 1419 136 1452 νοῦντες,
161 1422 220 1455 εἴγε
242 1422 413 1448 κοινωνοῦσιν
434 1422 494 1454 ἔτι,
511 1421 557 1448 τοῦ
579 1422 719 1457 ὀνόματος.
746 1423 801 1448 Καὶ

22 1463 92 1490 τοῦτο
104 1466 183 1500 μόνον
193 1467 382 1500 ἐγκαταλιπεῖν
394 1468 467 1502 ὅμως
477 1467 657 1502 αἰσχύνονται·
674 1467 707 1494 τὰ
721 1467 801 1494 λοιπὰ

22 1506 41 1532 δ’
55 1508 141 1541 ἄλλοις
157 1511 260 1546 ἀλλαχῆ
283 1512 426 1546 τετάχαται
444 1510 510 1547 (74).
530 1521 539 1537 ι
562 1513 616 1538 Καὶ
640 1512 707 1547 πρὸς
723 1512 801 1540 τοῦτο

22 1554 152 1590 φήσομεν,
168 1557 210 1582 ὃτι
233 1556 337 1588 οὐδενὸς
356 1558 534 1592 πράγματος,
557 1554 588 1583 οὗ
612 1557 649 1593 μὴ
670 1558 800 1585 σπουδαία

23 1599 86 1625 ἐστὶν
96 1602 111 1635 η
120 1601 191 1637 ἀρχὴ
204 1602 296 1634 καὶτῷ
310 1602 358 1637 βίῳ
373 1603 515 1638 χρήσιμος,
530 1603 671 1637 γεγόνασιν
682 1604 801 1639 αἱρέσεις

23 1643 141 1680 Ξιίὶιροροι.
164 1647 240 1673 Ἐπεὶ
251 1647 305 1683 γὰρ
321 1648 428 1683 ἰατρικὴ
445 1649 579 1683 χρήσιμος
598 1651 644 1675 καὶ
664 1650 800 1683 ἀναγκαία

23 1688 52 1723 τῷ
64 1689 135 1723 γένει
150 1691 205 1717 τῶν
220 1692 379 1727 ἀνθρώπων,
396 1692 481 1719 πολλά
489 1701 518 1718 τε
534 1693 567 1719 τὰ
578 1694 607 1720 ὲν
621 1694 687 1729 αὐτῇ
704 1693 800 1730 ζητού-

23 1743 78 1760 ιενα
92 1736 156 1770 περὶ
170 1736 220 1762 τοῦ
235 1737 332 1772 τρόπου
348 1737 397 1773 τῆς
413 1738 467 1764 τῶν
489 1739 622 1773 σωμάτων
637 1738 780 1773 θεραπείας
791 1749 798 1755 ·

23 1779 54 1804 at
68 1779 144 1806 τοῦτο
156 1781 280 1816 αἱρέσεις
296 1782 324 1807 ἐν
336 1783 443 1818 ἰατρικῇ
458 1781 598 1818 (75)παρὰ
611 1783 659 1817 μὲν
674 1784 800 1819 Ἕλλησιν

22 1825 181 1859 ;ὑρίσκονται
204 1827 425 1863 ὁμολογουμένως
442 1828 570 1859 πλείονες·
595 1828 649 1862 ἐγὼ
665 1829 687 1854 δ’
713 1827 798 1864 οἶμαι,

22 1871 51 1896 ’m
66 1872 112 1898 καὶ
128 1872 208 1908 παρὰ
222 1873 379 1908 βαρὸάροις,
390 1874 446 1900 ὅσοι
461 1872 671 1907 ἐπαγγέλλονται
685 1874 800 1909 χρῆσθαι

23 1919 129 1953 ατρικῇ.
146 1918 234 1944 Πάλιν
249 1927 279 1945 τε
292 1917 336 1951 αὖ,
352 1919 412 1945 ἐπεὶ
422 1919 564 1954 φιλοσοφία
574 1918 700 1954 ἀλήθειαν
715 1921 800 1954 ἐπαγ-

22 1963 170 1999 τελλομένη,
182 1964 231 1990 καὶ
242 1965 340 1998 γνῶσιν
352 1965 404 1991 τῶν
415 1965 497 1991 ὄντων
508 1964 566 1995 πῶς
579 1964 618 1990 δεῖ
635 1965 718 2000 βιοῦν,
733 1966 800 1991 ὑπο-

22 2009 119 2040 τίθεται,
136 2011 187 2037 καὶ
199 2011 326 2046 πειρᾶται
338 2011 471 2037 διδάσκειν
486 2010 520 2036 τὰ
536 2010 659 2045 ὠφέλιμα
672 2012 687 2045 ἠ
693 2010 749 2046 μῶν
762 2011 800 2046 τῷ

23 2054 89 2087 ’ένει,
106 2055 211 2091 πολλὴν
228 2056 250 2082 δ’
265 2056 320 2090 ἔχει
339 2055 372 2082 τὰ
388 2055 540 2092 ζητούμενα
560 2056 710 2090 πράγματα
731 2056 801 2082 διολ-

22 2099 56 2133 ξήν
69 2108 75 2114 ·
100 2100 146 2127 διὰ
173 2100 255 2127 τοῦτο
277 2101 396 2136 αἱρέσεις
417 2101 445 2126 ἐν
465 2100 606 2135 φιλοσοφίᾳ
633 2101 800 2136 συνέστησαν

22 2144 131 2172 πλεῖσται
145 2147 221 2178 ὅσαι,
237 2143 274 2173 ὧν
288 2147 315 2173 αἱ
330 2147 378 2182 μέν
391 2148 443 2173 εἰσι
458 2147 661 2182 διασημότεραι,
682 2148 710 2173 αἱ
726 2147 752 2173 δὲ
768 2147 799 2173 οὐ

24 2190 138 2220 οιαῦται.
165 2192 248 2219 Ἀλλὰ
261 2193 306 2219 καὶ
324 2192 487 2227 Ἰουδαῖσμὸς
503 2193 637 2228 πρόφασιν
650 2192 711 2227 ἔσχε
726 2192 800 2226 γενέ·
818 2205 836 2231 D

22 2245 72 2268 τως
85 2238 235 2273 αἱρέσεων,
256 2238 304 2273 τὴν
320 2238 446 2274 διάφορον
462 2238 574 2273 ἐκδοχὴν
587 2238 640 2264 τῶν
662 2239 801 2269 Μωῦσέως

22 2291 79 2319 "gap.
84 2284 182 2319 μάτων
197 2284 308 2310 καὶτῶν
322 2284 497 2320 προφητικῶν
509 2284 604 2317 λόγων.
621 2283 697 2310 Οὕτω
713 2284 801 2310 τοίνυν

22 2330 64 2355 πεὶ
78 2331 181 2366 σεμνόν
198 2339 227 2356 τι
242 2330 327 2365 ἐφάνη
342 2331 397 2361 τοῖς
412 2329 565 2364 ἀνθρώποις
578 2329 798 2364 Χριστιανισμὸς,

22 2374 32 2400 3
47 2374 141 2409 μόνοις
157 2375 211 2410 (ὡς
226 2375 240 2400 ὁ
256 2375 357 2406 Κέλσος
374 2374 480 2409 οἴεται,)
490 2376 544 2405 τοῖς
557 2374 801 2409 ἀνδραποδωδεστέ-

23 2427 70 2451 οις,
90 2420 162 2446 ἀλλὰ
180 2419 232 2446 καὶ
248 2419 353 2452 πολλοῖς
367 2419 421 2446 τῶν
434 2420 499 2455 παρ’
516 2419 624 2454 Ἕλλησι
640 2419 797 2453 φιλολόγων,

24 2465 162 2498 ναγκαίως
179 2465 338 2500 ὑπέστησαν
350 2465 379 2491 οὐ
395 2465 502 2496 πάντως
518 2465 560 2491 διὰ
579 2464 686 2495 στάσεις
703 2464 748 2490 καὶ
770 2464 798 2490 τὸ

26 2508 156 2536 ιλὸνεικον
172 2510 306 2545 αἱρέσεις,
322 2509 389 2536 ἀλλὰ
401 2510 446 2536 διὰ
460 2510 490 2536 τὺ
506 2509 665 2541 σπουδάζειν
680 2509 797 2535 συνιέναι

38 2565 82 2592 ⁵⁷1
102 2565 170 2592 Cor.
190 2572 235 2596 xv,
252 2564 305 2598 l2;
323 2564 344 2591 ll
356 2565 450 2592 Thess.
464 2573 499 2596 ιι,
515 2565 543 2593 ‘2.
605 2565 628 2580 ⁸⁸
647 2563 739 2591 ΙἹῚιιι.
760 2571 785 2590 γι
799 2584 806 2595 ,

38 2610 94 2647 (Η)
109 2612 139 2639 lu
158 2613 287 2646 margine
299 2611 443 2647 Anglicani
462 2612 539 2646 primi
554 2610 663 2646 legitur,
679 2610 795 2646 ἐρχομέ-

22 2654 52 2671 ιυν
57 2667 61 2672 ,

36 2682 91 2717 ιἸΞ)
108 2681 226 2715 Βάρος.
243 2680 326 2717 Codd.
344 2682 410 2716 Reg.
427 2685 452 2708 et
465 2681 558 2712 Basil.,
572 2682 663 2717 μέρος,
682 2679 759 2717 ιιιιιΙθἒ

35 2714 93 2747 (75)
113 2714 396 2750 Ἐὰαγγελλόμενοιῖ
411 2717 494 2743 Recte
508 2714 584 2742 codd.
600 2714 737 2750 Regiusret
752 2714 799 2741 Ba-

26 2749 140 2789 leensis;
161 2749 239 2789 male
255 2749 317 2789 vero
332 2751 397 2778 libb.
416 2751 507 2789 excusi
518 2749 798 2789 ,_dtm_tyye).?.6pevot.

23 2787 101 2812 iidem
118 2787 195 2815 loco.
213 2785 400 2821 ἐναυάγησαν,
419 2785 541 2820 impressi
559 2786 658 2812 habent
681 2785 707 2810 iu
725 2792 796 2810 tuar-

28 2829 70 2851 ue,
87 2821 266 2856 ἠστόχησαν.

34 2857 89 2892 (Ἠ)
101 2853 150 2884 ’Τὰ
162 2853 264 2883 Librati
277 2855 304 2880 δ’
320 2855 423 2888 ἄλλοις
445 2854 564 2889 ἀλλαχῆ
581 2853 743 2889 τετὰχαται.
762 2853 799 2880 lta

819 869 839 895 Β

602 137 741 166 CONTRA
758 135 895 164 CELSUM
913 136 976 164 LIB.
996 136 1039 166 Ill.

1590 144 1641 171 9M

858 196 984 227 brorum,
1008 197 1054 230 qui
1076 196 1158 224 divini
1183 204 1240 225 esse
1259 199 1424 233 creduntur,
1451 201 1522 229 inter
1549 203 1640 231 ﬁdeles

859 241 981 268 dissidia.
998 242 1092 269 Adhuc
1104 245 1232 277 apostolis
1246 246 1464 280 prmdicautihns,
1477 248 1577 283 etIJesu
1591 250 1636 276 do-

858 291 982 313 cumeula
1011 287 1179 315 tradentibus
1199 289 1244 322 qui
1270 289 1351 326 454
1373 293 1430 319 suis
1451 292 1527 320 illum
1553 294 1642 321 oeulis

859 332 996 364 viderant,
1013 333 1126 367 qumstio
1144 341 1196 360 non
1215 335 1318 362 modica
1331 336 1403 363 inter
1419 345 1465 364 eos
1483 340 1526 373 qui
1541 346 1574 366 ex
1594 340 1641 367 Ju-

860 376 923 403 daeis
939 376 1017 403 [idem
1032 384 1201 412 acceperant,
1223 386 1316 407 exorta
1333 387 1384 414 est,
1402 390 1572 417 oporteretne
1591 386 1639 412 Ju-

858 420 948 447 daicos
965 421 1032 448 ritus
1046 423 1186 449 observari
1203 424 1236 450 ab
1255 425 1287 451 iis
1302 426 1347 459 qui
1365 434 1397 453 ex
1411 429 1535 461 gentibus
1558 431 1590 456 ad
1610 430 1640 457 li-

858 466 916 493 dem
931 473 1113 500 accesserant;
1131 476 1166 494 an
1186 468 1295 496 liberari
1313 473 1470 499 mundorum
1487 473 1641 501 immundo-

858 518 970 545 rumque
985 511 1107 538 ciborum
1126 520 1208 540 onere
1226 534 1234 546 ,
1255 519 1283 540 ut
1301 515 1411 543 minime
1430 520 1584 546 necessario
1607 521 1641 548 iis

858 557 915 591 qui,
931 556 1031 584 relictis
1042 557 1136 591 patriis
1151 558 1289 591 institutis,
1303 559 1365 587 Jcsu
1380 562 1533 591 crederent.
1547 564 1599 593 Sed
1612 572 1641 594 et

857 603 883 629 in
901 603 1028 636 Epistolis
1048 603 1124 631 Pauli
1138 604 1171 637 ⁸⁷,
1189 606 1300 640 aequalis
1316 614 1408 634 eorum
1421 609 1468 642 qui
1487 609 1580 637 Jesum
1600 612 1641 639 vi-

857 649 969 682 derant,
993 650 1093 677 mentio
1116 650 1145 677 ﬁt
1169 651 1376 683 nonnullorum.
1395 653 1440 687 qui
1465 653 1497 681 de
1519 663 1641 683 resurre-

856 694 944 721 ctione
973 695 1136 729 quaestiones
1159 701 1317 730 moverent,
1345 702 1435 725 utrum
1455 699 1512 734 jam
1543 700 1640 729 fuisset

857 739 938 770 facta;
954 745 980 766 et
993 740 1025 767 de
1039 740 1081 767 die
1092 740 1207 774 Domini,
1218 741 1375 776 instaretne,
1386 751 1486 771 annon.
1501 745 1532 771 Et
1542 753 1576 773 ex
1589 747 1640 773 isto

855 784 913 812 loco
931 793 937 811 :
957 795 966 811 ι
985 785 1112 814 Devitans
1128 787 1259 820 profanas
1275 795 1369 815 vocum
1385 790 1519 818 novitates
1543 796 1571 818 et
1590 800 1640 826 op-

855 830 1001 864 positiones
1028 831 1087 859 falsi
1112 832 1230 860 nominis
1259 833 1395 867 Scientize,
1419 843 1500 869 quam
1527 838 1637 871 quidam

855 875 1045 909 promittentes
1060 877 1131 904 circa
1149 877 1228 904 [idem
1244 879 1444 912 exciderunt",
1460 889 1469 904 ι
1483 882 1590 914 planum
1609 884 1638 910 ﬁt

852 921 907 955 jam
924 925 978 947 tum
992 922 1026 948 ab
1042 921 1120 949 initio
1133 927 1160 949 et
1174 930 1235 950 cum
1250 925 1366 951 nomium
1390 927 1465 952 multi
1488 927 1637 955 Christiani

854 970 955 998 essent,
971 971 999 993 ut
1012 972 1103 994 censet
1117 967 1222 1001 Celsus,
1238 976 1320 1004 prave
1334 969 1417 998 fuisse
1434 978 1448 998 a
1473 972 1636 1007 quihusdam

855 1010 989 1040 intellecta
1009 1014 1150 1048 mysteria.

891 1143 932 1171 l2.
954 1144 1055 1172 Deinde
1070 1145 1201 1172 doctrina:
1217 1146 1283 1173 vitio
1297 1147 1370 1174 ducit
1383 1147 1531 1183 ohjicitqne
1557 1149 1638 1178 nobis

854 1194 928 1216 ortas
948 1191 972 1216 in
996 1190 1206 1218 Christianismo
1227 1198 1316 1220 sectas
1338 1202 1346 1219 ι
1375 1202 1384 1218 ι
1417 1194 1515 1228 Sparsa
1540 1203 1634 1222 eorum

854 1234 1035 1268 multitudine,
1054 1236 1150 1270 inquit,
1166 1237 1256 1264 statim
1269 1237 1348 1265 divisi
1362 1239 1386 1264 iu
1402 1246 1493 1273 partes
1510 1246 1637 1267 secantur

853 1284 880 1304 et
891 1286 968 1306 suam
984 1283 1097 1314 qulsque
1113 1280 1257 1308 factionem
1271 1282 1371 1310 habere
1384 1284 1485 1311 volunt.
1505 1295 1515 1311 ι
1528 1287 1610 1313 Addit
1626 1296 1632 1314 :

855 1333 864 1350 ‹
884 1324 913 1350 Ει
929 1332 943 1351 a
967 1325 1139 1353 multitudine
1160 1327 1256 1354 iterum
1278 1327 1390 1361 sejuneli
1413 1330 1459 1356 alii
1483 1331 1552 1358 alios
1569 1339 1635 1358 cou-

852 1369 990 1401 demnant,
1005 1377 1088 1397 unum
1104 1379 1200 1398 nomen
1218 1379 1360 1400 commune
1377 1376 1532 1409 retinentes.
1552 1379 1573 1404 si
1595 1383 1636 1406 ta-

853 1422 913 1440 men
927 1423 1069 1443 commune
1087 1417 1214 1444 retinent.
1231 1418 1287 1446 Hoc
1305 1420 1401 1448 saltem
1423 1422 1511 1449 solunt
1536 1431 1635 1451 exuere

853 1458 957 1490 puduit.
978 1458 1015 1486 De
1037 1464 1136 1487 caetero
1154 1461 1205 1487 alia
1221 1461 1266 1489 alii
1286 1463 1387 1491 habent
1409 1466 1541 1495 instituta.
1566 1478 1574 1494 ι
1593 1469 1634 1495 Ad

854 1502 905 1530 hoc
927 1505 1151 1538 respondebimus
1172 1507 1205 1533 de
1223 1507 1295 1535 nulla
1312 1516 1340 1536 re
1365 1514 1442 1537 natas
1462 1519 1523 1538 esse
1547 1518 1635 1540 sertas

853 1549 1007 1582 dissimiles,
1024 1550 1089 1584 quin
1106 1552 1164 1586 ejus
1178 1553 1306 1587 praeclara
1323 1554 1404 1582 fuerit
1426 1561 1453 1582 et
1478 1557 1540 1584 vitae
1562 1559 1635 1585 utilis

852 1592 995 1621 institutio.
1006 1594 1096 1629 Itaque
1109 1597 1235 1630 quoniam
1246 1599 1398 1632 commoda,
1413 1600 1467 1628 imo
1480 1603 1632 1629 necessaria

851 1640 942 1673 generi
959 1640 1078 1667 humano
1094 1643 1225 1670 medicina
1242 1647 1293 1676 est,
1313 1649 1340 1671 et
1357 1645 1382 1671 in
1399 1652 1429 1672 ca
1449 1647 1584 1680 multiplex
1602 1649 1636 1675 de

851 1693 996 1721 corporum
1010 1688 1189 1715 eurandorum
1207 1689 1312 1716 ratione
1326 1691 1443 1725 agitatur
1457 1694 1582 1726 quatstio;
1600 1695 1635 1720 oh

853 1732 920 1758 hunc
936 1739 992 1759 rem
1005 1733 1126 1767 plurimae
1139 1733 1209 1764 apud
1217 1734 1335 1767 Graecos,
1350 1736 1375 1762 id
1386 1736 1456 1771 quod
1470 1738 1496 1764 in
1507 1739 1635 1765 confesso

851 1781 901 1809 est,
923 1778 949 1803 in
967 1778 1098 1804 medicina
1116 1783 1196 1805 secta:
1209 1784 1278 1806 ortae
1292 1784 1365 1813 sunt;
1380 1785 1445 1813 puto
1461 1788 1510 1815 ego
1525 1787 1551 1808 et
1565 1784 1634 1816 apud

853 1822 995 1855 barbaros,
1022 1827 1155 1857 quotquot
1172 1824 1332 1851 medicinam
1354 1826 1484 1853 adhibere
1503 1827 1635 1861 proﬁten-

853 1873 906 1894 tur.
921 1867 966 1895 Sic
979 1869 1060 1895 etiam
1077 1870 1246 1904 philosophia
1266 1870 1406 1898 veritatem
1423 1876 1449 1898 et
1470 1879 1560 1899 rerum
1574 1881 1635 1907 qua:

851 1919 912 1940 sunt
927 1914 1104 1948 cognitionem
1117 1914 1258 1950 pollicens,
1269 1916 1330 1949 quia
1342 1917 1491 1950 praescrihit
1502 1919 1635 1951 quomodo

850 1959 943 1985 vivere
960 1963 1103 1992 oporteat,
1121 1964 1149 1986 et
1169 1967 1228 1993 quae
1246 1964 1338 1986 nostro
1360 1961 1451 1995 generi
1474 1961 1551 1988 utilia
1569 1966 1634 1988 sunt

851 2005 947 2030 docere
958 2009 1082 2036 conatur,
1100 2004 1140 2031 ha:
1152 2008 1240 2031 autem
1255 2011 1298 2031 res
1312 2005 1338 2031 in
1353 2005 1449 2032 multas
1463 2006 1628 2039 quaestiones

850 2050 1049 2082 distrahuntur,
1069 2055 1210 2084 propterea
1227 2051 1352 2077 abierunt
1369 2051 1524 2085 philosophi
1540 2053 1565 2078 iu
1590 2060 1634 2079 se-

850 2101 908 2122 ctas
927 2095 1157 2130 quamplurimas,
1180 2104 1294 2130 quarum
1314 2096 1372 2123 alia:
1390 2097 1553 2124 celebriores
1578 2097 1635 2125 fue-

850 2147 924 2174 runt,
939 2141 998 2168 alia:
1014 2142 1195 2168 obscuriores.
1215 2141 1279 2168 Item
1296 2142 1322 2168 iu
1336 2141 1477 2169 Judaismo
1490 2143 1572 2170 sectis
1587 2151 1633 2170 oc-

852 2187 988 2214 t-asionem
1009 2187 1122 2220 przrbuit
1147 2187 1252 2214 diversa
1271 2187 1447 2215 Mosaicorum
1471 2189 1633 2222 scriptorum

853 2239 1061 2266 sermonumque
1078 2231 1297 2265 propheticorum
1309 2232 1505 2266 interpretatio.
1522 2233 1635 2260 Similli-

853 2285 894 2303 me
908 2277 1033 2310 quoniam
1054 2277 1275 2303 Christianismus
1292 2277 1449 2310 praeclarum
1463 2279 1527 2312 quid
1546 2279 1630 2306 visum

852 2327 893 2349 est
905 2323 1072 2355 hominibus,
1085 2330 1134 2350 nec
1148 2323 1234 2350 solum
1249 2323 1340 2350 servili
1357 2324 1476 2358 ingenio,
1498 2329 1526 2350 ut
1541 2325 1635 2352 Celsus

853 2372 940 2402 putat,
953 2368 999 2395 sed
1013 2369 1094 2395 etiam
1115 2368 1207 2395 multis
1220 2370 1289 2403 apud
1307 2369 1415 2396 Graecos
1430 2370 1555 2402 eruditis;
1573 2371 1634 2396 ideo

854 2421 965 2441 necesse
978 2413 1029 2440 fuit
1046 2418 1075 2440 ut
1090 2415 1371 2448 secttcroborirentur,
1386 2421 1438 2441 non
1457 2420 1568 2449 propter
1590 2423 1632 2443 se-

853 2461 961 2487 ditionis
978 2465 1003 2486 et
1022 2460 1338 2490 contentionisstudium,
1355 2460 1402 2486 sed
1413 2460 1526 2493 quodex
1545 2461 1634 2487 erudi-

852 2508 885 2533 tis
899 2506 1005 2540 plurimi
1021 2506 1148 2540 mysteria
1161 2505 1359 2532 Christianisml
1380 2503 1459 2540 455
1482 2505 1632 2540 intelligere

822 2563 868 2590 20.

851 2613 923 2636 recte
936 2609 1047 2635 omnino
1060 2608 1215 2635 Philocaliae
1228 2607 1313 2634 codex
1325 2606 1533 2640 manuscriplus.
1548 2606 1633 2639 Alias,

850 2644 883 2681 τὰ.
905 2643 985 2670 λοιπὰ
1050 2643 1124 2681 ᾂλλοι
1146 2642 1247 2681 ἀλλαχῆ
1271 2641 1541 2681 τετάχαταικβ-ιιὶοιρ
1565 2650 1634 2681 εει-ι-

852 2680 968 2705 lmutimn
989 2679 1138 2710 ridebatur,
1155 2677 1190 2703 τὰ
1206 2676 1287 2704 λοιπὰ
1302 2677 1324 2703 δ’
1340 2677 1406 2712 ἄλλη
1429 2676 1532 2712 ἀλλαχῇ
1555 2676 1635 2703 τετά-

868 2721 940 2740 αται.

963 2747 1011 2783 Ἐν
1025 2745 1149 2783 ἰατρικῇ,
1170 2746 1235 2773 Vide
1248 2746 1343 2783 librum
1355 2746 1455 2783 >Galeni
1475 2746 1545 2783 Περί
1558 2745 1635 2779 αἰρέ-

851 2780 999 2814 cei-nﬁqu
1008 2780 1220 2816 εἰσαγομένοις,
1234 2786 1257 2807 el
1268 2781 1338 2814 Περὶ
1346 2781 1470 2816 ἀρίστης
1482 2780 1634 2815 αιρέσεως,

851 2824 876 2844 et
894 2825 953 2851 cap.
969 2817 986 2844 5
1002 2823 1028 2844 et
1046 2817 1062 2844 4
1078 2815 1286 2844 Ιιιίιιιυιιιιειὶοηίε
1299 2836 1306 2849 ,
1331 2817 1387 2843 sive
1406 2815 1515 2848 Medici,
1532 2816 1635 2843 Galero

853 2858 986 2886 ascripta.
