1848 3091
118 90 185 144 V919
853 112 1013 142 ORIGENIS
1701 113 1756 141 920

134 177 256 208 minare.
273 180 365 211 posset
376 177 436 204 sine
451 176 506 204 Deo
523 175 612 204 facere
623 176 712 204 omnia
728 182 777 211 pro
791 175 883 203 arbitri

987 172 1118 199 εοσέσειαν
1128 173 1175 199 καὶ
1188 173 1371 205 διδασκαλίαν,
1388 172 1499 200 δύναται
1511 172 1568 207 (59)
1581 172 1656 198 ἀθεεὶ
1672 171 1754 221 ποιῇ-

133 228 316 257 snperareque
333 229 382 249 eos
399 229 503 254 omnes,
522 222 568 256 qui
582 229 638 249 suae
649 222 779 249 doctrina:
794 228 883 256 prome

987 227 1010 245 ιιι
1025 218 1040 244 ὃ
1063 217 1195 253 βούλεται,
1210 219 1257 244 καὶ
1275 217 1405 253 κρείττων
1426 217 1551 252 γενέσθαι
1571 217 1682 243 πάντων
1696 217 1753 242 τῶν

131 267 232 302 gationi
248 268 468 300 adversarentur,
483 275 572 302 reges.
585 268 771 302 imperatores,
787 272 883 295 senatu

987 263 1198 297 ντιπραττόντων
1211 264 1244 298 τῇ
1258 264 1327 298 νομῇ
1343 263 1392 297 τῆς
1401 261 1574 293 διδασκαλίας
1588 260 1685 310 auro},
1699 260 1753 310 P.1-

965 307 1060 334 σιλέων
1083 315 1113 333 τε
1139 307 1186 334 καὶ
1208 307 1375 342 ἡγουμένων,
1401 307 1448 333 καὶ
1474 306 1626 341 συγκλήτου
1650 305 1753 340 βουλῆς

969 351 1122 386 Ῥωμαίων,
1136 351 1183 378 καλ¹
1197 351 1251 378 τῶν
1266 350 1404 386 πανταχοῦ
1418 351 1566 387 ἀρχόντων,
1581 350 1629 377 καὶ
1647 350 1681 385 δή
1687 358 1750 385 μου.

962 396 1024 428 Πῶς
1039 396 1068 422 δὲ
1084 397 1132 423 καὶ
1145 396 1288 432 ἀνθρώπου
1304 397 1393 430 φύσις,
1413 396 1494 432 μηδὲν
1508 396 1607 430 ἔχουσα
1622 397 1751 431 κρεῖττον

961 442 990 468 ἐν
1014 441 1092 477 αὐτῇ,
1112 441 1222 468 δύναται
1236 441 1360 468 τοσοῦτον
1379 440 1540 476 ἐπιστρέψαι
1559 439 1679 475 πλῆθος;
1701 440 1751 466 καὶ

960 486 991 512 οὐ
1014 486 1168 522 θαυμαστὸν
1186 488 1210 514 εἰ
1224 486 1278 513 τῶν
1292 487 1442 522 φρονίμων,
1460 485 1528 512 ἀλλὰ
1548 485 1596 512 καὶ
1612 485 1667 511 τῶν
1683 484 1749 511 ἀλο-

960 532 1099 566 γωτάτων,
1114 533 1161 558 καὶ
1173 533 1229 564 τοῖς
1239 531 1352 559 πάθεσιν
1367 531 1534 567 ἐγκειμένων
1544 530 1611 566 (ιο),
1626 531 1676 557 καὶ
1685 530 1749 556 ὅσον

960 579 1006 605 ἐπὶ
1027 580 1060 614 τῇ
1082 578 1188 613 ἀλογία,
1202 579 1389 615 χαλεταῦτερον
1415 578 1633 614 μετατιθεμένων
1655 579 1697 609 εἰς
1716 577 1748 604 τὸ

961 623 1197 660 σωφρονέστερον;
1217 624 1285 650 Ἀλλ’
1296 624 1357 651 ἐπεὶ
1367 624 1479 659 δύναμις
1493 623 1540 650 τοῦ
1552 623 1619 650 Θεοῦ
1646 625 1661 650 ό
1680 623 1748 658 Χρι-

960 667 1021 700 στὸς
1034 666 1077 704 ἦν,
1095 669 1142 695 καὶ
1157 669 1236 703 σοφία
1251 669 1298 696 τοῦ
1312 668 1427 704 Πατρὸς,
1443 668 1487 695 διὰ
1498 668 1577 695 τοῦτο
1593 668 1680 695 ταῦτα
1695 677 1747 695 πε-

958 714 1066 750 ποίηκε,
1083 714 1130 741 καὶ
1147 715 1187 741 ἐτι
1201 716 1281 747 ποιεῖ,
1295 714 1348 741 κᾶν
1364 715 1432 750 μήτε
1455 714 1576 741 Ἰουδαῖοι
1593 715 1663 749 μήτε
1681 713 1746 740 Ἔλ-

957 759 1036 794 ληνες
1060 759 1217 795 βούλωνται,
1242 762 1266 787 οἱ
1290 761 1467 792 ἀπιστοῦντες
1493 760 1575 787 αὑτοῦ
1599 760 1638 796 τῷ
1660 760 1744 795 λόγῳ.

964 805 1059 840 Ἡμεῖς
1073 803 1118 832 οὖν
1133 806 1163 832 οὐ
1178 805 1339 841 παυσόμεθα
1352 806 1523 837 πιστεύοντες
1542 806 1581 841 τῷ
1595 805 1655 841 Θεῷ
1673 806 1746 833 κατὰ

955 851 1004 883 τὰς
1024 851 1108 888 Ἰησοῦ
1121 852 1238 887 Χριστοῦ
1247 852 1395 887 ὑποθήκας,
1410 852 1527 883 καὶτοὺς
1538 851 1744 886 τυφλώττοντας

956 897 1023 932 περὶ
1039 889 1192 924 θεοσέϐειαν
1207 897 1342 929 ἐθέλοντες
1357 898 1545 934 ἐπιστρέφειν·
1565 897 1616 924 κᾶν
1635 899 1660 924 οἱ
1675 898 1744 932 ἀλη-

956 941 1009 974 θῶς
1023 943 1222 977 τυφλώττοντες
1237 943 1408 980 λοιδορῶνται
1422 945 1487 979 ἡμῖν
1497 943 1534 975 ὡς
1545 943 1742 978 τυφλώττουσι,

955 988 1000 1015 καὶ
1023 989 1047 1014 οἱ
1071 988 1268 1024 βουκολοῦντες,
1291 990 1346 1016 εῐτε
1374 989 1493 1016 Ἰουδαῖοι
1519 988 1574 1016 εἴτε
1597 989 1742 1024 Ἕλληνες,

953 1035 1016 1066 τοὺς
1029 1035 1309 1070 συγκατατιθεμένους
1321 1036 1421 1067 αὐτοῖς,
1433 1036 1498 1071 ἡμῖν
1522 1034 1677 1069 ἐγκαλῶσιν
1703 1036 1742 1067 ὡς

953 1080 1184 1115 βουκολοῦσιτοὺς
1205 1080 1378 1116 ἀνθρώπους·
1405 1080 1490 1116 καλήν
1513 1088 1545 1115 γε
1568 1080 1741 1116 βουκόλησιν,

953 1126 985 1153 ἵν’
1000 1126 1060 1153 ἀντὶ
1069 1126 1224 1153 ἀκολάστων
1238 1126 1373 1161 σώφρονες
1385 1126 1528 1160 γένωνται,
1541 1125 1557 1161 ἢ
1573 1127 1743 1160 προκόπτον-

951 1171 997 1203 τές
1012 1179 1043 1206 γε
1063 1172 1108 1198 ἐπὶ
1127 1171 1302 1207 σωφροσύνην
1314 1180 1320 1186 ·
1337 1171 1384 1198 καὶ⁸
1401 1172 1461 1198 ἀντὶ
1479 1172 1579 1199 ἀδίκων
1594 1171 1706 1203 δίκαιοι,
1722 1172 1740 1207 ἢ

951 1216 1150 1252 προκόπτοντες
1176 1217 1221 1243 ἐπὶ
1245 1216 1432 1252 δικαιοσύνην
1459 1217 1506 1243 καὶ
1528 1217 1588 1244 ἀντὶ
1611 1217 1740 1252 ἀφρόνων

951 1262 1086 1297 φρόνιμοι,
1100 1262 1116 1296 ἦ
1129 1262 1266 1294 ὁδεύοντες
1277 1263 1323 1288 ἐπὶ
1333 1263 1382 1297 τὴν
1396 1262 1526 1298 φρόνησιν
1535 1271 1541 1277 ⁸
1557 1262 1603 1288 καὶ
1615 1262 1678 1288 ἀντὶ
1689 1262 1740 1288 δει-

949 1307 1002 1334 λῶν
1030 1308 1076 1334 καὶ
1105 1307 1208 1342 ἀγενῶν
1231 1308 1285 1343 (At)
1311 1308 1357 1334 xui.
1380 1308 1530 1343 ἀνάνδρων,
1545 1308 1663 1343 ἀνδρεῖοι
1691 1308 1738 1334 καὶ

949 1353 1117 1389 καρτερικοὶ,
1131 1353 1178 1380 καὶ
1189 1353 1306 1388 μάλιστα
1318 1353 1396 1380 τοῦτο
1410 1353 1626 1388 ἐπιδεικνύμενοι
1638 1354 1668 1381 ἐν
1680 1355 1737 1385 τοῖς

950 1401 1019 1436 ὑπὲρ
1033 1400 1174 1432 εὐσεϐείας
1186 1401 1235 1435 τῆς
1249 1401 1289 1432 εις
1304 1401 1349 1428 τὸν
1366 1402 1497 1428 κτίσαντα
1513 1401 1560 1428 ὅλα
1575 1401 1641 1428 Θεὸν
1662 1402 1736 1436 ἀγῶ-

950 1455 1001 1472 σιν.
1025 1444 1126 1473 Ἥλθεν
1144 1444 1190 1473 οὖν
1206 1447 1255 1482 οὐχ
1278 1447 1330 1473 ὑπὸ
1350 1447 1409 1479 ἑνὸς
1429 1449 1580 1483 προφήτου,
1600 1448 1660 1474 ἀλλ’
1685 1449 1736 1475 ὑπὸ

949 1491 1057 1518 πάντων
1070 1492 1269 1527 προκηρυχθεὶς
1286 1492 1389 1528 Ἰησοῦς
1403 1493 1528 1529 Χριστός.
1548 1493 1601 1520 Καὶ
1613 1493 1693 1520 τοῦτο
1707 1494 1736 1520 δὲ

948 1537 998 1572 τῆς
1020 1537 1137 1572 ἀμαθίας
1152 1535 1186 1572 ἦν
1210 1537 1328 1570 Κέλσου,
1354 1539 1502 1574 περιθεῖναι
1528 1538 1566 1574 τῷ
1598 1539 1736 1574 Ἰονδαῐκῷ

949 1582 1097 1618 προσώπῳ,
1109 1583 1157 1610 ἕνα
1171 1584 1314 1619 προφήτην
1329 1584 1522 1620 προειρηκέναι
1533 1584 1596 1619 περὶ
1607 1584 1654 1611 τοῦ
1669 1586 1736 1620 Χρι-

130 310 281 338 Romanum
293 331 302 344 ,
318 319 413 340 onmes
425 313 545 339 omnium
559 313 680 346 gentium
696 313 831 347 principes
841 333 848 345 ,
866 319 913 346 po-

130 356 236 390 pulum.
256 357 397 390 Quomodo
413 363 502 386 autem
527 363 552 385 et
578 358 695 386 hominis
714 362 827 390 natura,
846 358 913 385 nihil

129 402 232 430 habens
244 403 270 430 in
287 411 317 431 se
329 403 387 437 ipsa
409 404 596 438 prmstantius,
617 408 708 438 posset
724 409 806 432 tanta:
819 404 912 431 multi-

128 448 231 476 tudinis
255 449 360 476 animes
378 449 523 478 immutare
535 469 543 482 ,
563 457 613 477 nec
627 451 708 478 modo
723 450 887 485 sapientium
901 470 910 483 ,

126 494 198 528 quod
210 501 262 521 non
275 494 373 522 mirum
386 499 468 527 esset,
486 495 532 523 sed
545 502 638 524 eorum
654 495 748 528 etiam,
761 495 843 532 “7
864 497 910 530 qui

126 539 201 566 nttlla
217 539 322 567 ratione
336 540 481 574 ducuntur,
497 541 544 575 qui
558 541 631 568 vitiis
651 541 733 569 dediti
747 546 829 574 sunt,
846 542 910 576 qui-

125 590 180 616 que
196 591 230 611 eo
244 584 378 612 diﬁicilius
390 585 423 612 ad
439 586 633 613 continentiam
645 587 825 620 adducuntur,
838 595 907 622 quo-

126 629 218 657 minus
242 630 339 658 rationi
372 635 435 659 sunt
459 631 660 666 obsequentes?
685 631 818 665 Quoniam
842 641 910 662 vero

124 673 250 702 Christus
267 680 327 703 erat
341 680 367 704 et
382 676 431 704 Dei
445 677 531 704 virtus
549 677 676 706 etPatris
690 678 833 712 sapientia,
851 679 908 707 haec

124 720 216 747 omnia
230 719 294 748 fecit
305 725 332 748 et
344 721 424 748 etiam
437 730 506 749 nunc
520 722 595 755 facit,
609 723 672 750 licet
683 723 766 751 Judaei
781 729 807 751 et
820 725 906 752 Graeci

123 764 183 798 ejus
200 765 330 793 doctrinm
351 766 482 794 increduli
498 769 623 796 assentiri
641 769 734 796 nolint.
755 769 810 797 Nos
825 770 908 805 igitur

121 808 186 837 Jesu
202 810 371 839 documentis
384 813 507 840 instructi
525 814 579 840 Deo
592 814 703 842 credere
718 822 771 842 non
788 823 905 850 unquam

123 855 296 888 desinemus.
311 861 338 884 et
360 858 420 886 illos
444 860 476 886 ad
496 860 542 886 Dei
567 861 668 888 cttltum
682 861 854 889 caacuticntes
872 862 904 889 ad

122 900 261 929 meliOrem
279 902 382 938 frugem
399 905 467 932 velle
482 914 611 934 revocare
628 915 636 934 :
650 908 772 942 quamvis
788 915 838 935 nos
853 915 905 935 cte-

120 946 211 974 citatis
237 955 388 983 accusent,
412 951 461 985 ipsi
483 959 547 980 vere
564 953 648 987 caeci,
668 959 696 980 et
718 961 766 981 nos
779 954 904 989 decipere

120 993 244 1022 homines
271 996 470 1029 criminentur,
493 1006 553 1025 cum
575 999 626 1034 ipsi
652 1000 709 1027 sive
729 999 824 1031 Judaei.
846 1002 903 1029 sive

119 1040 228 1073 Crteci,
246 1042 387 1071 audientes
412 1052 442 1072 se
469 1045 612 1079 decipiant.
639 1046 755 1074 Pulchra
783 1047 903 1081 profecto

119 1091 211 1114 nostra
233 1088 385 1123 decipiendi
402 1091 489 1123 ratio,
504 1093 602 1127 quippe
619 1094 664 1127 qui
682 1093 808 1125 facimus,
826 1098 854 1120 ut
868 1101 901 1121 ex

118 1130 365 1166 iutemperantibus
386 1139 571 1170 temperantes
595 1138 681 1171 fiant,
705 1144 753 1166 aut
775 1140 902 1166 studeant

119 1181 324 1213 temperantiae;
338 1188 369 1208 ex
383 1182 492 1216 injustis
503 1185 565 1217 iusti
581 1185 646 1217 sint.
663 1189 709 1212 aut
722 1186 754 1212 ad
767 1185 900 1220 justitiam

117 1224 248 1257 tendant;
268 1233 300 1253 ex
319 1227 533 1262 imprudentibus
552 1232 669 1258 evadant
687 1231 837 1266 prudentes
854 1237 902 1260 ant

115 1270 188 1297 viam
204 1273 354 1306 prudentiae
370 1279 508 1303 sectentur
521 1284 528 1308 ς
543 1284 575 1304 ex
591 1278 704 1310 timidis,
721 1279 834 1312 ignavis,
850 1280 899 1305 im-

116 1318 230 1352 becillis.
243 1321 358 1349 animosi
385 1323 439 1350 sint
464 1329 490 1351 et
515 1324 618 1358 fortes;
645 1333 697 1360 qua
721 1327 822 1353 virtute
842 1331 897 1353 tum

115 1368 267 1398 prmsertim
290 1369 422 1401 eminent,
448 1378 508 1397 cum
526 1372 560 1398 ad
586 1372 714 1406 pietatem
732 1380 795 1408 erga
815 1373 898 1400 Dcutn

114 1410 234 1437 omnium
261 1413 428 1441 conditorem
453 1416 614 1443 servandam
643 1417 793 1446 decertant.
819 1418 899 1446 Venit

115 1461 180 1489 ergo
196 1454 276 1484 Jesns
290 1457 418 1486 Christus
441 1467 495 1487 non
511 1460 544 1487 ab
567 1469 620 1488 uno
633 1463 763 1497 propheta
776 1483 784 1496 ,
805 1465 851 1491 sed
864 1463 898 1492 ab

115 1501 241 1529 omnibus
254 1504 463 1537 praenuntiatus.
479 1505 511 1532 Et
522 1506 593 1534 Celsi
607 1507 759 1542 ignorantia
775 1509 836 1542 fuit,
847 1509 897 1537 ιιι-
911 1510 931 1537 C

115 1546 202 1572 dmum
219 1546 350 1575 inducere
367 1549 500 1576 dicentem
511 1571 518 1583 ,
532 1552 566 1578 ab
581 1559 636 1579 uno
648 1554 781 1587 propheta
796 1555 896 1589 praedi-

113 1595 188 1617 ctum
213 1592 350 1620 Christum
378 1594 470 1622 fuisse.
495 1596 584 1631 Atque
609 1598 666 1625 haec
688 1597 798 1626 Judaeus
826 1600 895 1634 apud

113 1636 232 1670 Celsum,
248 1638 326 1672 quasi
339 1640 489 1669 secundant
504 1650 579 1668 suam
598 1642 684 1677 legem
704 1643 823 1676 locutus,
847 1645 897 1671 ad-

113 1682 177 1709 ditis
190 1683 326 1711 nonnullis
340 1684 400 1712 aliis
411 1705 418 1717 ,
435 1693 495 1720 quae
515 1688 626 1715 minime
642 1689 724 1724 digna
739 1695 804 1717 sunt
818 1698 895 1718 men-

113 1727 198 1761 tione,
212 1728 294 1757 finem
308 1730 413 1759 dicendi
426 1732 500 1760 facit.
515 1733 563 1761 Hic
579 1734 659 1768 igitur
672 1741 700 1762 et
712 1743 762 1771 ego
777 1737 895 1763 secundo

111 1777 205 1799 contra
227 1774 299 1802 illius
313 1783 467 1806 sermonem
489 1778 557 1806 libro
574 1779 653 1807 linem
676 1780 824 1815 imponam.
841 1783 895 1810 Deo

112 1823 203 1845 autem
221 1819 313 1854 dante,
331 1826 358 1848 et
370 1822 470 1850 Christi
488 1824 587 1851 virtute
602 1825 627 1851 in
641 1830 761 1853 nostram
774 1827 893 1854 animam

111 1863 223 1898 illapsa,
242 1866 269 1893 in
289 1867 368 1894 tertio
389 1875 448 1902 quae
465 1874 557 1904 postea
584 1878 598 1897 a
613 1871 692 1899 Celso
710 1873 811 1907 scripta
831 1879 894 1900 sunt

111 1908 229 1938 refutare
240 1912 408 1940 conabimur.

950 1628 1022 1655 στοῦ.
1042 1629 1097 1656 Καὶ
1119 1629 1179 1656 ἐπεὶ
1197 1629 1284 1657 ταῦτα
1301 1631 1315 1657 ό
1334 1630 1410 1666 παρὰ
1425 1629 1463 1665 τῷ
1485 1630 1582 1666 Κέλσῳ
1608 1631 1736 1663 Ἰουδαῖος

948 1675 1070 1710 εἰσῆκται
1088 1675 1187 1709 λέγων,
1213 1676 1250 1707 ὼς
1273 1675 1352 1710 δῆθεν
1377 1676 1447 1702 κατὰ
1468 1676 1513 1702 τὸν
1530 1676 1626 1703 ἑαυτοῦ
1641 1677 1734 1712 νόμον,

949 1720 996 1746 καὶ
1013 1720 1094 1747 αὐτοῦ
1110 1729 1160 1747 που
1176 1721 1330 1747 κατέπαυσε
1345 1721 1390 1748 τὸν
1403 1721 1490 1755 λόγον,
1508 1722 1555 1748 καὶ
1568 1721 1636 1749 ἄλλα
1649 1722 1735 1749 εἰπὼν

946 1766 977 1792 οὐ
994 1767 1104 1801 μνήμης
1124 1766 1202 1799 ἄξια·
1227 1768 1274 1794 καὶ
1293 1767 1374 1800 αὐτὸς
1396 1767 1488 1796 ἐνθάδε
1510 1769 1683 1796 καταπαύσω
1705 1769 1736 1796 τὸ

946 1810 1070 1846 δεύτερον
1087 1811 1140 1838 τῶν
1160 1811 1228 1847 πρὸς
1248 1811 1278 1838 τὸ
1296 1811 1464 1848 σύγγραμμα
1483 1813 1565 1840 αὑτοῦ
1579 1813 1735 1849 ὑπαγορεν-

947 1855 1048 1883 θέντων
1062 1865 1116 1892 μοι.
1133 1857 1199 1884 Θεοῦ
1212 1857 1240 1884 δὲ
1251 1857 1375 1890 διδόντος,
1393 1859 1440 1885 καὶ
1453 1859 1502 1894 τῆς
1518 1859 1636 1894 Χριστοῦ
1654 1859 1735 1886 δυνά-

949 1909 1022 1935 μεως
1037 1903 1071 1937 τῇ
1086 1904 1157 1938 ψυχῇ
1186 1902 1264 1938 ἡμῶν
1283 1903 1477 1939 ἐπιδημοὺσης,
1501 1905 1690 1940 πειρασόμεθα
1706 1906 1735 1932 ὲν

947 1946 985 1980 τῷ
1002 1947 1085 1982 τρίτῳ
1104 1947 1171 1982 πρὸς
1195 1948 1228 1974 τὰ
1242 1947 1304 1983 ἐξῆς
1325 1948 1363 1983 τῷ
1386 1948 1483 1984 Κέλσῳ
1502 1948 1644 1984 γραφέντα
1665 1957 1735 1985 πρα-

946 1991 1160 2025 γματεὺσασθαι.

111 2053 1150 2076 Ἢ

417 2128 834 2189 ΩΡΙΓΕΝΟΥΣ
872 2135 1078 2191 ΚΑΤΑ
1115 2135 1420 2195 ΚΕΔΣΟΥ

670 2224 858 2266 ΤΟΜΟΣ
890 2226 1081 2270 ΤΡΙΤΟΣ
1092 2223 1160 2270 (⁵2).

231 2358 522 2409 ORIGENIS
559 2365 794 2412 CONTRA
834 2369 1062 2416 CELSUM
1099 2373 1279 2417 LIBER
1316 2374 1598 2419 TERTIUS.

138 2506 166 2534 1.
183 2506 212 2534 In
232 2507 318 2542 primo
332 2510 403 2543 quod
424 2509 555 2538 adversus
576 2511 672 2540 librum
689 2521 703 2539 a
719 2514 797 2541 Celso
811 2522 883 2542 arro-

989 2518 1024 2544 Εν
1049 2518 1097 2552 μὲν
1118 2516 1156 2552 τῷ
1181 2517 1280 2553 πρώτῳ
1298 2518 1337 2554 τῷ
1356 2519 1424 2555 πρὸς
1447 2520 1496 2556 τὴν
1522 2520 1640 2554 ἀλαζόνα
1665 2522 1728 2550 ἐπι-

102 2552 176 2586 ganti
189 2554 243 2580 veri
262 2555 388 2581 sermonis
405 2555 481 2583 titulo
500 2556 657 2591 inscriptum
674 2565 822 2594 contraque
837 2569 886 2588 nos

101 2597 270 2626 elaboratum
294 2601 454 2635 scripsimus
478 2602 624 2635 volumine,
647 2604 803 2633 fidelissime
821 2611 886 2632 Aln-

101 2642 184 2675 brosi,
201 2645 387 2678 praefationem
409 2645 468 2680 ejus
491 2652 518 2674 et
534 2655 594 2682 qme
609 2654 758 2683 sequuntur
781 2651 885 2684 ordine,

205 2698 296 2738 Cﬂdex
312 2701 423 2738 Regius,
437 2703 590 2738 δονήσεται.

136 2732 421 2773 (40)]Εγκειμέῦωνξ
444 2732 541 2765 Guielo
569 2740 741 2766 scribendum
768 2741 883 2773 videtur,

101 2766 277 2802 ἐκκειμένων.

137 2800 191 2835 (Μ)
213 2803 295 2831 Codd.
311 2805 408 2840 Regius
425 2813 449 2834 ct
467 2808 636 2841 liusilccusis,
651 2809 779 2842 ἀγεννῶν.

938 2563 1047 2598 γραφὴν
1061 2562 1174 2595 Κέλσου,
1187 2563 1387 2597 ἐπιγράψαντος
1398 2564 1496 2599 ἀληθῆ
1508 2566 1603 2600 λόγον
1618 2567 1649 2593 τὸ
1667 2568 1727 2595 καθ’

939 2607 1016 2642 ἡμῶν
1028 2607 1102 2642 αὐτῷ
1118 2608 1265 2642 συνταχθὲν
1278 2608 1389 2643 βιϐλίον,
1406 2610 1443 2642 ὠς
1460 2610 1640 2646 προσέταξας,
1655 2613 1728 2641 κατά

940 2652 1063 2688 δύναμιν,
1079 2654 1222 2680 πιστότατε
1243 2654 1398 2690 Ἀμϐρόσιῇ
1419 2656 1595 2692 διειληφαμεν
1616 2658 1648 2684 τὺ
1661 2666 1728 2694 προ-

987 2709 1029 2744 42)
1049 2710 1158 2749 lri__mss.
1174 2709 1267 2749 titulus
1279 2716 1331 2749 est.
1346 2710 1413 2746 πρὸς
1426 2711 1471 2749 τον
1485 2713 1725 2749 ἐπιγεγραμμένον

940 2743 1155 2784 Κιέλσουλλᾲληθῆ
1181 2744 1258 2784 λογον
1280 2743 1416 2784 τόμοςγ.
1440 2747 1496 2774 Duo
1510 2743 1653 2783 Anglicani
1679 2758 1725 2784 pro

939 2779 1021 2813 τόμος
1034 2782 1055 2812 γ’
1074 2780 1172 2806 habent
1185 2779 1261 2813 λόγος
1277 2783 1310 2813 γ’.
