1848 3091
69 158 117 186 921

667 160 807 187 CONTRA
827 161 963 189 CELSUM
983 162 1047 191 LIB.
1065 164 1107 192 ΙΙΙ.

1644 171 1696 199 9'22

68 219 158 253 οίμιον
176 217 258 245 αὐτοῦ
280 217 326 243 καὶ
343 217 416 252 ἑξῆς,
438 218 553 245 ἕκαστον
574 218 628 245 τῶν
645 220 796 255 εἰρημένων
813 221 819 256 j

937 223 1070 257 Ljussisti,
1087 231 1135 258 pro
1157 225 1260 253 viribus
1276 226 1400 260 rel‘utavi,
1424 228 1488 256 nihil
1516 228 1694 257 indiscussum

69 263 234 294 σινίζοντες,
253 262 305 294 ἓως
321 262 507 298 κατελήξαμεν
520 265 559 295 είς
576 264 625 300 τὴν
645 266 709 300 παρ’
721 266 795 300 αὐτῷ
814 266 860 301 δη-

69 308 205 344 μηγορίαν
232 308 278 335 τοῦ
316 309 461 342 Ἰουδαίου,
494 309 688 346 πεπλασμένην
721 311 859 346 γεγονέναι

68 353 140 389 πρὸς
155 354 200 380 τὸν
219 354 335 389 Ἰησοῦν·
355 356 384 381 ὲν
405 354 433 381 δὲ
449 355 488 390 τῷ
512 355 630 391 δευτέρῳ
646 356 714 391 πρὸς
739 357 798 390 ὅλα,
822 358 859 389 ὡς

67 396 122 425 οἷοί
134 399 159 424 τ’
176 396 258 434 ἦμεν,
277 399 481 434 ἀπαντήσαντες
498 400 532 427 τὰ
546 401 595 435 τῆς
616 401 684 437 πρὸς
698 403 782 437 ἡμᾶς,
797 403 859 434 τοὺς

67 444 114 470 διὰ
135 444 254 480 Χριστοῦ
279 445 317 480 τῷ
338 445 398 480 Θεῷ
420 446 606 479 πιστεύοντας,
621 447 791 483 δημηγορίας
812 449 858 475 τοῦ

69 490 137 524 παρ’
151 489 225 525 αὺτῷ
247 490 390 516 Ἰουδαίου·
412 490 503 526 τρίτον
519 490 613 518 τοῦτον
634 493 798 528 ἐνιστάμεθα
817 493 859 520 λό-

67 542 129 568 γον,
146 534 176 560 ὲν
192 531 214 567 ᾦ
230 534 370 570 πρόκειται
387 535 573 569 ἀγωνίσασθαι
592 536 660 572 πρὸς
682 537 699 564 a
725 538 858 565 ἐκτίθεται

67 579 106 610 t'o;
128 579 184 606 ἀπὸ
205 579 269 605 ιδίου
285 579 439 615 προσώπου.
453 581 521 616 Φησὶ
535 581 578 617 δὴ,
601 582 641 608 ὅτι
661 592 670 607 ι
684 583 858 618 Εὺηθέστατα

68 624 191 659 ἐρίζουσι
202 625 271 660 πρὸς
283 625 413 661 ἀλλήλους
426 626 584 661 Χριστιανοὶ
598 628 644 654 καὶ
663 628 795 661 Ἰουδαῖοι,
811 630 858 656 καὶ

67 670 145 704 λέγει
163 671 247 706 μηδὲν
264 670 402 706 διαφέρειν
419 671 496 706 ἡμῶν
509 671 554 698 τὸν
573 672 641 707 πρὸς
657 673 787 708 ἀλλήλους
800 674 858 701 διά-

67 716 149 750 λογον
167 717 232 751 περὶ
253 716 369 751 Χριστοῦ
384 717 432 752 τῆς
447 716 518 743 κατὰ
534 718 584 753 τὴν
600 719 747 754 παροιμίαν
763 720 859 746 καλου-

69 761 154 796 μένης
178 761 238 788 ὅνου
271 762 350 793 σκιᾶς
379 762 467 797 μάχης
492 762 563 798 (45)·
596 764 643 790 καὶ
666 765 750 792 οἴεται
776 766 858 801 μηδὲν

67 807 168 842 σεμνὶν
186 805 255 833 εἶναι
277 808 305 834 ὲν
328 808 362 842 τῇ
382 807 514 834 Ἰουδαίων
535 808 581 834 καὶ
599 809 768 844 Χριστιανῶν
791 811 858 846 πρὸς

65 851 198 887 ἀλλήλους
212 853 341 888 ζητήσει·
359 853 538 880 πιστευόντων
559 855 608 890 μὲν
628 856 801 891 ἀμφοτέρων,
817 857 857 883 ὅτι

64 897 121 923 ἀπὸ
142 897 214 924 θείου
236 898 393 933 Πνεύματος
411 899 599 934 προεφητεύθη
615 909 656 932 τις
680 901 854 937 ὲπιδημήσων

64 941 163 979 Σωτὴρ
182 942 221 979 τῷ
243 943 315 978 γένει
342 944 395 971 τῶν
418 944 579 980 ἀνθρώπων,
604 945 694 972 οὐκέτι
719 946 740 972 δ’
759 946 854 981 ὁμολο-

63 989 186 1022 γούντων
203 990 267 1025 περὶ
292 989 338 1016 τοῦ
362 990 519 1026 ἐληλυθέναι
542 990 587 1016 τὸν
607 992 853 1027 προφητευόμενον,

62 1035 79 1070 ἢ
100 1036 150 1070 μή.
162 1045 171 1060 ι
187 1036 342 1071 Χριστιανοὶ
362 1036 410 1070 μὲν
430 1036 483 1071 γὰρ
503 1035 542 1070 τῷ
561 1036 658 1071 Ἰησοῦ,
677 1036 715 1067 ὠς
730 1037 800 1063 κατὰ
822 1037 854 1063 τὰ

62 1082 293 1117 προφητευόμενα
330 1081 485 1116 ἐληλυθότι,
515 1081 753 1117 πεπιστεύκαμεν·
787 1083 853 1109 Ἰου-

60 1126 145 1153 δαίων
162 1127 190 1153 δὲ
207 1128 231 1153 of.
250 1128 368 1154 πλεῖστοι
387 1127 512 1154 τοσοῦτον
536 1127 624 1153 δέουσι
646 1126 693 1153 τοῦ
716 1127 854 1154 πιστεύειν

60 1172 104 1203 εἰς
119 1173 212 1203 αὑτὸν,
232 1173 269 1204 ὡς
284 1173 331 1199 καὶ
345 1173 408 1204 τοὺς
423 1172 471 1207 μὲν
485 1171 555 1199 κατὰ
576 1172 621 1199 τὸν
641 1172 735 1208 καιρὸν
752 1173 853 1199 ἐκεῖνον

60 1219 320 1248 ἐπιϐεϐουλευκέναι
334 1221 373 1256 τῷ
394 1221 479 1256 Ἰησοῦ
490 1231 496 1237 ’
514 1223 577 1253 τοὺς
595 1222 622 1248 δὲ
637 1222 694 1253 νῦν,
715 1221 854 1248 εὐδοκοῦν-

60 1274 112 1297 τας
127 1268 184 1297 τοῖς
201 1266 253 1292 ὑπὸ
276 1266 329 1292 τῶν
351 1267 482 1292 Ἰουδαίων
506 1267 565 1293 κατ’
582 1266 665 1292 αὐτοῦ
689 1266 855 1301 τετολμημέ-

60 1319 119 1342 νοις
138 1312 211 1341 τότε.
225 1313 388 1347 κακηγορεῖν
400 1311 446 1338 τὸν
465 1312 578 1347 Ἰησοῦν,
593 1312 630 1343 ὡς
643 1312 689 1338 διά
701 1320 771 1343 τινος
790 1320 854 1346 γοη-

59 1358 138 1390 τείας
155 1358 338 1393 πλασάμενον,
356 1359 396 1385 ὅτι
414 1359 466 1394 ἄρα
487 1360 529 1394 εἴη
541 1360 555 1385 ὁ
569 1359 621 1385 ὑπὸ
639 1358 693 1385 τῶν
708 1358 853 1394 προφητῶν

60 1404 167 1440 πάτρια
183 1405 307 1440 Χριστός.

871 897 892 924 Β

910 268 1067 302 relinquens
1083 277 1168 303 usque
1187 270 1220 297 ad
1248 278 1308 298 eum
1333 273 1430 306 locum,
1445 273 1489 300 ubi
1513 274 1622 302 lictitius
1646 274 1694 302 Ju-

912 313 985 340 dazus
999 319 1095 340 contra
1111 314 1202 342 Jesum
1217 315 1392 344 declamitare
1408 318 1516 345 desinit.
1533 319 1561 346 Ιιι
1575 322 1694 348 secundo

910 364 1001 386 autem
1017 367 1161 386 occursum
1183 366 1226 388 est
1241 362 1382 395 omnibus,
1403 368 1432 390 ιιι
1447 372 1512 391 mea:
1534 365 1604 392 vires
1628 365 1696 392 tule-

911 409 985 436 runt,
999 412 1058 438 quas
1075 405 1153 432 nobis
1168 414 1215 440 per
1229 406 1366 434 Christum
1384 409 1438 435 Deo
1458 410 1631 437 credentibus
1646 410 1694 438 Ju-

910 450 983 477 daaus
1003 451 1073 485 apud
1089 451 1161 477 illttm
1186 451 1286 484 objicit.
1303 451 1423 479 Tertiqu
1438 454 1508 480 hunc
1524 456 1694 490 aggredimur

910 494 937 522 in
952 503 1004 529 quo
1020 496 1098 523 nobis
1114 498 1280 531 propositum
1297 502 1337 524 est
1361 497 1404 524 illa
1428 498 1595 533 impugnare,
1609 500 1694 536 448

910 547 969 574 qua:
993 541 1050 574 ipse
1075 543 1200 575 proponit
1221 550 1254 569 ex
1273 544 1379 577 propria
1401 550 1526 577 persona.
1540 544 1586 571 Ait
1611 545 1693 579 igitur

910 585 954 612 ille
974 595 983 611 ι
1001 585 1081 613 stulte
1107 587 1178 613 inter
1194 595 1223 614 se
1250 588 1416 615 contendere
1442 588 1549 616 Judaeos
1569 594 1596 616 et
1612 591 1690 617 Chri-

909 631 1030 666 stianos;
1049 633 1275 660 concertationem
1296 633 1366 661 inter
1395 639 1522 669 utrosque
1537 636 1571 663 de
1585 636 1692 663 Christo

909 683 1091 713 comparatam
1113 686 1184 711 esse,
1215 684 1244 706 ιιι
1260 684 1302 707 est
1325 680 1351 707 in
1378 681 1529 715 proverbio,
1555 682 1640 708 rixam
1660 681 1694 708 de

909 725 1004 751 umbra
1023 724 1107 757 asini;
1126 725 1192 751 nihil
1215 725 1355 759 gravitatis
1374 726 1472 753 habere
1497 726 1567 753 hanc
1586 725 1694 753 Judaao-

910 777 967 795 rum
982 776 1043 796 cum
1061 769 1225 797 Christianis
1239 770 1463 804 disputationem;
1481 779 1541 798 cum
1557 771 1694 799 fateantur

908 813 999 840 divino
1020 814 1123 848 Spiritu
1143 815 1300 849 praedictum
1323 815 1407 842 fuisse
1432 816 1499 847 fore,
1517 821 1546 843 ut
1559 817 1592 842 ad
1609 823 1694 851 genus

909 860 1054 886 lnunauum
1077 860 1202 888 Salvator
1226 861 1383 893 adveniret;
1405 861 1569 888 dissentiant
1590 866 1691 895 autem,

907 905 1047 933 veneritne
1062 906 1085 933 is
1105 906 1149 941 qui
1168 907 1311 941 praedictus
1326 911 1378 939 est,
1400 915 1499 934 annon.
1512 917 1522 934 ›
1540 907 1595 936 Nos
1619 909 1691 935 enim

907 952 1054 980 Christiani
1084 952 1176 980 Jesum
1208 953 1353 985 credimus,
1376 953 1524 980 secundum
1546 954 1692 988 propheta-

908 1003 967 1022 rum
982 996 1104 1029 oracula,
1124 997 1275 1024 advenisse.
1295 995 1449 1024 Iudaeorum
1466 1002 1553 1024 autent
1570 997 1691 1032 plerique

908 1046 1012 1068 tantum
1026 1042 1103 1069 abest
1115 1048 1143 1068 ιιι
1159 1043 1185 1069 in
1198 1042 1289 1070 Jesum
1302 1043 1424 1074 credant,
1441 1048 1479 1074 ut,
1497 1043 1542 1077 qui
1556 1043 1602 1070 illo
1623 1048 1692 1070 tem-

907 1078 972 1121 pore
988 1087 1105 1119 fuerunt,
1128 1088 1241 1115 insidias
1257 1088 1295 1114 illi
1323 1088 1408 1115 moliti
1427 1088 1542 1122 fuerint;
1567 1089 1690 1117 hodierni

907 1140 970 1160 vero
993 1134 1173 1167 approbantes
1189 1141 1249 1168 qua:
1272 1138 1366 1160 contra
1391 1134 1466 1160 illum
1486 1134 1551 1161 olim
1567 1134 1612 1161 alii
1631 1136 1690 1162 ausi

905 1178 1030 1211 fuerunt,
1053 1180 1233 1207 criminentur
1257 1186 1318 1206 eum
1335 1180 1493 1214 quibusdam
1518 1181 1629 1215 magicis
1647 1188 1690 1207 ar-

906 1225 976 1251 tibus
1001 1225 1174 1258 conlinxisse,
1196 1233 1225 1252 se
1249 1233 1311 1252 esse
1334 1233 1414 1259 quem
1440 1225 1525 1252 Judaei
1551 1226 1689 1253 Christum

906 1273 1016 1303 vocant,
1032 1277 1167 1304 quemque
1191 1272 1329 1305 propheta:
1343 1274 1484 1297 venturum
1508 1278 1569 1298 esse
1590 1271 1689 1305 praedi-

906 1318 1014 1340 ΧΕΙἹΙΙΙΙ-

875 1359 1021 1394 κηρυχθεὶς
1032 1360 1221 1395 ἐπιδημήσειν,
1236 1361 1399 1396 καλούμενος
1413 1361 1484 1388 κατὰ
1505 1361 1539 1389 τὰ
1557 1361 1689 1390 Ἰουδαίων

96 1450 260 1484 Λεγὲτωσαν
275 1450 307 1485 δὴ
325 1450 389 1484 ἡμῖν
412 1450 426 1476 ὁ
443 1449 545 1482 Κέλσος
561 1449 608 1477 καὶ
627 1450 652 1476 oi.
675 1449 819 1485 ἀρεσκόμει

937 1450 965 1476 2.
988 1450 1082 1477 Dicant
1099 1450 1178 1478 velim
1193 1454 1220 1476 et
1233 1449 1328 1477 Celsus
1341 1455 1364 1476 et
1386 1449 1404 1476 ii
1421 1450 1520 1484 quibus
1542 1449 1599 1482 ejus
1623 1457 1689 1475 con-

59 1496 118 1526 τοῖς
144 1494 206 1521 καθ’
220 1495 296 1530 ἡμῶν
316 1495 361 1521 ὑπ’
380 1495 462 1521 αὑτοῦ
478 1494 643 1530 λεγομένοις,
659 1495 683 1521 εί
702 1494 763 1522 όνου
789 1495 854 1530 σκιᾷ

59 1541 135 1567 ἔοικε
151 1541 183 1568 τὸ
200 1541 392 1577 προειρηκέναι
407 1541 469 1573 τοὺς
491 1541 626 1568 Ἰουδαίων
651 1541 794 1576 προφήτας
810 1540 853 1567 τό-

60 1595 113 1613 πον
139 1587 273 1621 γενέσεως
298 1587 345 1614 τοῦ
361 1587 532 1623 ἡγησομένου
556 1587 611 1622 (44)
629 1588 682 1614 τῶν
698 1587 787 1618 καλῶς
810 1587 854 1622 βε-

60 1633 214 1667 βιωκότων,
237 1633 284 1659 καὶ
309 1632 363 1659 τῶν
390 1633 610 1668 χρηματιζόντων
636 1632 745 1668 μερίδος
767 1632 851 1658 Θεοῦ·

59 1679 107 1704 καὶ
137 1677 275 1713 Παρθένον
303 1678 505 1713 συλληψομένην
520 1678 566 1704 τὸν
590 1677 780 1713 Ἐμμανουήλ’
805 1677 853 1704 καὶ

60 1724 166 1759 σημεῖα
181 1723 228 1748 καὶ
248 1722 378 1757 τεράστια
401 1723 517 1758 ἐσόμενα
534 1723 586 1748 ὑπὸ
609 1722 656 1748 τοῦ
684 1730 852 1757 προφητευο-

60 1769 147 1804 μένου
171 1768 273 1795 τοιάδε·
290 1769 337 1795 καὶ
353 1769 392 1794 ὅτι
410 1768 461 1800 ἕως
482 1769 579 1803 τάχους
593 1768 734 1804 δραμεῖται
748 1769 762 1794 ό
775 1767 852 1801 λόγος

59 1816 156 1847 αὐτοῦ,
173 1816 210 1847 ὡς
227 1817 267 1847 εἰς
284 1816 373 1842 πᾶσαν
395 1816 443 1849 τὴν
457 1817 508 1851 γῆν
532 1815 648 1847 ἐξελθεῖν
668 1815 712 1840 τὸν
736 1814 852 1848 φθόγγον

58 1862 146 1888 αὑτοῦ
157 1861 213 1887 τῶν
224 1862 389 1888 ἀποστόλων·
401 1862 460 1888 τίνα
471 1870 500 1888 τε
515 1861 638 1887 πείσεται
655 1860 706 1886 ὑπὸ
721 1860 852 1886 Ἰουδαίων

58 1906 309 1942 καταδικαζόμενος
319 1916 325 1922 ·
338 1908 385 1934 καὶ
399 1907 457 1939 πῶς
464 1907 653 1942 ἀναστήσεται.
663 1904 734 1941 *Αρα
748 1906 802 1941 γὰρ
816 1906 853 1937 ὡς

58 1954 140 1989 ἔτυχε
161 1953 239 1980 ταῦτ’
257 1953 347 1988 ἔλεγον
362 1954 386 1980 οι
403 1954 554 1989 προφῆται,
575 1954 622 1979 σὺν
644 1952 755 1987 οὐδεμιᾷ
773 1953 853 1978 πιθα-

57 2001 165 2034 νότητι,
187 2001 219 2035 τῇ
236 1999 348 2036 κινούσῃ
363 1999 461 2031 αὐτοὺς
481 1999 527 2026 ἐπὶ
543 1999 573 2026 τὸ
593 1999 629 2034 μὴ
652 1999 731 2034 μόνον
756 1999 851 2028 εἰπεῖν,

56 2045 129 2072 ἀλλὰ
151 2045 200 2072 καὶ
221 2046 379 2080 ἀναγραφῆς
392 2045 505 2078 ἀξιῶσαι
520 2044 554 2071 τὰ
573 2045 720 2079 λεγόμενας
737 2041 810 2078 Ἀρα
824 2043 852 2068 δὲ

56 2092 87 2119 τὺ
102 2090 221 2118 τοσοῦτο
236 2090 288 2117 τῶν
309 2090 443 2118 Ἰουδαίων
467 2090 559 2122 ἔθνος,
576 2090 658 2117 πάλαι
673 2089 764 2125 χώραν
785 2088 852 2115 ἰδίαν

56 2137 176 2172 εἰληφὸς
196 2138 291 2167 οἰκεῖν.
313 2137 361 2163 σὺν
390 2136 502 2171 οὐδεμιᾷ
528 2136 687 2171 πιθανότητι
707 2135 783 2166 τινὰς
804 2135 853 2170 μὲν

55 2183 95 2215 ὼς
110 2183 257 2218 προφήτας
270 2182 443 2218 ἀνηγόρευον,
458 2183 567 2218 ἐτέρους
576 2182 605 2208 δὲ
618 2181 655 2213 ὡς
668 2181 854 2216 ψευδοπροφή-

54 2237 107 2260 τας
125 2229 184 2264 (45)
199 2227 412 2264 ἀπεδοκίμαζον;
429 2229 484 2255 Καὶ
502 2227 578 2254 οὐδὲν
591 2225 625 2262 ἦν
639 2228 702 2262 παρ’
718 2227 808 2257 αὐτοῖς
823 2226 853 2254 τδ

56 2274 285 2310 προκαλούμενον
303 2274 478 2309 συναριθμεῖν
495 2275 554 2305 ταῖς
577 2274 662 2309 ἱεραῖς
682 2270 750 2299 εἶναι
773 2280 853 2298 πεπι-

55 2320 226 2355 στευμέναις
238 2319 375 2351 Μωῦσέως
396 2318 496 2354 βίϐλοις
517 2319 580 2350 τοὺς
608 2319 702 2352 λόγους
715 2318 768 2344 τῶν
789 2317 852 2352 ἑξῆς

55 2364 264 2400 νενομισμένων
286 2362 356 2391 εῖναι
381 2364 543 2400 προφητῶν;
567 2365 621 2391 Καὶ
635 2364 760 2390 δύνανται
786 2364 850 2398 ἡμῖν

55 2410 238 2445 παραστῆσαι
254 2410 279 2435 οἱ
302 2409 426 2445 εὐήθειαν
449 2409 625 2443 ἐγκαλοῦντες
652 2408 787 2440 Ἰουδαίοις
805 2409 851 2434 καὶ

55 2456 245 2491 Χριστιανοῖς,
267 2455 307 2481 ὃτι
328 2455 439 2482 ἐδύνατο
456 2455 648 2490 συνεστηκέναι
665 2455 695 2481 τὸ
717 2454 850 2480 Ἰουδαίων

56 2501 146 2534 ἔθνος,
165 2501 299 2536 μηδεμιᾶς
314 2501 478 2534 ἐπαγγελίας
492 2500 672 2536 προγνώσεων
687 2499 769 2534 οῡσης
786 2500 850 2534 παρ’

56 2548 170 2578 αὐτοῖς·
193 2547 240 2573 καὶ
254 2547 295 2573 ὅτι
314 2546 348 2573 τὰ
369 2547 417 2582 μὲν
445 2547 508 2578 περὶ
531 2547 629 2578 αὐτοὺς
649 2545 712 2582 ἔθνη
736 2545 850 2572 ἕκαστον

906 1500 947 1522 tru
964 1503 1012 1523 nos
1026 1495 1230 1523 criminationes
1244 1495 1364 1530 placent,
1377 1503 1410 1522 an
1426 1496 1490 1522 satis
1504 1496 1606 1522 umbra:
1619 1495 1687 1521 asini

904 1542 992 1569 simile
1025 1542 1095 1568 istud
1128 1541 1178 1575 sit,
1202 1541 1362 1576 praedixisse
1385 1541 1537 1568 Judmorum
1571 1540 1688 1574 prophe-

906 1587 980 1614 tas"
1001 1586 1090 1613 locum
1111 1587 1156 1614 ubi
1181 1588 1336 1615 nasciturus
1356 1593 1414 1614 crat
1434 1587 1487 1612 dux
1505 1586 1550 1612 ille
1575 1592 1686 1615 eorum,

905 1632 949 1666 qui
968 1637 1041 1659 recte
1064 1633 1187 1660 viventes
1203 1634 1249 1660 Dei
1268 1641 1330 1668 pars
1347 1632 1530 1668 appellantur;
1555 1630 1689 1664 simulque

905 1677 1042 1712 Virginem
1066 1683 1257 1712 concepturam
1278 1676 1457 1710 Emmanuel;
1481 1675 1555 1702 illum
1580 1675 1637 1702 hate
1661 1678 1690 1701 et

904 1722 949 1749 illa
973 1723 1048 1757 signa
1066 1723 1242 1759 prodigiaque
1266 1723 1419 1754 facturum;
1446 1721 1576 1748 velociter
1592 1727 1688 1747 cursu-

905 1776 962 1795 rum
986 1777 1137 1796 sermonem
1152 1770 1219 1804 ejus,
1235 1769 1273 1796 ita
1290 1775 1318 1796 ut
1341 1769 1367 1796 in
1386 1776 1491 1795 omnem
1509 1772 1609 1793 terram
1630 1765 1687 1799 ejus

904 1814 1087 1848 apostolorum
1112 1814 1200 1840 exiret
1216 1820 1314 1845 sonus;
1332 1813 1487 1839 damnatum
1504 1810 1535 1836 iri
1552 1817 1566 1836 a
1588 1808 1688 1835 Judmis

904 1859 1099 1893 suppliciisque
1120 1858 1247 1885 alfectum
1269 1858 1312 1889 iri,
1327 1864 1359 1883 ac
1377 1859 1594 1882 resurrecturum
1615 1859 1685 1879 esse.

904 1905 1028 1939 Nunquid
1045 1905 1101 1931 haec
1119 1908 1221 1931 temere
1235 1903 1363 1930 dixerunt
1386 1900 1532 1935 prophetae,
1560 1905 1608 1924 nec
1632 1897 1687 1923 ulla

903 1957 950 1977 eos
974 1949 1121 1984 probabilis
1137 1955 1223 1975 causa
1251 1947 1365 1981 impulit,
1388 1951 1485 1972 utnon
1511 1943 1598 1970 solum
1615 1943 1688 1968 dice-

905 2001 973 2027 rent,
988 1995 1033 2022 sed
1050 1995 1130 2022 etiam
1150 1993 1230 2021 scribi
1253 1993 1334 2027 digna
1360 1988 1565 2018 existimarent?
1582 1988 1622 2014 An
1640 1985 1687 2013 Ju-

904 2041 1023 2067 dteorum
1046 2047 1112 2074 gens
1129 2044 1203 2066 tanta
1227 2045 1287 2072 qua:
1309 2037 1407 2063 dudum
1431 2033 1567 2069 propriam
1599 2031 1686 2065 regio-

905 2093 965 2112 nem
994 2084 1164 2112 incolendam
1191 2086 1349 2117 acceperat,
1376 2079 1448 2107 nulla
1475 2078 1615 2105 verisimili
1643 2085 1686 2103 ra-

870 2118 890 2145 D
906 2133 976 2157 tione
999 2131 1128 2166 quosdam
1145 2129 1254 2164 quidem
1277 2132 1306 2155 ut
1329 2134 1408 2153 veros
1426 2125 1571 2160 prophetas
1591 2122 1686 2158 praedi-

903 2176 1018 2208 carerit,
1033 2175 1100 2202 alios
1115 2179 1205 2201 autem
1220 2178 1249 2200 ut
1264 2173 1346 2199 falsos
1363 2169 1563 2205 repudiaverit?
1579 2167 1686 2195 Nihilne

904 2222 955 2248 l'uit
979 2221 1049 2255 quod
1075 2221 1136 2248 illos
1160 2223 1280 2246 moveret
1303 2218 1336 2245 ad
1361 2216 1592 2243 aunumcrandum
1612 2215 1687 2241 libris

905 2267 1023 2302 Moysis,
1048 2273 1115 2300 quos
1146 2266 1294 2293 credebant
1324 2273 1384 2292 esse
1412 2270 1520 2295 sacros,
1547 2267 1686 2288 sermones

902 2320 995 2339 eorum
1015 2320 1082 2346 quos
1098 2312 1245 2346 prophetas
1259 2318 1317 2339 esse
1336 2309 1558 2339 arbitrabantur?
1574 2307 1623 2340 Qui
1640 2305 1687 2333 Ju-

904 2359 968 2385 tlwis
988 2363 1015 2385 et
1028 2357 1191 2385 Christianis
1208 2359 1350 2385 stultitiam
1367 2357 1544 2392 exprobrant,
1553 2361 1615 2381 ιιιιιιι
1634 2352 1686 2379 illis

903 2406 1066 2440 persuadere
1093 2410 1221 2440 poterunt.
1248 2404 1402 2432 Judzeorum
1432 2407 1539 2437 gentem
1567 2399 1686 2435 potuisse

903 2453 1066 2483 consistere,
1092 2452 1143 2479 etsi
1171 2452 1203 2479 de
1233 2458 1324 2478 rerum
1350 2449 1502 2476 futurarum
1531 2445 1686 2479 cognitione

903 2497 976 2524 nulla
995 2497 1044 2530 ipsi
1068 2497 1136 2523 lacta
1166 2497 1310 2532 promissio
1336 2494 1446 2521 fuisset?
1469 2494 1507 2518 An
1526 2495 1619 2526 geutcs
1646 2489 1683 2516 illi

902 2544 1084 2579 circumjectte
1100 2552 1147 2579 pro
1163 2545 1219 2571 suis
1232 2549 1344 2577 qumque
1360 2541 1489 2568 institutis
1510 2537 1686 2565 crediderunt

90 2629 115 2645 "
134 2627 221 2655 Mich.
247 2635 274 2661 v,
292 2627 343 2660 12;
364 2628 418 2657 lsa.
435 2636 484 2661 vn,
497 2627 551 2660 ﬂ;
568 2635 627 2661 Lm,
643 2628 675 2660 7;
704 2627 776 2656 Psal.
792 2636 838 2662 xv,
853 2629 898 2656 10.

90 2697 154 2732 (45)
177 2697 270 2724 Ὄνου
291 2696 381 2730 σκιᾶς
399 2697 510 2731 μάχης.
535 2696 648 2732 Deuhoc
666 2695 761 2727 adagio
787 2697 849 2724 vide

53 2730 211 2761 Zenobium
230 2733 352 2758 centuria
369 2730 456 2763 sexta,
475 2731 553 2764 adag.
573 2730 617 2760 28.
633 2733 661 2764 et
685 2735 775 2757 notam
790 2731 847 2758 Au-

53 2770 130 2795 drezn
157 2766 276 2793 St-hotti.
297 2766 363 2794 Item
380 2767 491 2792 Suidam
515 2763 540 2791 in
563 2773 630 2791 voce
645 2763 707 2790 ὄνου
724 2766 797 2797 σκιά,
821 2770 849 2793 et

54 2803 123 2838 περὶ
145 2801 311 2838 ὅνουέσκιᾶς
333 2809 393 2828 cum
414 2800 603 2838 observatione
628 2798 771 2838 clarissimi
790 2801 847 2838 _viri

54 2834 168 2863 tiu-stur.
194 2836 265 2862 Idem
296 2844 375 2869 porro
404 2842 445 2861 est
477 2835 539 2869 περὶ
566 2834 626 2860 ὄνου
656 2836 733 2866 σκιᾶς
761 2835 845 2870 μάχε-

55 2872 133 2903 σθαι,
145 2879 179 2898 ac
195 2881 203 2896 ι
218 2870 302 2898 rixari
319 2871 350 2898 de
364 2871 424 2897 lana
440 2870 549 2904 caprina
561 2889 567 2901 ,
583 2879 591 2894 ι
609 2869 641 2896 de
659 2877 685 2895 re
704 2870 790 2897 nihili.

938 2697 995 2733 (ιιι)
1021 2695 1231 2733 Ἠγησρμένου.
1247 2694 1292 2721 Sic
1311 2702 1376 2733 mss.
1391 2693 1471 2733 Reg.3
1488 2690 1611 2733 Basili-ct
1630 2692 1684 2733 dluo

901 2726 1037 2763 Vaticani,
1055 2726 1156 2758 rectius
1171 2737 1237 2756 sane
1252 2736 1332 2763 quam
1347 2726 1481 2763 impressi,
1495 2728 1522 2754 in
1534 2726 1632 2761 quibus
1646 2726 1683 2754 le-

900 2768 972 2803 gitur
982 2766 1167 2803 ὴγησαμένου.
1204 2798 1209 2803 _
1299 2797 1326 2803 Ν

937 2797 1275 2838 (Αςγψεηδοςτροφήτας.
1299 2797 1344 2824 Sic
1369 2802 1440 2837 recte
1463 2797 1563 2838 habent
1588 2803 1683 2823 omnes

900 2832 1056 2866 codt|.'ittss.
1071 2832 1139 2863 Male
1154 2832 1242 2862 autem
1260 2833 1394 2866 impressi,
1412 2832 1560 2866 προφήτας.
