  <div class='ocr_page' id='page_1' title='image "/cluster/home/n/w/nwhite01/storage/ocr_20150623/11/njp.32101077772414/526.png"; bbox 0 0 1848 3091; ppageno 0'>
   <div class='ocr_carea' id='block_1_1' title="bbox 39 119 88 146">
    <p class='ocr_par' dir='ltr' id='par_1_1' title="bbox 39 119 88 146">
     <span class='ocr_line' id='line_1_1' title="bbox 39 119 88 146; baseline -0.02 0"><span class='ocrx_word' id='word_1_1' title='bbox 39 119 88 146; x_wconf 73' lang='lat'><strong>3&#39;21!</strong></span> 
     </span>
    </p>
   </div>
   <div class='ocr_carea' id='block_1_2' title="bbox 628 120 1077 150">
    <p class='ocr_par' dir='ltr' id='par_1_2' title="bbox 628 120 1077 150">
     <span class='ocr_line' id='line_1_2' title="bbox 628 120 1077 150; baseline 0.004 -2"><span class='ocrx_word' id='word_1_2' title='bbox 628 120 767 148; x_wconf 80' lang='lat' dir='ltr'><strong>CONTRA</strong></span> <span class='ocrx_word' id='word_1_3' title='bbox 788 121 926 150; x_wconf 70' lang='lat' dir='ltr'><strong>CELSUM</strong></span> <span class='ocrx_word' id='word_1_4' title='bbox 947 121 1010 149; x_wconf 87' lang='lat' dir='ltr'><strong>LIB.</strong></span> <span class='ocrx_word' id='word_1_5' title='bbox 1032 121 1077 150; x_wconf 92' lang='lat' dir='ltr'><strong>lll.</strong></span> 
     </span>
    </p>
   </div>
   <div class='ocr_carea' id='block_1_3' title="bbox 1624 126 1678 154">
    <p class='ocr_par' dir='ltr' id='par_1_3' title="bbox 1624 126 1678 154">
     <span class='ocr_line' id='line_1_3' title="bbox 1624 126 1678 154; baseline 0.019 -1"><span class='ocrx_word' id='word_1_6' title='bbox 1624 126 1678 154; x_wconf 77' lang='grc'><strong>950</strong></span> 
     </span>
    </p>
   </div>
   <div class='ocr_carea' id='block_1_4' title="bbox 35 177 824 215">
    <p class='ocr_par' dir='ltr' id='par_1_4' title="bbox 35 177 824 215">
     <span class='ocr_line' id='line_1_4' title="bbox 35 177 824 215; baseline 0.003 -11"><span class='ocrx_word' id='word_1_7' title='bbox 35 187 115 214; x_wconf 84' lang='grc' dir='ltr'>ρευε,</span> <span class='ocrx_word' id='word_1_8' title='bbox 132 179 238 214; x_wconf 81' lang='grc' dir='ltr'>μήποτε</span> <span class='ocrx_word' id='word_1_9' title='bbox 256 178 311 215; x_wconf 79' lang='lat' dir='ltr'><strong>(Gl)</strong></span> <span class='ocrx_word' id='word_1_10' title='bbox 325 178 428 207; x_wconf 86' lang='grc' dir='ltr'>δίκαιον</span> <span class='ocrx_word' id='word_1_11' title='bbox 443 177 512 206; x_wconf 73' lang='grc' dir='ltr'>εἶναι</span> <span class='ocrx_word' id='word_1_12' title='bbox 527 179 658 206; x_wconf 77' lang='grc' dir='ltr'><strong>διδάσκων</strong></span> <span class='ocrx_word' id='word_1_13' title='bbox 671 180 701 206; x_wconf 79' lang='grc' dir='ltr'>τὺ</span> <span class='ocrx_word' id='word_1_14' title='bbox 721 181 779 206; x_wconf 81' lang='grc' dir='ltr'>κατ’</span> <span class='ocrx_word' id='word_1_15' title='bbox 795 181 824 206; x_wconf 68' lang='grc' dir='ltr'>ἀν</span> 
     </span>
    </p>
   </div>
   <div class='ocr_carea' id='block_1_5' title="bbox 908 177 1677 215">
    <p class='ocr_par' dir='ltr' id='par_1_5' title="bbox 908 179 1677 211">
     <span class='ocr_line' id='line_1_5' title="bbox 908 179 1677 211; baseline 0.008 -6"><span class='ocrx_word' id='word_1_16' title='bbox 908 181 993 207; x_wconf 87' lang='lat' dir='ltr'><strong>uisset</strong></span> <span class='ocrx_word' id='word_1_17' title='bbox 1008 180 1121 207; x_wconf 85' lang='lat' dir='ltr'><strong>omnino</strong></span> <span class='ocrx_word' id='word_1_18' title='bbox 1135 179 1216 207; x_wconf 87' lang='lat' dir='ltr'><strong>ullam</strong></span> <span class='ocrx_word' id='word_1_19' title='bbox 1233 181 1350 208; x_wconf 87' lang='lat' dir='ltr'><strong>hominis</strong></span> <span class='ocrx_word' id='word_1_20' title='bbox 1363 181 1547 210; x_wconf 88' lang='lat' dir='ltr'><strong>occisionem:</strong></span> <span class='ocrx_word' id='word_1_21' title='bbox 1564 191 1614 210; x_wconf 86' lang='lat' dir='ltr'><strong>nec</strong></span> <span class='ocrx_word' id='word_1_22' title='bbox 1628 189 1677 211; x_wconf 86' lang='lat' dir='ltr'><strong>do-</strong></span> 
     </span>
    </p>
   </div>
   <div class='ocr_carea' id='block_1_6' title="bbox 35 223 819 260">
    <p class='ocr_par' dir='ltr' id='par_1_6' title="bbox 35 223 819 260">
     <span class='ocr_line' id='line_1_6' title="bbox 35 223 819 260; baseline 0.003 -11"><span class='ocrx_word' id='word_1_23' title='bbox 35 223 153 259; x_wconf 84' lang='grc' dir='ltr'>θρὼπου</span> <span class='ocrx_word' id='word_1_24' title='bbox 170 224 300 260; x_wconf 80' lang='grc' dir='ltr'><strong>τόλμημα</strong></span> <span class='ocrx_word' id='word_1_25' title='bbox 314 224 368 251; x_wconf 82' lang='grc' dir='ltr'>τῶν</span> <span class='ocrx_word' id='word_1_26' title='bbox 383 225 479 251; x_wconf 81' lang='grc' dir='ltr'>ἑαυτοῦ</span> <span class='ocrx_word' id='word_1_27' title='bbox 502 225 629 260; x_wconf 79' lang='grc' dir='ltr'>μαθητῶν</span> <span class='ocrx_word' id='word_1_28' title='bbox 639 245 646 256; x_wconf 90' lang='grc'><strong>,</strong></span> <span class='ocrx_word' id='word_1_29' title='bbox 669 225 719 252; x_wconf 70' lang='grc' dir='ltr'>κᾶν</span> <span class='ocrx_word' id='word_1_30' title='bbox 735 225 819 251; x_wconf 83' lang='grc' dir='ltr'>ἀδικώ</span> 
     </span>
    </p>
   </div>
   <div class='ocr_carea' id='block_1_7' title="bbox 34 269 834 306">
    <p class='ocr_par' dir='ltr' id='par_1_7' title="bbox 34 269 834 306">
     <span class='ocr_line' id='line_1_7' title="bbox 34 269 834 306; baseline 0 -10"><span class='ocrx_word' id='word_1_31' title='bbox 34 278 121 301; x_wconf 81' lang='grc' dir='ltr'>τατος</span> <span class='ocrx_word' id='word_1_32' title='bbox 142 271 248 302; x_wconf 75' lang='grc' dir='ltr'>ἐκεῖνος</span> <span class='ocrx_word' id='word_1_33' title='bbox 328 271 358 296; x_wconf 90' lang='grc' dir='ltr'>οὺ</span> <span class='ocrx_word' id='word_1_34' title='bbox 378 270 432 306; x_wconf 84' lang='grc' dir='ltr'><strong>γὰρ</strong></span> <span class='ocrx_word' id='word_1_35' title='bbox 456 271 570 306; x_wconf 81' lang='grc' dir='ltr'>πρέπειν</span> <span class='ocrx_word' id='word_1_36' title='bbox 589 272 680 306; x_wconf 81' lang='grc' dir='ltr'>ἡγεῖτο</span> <span class='ocrx_word' id='word_1_37' title='bbox 702 272 735 306; x_wconf 79' lang='grc' dir='ltr'>τῇ</span> <span class='ocrx_word' id='word_1_38' title='bbox 751 270 834 305; x_wconf 80' lang='grc' dir='ltr'>ὲνοέῳ</span> 
     </span>
    </p>
   </div>
   <div class='ocr_carea' id='block_1_8' title="bbox 34 315 834 352">
    <p class='ocr_par' dir='ltr' id='par_1_8' title="bbox 34 315 834 352">
     <span class='ocr_line' id='line_1_8' title="bbox 34 315 834 352; baseline 0 -10"><span class='ocrx_word' id='word_1_39' title='bbox 34 315 138 342; x_wconf 76' lang='grc' dir='ltr'>ἑαυτοῦ</span> <span class='ocrx_word' id='word_1_40' title='bbox 154 315 302 351; x_wconf 72' lang='grc' dir='ltr'><strong>νομοθεσίᾳ</strong></span> <span class='ocrx_word' id='word_1_41' title='bbox 316 316 346 342; x_wconf 80' lang='grc' dir='ltr'><strong>τὸ</strong></span> <span class='ocrx_word' id='word_1_42' title='bbox 363 318 512 352; x_wconf 82' lang='grc' dir='ltr'>συγχωρεῖν</span> <span class='ocrx_word' id='word_1_43' title='bbox 526 316 721 351; x_wconf 83' lang='grc' dir='ltr'>ὀποιανδήποτε</span> <span class='ocrx_word' id='word_1_44' title='bbox 734 315 834 351; x_wconf 87' lang='grc' dir='ltr'>ἀνθρώ-</span> 
     </span>
    </p>
   </div>
   <div class='ocr_carea' id='block_1_9' title="bbox 35 360 833 396">
    <p class='ocr_par' dir='ltr' id='par_1_9' title="bbox 35 360 833 396">
     <span class='ocr_line' id='line_1_9' title="bbox 35 360 833 396; baseline 0.001 -10"><span class='ocrx_word' id='word_1_45' title='bbox 35 368 88 386; x_wconf 82' lang='grc' dir='ltr'>που</span> <span class='ocrx_word' id='word_1_46' title='bbox 116 361 274 396; x_wconf 83' lang='grc' dir='ltr'>ἀναίρεσιν·</span> <span class='ocrx_word' id='word_1_47' title='bbox 292 360 348 387; x_wconf 67' lang='grc' dir='ltr'>οὔτ’</span> <span class='ocrx_word' id='word_1_48' title='bbox 367 360 400 387; x_wconf 85' lang='grc' dir='ltr'>ἂν</span> <span class='ocrx_word' id='word_1_49' title='bbox 416 361 590 396; x_wconf 77' lang='grc' dir='ltr'>Χριστιανοὶ,</span> <span class='ocrx_word' id='word_1_50' title='bbox 605 362 629 387; x_wconf 82' lang='lat' dir='ltr'><strong>ot</strong></span> <span class='ocrx_word' id='word_1_51' title='bbox 644 361 698 388; x_wconf 79' lang='grc' dir='ltr'><strong>ἀπὸ</strong></span> <span class='ocrx_word' id='word_1_52' title='bbox 715 362 833 393; x_wconf 83' lang='grc' dir='ltr'>στάσεως</span> 
     </span>
    </p>
   </div>
   <div class='ocr_carea' id='block_1_10' title="bbox 33 405 834 442">
    <p class='ocr_par' dir='ltr' id='par_1_10' title="bbox 33 405 834 442">
     <span class='ocr_line' id='line_1_10' title="bbox 33 405 834 442; baseline 0 -10"><span class='ocrx_word' id='word_1_53' title='bbox 33 405 202 440; x_wconf 75' lang='grc' dir='ltr'><strong>ἀρξάμενοι,</strong></span> <span class='ocrx_word' id='word_1_54' title='bbox 224 406 285 437; x_wconf 78' lang='grc' dir='ltr'>τοὺς</span> <span class='ocrx_word' id='word_1_55' title='bbox 304 406 350 432; x_wconf 78' lang='grc' dir='ltr'><strong>ἐπὶ</strong></span> <span class='ocrx_word' id='word_1_56' title='bbox 374 406 498 432; x_wconf 82' lang='grc' dir='ltr'>τοσοῦτον</span> <span class='ocrx_word' id='word_1_57' title='bbox 526 406 646 441; x_wconf 77' lang='grc' dir='ltr'><strong>ἡμέρους</strong></span> <span class='ocrx_word' id='word_1_58' title='bbox 662 407 834 442; x_wconf 80' lang='grc' dir='ltr'>προσήκαντο</span> 
     </span>
    </p>
   </div>
   <div class='ocr_carea' id='block_1_11' title="bbox 33 449 833 487">
    <p class='ocr_par' dir='ltr' id='par_1_11' title="bbox 33 449 833 487">
     <span class='ocr_line' id='line_1_11' title="bbox 33 449 833 487; baseline 0.001 -10"><span class='ocrx_word' id='word_1_59' title='bbox 33 452 150 486; x_wconf 80' lang='grc' dir='ltr'>νόμους,</span> <span class='ocrx_word' id='word_1_60' title='bbox 172 451 205 478; x_wconf 80' lang='grc' dir='ltr'>δι’</span> <span class='ocrx_word' id='word_1_61' title='bbox 227 449 264 479; x_wconf 84' lang='grc' dir='ltr'>ὧν</span> <span class='ocrx_word' id='word_1_62' title='bbox 284 452 321 484; x_wconf 88' lang='grc' dir='ltr'>ὡς</span> <span class='ocrx_word' id='word_1_63' title='bbox 343 452 467 487; x_wconf 73' lang='grc' dir='ltr'>πρόϐατα</span> <span class='ocrx_word' id='word_1_64' title='bbox 484 452 532 487; x_wconf 80' lang='grc' dir='ltr'>μὲν</span> <span class='ocrx_word' id='word_1_65' title='bbox 553 452 722 487; x_wconf 78' lang='grc' dir='ltr'>ἀναιρεῖσθαι</span> <span class='ocrx_word' id='word_1_66' title='bbox 743 452 833 484; x_wconf 76' lang='grc' dir='ltr'>αὐτοῖς</span> 
     </span>
    </p>
   </div>
   <div class='ocr_carea' id='block_1_12' title="bbox 33 497 832 534">
    <p class='ocr_par' dir='ltr' id='par_1_12' title="bbox 33 497 832 534">
     <span class='ocr_line' id='line_1_12' title="bbox 33 497 832 534; baseline 0.001 -10"><span class='ocrx_word' id='word_1_67' title='bbox 33 498 183 532; x_wconf 74' lang='grc' dir='ltr'>ἐγίγνετο,</span> <span class='ocrx_word' id='word_1_68' title='bbox 203 499 336 534; x_wconf 83' lang='grc' dir='ltr'>μηδέποτε</span> <span class='ocrx_word' id='word_1_69' title='bbox 354 499 382 525; x_wconf 85' lang='grc' dir='ltr'><strong>δὲ</strong></span> <span class='ocrx_word' id='word_1_70' title='bbox 398 499 553 534; x_wconf 86' lang='grc' dir='ltr'>ἀμύνασθαι</span> <span class='ocrx_word' id='word_1_71' title='bbox 575 497 626 525; x_wconf 78' lang='grc' dir='ltr'>οἷοί</span> <span class='ocrx_word' id='word_1_72' title='bbox 647 500 670 525; x_wconf 86' lang='grc' dir='ltr'>τ’</span> <span class='ocrx_word' id='word_1_73' title='bbox 692 497 761 534; x_wconf 86' lang='grc' dir='ltr'>ἦσαν</span> <span class='ocrx_word' id='word_1_74' title='bbox 778 498 832 534; x_wconf 71' lang='grc'>(62)</span> 
     </span>
    </p>
   </div>
   <div class='ocr_carea' id='block_1_13' title="bbox 33 543 833 580">
    <p class='ocr_par' dir='ltr' id='par_1_13' title="bbox 33 543 833 580">
     <span class='ocr_line' id='line_1_13' title="bbox 33 543 833 580; baseline 0 -10"><span class='ocrx_word' id='word_1_75' title='bbox 33 545 98 575; x_wconf 70' lang='grc' dir='ltr'>τοὺς</span> <span class='ocrx_word' id='word_1_76' title='bbox 114 543 276 576; x_wconf 87' lang='grc' dir='ltr'>διώκοντας.</span> <span class='ocrx_word' id='word_1_77' title='bbox 299 545 427 578; x_wconf 86' lang='grc' dir='ltr'>Καίτοιγε</span> <span class='ocrx_word' id='word_1_78' title='bbox 446 544 592 580; x_wconf 76' lang='grc' dir='ltr'>βαθύτερον</span> <span class='ocrx_word' id='word_1_79' title='bbox 618 543 776 576; x_wconf 76' lang='grc' dir='ltr'><strong>ἐξετάζοντα</strong></span> <span class='ocrx_word' id='word_1_80' title='bbox 799 544 833 570; x_wconf 77' lang='grc' dir='ltr'>τὰ</span> 
     </span>
    </p>
   </div>
   <div class='ocr_carea' id='block_1_14' title="bbox 34 589 832 625">
    <p class='ocr_par' dir='ltr' id='par_1_14' title="bbox 34 589 832 625">
     <span class='ocr_line' id='line_1_14' title="bbox 34 589 832 625; baseline 0.003 -11"><span class='ocrx_word' id='word_1_81' title='bbox 34 589 210 624; x_wconf 80' lang='grc' dir='ltr'>πράγματα,</span> <span class='ocrx_word' id='word_1_82' title='bbox 224 589 297 615; x_wconf 80' lang='grc' dir='ltr'>ἔστιν</span> <span class='ocrx_word' id='word_1_83' title='bbox 313 590 399 616; x_wconf 79' lang='grc' dir='ltr'>εἰπεῖν</span> <span class='ocrx_word' id='word_1_84' title='bbox 416 590 480 625; x_wconf 80' lang='grc' dir='ltr'>περὶ</span> <span class='ocrx_word' id='word_1_85' title='bbox 495 590 544 624; x_wconf 85' lang='grc' dir='ltr'>μὲν</span> <span class='ocrx_word' id='word_1_86' title='bbox 560 589 615 616; x_wconf 85' lang='grc' dir='ltr'>τῶν</span> <span class='ocrx_word' id='word_1_87' title='bbox 635 589 832 625; x_wconf 81' lang='grc' dir='ltr'><strong>ἐξεληλυθότων</strong></span> 
     </span>
    </p>
   </div>
   <div class='ocr_carea' id='block_1_15' title="bbox 33 634 833 670">
    <p class='ocr_par' dir='ltr' id='par_1_15' title="bbox 33 634 833 670">
     <span class='ocr_line' id='line_1_15' title="bbox 33 634 833 670; baseline 0.003 -10"><span class='ocrx_word' id='word_1_88' title='bbox 33 635 65 660; x_wconf 80' lang='grc' dir='ltr'>ὲκ</span> <span class='ocrx_word' id='word_1_89' title='bbox 89 634 147 669; x_wconf 81' lang='grc' dir='ltr'>γῆς</span> <span class='ocrx_word' id='word_1_90' title='bbox 164 634 318 668; x_wconf 68' lang='grc' dir='ltr'>Αἰγύπτου,</span> <span class='ocrx_word' id='word_1_91' title='bbox 334 635 374 661; x_wconf 82' lang='grc' dir='ltr'><strong>ὃτι</strong></span> <span class='ocrx_word' id='word_1_92' title='bbox 394 634 552 670; x_wconf 76' lang='grc' dir='ltr'><strong>παραδόξως</strong></span> <span class='ocrx_word' id='word_1_93' title='bbox 572 635 586 661; x_wconf 84' lang='grc' dir='ltr'>ὁ</span> <span class='ocrx_word' id='word_1_94' title='bbox 600 636 654 667; x_wconf 84' lang='grc' dir='ltr'>πᾶς</span> <span class='ocrx_word' id='word_1_95' title='bbox 672 635 740 667; x_wconf 88' lang='grc' dir='ltr'>λεὼς</span> <span class='ocrx_word' id='word_1_96' title='bbox 753 637 833 662; x_wconf 76' lang='grc' dir='ltr'>οἱονεὶ</span> 
     </span>
    </p>
   </div>
   <div class='ocr_carea' id='block_1_16' title="bbox 33 679 833 717">
    <p class='ocr_par' dir='ltr' id='par_1_16' title="bbox 33 679 833 717">
     <span class='ocr_line' id='line_1_16' title="bbox 33 679 833 717; baseline 0.004 -12"><span class='ocrx_word' id='word_1_97' title='bbox 33 679 209 715; x_wconf 83' lang='grc' dir='ltr'>θεοδώρητον</span> <span class='ocrx_word' id='word_1_98' title='bbox 223 680 361 707; x_wconf 84' lang='grc' dir='ltr'>διάλεκτον</span> <span class='ocrx_word' id='word_1_99' title='bbox 375 680 480 716; x_wconf 78' lang='grc' dir='ltr'>ἀθρόως</span> <span class='ocrx_word' id='word_1_100' title='bbox 496 680 624 716; x_wconf 82' lang='grc' dir='ltr'><strong>ἀνείληφε</strong></span> <span class='ocrx_word' id='word_1_101' title='bbox 637 680 686 716; x_wconf 81' lang='grc' dir='ltr'>τὴν</span> <span class='ocrx_word' id='word_1_102' title='bbox 698 681 833 717; x_wconf 86' lang='grc' dir='ltr'>καλουμέ-</span> 
     </span>
    </p>
   </div>
   <div class='ocr_carea' id='block_1_17' title="bbox 32 725 833 762">
    <p class='ocr_par' dir='ltr' id='par_1_17' title="bbox 32 725 833 762">
     <span class='ocr_line' id='line_1_17' title="bbox 32 725 833 762; baseline 0.004 -11"><span class='ocrx_word' id='word_1_103' title='bbox 32 735 82 761; x_wconf 81' lang='grc' dir='ltr'><strong>νην</strong></span> <span class='ocrx_word' id='word_1_104' title='bbox 107 726 158 752; x_wconf 80' lang='grc' dir='ltr'><strong>Ἐϐ</strong></span> <span class='ocrx_word' id='word_1_105' title='bbox 164 727 242 761; x_wconf 78' lang='grc' dir='ltr'>ραίαν</span> <span class='ocrx_word' id='word_1_106' title='bbox 255 734 261 740; x_wconf 90' lang='grc'><strong>·</strong></span> <span class='ocrx_word' id='word_1_107' title='bbox 275 726 313 757; x_wconf 87' lang='grc' dir='ltr'>ὡς</span> <span class='ocrx_word' id='word_1_108' title='bbox 327 726 373 752; x_wconf 77' lang='grc' dir='ltr'>καὶ</span> <span class='ocrx_word' id='word_1_109' title='bbox 385 725 439 752; x_wconf 85' lang='grc' dir='ltr'><strong>τῶν</strong></span> <span class='ocrx_word' id='word_1_110' title='bbox 454 727 518 762; x_wconf 75' lang='grc' dir='ltr'>παρ’</span> <span class='ocrx_word' id='word_1_111' title='bbox 532 726 623 758; x_wconf 89' lang='grc' dir='ltr'>αὐτοῖς</span> <span class='ocrx_word' id='word_1_112' title='bbox 639 735 680 758; x_wconf 85' lang='grc' dir='ltr'><strong>τις</strong></span> <span class='ocrx_word' id='word_1_113' title='bbox 695 725 755 753; x_wconf 80' lang='grc' dir='ltr'>εἷπε</span> <span class='ocrx_word' id='word_1_114' title='bbox 772 736 833 762; x_wconf 88' lang='grc' dir='ltr'>προ-</span> 
     </span>
    </p>
   </div>
   <div class='ocr_carea' id='block_1_18' title="bbox 33 771 833 807">
    <p class='ocr_par' dir='ltr' id='par_1_18' title="bbox 33 771 833 807">
     <span class='ocr_line' id='line_1_18' title="bbox 33 771 833 807; baseline 0.001 -10"><span class='ocrx_word' id='word_1_115' title='bbox 33 771 147 805; x_wconf 72' lang='grc' dir='ltr'>φητῶν,</span> <span class='ocrx_word' id='word_1_116' title='bbox 175 772 217 797; x_wconf 82' lang='grc' dir='ltr'>ὃτι</span> <span class='ocrx_word' id='word_1_117' title='bbox 234 780 243 796; x_wconf 77' lang='grc' dir='ltr'><strong>ι</strong></span> <span class='ocrx_word' id='word_1_118' title='bbox 265 771 308 797; x_wconf 85' lang='grc' dir='ltr'>Ἐν</span> <span class='ocrx_word' id='word_1_119' title='bbox 331 771 369 806; x_wconf 81' lang='grc' dir='ltr'>τῷ</span> <span class='ocrx_word' id='word_1_120' title='bbox 384 771 501 804; x_wconf 76' lang='grc' dir='ltr'><strong>ἐξελθεῖν</strong></span> <span class='ocrx_word' id='word_1_121' title='bbox 523 772 621 803; x_wconf 75' lang='grc' dir='ltr'>αὐτοὺς</span> <span class='ocrx_word' id='word_1_122' title='bbox 637 772 668 798; x_wconf 75' lang='grc' dir='ltr'>ἐκ</span> <span class='ocrx_word' id='word_1_123' title='bbox 684 772 735 807; x_wconf 85' lang='grc' dir='ltr'>γῆς</span> <span class='ocrx_word' id='word_1_124' title='bbox 751 772 833 807; x_wconf 77' lang='grc' dir='ltr'>Αίγύ-</span> 
     </span>
    </p>
   </div>
   <div class='ocr_carea' id='block_1_19' title="bbox 34 816 717 853">
    <p class='ocr_par' dir='ltr' id='par_1_19' title="bbox 34 816 717 853">
     <span class='ocr_line' id='line_1_19' title="bbox 34 816 717 853; baseline 0.003 -11"><span class='ocrx_word' id='word_1_125' title='bbox 34 825 104 842; x_wconf 79' lang='grc' dir='ltr'>πτου</span> <span class='ocrx_word' id='word_1_126' title='bbox 123 816 261 851; x_wconf 79' lang='grc' dir='ltr'>γλῶσσαν,</span> <span class='ocrx_word' id='word_1_127' title='bbox 276 816 310 852; x_wconf 83' lang='grc' dir='ltr'><strong>ἦν</strong></span> <span class='ocrx_word' id='word_1_128' title='bbox 327 817 376 843; x_wconf 79' lang='grc' dir='ltr'>οὐκ</span> <span class='ocrx_word' id='word_1_129' title='bbox 391 816 461 851; x_wconf 77' lang='grc' dir='ltr'>ἔγνω</span> <span class='ocrx_word' id='word_1_130' title='bbox 477 816 542 853; x_wconf 83' lang='grc'>(65),</span> <span class='ocrx_word' id='word_1_131' title='bbox 559 817 688 852; x_wconf 75' lang='grc' dir='ltr'>ἤκουσαν.</span> <span class='ocrx_word' id='word_1_132' title='bbox 707 827 717 844; x_wconf 75' lang='grc' dir='ltr'><strong>ι</strong></span> 
     </span>
    </p>
   </div>
   <div class='ocr_carea' id='block_1_20' title="bbox 68 905 831 939">
    <p class='ocr_par' dir='ltr' id='par_1_20' title="bbox 68 905 831 939">
     <span class='ocr_line' id='line_1_20' title="bbox 68 905 831 939; baseline 0.001 -8"><span class='ocrx_word' id='word_1_133' title='bbox 68 905 129 932; x_wconf 77' lang='grc' dir='ltr'>Καὶ</span> <span class='ocrx_word' id='word_1_134' title='bbox 153 905 225 932; x_wconf 74' lang='grc' dir='ltr'>οὕτω</span> <span class='ocrx_word' id='word_1_135' title='bbox 244 906 272 932; x_wconf 72' lang='grc' dir='ltr'>δὲ</span> <span class='ocrx_word' id='word_1_136' title='bbox 298 906 533 932; x_wconf 72' lang='grc' dir='ltr'><strong>κατασκευαστέον</strong></span> <span class='ocrx_word' id='word_1_137' title='bbox 545 925 552 936; x_wconf 94' lang='grc'><strong>,</strong></span> <span class='ocrx_word' id='word_1_138' title='bbox 566 906 606 932; x_wconf 79' lang='grc' dir='ltr'>ὅτι</span> <span class='ocrx_word' id='word_1_139' title='bbox 619 906 668 932; x_wconf 86' lang='grc' dir='ltr'><strong>οὐκ</strong></span> <span class='ocrx_word' id='word_1_140' title='bbox 689 906 831 939; x_wconf 77' lang='grc' dir='ltr'>Αἰγύπτιοι</span> 
     </span>
    </p>
   </div>
   <div class='ocr_carea' id='block_1_21' title="bbox 32 949 831 987">
    <p class='ocr_par' dir='ltr' id='par_1_21' title="bbox 32 949 831 987">
     <span class='ocr_line' id='line_1_21' title="bbox 32 949 831 987; baseline 0.001 -10"><span class='ocrx_word' id='word_1_141' title='bbox 32 949 106 986; x_wconf 82' lang='grc' dir='ltr'>ἦσαν</span> <span class='ocrx_word' id='word_1_142' title='bbox 133 952 160 977; x_wconf 83' lang='grc' dir='ltr'>οἱ</span> <span class='ocrx_word' id='word_1_143' title='bbox 187 951 373 987; x_wconf 76' lang='grc' dir='ltr'>ἐξεληλυθότες</span> <span class='ocrx_word' id='word_1_144' title='bbox 400 951 468 986; x_wconf 86' lang='grc' dir='ltr'>μετὰ</span> <span class='ocrx_word' id='word_1_145' title='bbox 500 952 638 984; x_wconf 75' lang='grc' dir='ltr'>Μωῡσὲως</span> <span class='ocrx_word' id='word_1_146' title='bbox 667 952 716 987; x_wconf 84' lang='grc' dir='ltr'><strong>τὴν</strong></span> <span class='ocrx_word' id='word_1_147' title='bbox 747 952 831 986; x_wconf 74' lang='grc' dir='ltr'>Αἴγυ-</span> 
     </span>
    </p>
   </div>
   <div class='ocr_carea' id='block_1_22' title="bbox 33 995 830 1033">
    <p class='ocr_par' dir='ltr' id='par_1_22' title="bbox 33 995 830 1033">
     <span class='ocr_line' id='line_1_22' title="bbox 33 995 830 1033; baseline 0.004 -12"><span class='ocrx_word' id='word_1_148' title='bbox 33 1005 103 1022; x_wconf 81' lang='grc' dir='ltr'>πτον</span> <span class='ocrx_word' id='word_1_149' title='bbox 119 995 187 1031; x_wconf 75' lang='grc'>(64).</span> <span class='ocrx_word' id='word_1_150' title='bbox 204 996 234 1022; x_wconf 86' lang='lat' dir='ltr'><strong>El</strong></span> <span class='ocrx_word' id='word_1_151' title='bbox 251 996 299 1031; x_wconf 84' lang='grc' dir='ltr'>μὲν</span> <span class='ocrx_word' id='word_1_152' title='bbox 315 996 369 1032; x_wconf 77' lang='grc' dir='ltr'>γὰρ</span> <span class='ocrx_word' id='word_1_153' title='bbox 385 997 529 1031; x_wconf 75' lang='grc' dir='ltr'>Αἰγύπτιοι</span> <span class='ocrx_word' id='word_1_154' title='bbox 548 995 628 1032; x_wconf 79' lang='grc' dir='ltr'>ἦσαν,</span> <span class='ocrx_word' id='word_1_155' title='bbox 648 997 731 1033; x_wconf 77' lang='grc' dir='ltr'><strong>ἐχρῆν</strong></span> <span class='ocrx_word' id='word_1_156' title='bbox 743 998 830 1024; x_wconf 74' lang='grc' dir='ltr'>αὐτῶν</span> 
     </span>
    </p>
   </div>
   <div class='ocr_carea' id='block_1_23' title="bbox 32 1040 830 1078">
    <p class='ocr_par' dir='ltr' id='par_1_23' title="bbox 32 1040 830 1078">
     <span class='ocr_line' id='line_1_23' title="bbox 32 1040 830 1078; baseline 0.003 -12"><span class='ocrx_word' id='word_1_157' title='bbox 32 1041 65 1068; x_wconf 68' lang='grc' dir='ltr'>τὲ</span> <span class='ocrx_word' id='word_1_158' title='bbox 94 1041 218 1076; x_wconf 82' lang='grc' dir='ltr'>ὀνόματα</span> <span class='ocrx_word' id='word_1_159' title='bbox 241 1040 310 1068; x_wconf 73' lang='grc' dir='ltr'>εἶναι</span> <span class='ocrx_word' id='word_1_160' title='bbox 335 1041 490 1076; x_wconf 76' lang='grc' dir='ltr'>Αἰγύπτια,</span> <span class='ocrx_word' id='word_1_161' title='bbox 516 1042 553 1074; x_wconf 88' lang='grc' dir='ltr'>ὡς</span> <span class='ocrx_word' id='word_1_162' title='bbox 577 1043 678 1078; x_wconf 83' lang='grc' dir='ltr'>ἑκάστῃ</span> <span class='ocrx_word' id='word_1_163' title='bbox 699 1042 830 1077; x_wconf 83' lang='grc' dir='ltr'><strong>διαλέκτῳ</strong></span> 
     </span>
    </p>
   </div>
   <div class='ocr_carea' id='block_1_24' title="bbox 33 1088 831 1123">
    <p class='ocr_par' dir='ltr' id='par_1_24' title="bbox 33 1088 831 1123">
     <span class='ocr_line' id='line_1_24' title="bbox 33 1088 831 1123; baseline 0.004 -11"><span class='ocrx_word' id='word_1_164' title='bbox 33 1088 182 1121; x_wconf 57' lang='grc' dir='ltr'>συγγενεῖς</span> <span class='ocrx_word' id='word_1_165' title='bbox 194 1088 261 1113; x_wconf 80' lang='grc' dir='ltr'>εἰσιν</span> <span class='ocrx_word' id='word_1_166' title='bbox 278 1088 304 1114; x_wconf 82' lang='grc' dir='ltr'>αἱ</span> <span class='ocrx_word' id='word_1_167' title='bbox 321 1088 501 1123; x_wconf 78' lang='grc' dir='ltr'>προσηγορίαι</span> <span class='ocrx_word' id='word_1_168' title='bbox 515 1097 521 1103; x_wconf 86' lang='grc'><strong>·</strong></span> <span class='ocrx_word' id='word_1_169' title='bbox 541 1089 564 1114; x_wconf 88' lang='grc' dir='ltr'>εἱ</span> <span class='ocrx_word' id='word_1_170' title='bbox 578 1088 600 1114; x_wconf 77' lang='grc' dir='ltr'>δ’</span> <span class='ocrx_word' id='word_1_171' title='bbox 619 1089 650 1114; x_wconf 79' lang='grc' dir='ltr'>ὲκ</span> <span class='ocrx_word' id='word_1_172' title='bbox 666 1088 719 1114; x_wconf 83' lang='grc' dir='ltr'><strong>τῶν</strong></span> <span class='ocrx_word' id='word_1_173' title='bbox 734 1089 831 1123; x_wconf 79' lang='grc' dir='ltr'>ὀνομά-</span> 
     </span>
    </p>
   </div>
   <div class='ocr_carea' id='block_1_25' title="bbox 31 1131 830 1169">
    <p class='ocr_par' dir='ltr' id='par_1_25' title="bbox 31 1131 830 1169">
     <span class='ocr_line' id='line_1_25' title="bbox 31 1131 830 1169; baseline 0.004 -12"><span class='ocrx_word' id='word_1_174' title='bbox 31 1140 88 1158; x_wconf 84' lang='grc' dir='ltr'><strong>των</strong></span> <span class='ocrx_word' id='word_1_175' title='bbox 107 1131 261 1167; x_wconf 78' lang='grc' dir='ltr'><strong>Ἑϐραϊκῶν</strong></span> <span class='ocrx_word' id='word_1_176' title='bbox 275 1132 359 1159; x_wconf 69' lang='grc' dir='ltr'>ὄντων</span> <span class='ocrx_word' id='word_1_177' title='bbox 376 1133 469 1167; x_wconf 81' lang='grc' dir='ltr'>σαφὲς,</span> <span class='ocrx_word' id='word_1_178' title='bbox 481 1133 521 1160; x_wconf 82' lang='grc' dir='ltr'><strong>ὅτι</strong></span> <span class='ocrx_word' id='word_1_179' title='bbox 535 1134 584 1159; x_wconf 78' lang='grc' dir='ltr'><strong>οὐκ</strong></span> <span class='ocrx_word' id='word_1_180' title='bbox 604 1133 746 1167; x_wconf 83' lang='grc' dir='ltr'>Αἰγύπτιοι</span> <span class='ocrx_word' id='word_1_181' title='bbox 761 1132 830 1169; x_wconf 82' lang='grc' dir='ltr'>ἦσαν</span> 
     </span>
    </p>
   </div>
   <div class='ocr_carea' id='block_1_26' title="bbox 32 1176 830 1212">
    <p class='ocr_par' dir='ltr' id='par_1_26' title="bbox 32 1176 830 1212">
     <span class='ocr_line' id='line_1_26' title="bbox 32 1176 830 1212; baseline 0.001 -10"><span class='ocrx_word' id='word_1_182' title='bbox 32 1177 159 1212; x_wconf 80' lang='grc' dir='ltr'><strong>(πλήρης</strong></span> <span class='ocrx_word' id='word_1_183' title='bbox 169 1176 223 1211; x_wconf 85' lang='grc' dir='ltr'><strong>γὰρ</strong></span> <span class='ocrx_word' id='word_1_184' title='bbox 239 1178 255 1211; x_wconf 88' lang='grc' dir='ltr'>ὴ</span> <span class='ocrx_word' id='word_1_185' title='bbox 271 1177 366 1212; x_wconf 83' lang='grc' dir='ltr'>Γραφὴ</span> <span class='ocrx_word' id='word_1_186' title='bbox 377 1177 431 1203; x_wconf 80' lang='grc' dir='ltr'>τῶν</span> <span class='ocrx_word' id='word_1_187' title='bbox 453 1176 604 1212; x_wconf 74' lang='grc' dir='ltr'><strong>Ἑϐραϊκῶν</strong></span> <span class='ocrx_word' id='word_1_188' title='bbox 618 1176 768 1212; x_wconf 86' lang='grc' dir='ltr'><strong>ὀνομάτων,</strong></span> <span class='ocrx_word' id='word_1_189' title='bbox 784 1177 830 1203; x_wconf 67' lang='grc' dir='ltr'>καὶ</span> 
     </span>
    </p>
   </div>
   <div class='ocr_carea' id='block_1_27' title="bbox 30 1221 828 1257">
    <p class='ocr_par' dir='ltr' id='par_1_27' title="bbox 30 1221 828 1257">
     <span class='ocr_line' id='line_1_27' title="bbox 30 1221 828 1257; baseline 0 -9"><span class='ocrx_word' id='word_1_190' title='bbox 30 1222 88 1248; x_wconf 76' lang='grc' dir='ltr'>τῶν</span> <span class='ocrx_word' id='word_1_191' title='bbox 105 1223 135 1248; x_wconf 79' lang='grc' dir='ltr'>ὲν</span> <span class='ocrx_word' id='word_1_192' title='bbox 152 1222 280 1257; x_wconf 71' lang='grc' dir='ltr'>Αἰγύπτῳ</span> <span class='ocrx_word' id='word_1_193' title='bbox 293 1222 404 1248; x_wconf 82' lang='grc' dir='ltr'>τοιαῦτα</span> <span class='ocrx_word' id='word_1_194' title='bbox 429 1221 549 1257; x_wconf 83' lang='grc' dir='ltr'>θεμένων</span> <span class='ocrx_word' id='word_1_195' title='bbox 564 1223 620 1253; x_wconf 80' lang='grc' dir='ltr'>τοῖς</span> <span class='ocrx_word' id='word_1_196' title='bbox 634 1221 723 1256; x_wconf 80' lang='grc' dir='ltr'>υἱοῖς),</span> <span class='ocrx_word' id='word_1_197' title='bbox 739 1221 828 1256; x_wconf 82' lang='grc' dir='ltr'>δῆλον,</span> 
     </span>
    </p>
   </div>
   <div class='ocr_carea' id='block_1_28' title="bbox 31 1266 826 1302">
    <p class='ocr_par' dir='ltr' id='par_1_28' title="bbox 31 1266 826 1302">
     <span class='ocr_line' id='line_1_28' title="bbox 31 1266 826 1302; baseline -0.003 -8"><span class='ocrx_word' id='word_1_198' title='bbox 31 1268 73 1294; x_wconf 66' lang='grc' dir='ltr'>ὅτι</span> <span class='ocrx_word' id='word_1_199' title='bbox 86 1267 187 1302; x_wconf 64' lang='grc' dir='ltr'>ψεῦδος</span> <span class='ocrx_word' id='word_1_200' title='bbox 198 1268 228 1294; x_wconf 82' lang='grc' dir='ltr'>τὸ</span> <span class='ocrx_word' id='word_1_201' title='bbox 242 1267 385 1302; x_wconf 82' lang='grc' dir='ltr'>λεγόμενον</span> <span class='ocrx_word' id='word_1_202' title='bbox 399 1267 452 1294; x_wconf 77' lang='grc' dir='ltr'><strong>ὑπὸ</strong></span> <span class='ocrx_word' id='word_1_203' title='bbox 466 1267 518 1294; x_wconf 84' lang='grc' dir='ltr'>τῶν</span> <span class='ocrx_word' id='word_1_204' title='bbox 535 1266 691 1301; x_wconf 71' lang='grc' dir='ltr'><strong>Αἰγυπτίων</strong></span> <span class='ocrx_word' id='word_1_205' title='bbox 703 1287 709 1299; x_wconf 86' lang='grc'><strong>,</strong></span> <span class='ocrx_word' id='word_1_206' title='bbox 724 1267 765 1293; x_wconf 88' lang='grc' dir='ltr'>ὅτι</span> <span class='ocrx_word' id='word_1_207' title='bbox 778 1267 826 1293; x_wconf 76' lang='grc' dir='ltr'><strong>Αί-</strong></span> 
     </span>
    </p>
   </div>
   <div class='ocr_carea' id='block_1_29' title="bbox 31 1312 828 1349">
    <p class='ocr_par' dir='ltr' id='par_1_29' title="bbox 31 1312 828 1349">
     <span class='ocr_line' id='line_1_29' title="bbox 31 1312 828 1349; baseline -0.001 -10"><span class='ocrx_word' id='word_1_208' title='bbox 31 1313 149 1346; x_wconf 77' lang='grc' dir='ltr'>γύπτιοι</span> <span class='ocrx_word' id='word_1_209' title='bbox 172 1313 247 1345; x_wconf 72' lang='grc' dir='ltr'>ὄντες</span> <span class='ocrx_word' id='word_1_210' title='bbox 271 1313 450 1349; x_wconf 77' lang='grc' dir='ltr'><strong>ἀπηλάθησαν</strong></span> <span class='ocrx_word' id='word_1_211' title='bbox 477 1312 546 1347; x_wconf 77' lang='grc' dir='ltr'>μετὰ</span> <span class='ocrx_word' id='word_1_212' title='bbox 560 1312 699 1344; x_wconf 78' lang='grc' dir='ltr'>Μωῦσέως</span> <span class='ocrx_word' id='word_1_213' title='bbox 714 1313 768 1339; x_wconf 84' lang='grc' dir='ltr'><strong>ἀπὺ</strong></span> <span class='ocrx_word' id='word_1_214' title='bbox 779 1313 828 1347; x_wconf 84' lang='grc' dir='ltr'>τῆς</span> 
     </span>
    </p>
   </div>
   <div class='ocr_carea' id='block_1_30' title="bbox 32 1359 829 1394">
    <p class='ocr_par' dir='ltr' id='par_1_30' title="bbox 32 1359 829 1394">
     <span class='ocr_line' id='line_1_30' title="bbox 32 1359 829 1394; baseline -0.003 -8"><span class='ocrx_word' id='word_1_215' title='bbox 32 1359 187 1393; x_wconf 69' lang='grc' dir='ltr'>Αἰγύπτου.</span> <span class='ocrx_word' id='word_1_216' title='bbox 202 1359 256 1386; x_wconf 74' lang='grc' dir='ltr'><strong>Καὶ</strong></span> <span class='ocrx_word' id='word_1_217' title='bbox 272 1359 364 1393; x_wconf 85' lang='grc' dir='ltr'><strong>σαφῶς</strong></span> <span class='ocrx_word' id='word_1_218' title='bbox 386 1359 498 1394; x_wconf 72' lang='grc' dir='ltr'>ἐναργές</span> <span class='ocrx_word' id='word_1_219' title='bbox 515 1359 602 1390; x_wconf 73' lang='grc' dir='ltr'>ἐστιν,</span> <span class='ocrx_word' id='word_1_220' title='bbox 619 1359 659 1385; x_wconf 83' lang='grc' dir='ltr'>ὅτι</span> <span class='ocrx_word' id='word_1_221' title='bbox 676 1360 708 1385; x_wconf 81' lang='grc' dir='ltr'>ἐκ</span> <span class='ocrx_word' id='word_1_222' title='bbox 731 1359 829 1394; x_wconf 86' lang='grc' dir='ltr'>προγό-</span> 
     </span>
    </p>
   </div>
   <div class='ocr_carea' id='block_1_31' title="bbox 31 1404 827 1442">
    <p class='ocr_par' dir='ltr' id='par_1_31' title="bbox 31 1404 827 1442">
     <span class='ocr_line' id='line_1_31' title="bbox 31 1404 827 1442; baseline -0.004 -9"><span class='ocrx_word' id='word_1_223' title='bbox 31 1415 87 1433; x_wconf 88' lang='grc' dir='ltr'><strong>νων</strong></span> <span class='ocrx_word' id='word_1_224' title='bbox 107 1406 252 1442; x_wconf 74' lang='grc' dir='ltr'>Ἐϐραίων,</span> <span class='ocrx_word' id='word_1_225' title='bbox 265 1405 335 1432; x_wconf 82' lang='grc' dir='ltr'>κατὰ</span> <span class='ocrx_word' id='word_1_226' title='bbox 350 1405 399 1440; x_wconf 85' lang='grc' dir='ltr'>τὴν</span> <span class='ocrx_word' id='word_1_227' title='bbox 413 1404 489 1441; x_wconf 77' lang='grc' dir='ltr'>παρὰ</span> <span class='ocrx_word' id='word_1_228' title='bbox 499 1405 611 1432; x_wconf 76' lang='grc' dir='ltr'>Μωῡσεῖ</span> <span class='ocrx_word' id='word_1_229' title='bbox 624 1405 827 1440; x_wconf 82' lang='grc' dir='ltr'>ἀναγραφεῖσαν</span> 
     </span>
    </p>
   </div>
   <div class='ocr_carea' id='block_1_32' title="bbox 32 1449 827 1488">
    <p class='ocr_par' dir='ltr' id='par_1_32' title="bbox 32 1449 827 1488">
     <span class='ocr_line' id='line_1_32' title="bbox 32 1449 827 1488; baseline -0.004 -10"><span class='ocrx_word' id='word_1_230' title='bbox 32 1453 160 1488; x_wconf 79' lang='grc' dir='ltr'>ἱστορίαν</span> <span class='ocrx_word' id='word_1_231' title='bbox 171 1472 178 1483; x_wconf 92' lang='grc'><strong>,</strong></span> <span class='ocrx_word' id='word_1_232' title='bbox 196 1451 227 1477; x_wconf 83' lang='grc' dir='ltr'>τὺ</span> <span class='ocrx_word' id='word_1_233' title='bbox 249 1451 327 1486; x_wconf 83' lang='grc' dir='ltr'>γένος</span> <span class='ocrx_word' id='word_1_234' title='bbox 351 1451 456 1485; x_wconf 74' lang='grc' dir='ltr'>ἔχοντες</span> <span class='ocrx_word' id='word_1_235' title='bbox 479 1449 609 1485; x_wconf 81' lang='grc' dir='ltr'><strong>διαλέκτῳ</strong></span> <span class='ocrx_word' id='word_1_236' title='bbox 627 1450 746 1485; x_wconf 79' lang='grc' dir='ltr'>ἐχρῶντο</span> <span class='ocrx_word' id='word_1_237' title='bbox 757 1469 764 1481; x_wconf 90' lang='grc'><strong>,</strong></span> <span class='ocrx_word' id='word_1_238' title='bbox 782 1450 827 1483; x_wconf 79' lang='grc' dir='ltr'><strong>ἀφ’</strong></span> 
     </span>
    </p>
   </div>
   <div class='ocr_carea' id='block_1_33' title="bbox 885 223 1676 263">
    <p class='ocr_par' dir='ltr' id='par_1_33' title="bbox 885 223 1676 263">
     <span class='ocr_line' id='line_1_33' title="bbox 885 223 1676 263; baseline 0.008 -14"><span class='ocrx_word' id='word_1_239' title='bbox 885 223 987 250; x_wconf 87' lang='lat' dir='ltr'><strong>cuisset</strong></span> <span class='ocrx_word' id='word_1_240' title='bbox 999 223 1053 250; x_wconf 86' lang='lat' dir='ltr'><strong>vim</strong></span> <span class='ocrx_word' id='word_1_241' title='bbox 1070 223 1174 250; x_wconf 87' lang='lat' dir='ltr'><strong>homini</strong></span> <span class='ocrx_word' id='word_1_242' title='bbox 1190 231 1327 258; x_wconf 86' lang='lat' dir='ltr'><strong>nunquam</strong></span> <span class='ocrx_word' id='word_1_243' title='bbox 1341 225 1415 259; x_wconf 83' lang='lat' dir='ltr'><strong>juste</strong></span> <span class='ocrx_word' id='word_1_244' title='bbox 1433 234 1447 253; x_wconf 91' lang='lat' dir='ltr'><strong>a</strong></span> <span class='ocrx_word' id='word_1_245' title='bbox 1464 227 1521 253; x_wconf 82' lang='lat' dir='ltr'><strong>suis</strong></span> <span class='ocrx_word' id='word_1_246' title='bbox 1534 228 1676 263; x_wconf 78' lang='lat' dir='ltr'><strong>discipulis</strong></span> 
     </span>
    </p>
   </div>
   <div class='ocr_carea' id='block_1_34' title="bbox 885 267 1674 305">
    <p class='ocr_par' dir='ltr' id='par_1_34' title="bbox 885 267 1674 305">
     <span class='ocr_line' id='line_1_34' title="bbox 885 267 1674 305; baseline 0.01 -11"><span class='ocrx_word' id='word_1_247' title='bbox 885 267 981 295; x_wconf 79' lang='lat' dir='ltr'><strong>inferri</strong></span> <span class='ocrx_word' id='word_1_248' title='bbox 1002 275 1101 304; x_wconf 86' lang='lat' dir='ltr'><strong>posse,</strong></span> <span class='ocrx_word' id='word_1_249' title='bbox 1129 269 1254 303; x_wconf 89' lang='lat' dir='ltr'><strong>quamvis</strong></span> <span class='ocrx_word' id='word_1_250' title='bbox 1278 270 1459 304; x_wconf 87' lang='lat' dir='ltr'><strong>injustissimo</strong></span> <span class='ocrx_word' id='word_1_251' title='bbox 1480 281 1487 305; x_wconf 89' lang='lat'><strong>;</strong></span> <span class='ocrx_word' id='word_1_252' title='bbox 1514 273 1674 302; x_wconf 85' lang='lat' dir='ltr'><strong>indecorum</strong></span> 
     </span>
    </p>
   </div>
   <div class='ocr_carea' id='block_1_35' title="bbox 884 313 1674 350">
    <p class='ocr_par' dir='ltr' id='par_1_35' title="bbox 884 313 1674 350">
     <span class='ocr_line' id='line_1_35' title="bbox 884 313 1674 350; baseline 0.008 -11"><span class='ocrx_word' id='word_1_253' title='bbox 884 313 956 339; x_wconf 89' lang='lat' dir='ltr'><strong>enim</strong></span> <span class='ocrx_word' id='word_1_254' title='bbox 980 313 1093 347; x_wconf 88' lang='lat' dir='ltr'><strong>putabat</strong></span> <span class='ocrx_word' id='word_1_255' title='bbox 1114 313 1213 341; x_wconf 87' lang='lat' dir='ltr'><strong>divinis</strong></span> <span class='ocrx_word' id='word_1_256' title='bbox 1234 314 1291 341; x_wconf 86' lang='lat' dir='ltr'><strong>suis</strong></span> <span class='ocrx_word' id='word_1_257' title='bbox 1308 315 1411 350; x_wconf 84' lang='lat' dir='ltr'><strong>legibus</strong></span> <span class='ocrx_word' id='word_1_258' title='bbox 1430 319 1549 350; x_wconf 76' lang='lat' dir='ltr'><strong>permitti</strong></span> <span class='ocrx_word' id='word_1_259' title='bbox 1573 319 1674 346; x_wconf 64' lang='lat' dir='ltr'><strong>caedem</strong></span> 
     </span>
    </p>
   </div>
   <div class='ocr_carea' id='block_1_36' title="bbox 884 357 1675 398">
    <p class='ocr_par' dir='ltr' id='par_1_36' title="bbox 884 357 1675 398">
     <span class='ocr_line' id='line_1_36' title="bbox 884 357 1675 398; baseline 0.009 -14"><span class='ocrx_word' id='word_1_260' title='bbox 884 357 1019 391; x_wconf 83' lang='lat' dir='ltr'><strong>hominis,</strong></span> <span class='ocrx_word' id='word_1_261' title='bbox 1034 358 1229 393; x_wconf 79' lang='lat' dir='ltr'><strong>qualiscumque</strong></span> <span class='ocrx_word' id='word_1_262' title='bbox 1253 360 1360 387; x_wconf 86' lang='lat' dir='ltr'><strong>tandem</strong></span> <span class='ocrx_word' id='word_1_263' title='bbox 1390 361 1435 388; x_wconf 86' lang='lat' dir='ltr'><strong>illa</strong></span> <span class='ocrx_word' id='word_1_264' title='bbox 1459 367 1531 391; x_wconf 80' lang='lat' dir='ltr'><strong>esset</strong></span> <span class='ocrx_word' id='word_1_265' title='bbox 1552 373 1559 390; x_wconf 84' lang='lat'><strong>:</strong></span> <span class='ocrx_word' id='word_1_266' title='bbox 1588 372 1675 398; x_wconf 86' lang='lat' dir='ltr'><strong>neque</strong></span> 
     </span>
    </p>
   </div>
   <div class='ocr_carea' id='block_1_37' title="bbox 883 403 1674 445">
    <p class='ocr_par' dir='ltr' id='par_1_37' title="bbox 883 403 1674 445">
     <span class='ocr_line' id='line_1_37' title="bbox 883 403 1674 445; baseline 0.011 -16"><span class='ocrx_word' id='word_1_267' title='bbox 883 403 965 430; x_wconf 87' lang='lat' dir='ltr'><strong>etiatn</strong></span> <span class='ocrx_word' id='word_1_268' title='bbox 981 403 1128 431; x_wconf 78' lang='lat' dir='ltr'><strong>Christiani</strong></span> <span class='ocrx_word' id='word_1_269' title='bbox 1146 411 1222 431; x_wconf 89' lang='lat' dir='ltr'><strong>suam</strong></span> <span class='ocrx_word' id='word_1_270' title='bbox 1240 412 1255 431; x_wconf 89' lang='lat' dir='ltr'><strong>a</strong></span> <span class='ocrx_word' id='word_1_271' title='bbox 1273 405 1408 434; x_wconf 92' lang='lat' dir='ltr'><strong>seditione</strong></span> <span class='ocrx_word' id='word_1_272' title='bbox 1435 407 1566 437; x_wconf 85' lang='lat' dir='ltr'><strong>ducentes</strong></span> <span class='ocrx_word' id='word_1_273' title='bbox 1590 411 1674 445; x_wconf 75' lang='lat' dir='ltr'><strong>origi-</strong></span> 
     </span>
    </p>
   </div>
   <div class='ocr_carea' id='block_1_38' title="bbox 884 449 1673 489">
    <p class='ocr_par' dir='ltr' id='par_1_38' title="bbox 884 449 1673 489">
     <span class='ocr_line' id='line_1_38' title="bbox 884 449 1673 489; baseline 0.01 -14"><span class='ocrx_word' id='word_1_274' title='bbox 884 456 946 475; x_wconf 90' lang='lat' dir='ltr'><strong>nem</strong></span> <span class='ocrx_word' id='word_1_275' title='bbox 963 449 1036 483; x_wconf 78' lang='lat' dir='ltr'><strong>leges</strong></span> <span class='ocrx_word' id='word_1_276' title='bbox 1050 449 1228 477; x_wconf 87' lang='lat' dir='ltr'><strong>admisissent</strong></span> <span class='ocrx_word' id='word_1_277' title='bbox 1246 450 1282 477; x_wconf 85' lang='lat' dir='ltr'><strong>ita</strong></span> <span class='ocrx_word' id='word_1_278' title='bbox 1297 452 1437 485; x_wconf 83' lang='lat' dir='ltr'><strong>paciﬁcas,</strong></span> <span class='ocrx_word' id='word_1_279' title='bbox 1456 458 1485 480; x_wconf 89' lang='lat' dir='ltr'><strong>ut</strong></span> <span class='ocrx_word' id='word_1_280' title='bbox 1501 461 1613 489; x_wconf 82' lang='lat' dir='ltr'><strong>propter</strong></span> <span class='ocrx_word' id='word_1_281' title='bbox 1627 464 1673 483; x_wconf 87' lang='lat' dir='ltr'><strong>eas</strong></span> 
     </span>
    </p>
   </div>
   <div class='ocr_carea' id='block_1_39' title="bbox 885 494 1671 536">
    <p class='ocr_par' dir='ltr' id='par_1_39' title="bbox 885 494 1671 536">
     <span class='ocr_line' id='line_1_39' title="bbox 885 494 1671 536; baseline 0.009 -16"><span class='ocrx_word' id='word_1_282' title='bbox 885 494 984 522; x_wconf 81' lang='lat' dir='ltr'><strong>factum</strong></span> <span class='ocrx_word' id='word_1_283' title='bbox 1001 494 1084 522; x_wconf 84' lang='lat' dir='ltr'><strong>fuerit</strong></span> <span class='ocrx_word' id='word_1_284' title='bbox 1115 500 1145 522; x_wconf 91' lang='lat' dir='ltr'><strong>ut</strong></span> <span class='ocrx_word' id='word_1_285' title='bbox 1158 495 1240 523; x_wconf 90' lang='lat' dir='ltr'><strong>veluti</strong></span> <span class='ocrx_word' id='word_1_286' title='bbox 1257 503 1323 523; x_wconf 90' lang='lat' dir='ltr'><strong>oves</strong></span> <span class='ocrx_word' id='word_1_287' title='bbox 1345 497 1574 532; x_wconf 88' lang='lat' dir='ltr'><strong>interﬁcerentur,</strong></span> <span class='ocrx_word' id='word_1_288' title='bbox 1589 500 1671 536; x_wconf 61' lang='lat'><strong>552</strong></span> 
     </span>
    </p>
   </div>
   <div class='ocr_carea' id='block_1_40' title="bbox 885 540 1673 580">
    <p class='ocr_par' dir='ltr' id='par_1_40' title="bbox 885 540 1673 580">
     <span class='ocr_line' id='line_1_40' title="bbox 885 540 1673 580; baseline 0.008 -14"><span class='ocrx_word' id='word_1_289' title='bbox 885 547 933 567; x_wconf 90' lang='lat' dir='ltr'><strong>nec</strong></span> <span class='ocrx_word' id='word_1_290' title='bbox 947 548 995 574; x_wconf 90' lang='lat' dir='ltr'><strong>per</strong></span> <span class='ocrx_word' id='word_1_291' title='bbox 1007 548 1053 568; x_wconf 91' lang='lat' dir='ltr'><strong>eas</strong></span> <span class='ocrx_word' id='word_1_292' title='bbox 1066 540 1160 568; x_wconf 75' lang='lat' dir='ltr'><strong>liceret</strong></span> <span class='ocrx_word' id='word_1_293' title='bbox 1171 541 1204 568; x_wconf 88' lang='lat' dir='ltr'><strong>de</strong></span> <span class='ocrx_word' id='word_1_294' title='bbox 1217 543 1438 576; x_wconf 87' lang='lat' dir='ltr'><strong>persecutoribus</strong></span> <span class='ocrx_word' id='word_1_295' title='bbox 1450 551 1557 572; x_wconf 80' lang='lat' dir='ltr'><strong>sumere</strong></span> <span class='ocrx_word' id='word_1_296' title='bbox 1570 547 1673 580; x_wconf 83' lang='lat' dir='ltr'><strong>suppli-</strong></span> 
     </span>
    </p>
   </div>
   <div class='ocr_carea' id='block_1_41' title="bbox 884 586 1673 624">
    <p class='ocr_par' dir='ltr' id='par_1_41' title="bbox 884 586 1673 624">
     <span class='ocr_line' id='line_1_41' title="bbox 884 586 1673 624; baseline 0.01 -12"><span class='ocrx_word' id='word_1_297' title='bbox 884 586 965 612; x_wconf 85' lang='lat' dir='ltr'><strong>cium.</strong></span> <span class='ocrx_word' id='word_1_298' title='bbox 990 586 1044 614; x_wconf 89' lang='lat' dir='ltr'><strong>Sed</strong></span> <span class='ocrx_word' id='word_1_299' title='bbox 1070 591 1097 613; x_wconf 91' lang='lat' dir='ltr'><strong>et</strong></span> <span class='ocrx_word' id='word_1_300' title='bbox 1120 587 1165 620; x_wconf 88' lang='lat' dir='ltr'><strong>qtti</strong></span> <span class='ocrx_word' id='word_1_301' title='bbox 1190 594 1247 614; x_wconf 76' lang='lat' dir='ltr'><strong>rem</strong></span> <span class='ocrx_word' id='word_1_302' title='bbox 1271 589 1389 615; x_wconf 88' lang='lat' dir='ltr'><strong>scrutari</strong></span> <span class='ocrx_word' id='word_1_303' title='bbox 1407 589 1488 616; x_wconf 87' lang='lat' dir='ltr'><strong>altius</strong></span> <span class='ocrx_word' id='word_1_304' title='bbox 1505 590 1633 624; x_wconf 85' lang='lat' dir='ltr'><strong>voluerit,</strong></span> <span class='ocrx_word' id='word_1_305' title='bbox 1650 593 1673 620; x_wconf 90' lang='lat' dir='ltr'><strong>is</strong></span> 
     </span>
    </p>
   </div>
   <div class='ocr_carea' id='block_1_42' title="bbox 884 632 1672 672">
    <p class='ocr_par' dir='ltr' id='par_1_42' title="bbox 884 632 1672 672">
     <span class='ocr_line' id='line_1_42' title="bbox 884 632 1672 672; baseline 0.006 -13"><span class='ocrx_word' id='word_1_306' title='bbox 884 632 974 660; x_wconf 83' lang='lat' dir='ltr'><strong>dicere</strong></span> <span class='ocrx_word' id='word_1_307' title='bbox 988 633 1087 667; x_wconf 88' lang='lat' dir='ltr'><strong>poterit</strong></span> <span class='ocrx_word' id='word_1_308' title='bbox 1103 641 1155 659; x_wconf 92' lang='lat' dir='ltr'><strong>non</strong></span> <span class='ocrx_word' id='word_1_309' title='bbox 1172 635 1233 661; x_wconf 89' lang='lat' dir='ltr'><strong>sine</strong></span> <span class='ocrx_word' id='word_1_310' title='bbox 1256 634 1388 661; x_wconf 85' lang='lat' dir='ltr'><strong>miraculo</strong></span> <span class='ocrx_word' id='word_1_311' title='bbox 1404 635 1562 670; x_wconf 80' lang='lat' dir='ltr'><strong>contigisse,</strong></span> <span class='ocrx_word' id='word_1_312' title='bbox 1583 639 1672 672; x_wconf 91' lang='lat' dir='ltr'><strong>utqui</strong></span> 
     </span>
    </p>
   </div>
   <div class='ocr_carea' id='block_1_43' title="bbox 883 677 1674 716">
    <p class='ocr_par' dir='ltr' id='par_1_43' title="bbox 883 677 1674 716">
     <span class='ocr_line' id='line_1_43' title="bbox 883 677 1674 716; baseline 0.006 -12"><span class='ocrx_word' id='word_1_313' title='bbox 883 685 916 705; x_wconf 85' lang='lat' dir='ltr'><strong>ex</strong></span> <span class='ocrx_word' id='word_1_314' title='bbox 930 677 1047 713; x_wconf 62' lang='lat' dir='ltr'><strong>[Egypto</strong></span> <span class='ocrx_word' id='word_1_315' title='bbox 1061 678 1187 710; x_wconf 78' lang='lat' dir='ltr'><strong>exibant,</strong></span> <span class='ocrx_word' id='word_1_316' title='bbox 1203 679 1295 706; x_wconf 88' lang='lat' dir='ltr'><strong>statim</strong></span> <span class='ocrx_word' id='word_1_317' title='bbox 1309 683 1338 706; x_wconf 87' lang='lat' dir='ltr'><strong>et</strong></span> <span class='ocrx_word' id='word_1_318' title='bbox 1355 680 1432 713; x_wconf 84' lang='lat' dir='ltr'><strong>quasi</strong></span> <span class='ocrx_word' id='word_1_319' title='bbox 1448 681 1520 708; x_wconf 84' lang='lat' dir='ltr'><strong>Deus</strong></span> <span class='ocrx_word' id='word_1_320' title='bbox 1539 682 1674 716; x_wconf 85' lang='lat' dir='ltr'><strong>inspiras-</strong></span> 
     </span>
    </p>
   </div>
   <div class='ocr_carea' id='block_1_44' title="bbox 883 723 1671 759">
    <p class='ocr_par' dir='ltr' id='par_1_44' title="bbox 883 723 1671 759">
     <span class='ocr_line' id='line_1_44' title="bbox 883 723 1671 759; baseline 0.006 -10"><span class='ocrx_word' id='word_1_321' title='bbox 883 727 935 756; x_wconf 80' lang='lat' dir='ltr'><strong>set,</strong></span> <span class='ocrx_word' id='word_1_322' title='bbox 962 723 1080 758; x_wconf 81' lang='lat' dir='ltr'><strong>linguam</strong></span> <span class='ocrx_word' id='word_1_323' title='bbox 1106 729 1267 758; x_wconf 82' lang='lat' dir='ltr'><strong>usurparent</strong></span> <span class='ocrx_word' id='word_1_324' title='bbox 1286 732 1346 759; x_wconf 69' lang='lat' dir='ltr'><strong>qua:</strong></span> <span class='ocrx_word' id='word_1_325' title='bbox 1366 725 1501 754; x_wconf 84' lang='lat' dir='ltr'><strong>Hebraica</strong></span> <span class='ocrx_word' id='word_1_326' title='bbox 1526 727 1671 754; x_wconf 82' lang='lat' dir='ltr'><strong>vocitatur.</strong></span> 
     </span>
    </p>
   </div>
   <div class='ocr_carea' id='block_1_45' title="bbox 883 768 1673 806">
    <p class='ocr_par' dir='ltr' id='par_1_45' title="bbox 883 768 1673 806">
     <span class='ocr_line' id='line_1_45' title="bbox 883 768 1673 806; baseline 0.005 -12"><span class='ocrx_word' id='word_1_327' title='bbox 883 768 942 802; x_wconf 86' lang='lat' dir='ltr'><strong>Quo</strong></span> <span class='ocrx_word' id='word_1_328' title='bbox 954 769 1070 803; x_wconf 89' lang='lat' dir='ltr'><strong>pertinet</strong></span> <span class='ocrx_word' id='word_1_329' title='bbox 1085 769 1155 795; x_wconf 84' lang='lat' dir='ltr'><strong>istud</strong></span> <span class='ocrx_word' id='word_1_330' title='bbox 1169 769 1250 796; x_wconf 81' lang='lat' dir='ltr'><strong>unius</strong></span> <span class='ocrx_word' id='word_1_331' title='bbox 1260 777 1293 796; x_wconf 89' lang='lat' dir='ltr'><strong>ex</strong></span> <span class='ocrx_word' id='word_1_332' title='bbox 1307 777 1401 797; x_wconf 89' lang='lat' dir='ltr'><strong>eorutn</strong></span> <span class='ocrx_word' id='word_1_333' title='bbox 1415 771 1569 806; x_wconf 85' lang='lat' dir='ltr'><strong>prophetis:</strong></span> <span class='ocrx_word' id='word_1_334' title='bbox 1585 781 1593 797; x_wconf 78' lang='grc' dir='ltr'><strong>ι</strong></span> <span class='ocrx_word' id='word_1_335' title='bbox 1605 772 1673 799; x_wconf 83' lang='lat' dir='ltr'><strong>Cum</strong></span> 
     </span>
    </p>
   </div>
   <div class='ocr_carea' id='block_1_46' title="bbox 883 815 1676 852">
    <p class='ocr_par' dir='ltr' id='par_1_46' title="bbox 883 815 1676 852">
     <span class='ocr_line' id='line_1_46' title="bbox 883 815 1676 852; baseline 0.006 -12"><span class='ocrx_word' id='word_1_336' title='bbox 883 815 988 840; x_wconf 82' lang='lat' dir='ltr'><strong>exirent</strong></span> <span class='ocrx_word' id='word_1_337' title='bbox 1003 816 1036 842; x_wconf 88' lang='lat' dir='ltr'><strong>de</strong></span> <span class='ocrx_word' id='word_1_338' title='bbox 1063 820 1135 842; x_wconf 87' lang='lat' dir='ltr'><strong>terra</strong></span> <span class='ocrx_word' id='word_1_339' title='bbox 1152 815 1262 850; x_wconf 61' lang='lat' dir='ltr'><strong>[Egypti</strong></span> <span class='ocrx_word' id='word_1_340' title='bbox 1287 824 1349 849; x_wconf 89' lang='lat' dir='ltr'><strong>eos,</strong></span> <span class='ocrx_word' id='word_1_341' title='bbox 1374 824 1455 852; x_wconf 86' lang='lat' dir='ltr'><strong>quam</strong></span> <span class='ocrx_word' id='word_1_342' title='bbox 1472 825 1524 845; x_wconf 94' lang='lat' dir='ltr'><strong>non</strong></span> <span class='ocrx_word' id='word_1_343' title='bbox 1541 823 1676 846; x_wconf 87' lang='lat' dir='ltr'><strong>noverant</strong></span> 
     </span>
    </p>
   </div>
   <div class='ocr_carea' id='block_1_47' title="bbox 849 850 1245 894">
    <p class='ocr_par' dir='ltr' id='par_1_47' title="bbox 849 850 1245 894">
     <span class='ocr_line' id='line_1_47' title="bbox 849 850 1245 894; baseline 0.008 -9"><span class='ocrx_word' id='word_1_344' title='bbox 849 850 869 877; x_wconf 79' lang='grc' dir='ltr'><strong><em>Β</em></strong></span> <span class='ocrx_word' id='word_1_345' title='bbox 885 860 1014 894; x_wconf 81' lang='lat' dir='ltr'><strong>linguam,</strong></span> <span class='ocrx_word' id='word_1_346' title='bbox 1030 861 1167 888; x_wconf 82' lang='lat' dir='ltr'><strong>audivisse</strong></span> <span class='ocrx_word' id='word_1_347' title='bbox 1182 861 1215 888; x_wconf 79' lang='grc'><strong>⁵⁵.</strong></span> <span class='ocrx_word' id='word_1_348' title='bbox 1235 871 1245 888; x_wconf 76' lang='grc' dir='ltr'><strong>ι</strong></span> 
     </span>
    </p>
   </div>
   <div class='ocr_carea' id='block_1_48' title="bbox 919 905 1672 942">
    <p class='ocr_par' dir='ltr' id='par_1_48' title="bbox 919 905 1672 942">
     <span class='ocr_line' id='line_1_48' title="bbox 919 905 1672 942; baseline 0.007 -10"><span class='ocrx_word' id='word_1_349' title='bbox 919 905 945 932; x_wconf 78' lang='grc'>8.</span> <span class='ocrx_word' id='word_1_350' title='bbox 961 905 1017 932; x_wconf 86' lang='lat' dir='ltr'><strong>Hoc</strong></span> <span class='ocrx_word' id='word_1_351' title='bbox 1028 906 1110 933; x_wconf 91' lang='lat' dir='ltr'><strong>etiam</strong></span> <span class='ocrx_word' id='word_1_352' title='bbox 1130 911 1292 941; x_wconf 85' lang='lat' dir='ltr'><strong>argumento</strong></span> <span class='ocrx_word' id='word_1_353' title='bbox 1308 907 1479 941; x_wconf 86' lang='lat' dir='ltr'><strong>probandum</strong></span> <span class='ocrx_word' id='word_1_354' title='bbox 1493 914 1544 942; x_wconf 83' lang='lat' dir='ltr'><strong>est,</strong></span> <span class='ocrx_word' id='word_1_355' title='bbox 1560 916 1607 936; x_wconf 87' lang='lat' dir='ltr'><strong>eos</strong></span> <span class='ocrx_word' id='word_1_356' title='bbox 1621 909 1672 937; x_wconf 66' lang='lat' dir='ltr'><strong>IE-</strong></span> 
     </span>
    </p>
   </div>
   <div class='ocr_carea' id='block_1_49' title="bbox 884 951 1672 989">
    <p class='ocr_par' dir='ltr' id='par_1_49' title="bbox 884 951 1672 989">
     <span class='ocr_line' id='line_1_49' title="bbox 884 951 1672 989; baseline 0.008 -12"><span class='ocrx_word' id='word_1_357' title='bbox 884 951 990 986; x_wconf 87' lang='lat' dir='ltr'><strong>gyptios</strong></span> <span class='ocrx_word' id='word_1_358' title='bbox 1003 958 1056 978; x_wconf 91' lang='lat' dir='ltr'><strong>non</strong></span> <span class='ocrx_word' id='word_1_359' title='bbox 1073 951 1165 984; x_wconf 82' lang='lat' dir='ltr'><strong>fuisse,</strong></span> <span class='ocrx_word' id='word_1_360' title='bbox 1179 953 1224 986; x_wconf 90' lang='lat' dir='ltr'><strong>qui</strong></span> <span class='ocrx_word' id='word_1_361' title='bbox 1240 959 1274 979; x_wconf 82' lang='lat' dir='ltr'><strong>ex</strong></span> <span class='ocrx_word' id='word_1_362' title='bbox 1287 952 1405 988; x_wconf 71' lang='lat' dir='ltr'><strong>Egypto</strong></span> <span class='ocrx_word' id='word_1_363' title='bbox 1425 961 1485 981; x_wconf 90' lang='lat' dir='ltr'><strong>cum</strong></span> <span class='ocrx_word' id='word_1_364' title='bbox 1513 954 1605 989; x_wconf 79' lang='lat' dir='ltr'><strong>Moyse</strong></span> <span class='ocrx_word' id='word_1_365' title='bbox 1628 963 1672 983; x_wconf 87' lang='lat' dir='ltr'><strong>re-</strong></span> 
     </span>
    </p>
   </div>
   <div class='ocr_carea' id='block_1_50' title="bbox 884 995 1670 1033">
    <p class='ocr_par' dir='ltr' id='par_1_50' title="bbox 884 995 1670 1033">
     <span class='ocr_line' id='line_1_50' title="bbox 884 995 1670 1033; baseline 0.009 -12"><span class='ocrx_word' id='word_1_366' title='bbox 884 1000 1034 1023; x_wconf 85' lang='lat' dir='ltr'><strong>cesseruul.</strong></span> <span class='ocrx_word' id='word_1_367' title='bbox 1058 995 1124 1023; x_wconf 80' lang='lat' dir='ltr'><strong>Nam</strong></span> <span class='ocrx_word' id='word_1_368' title='bbox 1149 998 1172 1024; x_wconf 90' lang='lat' dir='ltr'><strong>si</strong></span> <span class='ocrx_word' id='word_1_369' title='bbox 1186 997 1306 1033; x_wconf 66' lang='lat' dir='ltr'><strong>Egyptii</strong></span> <span class='ocrx_word' id='word_1_370' title='bbox 1328 1003 1429 1033; x_wconf 83' lang='lat' dir='ltr'><strong>essent,</strong></span> <span class='ocrx_word' id='word_1_371' title='bbox 1449 1000 1560 1027; x_wconf 84' lang='lat' dir='ltr'><strong>nomina</strong></span> <span class='ocrx_word' id='word_1_372' title='bbox 1573 1008 1670 1029; x_wconf 89' lang='lat' dir='ltr'><strong>eorum</strong></span> 
     </span>
    </p>
   </div>
   <div class='ocr_carea' id='block_1_51' title="bbox 883 1041 1670 1080">
    <p class='ocr_par' dir='ltr' id='par_1_51' title="bbox 883 1041 1670 1080">
     <span class='ocr_line' id='line_1_51' title="bbox 883 1041 1670 1080; baseline 0.008 -13"><span class='ocrx_word' id='word_1_373' title='bbox 883 1041 1043 1076; x_wconf 65' lang='lat' dir='ltr'><strong>Aigyptiaca</strong></span> <span class='ocrx_word' id='word_1_374' title='bbox 1056 1042 1139 1070; x_wconf 83' lang='lat' dir='ltr'><strong>luisse</strong></span> <span class='ocrx_word' id='word_1_375' title='bbox 1151 1048 1268 1077; x_wconf 87' lang='lat' dir='ltr'><strong>oportet.</strong></span> <span class='ocrx_word' id='word_1_376' title='bbox 1282 1043 1345 1071; x_wconf 66' lang='lat' dir='ltr'><strong>Suae</strong></span> <span class='ocrx_word' id='word_1_377' title='bbox 1358 1045 1429 1071; x_wconf 92' lang='lat' dir='ltr'><strong>enim</strong></span> <span class='ocrx_word' id='word_1_378' title='bbox 1443 1051 1506 1072; x_wconf 90' lang='lat' dir='ltr'><strong>sunt</strong></span> <span class='ocrx_word' id='word_1_379' title='bbox 1522 1046 1670 1080; x_wconf 84' lang='lat' dir='ltr'><strong>unicuique</strong></span> 
     </span>
    </p>
   </div>
   <div class='ocr_carea' id='block_1_52' title="bbox 883 1087 1670 1126">
    <p class='ocr_par' dir='ltr' id='par_1_52' title="bbox 883 1087 1670 1126">
     <span class='ocr_line' id='line_1_52' title="bbox 883 1087 1670 1126; baseline 0.008 -14"><span class='ocrx_word' id='word_1_380' title='bbox 883 1087 983 1121; x_wconf 71' lang='lat' dir='ltr'><strong>linguas</strong></span> <span class='ocrx_word' id='word_1_381' title='bbox 1007 1087 1122 1122; x_wconf 64' lang='lat' dir='ltr'><strong>propriae</strong></span> <span class='ocrx_word' id='word_1_382' title='bbox 1147 1088 1354 1123; x_wconf 81' lang='lat' dir='ltr'><strong>appellationes.</strong></span> <span class='ocrx_word' id='word_1_383' title='bbox 1370 1089 1428 1116; x_wconf 89' lang='lat' dir='ltr'><strong>Non</strong></span> <span class='ocrx_word' id='word_1_384' title='bbox 1446 1090 1531 1124; x_wconf 77' lang='lat' dir='ltr'><strong>igitur</strong></span> <span class='ocrx_word' id='word_1_385' title='bbox 1546 1090 1670 1126; x_wconf 62' lang='lat' dir='ltr'><strong>Egyptii</strong></span> 
     </span>
    </p>
   </div>
   <div class='ocr_carea' id='block_1_53' title="bbox 883 1131 1669 1170">
    <p class='ocr_par' dir='ltr' id='par_1_53' title="bbox 883 1131 1669 1170">
     <span class='ocr_line' id='line_1_53' title="bbox 883 1131 1669 1170; baseline 0.008 -13"><span class='ocrx_word' id='word_1_386' title='bbox 883 1135 970 1164; x_wconf 88' lang='lat' dir='ltr'><strong>erant,</strong></span> <span class='ocrx_word' id='word_1_387' title='bbox 983 1132 1004 1158; x_wconf 89' lang='lat' dir='ltr'><strong>si</strong></span> <span class='ocrx_word' id='word_1_388' title='bbox 1020 1131 1154 1159; x_wconf 84' lang='lat' dir='ltr'><strong>Hebraica</strong></span> <span class='ocrx_word' id='word_1_389' title='bbox 1167 1140 1262 1160; x_wconf 90' lang='lat' dir='ltr'><strong>eorum</strong></span> <span class='ocrx_word' id='word_1_390' title='bbox 1280 1135 1393 1161; x_wconf 86' lang='lat' dir='ltr'><strong>nomina</strong></span> <span class='ocrx_word' id='word_1_391' title='bbox 1408 1134 1530 1162; x_wconf 81' lang='lat' dir='ltr'><strong>fuerunt.</strong></span> <span class='ocrx_word' id='word_1_392' title='bbox 1541 1137 1576 1162; x_wconf 79' lang='lat' dir='ltr'><strong>At</strong></span> <span class='ocrx_word' id='word_1_393' title='bbox 1589 1137 1669 1170; x_wconf 84' lang='lat' dir='ltr'><strong>plena</strong></span> 
     </span>
    </p>
   </div>
   <div class='ocr_carea' id='block_1_54' title="bbox 884 1174 1670 1214">
    <p class='ocr_par' dir='ltr' id='par_1_54' title="bbox 884 1174 1670 1214">
     <span class='ocr_line' id='line_1_54' title="bbox 884 1174 1670 1214; baseline 0.009 -13"><span class='ocrx_word' id='word_1_394' title='bbox 884 1174 1024 1210; x_wconf 85' lang='lat' dir='ltr'><strong>Scriptura</strong></span> <span class='ocrx_word' id='word_1_395' title='bbox 1040 1181 1082 1203; x_wconf 88' lang='lat' dir='ltr'><strong>est</strong></span> <span class='ocrx_word' id='word_1_396' title='bbox 1104 1177 1261 1204; x_wconf 87' lang='lat' dir='ltr'><strong>nominibus</strong></span> <span class='ocrx_word' id='word_1_397' title='bbox 1282 1177 1438 1212; x_wconf 85' lang='lat' dir='ltr'><strong>llebraicis,</strong></span> <span class='ocrx_word' id='word_1_398' title='bbox 1462 1179 1551 1213; x_wconf 84' lang='lat' dir='ltr'><strong>iisque</strong></span> <span class='ocrx_word' id='word_1_399' title='bbox 1575 1181 1621 1214; x_wconf 91' lang='lat' dir='ltr'><strong>qui</strong></span> <span class='ocrx_word' id='word_1_400' title='bbox 1638 1180 1670 1207; x_wconf 87' lang='lat' dir='ltr'><strong>li-</strong></span> 
     </span>
    </p>
   </div>
   <div class='ocr_carea' id='block_1_55' title="bbox 882 1220 1667 1260">
    <p class='ocr_par' dir='ltr' id='par_1_55' title="bbox 882 1220 1667 1260">
     <span class='ocr_line' id='line_1_55' title="bbox 882 1220 1667 1260; baseline 0.008 -13"><span class='ocrx_word' id='word_1_401' title='bbox 882 1220 954 1247; x_wconf 86' lang='lat' dir='ltr'><strong>beris</strong></span> <span class='ocrx_word' id='word_1_402' title='bbox 972 1221 1156 1256; x_wconf 90' lang='lat' dir='ltr'><strong>imposuerunt</strong></span> <span class='ocrx_word' id='word_1_403' title='bbox 1170 1223 1325 1257; x_wconf 86' lang='lat' dir='ltr'><strong>hujusmodi</strong></span> <span class='ocrx_word' id='word_1_404' title='bbox 1341 1225 1461 1251; x_wconf 89' lang='lat' dir='ltr'><strong>nomina.</strong></span> <span class='ocrx_word' id='word_1_405' title='bbox 1481 1225 1552 1260; x_wconf 84' lang='lat' dir='ltr'><strong>Ergo</strong></span> <span class='ocrx_word' id='word_1_406' title='bbox 1567 1225 1667 1253; x_wconf 76' lang='lat' dir='ltr'><strong>falsum</strong></span> 
     </span>
    </p>
   </div>
   <div class='ocr_carea' id='block_1_56' title="bbox 882 1266 1662 1306">
    <p class='ocr_par' dir='ltr' id='par_1_56' title="bbox 882 1266 1662 1306">
     <span class='ocr_line' id='line_1_56' title="bbox 882 1266 1662 1306; baseline 0.008 -14"><span class='ocrx_word' id='word_1_407' title='bbox 882 1270 923 1292; x_wconf 90' lang='lat' dir='ltr'><strong>est</strong></span> <span class='ocrx_word' id='word_1_408' title='bbox 941 1266 965 1292; x_wconf 91' lang='lat' dir='ltr'><strong>id</strong></span> <span class='ocrx_word' id='word_1_409' title='bbox 981 1267 1052 1300; x_wconf 91' lang='lat' dir='ltr'><strong>quod</strong></span> <span class='ocrx_word' id='word_1_410' title='bbox 1067 1267 1185 1303; x_wconf 71' lang='lat' dir='ltr'><strong>(Egyptii</strong></span> <span class='ocrx_word' id='word_1_411' title='bbox 1209 1268 1311 1301; x_wconf 84' lang='lat' dir='ltr'><strong>dicunt,</strong></span> <span class='ocrx_word' id='word_1_412' title='bbox 1328 1276 1375 1296; x_wconf 92' lang='lat' dir='ltr'><strong>eos</strong></span> <span class='ocrx_word' id='word_1_413' title='bbox 1398 1270 1504 1305; x_wconf 79' lang='lat' dir='ltr'><strong>origine</strong></span> <span class='ocrx_word' id='word_1_414' title='bbox 1519 1270 1662 1306; x_wconf 65' lang='lat' dir='ltr'><strong>[Egyptios</strong></span> 
     </span>
    </p>
   </div>
   <div class='ocr_carea' id='block_1_57' title="bbox 880 1311 1669 1351">
    <p class='ocr_par' dir='ltr' id='par_1_57' title="bbox 880 1311 1669 1351">
     <span class='ocr_line' id='line_1_57' title="bbox 880 1311 1669 1351; baseline 0.009 -14"><span class='ocrx_word' id='word_1_415' title='bbox 880 1319 912 1338; x_wconf 85' lang='lat' dir='ltr'><strong>ex</strong></span> <span class='ocrx_word' id='word_1_416' title='bbox 927 1311 1044 1347; x_wconf 60' lang='lat' dir='ltr'><strong>Egypto</strong></span> <span class='ocrx_word' id='word_1_417' title='bbox 1069 1320 1131 1339; x_wconf 89' lang='lat' dir='ltr'><strong>cum</strong></span> <span class='ocrx_word' id='word_1_418' title='bbox 1155 1312 1246 1348; x_wconf 80' lang='lat' dir='ltr'><strong>Moyse</strong></span> <span class='ocrx_word' id='word_1_419' title='bbox 1272 1314 1399 1348; x_wconf 81' lang='lat' dir='ltr'><strong>expulsos</strong></span> <span class='ocrx_word' id='word_1_420' title='bbox 1423 1322 1493 1343; x_wconf 87' lang='lat' dir='ltr'><strong>esse.</strong></span> <span class='ocrx_word' id='word_1_421' title='bbox 1514 1316 1541 1343; x_wconf 87' lang='lat' dir='ltr'><strong>ld</strong></span> <span class='ocrx_word' id='word_1_422' title='bbox 1561 1324 1669 1351; x_wconf 88' lang='lat' dir='ltr'><strong>quoque</strong></span> 
     </span>
    </p>
   </div>
   <div class='ocr_carea' id='block_1_58' title="bbox 882 1356 1668 1395">
    <p class='ocr_par' dir='ltr' id='par_1_58' title="bbox 882 1356 1668 1395">
     <span class='ocr_line' id='line_1_58' title="bbox 882 1356 1668 1395; baseline 0.009 -14"><span class='ocrx_word' id='word_1_423' title='bbox 882 1356 1052 1389; x_wconf 85' lang='lat' dir='ltr'><strong>perspicuum</strong></span> <span class='ocrx_word' id='word_1_424' title='bbox 1069 1362 1120 1390; x_wconf 89' lang='lat' dir='ltr'><strong>est,</strong></span> <span class='ocrx_word' id='word_1_425' title='bbox 1133 1364 1190 1391; x_wconf 81' lang='lat' dir='ltr'><strong>eos,</strong></span> <span class='ocrx_word' id='word_1_426' title='bbox 1208 1361 1236 1384; x_wconf 92' lang='lat' dir='ltr'><strong>ut</strong></span> <span class='ocrx_word' id='word_1_427' title='bbox 1251 1358 1366 1385; x_wconf 86' lang='lat' dir='ltr'><strong>historia</strong></span> <span class='ocrx_word' id='word_1_428' title='bbox 1382 1366 1396 1385; x_wconf 88' lang='lat' dir='ltr'><strong>a</strong></span> <span class='ocrx_word' id='word_1_429' title='bbox 1408 1358 1498 1394; x_wconf 85' lang='lat' dir='ltr'><strong>Moyse</strong></span> <span class='ocrx_word' id='word_1_430' title='bbox 1510 1361 1668 1395; x_wconf 89' lang='lat' dir='ltr'><strong>conscripta</strong></span> 
     </span>
    </p>
   </div>
   <div class='ocr_carea' id='block_1_59' title="bbox 882 1403 1668 1440">
    <p class='ocr_par' dir='ltr' id='par_1_59' title="bbox 882 1403 1668 1440">
     <span class='ocr_line' id='line_1_59' title="bbox 882 1403 1668 1440; baseline 0.008 -13"><span class='ocrx_word' id='word_1_431' title='bbox 882 1404 1007 1435; x_wconf 86' lang='lat' dir='ltr'><strong>testatur,</strong></span> <span class='ocrx_word' id='word_1_432' title='bbox 1026 1409 1040 1428; x_wconf 92' lang='lat' dir='ltr'><strong>a</strong></span> <span class='ocrx_word' id='word_1_433' title='bbox 1067 1403 1227 1435; x_wconf 88' lang='lat' dir='ltr'><strong>parentibus</strong></span> <span class='ocrx_word' id='word_1_434' title='bbox 1249 1403 1369 1431; x_wconf 73' lang='lat' dir='ltr'><strong>llebrteis</strong></span> <span class='ocrx_word' id='word_1_435' title='bbox 1387 1410 1483 1438; x_wconf 88' lang='lat' dir='ltr'><strong>ortos,</strong></span> <span class='ocrx_word' id='word_1_436' title='bbox 1506 1405 1598 1440; x_wconf 83' lang='lat' dir='ltr'><strong>lingua</strong></span> <span class='ocrx_word' id='word_1_437' title='bbox 1623 1407 1668 1434; x_wconf 84' lang='lat' dir='ltr'><strong>illa</strong></span> 
     </span>
    </p>
   </div>
   <div class='ocr_carea' id='block_1_60' title="bbox 882 1448 1669 1483">
    <p class='ocr_par' dir='ltr' id='par_1_60' title="bbox 882 1448 1669 1483">
     <span class='ocr_line' id='line_1_60' title="bbox 882 1448 1669 1483; baseline 0.006 -9"><span class='ocrx_word' id='word_1_438' title='bbox 882 1454 944 1474; x_wconf 85' lang='lat' dir='ltr'><strong>usos</strong></span> <span class='ocrx_word' id='word_1_439' title='bbox 960 1455 1040 1480; x_wconf 89' lang='lat' dir='ltr'><strong>esse,</strong></span> <span class='ocrx_word' id='word_1_440' title='bbox 1058 1455 1090 1475; x_wconf 80' lang='lat' dir='ltr'><strong>ex</strong></span> <span class='ocrx_word' id='word_1_441' title='bbox 1105 1455 1156 1483; x_wconf 82' lang='lat' dir='ltr'><strong>qua</strong></span> <span class='ocrx_word' id='word_1_442' title='bbox 1176 1448 1338 1483; x_wconf 89' lang='lat' dir='ltr'><strong>imponenda</strong></span> <span class='ocrx_word' id='word_1_443' title='bbox 1363 1450 1425 1477; x_wconf 90' lang='lat' dir='ltr'><strong>ﬁliis</strong></span> <span class='ocrx_word' id='word_1_444' title='bbox 1447 1451 1556 1478; x_wconf 87' lang='lat' dir='ltr'><strong>nomina</strong></span> <span class='ocrx_word' id='word_1_445' title='bbox 1578 1459 1669 1480; x_wconf 89' lang='lat' dir='ltr'><strong>sume-</strong></span> 
     </span>
    </p>
   </div>
   <div class='ocr_carea' id='block_1_61' title="bbox 30 1493 824 1532">
    <p class='ocr_par' dir='ltr' id='par_1_61' title="bbox 30 1495 824 1532">
     <span class='ocr_line' id='line_1_61' title="bbox 30 1495 824 1532; baseline -0.003 -8"><span class='ocrx_word' id='word_1_446' title='bbox 30 1495 65 1532; x_wconf 80' lang='grc' dir='ltr'>ἧς</span> <span class='ocrx_word' id='word_1_447' title='bbox 82 1497 133 1524; x_wconf 69' lang='grc' dir='ltr'><strong>καὶ</strong></span> <span class='ocrx_word' id='word_1_448' title='bbox 148 1497 181 1523; x_wconf 79' lang='grc' dir='ltr'>τὰ</span> <span class='ocrx_word' id='word_1_449' title='bbox 196 1496 315 1532; x_wconf 80' lang='grc' dir='ltr'>ὀνόματα</span> <span class='ocrx_word' id='word_1_450' title='bbox 332 1498 388 1528; x_wconf 81' lang='grc' dir='ltr'>τοῖς</span> <span class='ocrx_word' id='word_1_451' title='bbox 402 1497 470 1527; x_wconf 87' lang='grc' dir='ltr'>υἱοῖς</span> <span class='ocrx_word' id='word_1_452' title='bbox 486 1496 612 1522; x_wconf 81' lang='grc' dir='ltr'>ἐτίθεντο.</span> <span class='ocrx_word' id='word_1_453' title='bbox 629 1496 697 1531; x_wconf 77' lang='grc' dir='ltr'>Περὶ</span> <span class='ocrx_word' id='word_1_454' title='bbox 718 1495 746 1522; x_wconf 85' lang='grc' dir='ltr'>δὲ</span> <span class='ocrx_word' id='word_1_455' title='bbox 759 1495 824 1531; x_wconf 89' lang='grc' dir='ltr'><strong>Χρι-</strong></span> 
     </span>
    </p>
   </div>
   <div class='ocr_carea' id='block_1_62' title="bbox 908 1493 1666 1532">
    <p class='ocr_par' dir='ltr' id='par_1_62' title="bbox 908 1493 1666 1530">
     <span class='ocr_line' id='line_1_62' title="bbox 908 1493 1666 1530; baseline 0.005 -10"><span class='ocrx_word' id='word_1_456' title='bbox 908 1498 954 1520; x_wconf 86' lang='grc' dir='ltr'>ιιιι.</span> <span class='ocrx_word' id='word_1_457' title='bbox 979 1493 1126 1521; x_wconf 83' lang='lat' dir='ltr'><strong>Christiani</strong></span> <span class='ocrx_word' id='word_1_458' title='bbox 1144 1496 1253 1526; x_wconf 82' lang='lat' dir='ltr'><strong>autem&#39;,</strong></span> <span class='ocrx_word' id='word_1_459' title='bbox 1273 1494 1402 1529; x_wconf 89' lang='lat' dir='ltr'><strong>quoniam</strong></span> <span class='ocrx_word' id='word_1_460' title='bbox 1427 1495 1570 1530; x_wconf 79' lang='lat' dir='ltr'><strong>benignam</strong></span> <span class='ocrx_word' id='word_1_461' title='bbox 1594 1497 1666 1524; x_wconf 85' lang='lat' dir='ltr'><strong>illam</strong></span> 
     </span>
    </p>
   </div>
   <div class='ocr_carea' id='block_1_63' title="bbox 31 1541 828 1577">
    <p class='ocr_par' dir='ltr' id='par_1_63' title="bbox 31 1541 828 1577">
     <span class='ocr_line' id='line_1_63' title="bbox 31 1541 828 1577; baseline -0.003 -8"><span class='ocrx_word' id='word_1_462' title='bbox 31 1543 164 1574; x_wconf 78' lang='grc' dir='ltr'>στιανῶν,</span> <span class='ocrx_word' id='word_1_463' title='bbox 181 1543 242 1569; x_wconf 76' lang='grc' dir='ltr'>ἐπεὶ</span> <span class='ocrx_word' id='word_1_464' title='bbox 254 1542 422 1577; x_wconf 81' lang='grc' dir='ltr'>διδαχθέντες</span> <span class='ocrx_word' id='word_1_465' title='bbox 444 1542 480 1577; x_wconf 87' lang='grc' dir='ltr'>μὴ</span> <span class='ocrx_word' id='word_1_466' title='bbox 499 1541 651 1577; x_wconf 78' lang='grc' dir='ltr'>ἀμύνασθαι</span> <span class='ocrx_word' id='word_1_467' title='bbox 670 1541 734 1572; x_wconf 79' lang='grc' dir='ltr'>τοὺς</span> <span class='ocrx_word' id='word_1_468' title='bbox 751 1542 828 1567; x_wconf 86' lang='grc' dir='ltr'>πολε-</span> 
     </span>
    </p>
   </div>
   <div class='ocr_carea' id='block_1_64' title="bbox 31 1585 828 1622">
    <p class='ocr_par' dir='ltr' id='par_1_64' title="bbox 31 1585 828 1622">
     <span class='ocr_line' id='line_1_64' title="bbox 31 1585 828 1622; baseline -0.001 -9"><span class='ocrx_word' id='word_1_469' title='bbox 31 1587 117 1621; x_wconf 73' lang='grc' dir='ltr'>μίους</span> <span class='ocrx_word' id='word_1_470' title='bbox 139 1587 276 1622; x_wconf 66' lang='grc' dir='ltr'>ἐτήρησαν</span> <span class='ocrx_word' id='word_1_471' title='bbox 295 1587 345 1621; x_wconf 83' lang='grc' dir='ltr'><strong>τὴν</strong></span> <span class='ocrx_word' id='word_1_472' title='bbox 364 1586 467 1621; x_wconf 80' lang='grc' dir='ltr'>ἥμερον</span> <span class='ocrx_word' id='word_1_473' title='bbox 482 1586 528 1612; x_wconf 76' lang='grc' dir='ltr'>καὶ</span> <span class='ocrx_word' id='word_1_474' title='bbox 546 1585 734 1621; x_wconf 85' lang='grc' dir='ltr'>φιλάνθρωπον</span> <span class='ocrx_word' id='word_1_475' title='bbox 749 1595 828 1621; x_wconf 86' lang='grc' dir='ltr'>νομο-</span> 
     </span>
    </p>
   </div>
   <div class='ocr_carea' id='block_1_65' title="bbox 29 1631 822 1668">
    <p class='ocr_par' dir='ltr' id='par_1_65' title="bbox 29 1631 822 1668">
     <span class='ocr_line' id='line_1_65' title="bbox 29 1631 822 1668; baseline -0.003 -9"><span class='ocrx_word' id='word_1_476' title='bbox 29 1632 146 1664; x_wconf 76' lang='grc' dir='ltr'>θεσίαν,</span> <span class='ocrx_word' id='word_1_477' title='bbox 159 1633 202 1659; x_wconf 84' lang='grc' dir='ltr'>διὰ</span> <span class='ocrx_word' id='word_1_478' title='bbox 216 1632 287 1659; x_wconf 80' lang='grc' dir='ltr'>τοῦθ’</span> <span class='ocrx_word' id='word_1_479' title='bbox 304 1633 377 1668; x_wconf 87' lang='grc' dir='ltr'>ὅπερ·</span> <span class='ocrx_word' id='word_1_480' title='bbox 387 1632 436 1658; x_wconf 83' lang='grc' dir='ltr'><strong>οὐκ</strong></span> <span class='ocrx_word' id='word_1_481' title='bbox 448 1632 480 1659; x_wconf 81' lang='grc' dir='ltr'><strong>ἂν</strong></span> <span class='ocrx_word' id='word_1_482' title='bbox 496 1631 618 1663; x_wconf 77' lang='grc' dir='ltr'>ἐξουσίαν</span> <span class='ocrx_word' id='word_1_483' title='bbox 634 1631 759 1662; x_wconf 76' lang='grc' dir='ltr'>λαϐόντες</span> <span class='ocrx_word' id='word_1_484' title='bbox 774 1631 822 1657; x_wconf 85' lang='grc' dir='ltr'>τοῦ</span> 
     </span>
    </p>
   </div>
   <div class='ocr_carea' id='block_1_66' title="bbox 30 1676 826 1714">
    <p class='ocr_par' dir='ltr' id='par_1_66' title="bbox 30 1676 826 1714">
     <span class='ocr_line' id='line_1_66' title="bbox 30 1676 826 1714; baseline -0.003 -9"><span class='ocrx_word' id='word_1_485' title='bbox 30 1680 176 1714; x_wconf 78' lang='grc' dir='ltr'>πολεμεῖν,</span> <span class='ocrx_word' id='word_1_486' title='bbox 194 1679 217 1704; x_wconf 82' lang='grc' dir='ltr'>εἱ</span> <span class='ocrx_word' id='word_1_487' title='bbox 238 1678 284 1705; x_wconf 75' lang='grc' dir='ltr'><strong>καὶ</strong></span> <span class='ocrx_word' id='word_1_488' title='bbox 301 1679 370 1705; x_wconf 85' lang='grc' dir='ltr'>πάνυ</span> <span class='ocrx_word' id='word_1_489' title='bbox 393 1676 463 1713; x_wconf 79' lang='grc' dir='ltr'>ἦσαν</span> <span class='ocrx_word' id='word_1_490' title='bbox 481 1678 608 1710; x_wconf 83' lang='grc' dir='ltr'>δυνατοὶ,</span> <span class='ocrx_word' id='word_1_491' title='bbox 624 1677 735 1712; x_wconf 74' lang='grc' dir='ltr'>ἤνυσαν,</span> <span class='ocrx_word' id='word_1_492' title='bbox 755 1677 826 1703; x_wconf 77' lang='grc' dir='ltr'>τοῦτ’</span> 
     </span>
    </p>
   </div>
   <div class='ocr_carea' id='block_1_67' title="bbox 29 1722 828 1759">
    <p class='ocr_par' dir='ltr' id='par_1_67' title="bbox 29 1722 828 1759">
     <span class='ocr_line' id='line_1_67' title="bbox 29 1722 828 1759; baseline -0.005 -7"><span class='ocrx_word' id='word_1_493' title='bbox 29 1726 89 1752; x_wconf 79' lang='grc' dir='ltr'><strong>ἀπὸ</strong></span> <span class='ocrx_word' id='word_1_494' title='bbox 115 1723 184 1751; x_wconf 78' lang='grc' dir='ltr'>Θεοῦ</span> <span class='ocrx_word' id='word_1_495' title='bbox 207 1724 349 1759; x_wconf 77' lang='grc' dir='ltr'>εἰλήφασι,</span> <span class='ocrx_word' id='word_1_496' title='bbox 371 1723 418 1750; x_wconf 87' lang='grc' dir='ltr'>τοῦ</span> <span class='ocrx_word' id='word_1_497' title='bbox 442 1723 511 1758; x_wconf 82' lang='grc' dir='ltr'>ὑπὲρ</span> <span class='ocrx_word' id='word_1_498' title='bbox 528 1722 618 1749; x_wconf 78' lang='grc' dir='ltr'>αὐτῶν</span> <span class='ocrx_word' id='word_1_499' title='bbox 640 1722 694 1757; x_wconf 85' lang='grc'><strong>(65)</strong></span> <span class='ocrx_word' id='word_1_500' title='bbox 711 1722 828 1757; x_wconf 85' lang='grc' dir='ltr'>πολεμή-</span> 
     </span>
    </p>
   </div>
   <div class='ocr_carea' id='block_1_68' title="bbox 31 1767 827 1805">
    <p class='ocr_par' dir='ltr' id='par_1_68' title="bbox 31 1767 827 1805">
     <span class='ocr_line' id='line_1_68' title="bbox 31 1767 827 1805; baseline -0.005 -7"><span class='ocrx_word' id='word_1_501' title='bbox 31 1780 134 1803; x_wconf 83' lang='grc' dir='ltr'>σαντος</span> <span class='ocrx_word' id='word_1_502' title='bbox 149 1771 209 1803; x_wconf 80' lang='grc' dir='ltr'>ἀεὶ,</span> <span class='ocrx_word' id='word_1_503' title='bbox 228 1771 273 1797; x_wconf 76' lang='grc' dir='ltr'><strong>καὶ</strong></span> <span class='ocrx_word' id='word_1_504' title='bbox 290 1770 360 1797; x_wconf 83' lang='grc' dir='ltr'>κατὰ</span> <span class='ocrx_word' id='word_1_505' title='bbox 376 1769 489 1805; x_wconf 79' lang='grc' dir='ltr'>καιροὺς</span> <span class='ocrx_word' id='word_1_506' title='bbox 506 1769 658 1800; x_wconf 81' lang='grc' dir='ltr'>παύσαντος</span> <span class='ocrx_word' id='word_1_507' title='bbox 673 1769 736 1799; x_wconf 80' lang='grc' dir='ltr'>τοὺς</span> <span class='ocrx_word' id='word_1_508' title='bbox 757 1767 827 1795; x_wconf 84' lang='grc' dir='ltr'>κατὰ</span> 
     </span>
    </p>
   </div>
   <div class='ocr_carea' id='block_1_69' title="bbox 30 1814 842 1853">
    <p class='ocr_par' dir='ltr' id='par_1_69' title="bbox 30 1814 842 1853">
     <span class='ocr_line' id='line_1_69' title="bbox 30 1814 842 1853; baseline -0.001 -10"><span class='ocrx_word' id='word_1_509' title='bbox 30 1817 208 1853; x_wconf 75' lang='grc' dir='ltr'>Χριστιανῶν</span> <span class='ocrx_word' id='word_1_510' title='bbox 224 1816 398 1851; x_wconf 79' lang='grc' dir='ltr'>ἱσταμένους,</span> <span class='ocrx_word' id='word_1_511' title='bbox 423 1816 469 1842; x_wconf 74' lang='grc' dir='ltr'><strong>καὶ</strong></span> <span class='ocrx_word' id='word_1_512' title='bbox 490 1816 610 1850; x_wconf 86' lang='grc' dir='ltr'>ἀναιρεῖν</span> <span class='ocrx_word' id='word_1_513' title='bbox 627 1815 723 1846; x_wconf 85' lang='grc' dir='ltr'>αὐτοὺς</span> <span class='ocrx_word' id='word_1_514' title='bbox 738 1814 842 1842; x_wconf 81' lang='grc' dir='ltr'>θέλον-.</span> 
     </span>
    </p>
   </div>
   <div class='ocr_carea' id='block_1_70' title="bbox 29 1859 826 1898">
    <p class='ocr_par' dir='ltr' id='par_1_70' title="bbox 29 1859 826 1898">
     <span class='ocr_line' id='line_1_70' title="bbox 29 1859 826 1898; baseline -0.004 -10"><span class='ocrx_word' id='word_1_515' title='bbox 29 1871 94 1894; x_wconf 74' lang='grc' dir='ltr'>τας.</span> <span class='ocrx_word' id='word_1_516' title='bbox 114 1862 309 1898; x_wconf 77' lang='grc' dir='ltr'>Ὑπομνήσεως</span> <span class='ocrx_word' id='word_1_517' title='bbox 320 1861 374 1897; x_wconf 83' lang='grc' dir='ltr'><strong>γὰρ</strong></span> <span class='ocrx_word' id='word_1_518' title='bbox 389 1861 469 1896; x_wconf 85' lang='grc' dir='ltr'>χάριν</span> <span class='ocrx_word' id='word_1_519' title='bbox 486 1860 550 1896; x_wconf 78' lang='grc' dir='ltr'>(ἵνα,</span> <span class='ocrx_word' id='word_1_520' title='bbox 568 1859 713 1895; x_wconf 73' lang='grc' dir='ltr'>ἐνορῶντες</span> <span class='ocrx_word' id='word_1_521' title='bbox 725 1859 826 1894; x_wconf 85' lang='grc' dir='ltr'>ὀλίγοις</span> 
     </span>
    </p>
   </div>
   <div class='ocr_carea' id='block_1_71' title="bbox 28 1905 825 1943">
    <p class='ocr_par' dir='ltr' id='par_1_71' title="bbox 28 1905 825 1943">
     <span class='ocr_line' id='line_1_71' title="bbox 28 1905 825 1943; baseline -0.005 -8"><span class='ocrx_word' id='word_1_522' title='bbox 28 1907 249 1943; x_wconf 73' lang='grc' dir='ltr'>ἀγωνιζομένοις</span> <span class='ocrx_word' id='word_1_523' title='bbox 262 1908 332 1943; x_wconf 79' lang='grc' dir='ltr'><strong>ὑπὲρ</strong></span> <span class='ocrx_word' id='word_1_524' title='bbox 341 1907 491 1938; x_wconf 73' lang='grc' dir='ltr'>εὐσεϐείας,</span> <span class='ocrx_word' id='word_1_525' title='bbox 505 1905 682 1940; x_wconf 79' lang='grc' dir='ltr'>δοκιμώτεροι</span> <span class='ocrx_word' id='word_1_526' title='bbox 698 1905 825 1939; x_wconf 86' lang='grc' dir='ltr'>γίνωνται</span> 
     </span>
    </p>
   </div>
   <div class='ocr_carea' id='block_1_72' title="bbox 29 1950 825 1989">
    <p class='ocr_par' dir='ltr' id='par_1_72' title="bbox 29 1950 825 1989">
     <span class='ocr_line' id='line_1_72' title="bbox 29 1950 825 1989; baseline -0.005 -9"><span class='ocrx_word' id='word_1_527' title='bbox 29 1954 80 1980; x_wconf 73' lang='grc' dir='ltr'>καὶ</span> <span class='ocrx_word' id='word_1_528' title='bbox 95 1953 211 1980; x_wconf 82' lang='grc' dir='ltr'>θανάτου</span> <span class='ocrx_word' id='word_1_529' title='bbox 225 1952 451 1989; x_wconf 82' lang='grc' dir='ltr'>καταφρονῶσιν),</span> <span class='ocrx_word' id='word_1_530' title='bbox 466 1951 550 1985; x_wconf 80' lang='grc' dir='ltr'>ὀλίγοι</span> <span class='ocrx_word' id='word_1_531' title='bbox 568 1950 638 1977; x_wconf 86' lang='grc' dir='ltr'>κατὰ</span> <span class='ocrx_word' id='word_1_532' title='bbox 652 1951 763 1986; x_wconf 81' lang='grc' dir='ltr'>καιροὺς</span> <span class='ocrx_word' id='word_1_533' title='bbox 778 1951 825 1977; x_wconf 80' lang='grc' dir='ltr'>καὶ</span> 
     </span>
    </p>
   </div>
   <div class='ocr_carea' id='block_1_73' title="bbox 29 1995 825 2034">
    <p class='ocr_par' dir='ltr' id='par_1_73' title="bbox 29 1995 825 2034">
     <span class='ocr_line' id='line_1_73' title="bbox 29 1995 825 2034; baseline -0.005 -9"><span class='ocrx_word' id='word_1_534' title='bbox 29 1999 141 2034; x_wconf 70' lang='grc' dir='ltr'>σφόδρα</span> <span class='ocrx_word' id='word_1_535' title='bbox 153 1999 329 2034; x_wconf 78' lang='grc' dir='ltr'>εὐαρίθμητοι</span> <span class='ocrx_word' id='word_1_536' title='bbox 345 1998 415 2033; x_wconf 77' lang='grc' dir='ltr'>ὑπὲρ</span> <span class='ocrx_word' id='word_1_537' title='bbox 426 1997 474 2033; x_wconf 79' lang='grc' dir='ltr'><strong>τῆς</strong></span> <span class='ocrx_word' id='word_1_538' title='bbox 488 1996 655 2032; x_wconf 85' lang='grc' dir='ltr'>Χριστιανῶν</span> <span class='ocrx_word' id='word_1_539' title='bbox 672 1995 825 2027; x_wconf 74' lang='grc' dir='ltr'>θεοσεϐείας</span> 
     </span>
    </p>
   </div>
   <div class='ocr_carea' id='block_1_74' title="bbox 28 2041 824 2079">
    <p class='ocr_par' dir='ltr' id='par_1_74' title="bbox 28 2041 824 2079">
     <span class='ocr_line' id='line_1_74' title="bbox 28 2041 824 2079; baseline -0.003 -9"><span class='ocrx_word' id='word_1_540' title='bbox 28 2044 198 2079; x_wconf 81' lang='grc' dir='ltr'>τεθνήκασι·</span> <span class='ocrx_word' id='word_1_541' title='bbox 223 2044 371 2076; x_wconf 85' lang='grc' dir='ltr'>κωλύοντος</span> <span class='ocrx_word' id='word_1_542' title='bbox 391 2042 458 2070; x_wconf 81' lang='grc' dir='ltr'><strong>Θεοῦ</strong></span> <span class='ocrx_word' id='word_1_543' title='bbox 475 2042 505 2069; x_wconf 83' lang='grc' dir='ltr'>τὸ</span> <span class='ocrx_word' id='word_1_544' title='bbox 530 2043 584 2069; x_wconf 80' lang='grc' dir='ltr'>πᾶν</span> <span class='ocrx_word' id='word_1_545' title='bbox 603 2041 824 2077; x_wconf 75' lang='grc' dir='ltr'>ἐκπολεμηθῆναι</span> 
     </span>
    </p>
   </div>
   <div class='ocr_carea' id='block_1_75' title="bbox 28 2087 826 2125">
    <p class='ocr_par' dir='ltr' id='par_1_75' title="bbox 28 2087 826 2125">
     <span class='ocr_line' id='line_1_75' title="bbox 28 2087 826 2125; baseline -0.003 -10"><span class='ocrx_word' id='word_1_546' title='bbox 28 2089 126 2116; x_wconf 77' lang='grc' dir='ltr'>αὐτῶν</span> <span class='ocrx_word' id='word_1_547' title='bbox 143 2088 217 2121; x_wconf 74' lang='grc' dir='ltr'>ἔθνος</span> <span class='ocrx_word' id='word_1_548' title='bbox 227 2098 234 2105; x_wconf 90' lang='grc'>·</span> <span class='ocrx_word' id='word_1_549' title='bbox 253 2089 382 2125; x_wconf 80' lang='grc' dir='ltr'>συστῆναι</span> <span class='ocrx_word' id='word_1_550' title='bbox 398 2088 452 2124; x_wconf 86' lang='grc' dir='ltr'><strong>γὰρ</strong></span> <span class='ocrx_word' id='word_1_551' title='bbox 466 2088 531 2115; x_wconf 80' lang='grc' dir='ltr'>αὐτὸ</span> <span class='ocrx_word' id='word_1_552' title='bbox 545 2087 680 2119; x_wconf 78' lang='grc' dir='ltr'>ἐϐούλετο,</span> <span class='ocrx_word' id='word_1_553' title='bbox 697 2088 744 2114; x_wconf 79' lang='grc' dir='ltr'>καὶ</span> <span class='ocrx_word' id='word_1_554' title='bbox 760 2087 826 2123; x_wconf 86' lang='grc' dir='ltr'>πλη-</span> 
     </span>
    </p>
   </div>
   <div class='ocr_carea' id='block_1_76' title="bbox 30 2132 823 2170">
    <p class='ocr_par' dir='ltr' id='par_1_76' title="bbox 30 2132 823 2170">
     <span class='ocr_line' id='line_1_76' title="bbox 30 2132 823 2170; baseline -0.004 -9"><span class='ocrx_word' id='word_1_555' title='bbox 30 2134 157 2170; x_wconf 80' lang='grc' dir='ltr'>ρωθῆναι</span> <span class='ocrx_word' id='word_1_556' title='bbox 183 2135 271 2161; x_wconf 82' lang='grc' dir='ltr'>πᾶσαν</span> <span class='ocrx_word' id='word_1_557' title='bbox 292 2134 342 2169; x_wconf 87' lang='grc' dir='ltr'><strong>τὴν</strong></span> <span class='ocrx_word' id='word_1_558' title='bbox 361 2134 414 2169; x_wconf 83' lang='grc' dir='ltr'><strong>γῆν</strong></span> <span class='ocrx_word' id='word_1_559' title='bbox 432 2134 482 2169; x_wconf 82' lang='grc' dir='ltr'>τῆς</span> <span class='ocrx_word' id='word_1_560' title='bbox 503 2133 637 2169; x_wconf 85' lang='grc' dir='ltr'>σωτηρίου</span> <span class='ocrx_word' id='word_1_561' title='bbox 653 2132 755 2168; x_wconf 85' lang='grc' dir='ltr'>ταύτης</span> <span class='ocrx_word' id='word_1_562' title='bbox 777 2133 823 2159; x_wconf 73' lang='grc' dir='ltr'><strong>κα)¹</strong></span> 
     </span>
    </p>
   </div>
   <div class='ocr_carea' id='block_1_77' title="bbox 879 1541 1667 1576">
    <p class='ocr_par' dir='ltr' id='par_1_77' title="bbox 879 1541 1667 1576">
     <span class='ocr_line' id='line_1_77' title="bbox 879 1541 1667 1576; baseline 0.006 -10"><span class='ocrx_word' id='word_1_563' title='bbox 879 1546 1102 1575; x_wconf 89' lang='lat' dir='ltr'><strong>mansnetamque</strong></span> <span class='ocrx_word' id='word_1_564' title='bbox 1118 1541 1205 1576; x_wconf 81' lang='lat' dir='ltr'><strong>legem</strong></span> <span class='ocrx_word' id='word_1_565' title='bbox 1221 1546 1366 1569; x_wconf 89' lang='lat' dir='ltr'><strong>servarunt</strong></span> <span class='ocrx_word' id='word_1_566' title='bbox 1386 1549 1467 1576; x_wconf 88' lang='lat' dir='ltr'><strong>quam</strong></span> <span class='ocrx_word' id='word_1_567' title='bbox 1490 1544 1562 1570; x_wconf 89' lang='lat' dir='ltr'><strong>docti</strong></span> <span class='ocrx_word' id='word_1_568' title='bbox 1577 1550 1667 1576; x_wconf 85' lang='lat' dir='ltr'><strong>erant,</strong></span> 
     </span>
    </p>
   </div>
   <div class='ocr_carea' id='block_1_78' title="bbox 879 1587 1667 1623">
    <p class='ocr_par' dir='ltr' id='par_1_78' title="bbox 879 1587 1667 1623">
     <span class='ocr_line' id='line_1_78' title="bbox 879 1587 1667 1623; baseline 0.005 -10"><span class='ocrx_word' id='word_1_569' title='bbox 879 1587 970 1614; x_wconf 85' lang='lat' dir='ltr'><strong>hostes</strong></span> <span class='ocrx_word' id='word_1_570' title='bbox 985 1595 1038 1614; x_wconf 90' lang='lat' dir='ltr'><strong>non</strong></span> <span class='ocrx_word' id='word_1_571' title='bbox 1058 1587 1222 1620; x_wconf 84' lang='lat' dir='ltr'><strong>ulciscendi,</strong></span> <span class='ocrx_word' id='word_1_572' title='bbox 1239 1587 1341 1614; x_wconf 91' lang='lat' dir='ltr'><strong>idcirco</strong></span> <span class='ocrx_word' id='word_1_573' title='bbox 1356 1589 1429 1623; x_wconf 89' lang='lat' dir='ltr'><strong>quod</strong></span> <span class='ocrx_word' id='word_1_574' title='bbox 1447 1589 1587 1616; x_wconf 86' lang='lat' dir='ltr'><strong>consecuti</strong></span> <span class='ocrx_word' id='word_1_575' title='bbox 1613 1598 1667 1617; x_wconf 87' lang='lat' dir='ltr'><strong>non</strong></span> 
     </span>
    </p>
   </div>
   <div class='ocr_carea' id='block_1_79' title="bbox 878 1632 1668 1668">
    <p class='ocr_par' dir='ltr' id='par_1_79' title="bbox 878 1632 1668 1668">
     <span class='ocr_line' id='line_1_79' title="bbox 878 1632 1668 1668; baseline 0.004 -9"><span class='ocrx_word' id='word_1_576' title='bbox 878 1635 979 1665; x_wconf 82' lang='lat' dir='ltr'><strong>essent,</strong></span> <span class='ocrx_word' id='word_1_577' title='bbox 1002 1632 1107 1659; x_wconf 88' lang='lat' dir='ltr'><strong>etiamsi</strong></span> <span class='ocrx_word' id='word_1_578' title='bbox 1123 1634 1185 1659; x_wconf 89' lang='lat' dir='ltr'><strong>data</strong></span> <span class='ocrx_word' id='word_1_579' title='bbox 1207 1632 1260 1660; x_wconf 89' lang='lat' dir='ltr'><strong>illis</strong></span> <span class='ocrx_word' id='word_1_580' title='bbox 1275 1632 1372 1660; x_wconf 81' lang='lat' dir='ltr'><strong>fuisset</strong></span> <span class='ocrx_word' id='word_1_581' title='bbox 1386 1633 1566 1668; x_wconf 86' lang='lat' dir='ltr'><strong>belligerandi</strong></span> <span class='ocrx_word' id='word_1_582' title='bbox 1584 1634 1668 1662; x_wconf 88' lang='lat' dir='ltr'><strong>licen-</strong></span> 
     </span>
    </p>
   </div>
   <div class='ocr_carea' id='block_1_80' title="bbox 880 1678 1668 1710">
    <p class='ocr_par' dir='ltr' id='par_1_80' title="bbox 880 1678 1668 1710">
     <span class='ocr_line' id='line_1_80' title="bbox 880 1678 1668 1710; baseline 0.003 -5"><span class='ocrx_word' id='word_1_583' title='bbox 880 1678 927 1710; x_wconf 86' lang='lat' dir='ltr'><strong>tia,</strong></span> <span class='ocrx_word' id='word_1_584' title='bbox 942 1682 969 1705; x_wconf 89' lang='lat' dir='ltr'><strong>et</strong></span> <span class='ocrx_word' id='word_1_585' title='bbox 983 1678 1086 1705; x_wconf 84' lang='lat' dir='ltr'><strong>idoneis</strong></span> <span class='ocrx_word' id='word_1_586' title='bbox 1103 1679 1136 1705; x_wconf 83' lang='lat' dir='ltr'><strong>ad</strong></span> <span class='ocrx_word' id='word_1_587' title='bbox 1152 1679 1222 1705; x_wconf 91' lang='lat' dir='ltr'><strong>hanc</strong></span> <span class='ocrx_word' id='word_1_588' title='bbox 1245 1686 1302 1705; x_wconf 92' lang='lat' dir='ltr'><strong>rem</strong></span> <span class='ocrx_word' id='word_1_589' title='bbox 1336 1679 1446 1706; x_wconf 81' lang='lat' dir='ltr'><strong>auxiliis</strong></span> <span class='ocrx_word' id='word_1_590' title='bbox 1459 1680 1584 1707; x_wconf 84' lang='lat' dir='ltr'><strong>instructi</strong></span> <span class='ocrx_word' id='word_1_591' title='bbox 1602 1680 1668 1708; x_wconf 80' lang='lat' dir='ltr'><strong>luis-</strong></span> 
     </span>
    </p>
   </div>
   <div class='ocr_carea' id='block_1_81' title="bbox 878 1723 1669 1761">
    <p class='ocr_par' dir='ltr' id='par_1_81' title="bbox 878 1723 1669 1761">
     <span class='ocr_line' id='line_1_81' title="bbox 878 1723 1669 1761; baseline 0.006 -12"><span class='ocrx_word' id='word_1_592' title='bbox 878 1728 948 1755; x_wconf 89' lang='lat' dir='ltr'><strong>sent,</strong></span> <span class='ocrx_word' id='word_1_593' title='bbox 964 1723 991 1750; x_wconf 93' lang='lat' dir='ltr'><strong>id</strong></span> <span class='ocrx_word' id='word_1_594' title='bbox 1010 1731 1025 1750; x_wconf 89' lang='lat' dir='ltr'><strong>a</strong></span> <span class='ocrx_word' id='word_1_595' title='bbox 1039 1724 1094 1751; x_wconf 86' lang='lat' dir='ltr'><strong>Deo</strong></span> <span class='ocrx_word' id='word_1_596' title='bbox 1109 1725 1250 1752; x_wconf 88' lang='lat' dir='ltr'><strong>consecuti</strong></span> <span class='ocrx_word' id='word_1_597' title='bbox 1266 1729 1329 1752; x_wconf 85' lang='lat' dir='ltr'><strong>sunt</strong></span> <span class='ocrx_word' id='word_1_598' title='bbox 1344 1725 1390 1760; x_wconf 87' lang='lat' dir='ltr'><strong>qui</strong></span> <span class='ocrx_word' id='word_1_599' title='bbox 1414 1732 1521 1760; x_wconf 83' lang='lat' dir='ltr'><strong>semper</strong></span> <span class='ocrx_word' id='word_1_600' title='bbox 1540 1727 1669 1761; x_wconf 82' lang='lat' dir='ltr'><strong>pugnavit</strong></span> 
     </span>
    </p>
   </div>
   <div class='ocr_carea' id='block_1_82' title="bbox 877 1768 1666 1806">
    <p class='ocr_par' dir='ltr' id='par_1_82' title="bbox 877 1768 1666 1806">
     <span class='ocr_line' id='line_1_82' title="bbox 877 1768 1666 1806; baseline 0.005 -11"><span class='ocrx_word' id='word_1_601' title='bbox 877 1776 926 1803; x_wconf 92' lang='lat' dir='ltr'><strong>pro</strong></span> <span class='ocrx_word' id='word_1_602' title='bbox 940 1768 1003 1801; x_wconf 89' lang='lat' dir='ltr'><strong>illis,</strong></span> <span class='ocrx_word' id='word_1_603' title='bbox 1019 1773 1047 1796; x_wconf 88' lang='lat' dir='ltr'><strong>et</strong></span> <span class='ocrx_word' id='word_1_604' title='bbox 1060 1770 1224 1804; x_wconf 88' lang='lat' dir='ltr'><strong>opportunis</strong></span> <span class='ocrx_word' id='word_1_605' title='bbox 1242 1771 1408 1805; x_wconf 88' lang='lat' dir='ltr'><strong>temporibus</strong></span> <span class='ocrx_word' id='word_1_606' title='bbox 1423 1772 1593 1806; x_wconf 85' lang='lat' dir='ltr'><strong>compescuit</strong></span> <span class='ocrx_word' id='word_1_607' title='bbox 1608 1779 1666 1804; x_wconf 87' lang='lat' dir='ltr'><strong>eos,</strong></span> 
     </span>
    </p>
   </div>
   <div class='ocr_carea' id='block_1_83' title="bbox 877 1813 1666 1850">
    <p class='ocr_par' dir='ltr' id='par_1_83' title="bbox 877 1813 1666 1850">
     <span class='ocr_line' id='line_1_83' title="bbox 877 1813 1666 1850; baseline 0.005 -10"><span class='ocrx_word' id='word_1_608' title='bbox 877 1813 922 1847; x_wconf 86' lang='lat' dir='ltr'><strong>qui</strong></span> <span class='ocrx_word' id='word_1_609' title='bbox 937 1814 963 1840; x_wconf 92' lang='lat' dir='ltr'><strong>in</strong></span> <span class='ocrx_word' id='word_1_610' title='bbox 977 1813 1149 1842; x_wconf 82' lang='lat' dir='ltr'><strong>Christianos</strong></span> <span class='ocrx_word' id='word_1_611' title='bbox 1163 1814 1337 1850; x_wconf 80' lang='lat' dir='ltr'><strong>insurgerent</strong></span> <span class='ocrx_word' id='word_1_612' title='bbox 1352 1820 1378 1842; x_wconf 91' lang='lat' dir='ltr'><strong>et</strong></span> <span class='ocrx_word' id='word_1_613' title='bbox 1392 1822 1439 1843; x_wconf 90' lang='lat' dir='ltr'><strong>eos</strong></span> <span class='ocrx_word' id='word_1_614' title='bbox 1464 1816 1619 1844; x_wconf 87' lang='lat' dir='ltr'><strong>interﬁcere</strong></span> <span class='ocrx_word' id='word_1_615' title='bbox 1639 1818 1666 1844; x_wconf 95' lang='lat' dir='ltr'><strong>in</strong></span> 
     </span>
    </p>
   </div>
   <div class='ocr_carea' id='block_1_84' title="bbox 877 1859 1667 1887">
    <p class='ocr_par' dir='ltr' id='par_1_84' title="bbox 877 1859 1667 1887">
     <span class='ocr_line' id='line_1_84' title="bbox 877 1859 1667 1887; baseline 0.004 -3"><span class='ocrx_word' id='word_1_616' title='bbox 877 1859 968 1885; x_wconf 88' lang='lat' dir='ltr'><strong>animo</strong></span> <span class='ocrx_word' id='word_1_617' title='bbox 983 1859 1124 1887; x_wconf 89' lang='lat' dir='ltr'><strong>baberent.</strong></span> <span class='ocrx_word' id='word_1_618' title='bbox 1142 1859 1179 1887; x_wconf 88' lang='lat' dir='ltr'><strong>Ut</strong></span> <span class='ocrx_word' id='word_1_619' title='bbox 1194 1859 1267 1887; x_wconf 92' lang='lat' dir='ltr'><strong>enim</strong></span> <span class='ocrx_word' id='word_1_620' title='bbox 1291 1860 1336 1887; x_wconf 87' lang='lat' dir='ltr'><strong>alii</strong></span> <span class='ocrx_word' id='word_1_621' title='bbox 1362 1860 1388 1887; x_wconf 95' lang='lat' dir='ltr'><strong>in</strong></span> <span class='ocrx_word' id='word_1_622' title='bbox 1411 1860 1570 1887; x_wconf 84' lang='lat' dir='ltr'><strong>memoriam</strong></span> <span class='ocrx_word' id='word_1_623' title='bbox 1589 1867 1667 1887; x_wconf 88' lang='lat' dir='ltr'><strong>revo-</strong></span> 
     </span>
    </p>
   </div>
   <div class='ocr_carea' id='block_1_85' title="bbox 876 1903 1666 1939">
    <p class='ocr_par' dir='ltr' id='par_1_85' title="bbox 876 1903 1666 1939">
     <span class='ocr_line' id='line_1_85' title="bbox 876 1903 1666 1939; baseline 0.001 -9"><span class='ocrx_word' id='word_1_624' title='bbox 876 1907 970 1930; x_wconf 83' lang='lat' dir='ltr'><strong>carent</strong></span> <span class='ocrx_word' id='word_1_625' title='bbox 981 1908 1008 1931; x_wconf 93' lang='lat' dir='ltr'><strong>et</strong></span> <span class='ocrx_word' id='word_1_626' title='bbox 1021 1903 1145 1931; x_wconf 87' lang='lat' dir='ltr'><strong>videndis</strong></span> <span class='ocrx_word' id='word_1_627' title='bbox 1157 1904 1251 1938; x_wconf 85' lang='lat' dir='ltr'><strong>paucis</strong></span> <span class='ocrx_word' id='word_1_628' title='bbox 1265 1912 1314 1938; x_wconf 91' lang='lat' dir='ltr'><strong>pro</strong></span> <span class='ocrx_word' id='word_1_629' title='bbox 1327 1904 1428 1939; x_wconf 83' lang='lat' dir='ltr'><strong>pietate</strong></span> <span class='ocrx_word' id='word_1_630' title='bbox 1441 1905 1609 1932; x_wconf 77' lang='lat' dir='ltr'><strong>certantibus</strong></span> <span class='ocrx_word' id='word_1_631' title='bbox 1620 1904 1666 1931; x_wconf 86' lang='lat' dir='ltr'><strong>ﬁr-</strong></span> 
     </span>
    </p>
   </div>
   <div class='ocr_carea' id='block_1_86' title="bbox 877 1948 1666 1984">
    <p class='ocr_par' dir='ltr' id='par_1_86' title="bbox 877 1948 1666 1984">
     <span class='ocr_line' id='line_1_86' title="bbox 877 1948 1666 1984; baseline 0.001 -9"><span class='ocrx_word' id='word_1_632' title='bbox 877 1948 977 1976; x_wconf 87' lang='lat' dir='ltr'><strong>miores</strong></span> <span class='ocrx_word' id='word_1_633' title='bbox 1001 1949 1095 1976; x_wconf 90' lang='lat' dir='ltr'><strong>ﬁerent</strong></span> <span class='ocrx_word' id='word_1_634' title='bbox 1121 1953 1291 1984; x_wconf 86' lang='lat' dir='ltr'><strong>mortemque</strong></span> <span class='ocrx_word' id='word_1_635' title='bbox 1317 1954 1493 1984; x_wconf 86' lang='lat' dir='ltr'><strong>spernerent,</strong></span> <span class='ocrx_word' id='word_1_636' title='bbox 1511 1949 1589 1984; x_wconf 83' lang='lat' dir='ltr'><strong>pauci</strong></span> <span class='ocrx_word' id='word_1_637' title='bbox 1617 1956 1666 1983; x_wconf 90' lang='lat' dir='ltr'><strong>per</strong></span> 
     </span>
    </p>
   </div>
   <div class='ocr_carea' id='block_1_87' title="bbox 877 1994 1665 2030">
    <p class='ocr_par' dir='ltr' id='par_1_87' title="bbox 877 1994 1665 2030">
     <span class='ocr_line' id='line_1_87' title="bbox 877 1994 1665 2030; baseline 0 -9"><span class='ocrx_word' id='word_1_638' title='bbox 877 1995 1019 2022; x_wconf 86' lang='lat' dir='ltr'><strong>intervalla</strong></span> <span class='ocrx_word' id='word_1_639' title='bbox 1032 2001 1180 2030; x_wconf 90' lang='lat' dir='ltr'><strong>tetnporum</strong></span> <span class='ocrx_word' id='word_1_640' title='bbox 1194 2000 1222 2022; x_wconf 90' lang='lat' dir='ltr'><strong>et</strong></span> <span class='ocrx_word' id='word_1_641' title='bbox 1237 1995 1317 2022; x_wconf 81' lang='lat' dir='ltr'><strong>facile</strong></span> <span class='ocrx_word' id='word_1_642' title='bbox 1330 1995 1514 2022; x_wconf 86' lang='lat' dir='ltr'><strong>numerabiles</strong></span> <span class='ocrx_word' id='word_1_643' title='bbox 1528 2002 1577 2029; x_wconf 91' lang='lat' dir='ltr'><strong>pro</strong></span> <span class='ocrx_word' id='word_1_644' title='bbox 1585 1994 1665 2022; x_wconf 87' lang='lat' dir='ltr'><strong>Chri-</strong></span> 
     </span>
    </p>
   </div>
   <div class='ocr_carea' id='block_1_88' title="bbox 839 2040 1661 2076">
    <p class='ocr_par' dir='ltr' id='par_1_88' title="bbox 839 2040 1661 2076">
     <span class='ocr_line' id='line_1_88' title="bbox 839 2040 1661 2076; baseline 0 -9"><span class='ocrx_word' id='word_1_645' title='bbox 839 2048 852 2059; x_wconf 62' lang='grc' dir='ltr'><strong>ν</strong></span> <span class='ocrx_word' id='word_1_646' title='bbox 876 2041 963 2067; x_wconf 90' lang='lat' dir='ltr'><strong>stiana</strong></span> <span class='ocrx_word' id='word_1_647' title='bbox 977 2040 1106 2076; x_wconf 77' lang='lat' dir='ltr'><strong>religione</strong></span> <span class='ocrx_word' id='word_1_648' title='bbox 1122 2047 1236 2068; x_wconf 86' lang='lat' dir='ltr'><strong>mortem</strong></span> <span class='ocrx_word' id='word_1_649' title='bbox 1251 2040 1387 2068; x_wconf 89' lang='lat' dir='ltr'><strong>obierunt.</strong></span> <span class='ocrx_word' id='word_1_650' title='bbox 1406 2040 1459 2068; x_wconf 87' lang='lat' dir='ltr'><strong>Sed</strong></span> <span class='ocrx_word' id='word_1_651' title='bbox 1483 2047 1577 2067; x_wconf 89' lang='lat' dir='ltr'><strong>eorum</strong></span> <span class='ocrx_word' id='word_1_652' title='bbox 1594 2048 1661 2075; x_wconf 78' lang='lat' dir='ltr'><strong>gen-</strong></span> 
     </span>
    </p>
   </div>
   <div class='ocr_carea' id='block_1_89' title="bbox 877 2087 1662 2123">
    <p class='ocr_par' dir='ltr' id='par_1_89' title="bbox 877 2087 1662 2123">
     <span class='ocr_line' id='line_1_89' title="bbox 877 2087 1662 2123; baseline -0.003 -8"><span class='ocrx_word' id='word_1_653' title='bbox 877 2093 930 2116; x_wconf 89' lang='lat' dir='ltr'><strong>tem</strong></span> <span class='ocrx_word' id='word_1_654' title='bbox 955 2096 1066 2123; x_wconf 90' lang='lat' dir='ltr'><strong>prorsus</strong></span> <span class='ocrx_word' id='word_1_655' title='bbox 1090 2089 1224 2123; x_wconf 78' lang='lat' dir='ltr'><strong>exstingui</strong></span> <span class='ocrx_word' id='word_1_656' title='bbox 1250 2095 1390 2123; x_wconf 82' lang='lat' dir='ltr'><strong>nunquam</strong></span> <span class='ocrx_word' id='word_1_657' title='bbox 1420 2087 1544 2123; x_wconf 82' lang='lat' dir='ltr'><strong>permisit</strong></span> <span class='ocrx_word' id='word_1_658' title='bbox 1567 2087 1662 2114; x_wconf 88' lang='lat' dir='ltr'><strong>Deus:</strong></span> 
     </span>
    </p>
   </div>
   <div class='ocr_carea' id='block_1_90' title="bbox 876 2132 1662 2162">
    <p class='ocr_par' dir='ltr' id='par_1_90' title="bbox 876 2132 1662 2162">
     <span class='ocr_line' id='line_1_90' title="bbox 876 2132 1662 2162; baseline -0.001 -1"><span class='ocrx_word' id='word_1_659' title='bbox 876 2135 930 2161; x_wconf 90' lang='lat' dir='ltr'><strong>imo</strong></span> <span class='ocrx_word' id='word_1_660' title='bbox 944 2134 1096 2162; x_wconf 88' lang='lat' dir='ltr'><strong>consistere</strong></span> <span class='ocrx_word' id='word_1_661' title='bbox 1111 2133 1196 2161; x_wconf 93' lang='lat' dir='ltr'><strong>voluit</strong></span> <span class='ocrx_word' id='word_1_662' title='bbox 1219 2138 1246 2161; x_wconf 93' lang='lat' dir='ltr'><strong>et</strong></span> <span class='ocrx_word' id='word_1_663' title='bbox 1264 2134 1419 2161; x_wconf 83' lang='lat' dir='ltr'><strong>universam</strong></span> <span class='ocrx_word' id='word_1_664' title='bbox 1433 2138 1534 2159; x_wconf 82' lang='lat' dir='ltr'><strong>terram</strong></span> <span class='ocrx_word' id='word_1_665' title='bbox 1552 2132 1662 2160; x_wconf 85' lang='lat' dir='ltr'><strong>salutari</strong></span> 
     </span>
    </p>
   </div>
   <div class='ocr_carea' id='block_1_91' title="bbox 27 2176 824 2216">
    <p class='ocr_par' dir='ltr' id='par_1_91' title="bbox 27 2176 824 2215">
     <span class='ocr_line' id='line_1_91' title="bbox 27 2176 824 2215; baseline -0.001 -10"><span class='ocrx_word' id='word_1_666' title='bbox 27 2179 234 2215; x_wconf 72' lang='grc' dir='ltr'>τὺσεϐεστάτης</span> <span class='ocrx_word' id='word_1_667' title='bbox 248 2179 429 2210; x_wconf 83' lang='grc' dir='ltr'>διδασκαλίας.</span> <span class='ocrx_word' id='word_1_668' title='bbox 446 2178 531 2205; x_wconf 82' lang='grc' dir='ltr'>Πάλιν</span> <span class='ocrx_word' id='word_1_669' title='bbox 553 2187 582 2204; x_wconf 88' lang='grc' dir='ltr'><strong>τε</strong></span> <span class='ocrx_word' id='word_1_670' title='bbox 598 2176 642 2211; x_wconf 83' lang='grc' dir='ltr'>αὖ,</span> <span class='ocrx_word' id='word_1_671' title='bbox 659 2176 693 2205; x_wconf 79' lang='grc' dir='ltr'>ἵν’</span> <span class='ocrx_word' id='word_1_672' title='bbox 707 2179 730 2204; x_wconf 90' lang='grc' dir='ltr'><strong>οί</strong></span> <span class='ocrx_word' id='word_1_673' title='bbox 745 2177 824 2205; x_wconf 84' lang='grc' dir='ltr'>ἀσθε-</span> 
     </span>
    </p>
   </div>
   <div class='ocr_carea' id='block_1_92' title="bbox 908 2176 1664 2216">
    <p class='ocr_par' dir='ltr' id='par_1_92' title="bbox 908 2178 1664 2216">
     <span class='ocr_line' id='line_1_92' title="bbox 908 2178 1664 2216; baseline -0.003 -9"><span class='ocrx_word' id='word_1_674' title='bbox 908 2188 921 2207; x_wconf 91' lang='lat' dir='ltr'><strong>a</strong></span> <span class='ocrx_word' id='word_1_675' title='bbox 941 2184 969 2208; x_wconf 89' lang='lat' dir='ltr'><strong>et</strong></span> <span class='ocrx_word' id='word_1_676' title='bbox 992 2180 1113 2216; x_wconf 85' lang='lat' dir='ltr'><strong>piissima</strong></span> <span class='ocrx_word' id='word_1_677' title='bbox 1129 2181 1253 2208; x_wconf 85' lang='lat' dir='ltr'><strong>doctrina</strong></span> <span class='ocrx_word' id='word_1_678' title='bbox 1278 2179 1387 2214; x_wconf 87' lang='lat' dir='ltr'><strong>repleri.</strong></span> <span class='ocrx_word' id='word_1_679' title='bbox 1409 2179 1516 2206; x_wconf 82' lang='lat' dir='ltr'><strong>Rursus</strong></span> <span class='ocrx_word' id='word_1_680' title='bbox 1539 2178 1620 2212; x_wconf 84' lang='lat' dir='ltr'><strong>Deus,</strong></span> <span class='ocrx_word' id='word_1_681' title='bbox 1634 2182 1664 2206; x_wconf 91' lang='lat' dir='ltr'><strong>ut</strong></span> 
     </span>
    </p>
   </div>
   <div class='ocr_carea' id='block_1_93' title="bbox 33 2223 822 2260">
    <p class='ocr_par' dir='ltr' id='par_1_93' title="bbox 33 2223 822 2260">
     <span class='ocr_line' id='line_1_93' title="bbox 33 2223 822 2260; baseline -0.001 -9"><span class='ocrx_word' id='word_1_682' title='bbox 33 2227 57 2252; x_wconf 65' lang='grc' dir='ltr'><strong>δέ</strong></span> <span class='ocrx_word' id='word_1_683' title='bbox 63 2233 157 2260; x_wconf 84' lang='grc' dir='ltr'>στεροι</span> <span class='ocrx_word' id='word_1_684' title='bbox 167 2225 334 2252; x_wconf 82' lang='grc' dir='ltr'>ἀναπνέωσιν</span> <span class='ocrx_word' id='word_1_685' title='bbox 350 2225 403 2252; x_wconf 80' lang='grc' dir='ltr'><strong>ἀπὸ</strong></span> <span class='ocrx_word' id='word_1_686' title='bbox 414 2225 463 2260; x_wconf 82' lang='grc' dir='ltr'>τῆς</span> <span class='ocrx_word' id='word_1_687' title='bbox 479 2225 541 2260; x_wconf 76' lang='grc' dir='ltr'>περὶ</span> <span class='ocrx_word' id='word_1_688' title='bbox 554 2223 600 2250; x_wconf 84' lang='grc' dir='ltr'>τοῦ</span> <span class='ocrx_word' id='word_1_689' title='bbox 614 2224 728 2251; x_wconf 85' lang='grc' dir='ltr'>θανάτου</span> <span class='ocrx_word' id='word_1_690' title='bbox 742 2233 822 2260; x_wconf 84' lang='grc' dir='ltr'>φρον-</span> 
     </span>
    </p>
   </div>
   <div class='ocr_carea' id='block_1_94' title="bbox 27 2270 822 2306">
    <p class='ocr_par' dir='ltr' id='par_1_94' title="bbox 27 2270 822 2306">
     <span class='ocr_line' id='line_1_94' title="bbox 27 2270 822 2306; baseline -0.003 -8"><span class='ocrx_word' id='word_1_691' title='bbox 27 2272 116 2303; x_wconf 78' lang='grc' dir='ltr'>τίδος,</span> <span class='ocrx_word' id='word_1_692' title='bbox 129 2272 143 2297; x_wconf 87' lang='grc' dir='ltr'><strong>ὀ</strong></span> <span class='ocrx_word' id='word_1_693' title='bbox 158 2271 224 2303; x_wconf 82' lang='grc' dir='ltr'>Θεὸς</span> <span class='ocrx_word' id='word_1_694' title='bbox 236 2272 391 2306; x_wconf 80' lang='grc' dir='ltr'>προυνοεῐτο</span> <span class='ocrx_word' id='word_1_695' title='bbox 407 2271 461 2297; x_wconf 85' lang='grc' dir='ltr'><strong>τῶν</strong></span> <span class='ocrx_word' id='word_1_696' title='bbox 478 2271 675 2302; x_wconf 85' lang='grc' dir='ltr'>πιστευόντων,</span> <span class='ocrx_word' id='word_1_697' title='bbox 694 2270 767 2305; x_wconf 88' lang='grc' dir='ltr'>μόνῳ</span> <span class='ocrx_word' id='word_1_698' title='bbox 784 2270 822 2306; x_wconf 85' lang='grc' dir='ltr'><strong>τῷ</strong></span> 
     </span>
    </p>
   </div>
   <div class='ocr_carea' id='block_1_95' title="bbox 28 2315 822 2352">
    <p class='ocr_par' dir='ltr' id='par_1_95' title="bbox 28 2315 822 2352">
     <span class='ocr_line' id='line_1_95' title="bbox 28 2315 822 2352; baseline -0.001 -8"><span class='ocrx_word' id='word_1_699' title='bbox 28 2317 186 2352; x_wconf 75' lang='grc' dir='ltr'>βουλήματι</span> <span class='ocrx_word' id='word_1_700' title='bbox 202 2317 391 2349; x_wconf 79' lang='grc' dir='ltr'>διασκεδαννὺς</span> <span class='ocrx_word' id='word_1_701' title='bbox 415 2318 505 2343; x_wconf 80' lang='grc' dir='ltr'>πᾶσαν</span> <span class='ocrx_word' id='word_1_702' title='bbox 520 2316 568 2351; x_wconf 81' lang='grc' dir='ltr'>τὴν</span> <span class='ocrx_word' id='word_1_703' title='bbox 586 2316 645 2342; x_wconf 79' lang='grc' dir='ltr'>κατ’</span> <span class='ocrx_word' id='word_1_704' title='bbox 659 2315 748 2342; x_wconf 80' lang='grc' dir='ltr'>αὐτῶν</span> <span class='ocrx_word' id='word_1_705' title='bbox 763 2317 822 2343; x_wconf 69' lang='lat' dir='ltr'><strong>evm—</strong></span> 
     </span>
    </p>
   </div>
   <div class='ocr_carea' id='block_1_96' title="bbox 27 2360 822 2398">
    <p class='ocr_par' dir='ltr' id='par_1_96' title="bbox 27 2360 822 2398">
     <span class='ocr_line' id='line_1_96' title="bbox 27 2360 822 2398; baseline -0.001 -11"><span class='ocrx_word' id='word_1_706' title='bbox 27 2362 149 2397; x_wconf 71' lang='grc' dir='ltr'>ϐουλὴν,</span> <span class='ocrx_word' id='word_1_707' title='bbox 177 2362 220 2388; x_wconf 79' lang='grc' dir='ltr'>ἵνα</span> <span class='ocrx_word' id='word_1_708' title='bbox 247 2362 315 2398; x_wconf 82' lang='grc' dir='ltr'>μήτε</span> <span class='ocrx_word' id='word_1_709' title='bbox 340 2361 475 2397; x_wconf 85' lang='grc' dir='ltr'>βασιλεῖς,</span> <span class='ocrx_word' id='word_1_710' title='bbox 501 2361 569 2397; x_wconf 86' lang='grc' dir='ltr'>μήτε</span> <span class='ocrx_word' id='word_1_711' title='bbox 586 2361 610 2387; x_wconf 79' lang='grc' dir='ltr'>οἱ</span> <span class='ocrx_word' id='word_1_712' title='bbox 631 2360 701 2387; x_wconf 78' lang='grc' dir='ltr'>κατὰ</span> <span class='ocrx_word' id='word_1_713' title='bbox 723 2360 822 2392; x_wconf 88' lang='grc' dir='ltr'>τόπους</span> 
     </span>
    </p>
   </div>
   <div class='ocr_carea' id='block_1_97' title="bbox 28 2406 822 2444">
    <p class='ocr_par' dir='ltr' id='par_1_97' title="bbox 28 2406 822 2444">
     <span class='ocr_line' id='line_1_97' title="bbox 28 2406 822 2444; baseline -0.003 -10"><span class='ocrx_word' id='word_1_714' title='bbox 28 2407 190 2443; x_wconf 75' lang='grc' dir='ltr'>ἡγούμενοι,</span> <span class='ocrx_word' id='word_1_715' title='bbox 211 2409 277 2444; x_wconf 80' lang='grc' dir='ltr'>μήτε</span> <span class='ocrx_word' id='word_1_716' title='bbox 305 2408 329 2434; x_wconf 85' lang='grc' dir='ltr'>οι</span> <span class='ocrx_word' id='word_1_717' title='bbox 343 2407 424 2443; x_wconf 82' lang='grc' dir='ltr'>δῆμοι</span> <span class='ocrx_word' id='word_1_718' title='bbox 439 2406 588 2442; x_wconf 72' lang='grc' dir='ltr'>ὲξαφθῆναι</span> <span class='ocrx_word' id='word_1_719' title='bbox 601 2407 659 2432; x_wconf 83' lang='grc' dir='ltr'>κατ’</span> <span class='ocrx_word' id='word_1_720' title='bbox 673 2406 760 2432; x_wconf 82' lang='grc' dir='ltr'>αὐτῶν</span> <span class='ocrx_word' id='word_1_721' title='bbox 776 2406 822 2432; x_wconf 74' lang='grc' dir='ltr'><strong>ἐπὶ</strong></span> 
     </span>
    </p>
   </div>
   <div class='ocr_carea' id='block_1_98' title="bbox 29 2452 821 2489">
    <p class='ocr_par' dir='ltr' id='par_1_98' title="bbox 29 2452 821 2489">
     <span class='ocr_line' id='line_1_98' title="bbox 29 2452 821 2489; baseline -0.003 -9"><span class='ocrx_word' id='word_1_722' title='bbox 29 2455 127 2480; x_wconf 82' lang='grc' dir='ltr'>πλεῖον</span> <span class='ocrx_word' id='word_1_723' title='bbox 137 2453 279 2489; x_wconf 82' lang='grc' dir='ltr'>δυνηθῶσι.</span> <span class='ocrx_word' id='word_1_724' title='bbox 295 2454 388 2480; x_wconf 82' lang='grc' dir='ltr'>Ταῦτα</span> <span class='ocrx_word' id='word_1_725' title='bbox 403 2454 450 2489; x_wconf 83' lang='grc' dir='ltr'>μὲν</span> <span class='ocrx_word' id='word_1_726' title='bbox 468 2453 536 2489; x_wconf 83' lang='grc' dir='ltr'>πρὸς</span> <span class='ocrx_word' id='word_1_727' title='bbox 549 2452 583 2479; x_wconf 81' lang='grc' dir='ltr'>τὰ</span> <span class='ocrx_word' id='word_1_728' title='bbox 600 2452 651 2479; x_wconf 81' lang='grc' dir='ltr'><strong>ὑπὸ</strong></span> <span class='ocrx_word' id='word_1_729' title='bbox 665 2452 769 2479; x_wconf 79' lang='grc' dir='ltr'>Κέλσου</span> <span class='ocrx_word' id='word_1_730' title='bbox 785 2453 821 2479; x_wconf 79' lang='grc' dir='ltr'><strong>εἰ·</strong></span> 
     </span>
    </p>
   </div>
   <div class='ocr_carea' id='block_1_99' title="bbox 41 2498 823 2535">
    <p class='ocr_par' dir='ltr' id='par_1_99' title="bbox 41 2498 823 2535">
     <span class='ocr_line' id='line_1_99' title="bbox 41 2498 823 2535; baseline 0 -9"><span class='ocrx_word' id='word_1_731' title='bbox 41 2509 66 2535; x_wconf 66' lang='grc' dir='ltr'>ἠ</span> <span class='ocrx_word' id='word_1_732' title='bbox 71 2499 142 2534; x_wconf 82' lang='grc' dir='ltr'>μένα</span> <span class='ocrx_word' id='word_1_733' title='bbox 155 2500 218 2535; x_wconf 81' lang='grc' dir='ltr'>περὶ</span> <span class='ocrx_word' id='word_1_734' title='bbox 233 2499 291 2531; x_wconf 83' lang='grc' dir='ltr'>τοῦ,</span> <span class='ocrx_word' id='word_1_735' title='bbox 308 2509 317 2526; x_wconf 76' lang='grc' dir='ltr'><strong>ι</strong></span> <span class='ocrx_word' id='word_1_736' title='bbox 334 2500 432 2527; x_wconf 83' lang='grc' dir='ltr'>Στάσιν</span> <span class='ocrx_word' id='word_1_737' title='bbox 446 2498 586 2534; x_wconf 79' lang='grc' dir='ltr'>γεγονέναι</span> <span class='ocrx_word' id='word_1_738' title='bbox 603 2499 652 2534; x_wconf 85' lang='grc' dir='ltr'><strong>τὴν</strong></span> <span class='ocrx_word' id='word_1_739' title='bbox 663 2499 760 2534; x_wconf 84' lang='grc' dir='ltr'>ἀρχὴν,</span> <span class='ocrx_word' id='word_1_740' title='bbox 773 2499 823 2526; x_wconf 85' lang='grc' dir='ltr'><strong>πά-</strong></span> 
     </span>
    </p>
   </div>
   <div class='ocr_carea' id='block_1_100' title="bbox 878 2224 1664 2260">
    <p class='ocr_par' dir='ltr' id='par_1_100' title="bbox 878 2224 1664 2260">
     <span class='ocr_line' id='line_1_100' title="bbox 878 2224 1664 2260; baseline -0.003 -8"><span class='ocrx_word' id='word_1_741' title='bbox 878 2226 1040 2254; x_wconf 89' lang='lat' dir='ltr'><strong>iuﬁrmiores</strong></span> <span class='ocrx_word' id='word_1_742' title='bbox 1062 2234 1077 2253; x_wconf 93' lang='lat' dir='ltr'><strong>a</strong></span> <span class='ocrx_word' id='word_1_743' title='bbox 1102 2226 1199 2254; x_wconf 88' lang='lat' dir='ltr'><strong>mortis</strong></span> <span class='ocrx_word' id='word_1_744' title='bbox 1222 2230 1295 2253; x_wconf 90' lang='lat' dir='ltr'><strong>metu</strong></span> <span class='ocrx_word' id='word_1_745' title='bbox 1320 2225 1504 2260; x_wconf 88' lang='lat' dir='ltr'><strong>respirarent,</strong></span> <span class='ocrx_word' id='word_1_746' title='bbox 1529 2224 1664 2251; x_wconf 86' lang='lat' dir='ltr'><strong>consuluit</strong></span> 
     </span>
    </p>
   </div>
   <div class='ocr_carea' id='block_1_101' title="bbox 877 2269 1663 2299">
    <p class='ocr_par' dir='ltr' id='par_1_101' title="bbox 877 2269 1663 2299">
     <span class='ocr_line' id='line_1_101' title="bbox 877 2269 1663 2299; baseline -0.003 0"><span class='ocrx_word' id='word_1_747' title='bbox 877 2272 999 2299; x_wconf 88' lang='lat' dir='ltr'><strong>ﬁdelibus</strong></span> <span class='ocrx_word' id='word_1_748' title='bbox 1018 2277 1045 2299; x_wconf 91' lang='lat' dir='ltr'><strong>et</strong></span> <span class='ocrx_word' id='word_1_749' title='bbox 1062 2272 1120 2299; x_wconf 89' lang='lat' dir='ltr'><strong>solo</strong></span> <span class='ocrx_word' id='word_1_750' title='bbox 1136 2276 1201 2298; x_wconf 92' lang='lat' dir='ltr'><strong>nutu</strong></span> <span class='ocrx_word' id='word_1_751' title='bbox 1223 2277 1318 2298; x_wconf 89' lang='lat' dir='ltr'><strong>omnes</strong></span> <span class='ocrx_word' id='word_1_752' title='bbox 1334 2275 1454 2297; x_wconf 85' lang='lat' dir='ltr'><strong>structas</strong></span> <span class='ocrx_word' id='word_1_753' title='bbox 1480 2269 1533 2296; x_wconf 87' lang='lat' dir='ltr'><strong>illis</strong></span> <span class='ocrx_word' id='word_1_754' title='bbox 1550 2269 1663 2297; x_wconf 80' lang='lat' dir='ltr'><strong>insidias</strong></span> 
     </span>
    </p>
   </div>
   <div class='ocr_carea' id='block_1_102' title="bbox 876 2315 1663 2352">
    <p class='ocr_par' dir='ltr' id='par_1_102' title="bbox 876 2315 1663 2352">
     <span class='ocr_line' id='line_1_102' title="bbox 876 2315 1663 2352; baseline -0.005 -8"><span class='ocrx_word' id='word_1_755' title='bbox 876 2317 1027 2351; x_wconf 79' lang='lat' dir='ltr'><strong>dissipavit,</strong></span> <span class='ocrx_word' id='word_1_756' title='bbox 1045 2322 1074 2344; x_wconf 93' lang='lat' dir='ltr'><strong>ut</strong></span> <span class='ocrx_word' id='word_1_757' title='bbox 1088 2324 1176 2352; x_wconf 89' lang='lat' dir='ltr'><strong>neque</strong></span> <span class='ocrx_word' id='word_1_758' title='bbox 1192 2323 1281 2351; x_wconf 81' lang='lat' dir='ltr'><strong>reges.</strong></span> <span class='ocrx_word' id='word_1_759' title='bbox 1297 2323 1386 2351; x_wconf 90' lang='lat' dir='ltr'><strong>neque</strong></span> <span class='ocrx_word' id='word_1_760' title='bbox 1399 2315 1568 2342; x_wconf 85' lang='lat' dir='ltr'><strong>diversorum</strong></span> <span class='ocrx_word' id='word_1_761' title='bbox 1590 2315 1663 2341; x_wconf 81' lang='lat' dir='ltr'><strong>loco-</strong></span> 
     </span>
    </p>
   </div>
   <div class='ocr_carea' id='block_1_103' title="bbox 876 2360 1662 2398">
    <p class='ocr_par' dir='ltr' id='par_1_103' title="bbox 876 2360 1662 2398">
     <span class='ocr_line' id='line_1_103' title="bbox 876 2360 1662 2398; baseline -0.006 -8"><span class='ocrx_word' id='word_1_762' title='bbox 876 2372 934 2390; x_wconf 91' lang='lat' dir='ltr'><strong>rum</strong></span> <span class='ocrx_word' id='word_1_763' title='bbox 950 2363 1105 2398; x_wconf 86' lang='lat' dir='ltr'><strong>principes,</strong></span> <span class='ocrx_word' id='word_1_764' title='bbox 1119 2370 1207 2397; x_wconf 90' lang='lat' dir='ltr'><strong>neque</strong></span> <span class='ocrx_word' id='word_1_765' title='bbox 1231 2362 1323 2397; x_wconf 88' lang='lat' dir='ltr'><strong>populi</strong></span> <span class='ocrx_word' id='word_1_766' title='bbox 1346 2366 1441 2389; x_wconf 85' lang='lat' dir='ltr'><strong>contra</strong></span> <span class='ocrx_word' id='word_1_767' title='bbox 1464 2360 1525 2388; x_wconf 87' lang='lat' dir='ltr'><strong>illos</strong></span> <span class='ocrx_word' id='word_1_768' title='bbox 1547 2360 1662 2394; x_wconf 86' lang='lat' dir='ltr'><strong>amplius</strong></span> 
     </span>
    </p>
   </div>
   <div class='ocr_carea' id='block_1_104' title="bbox 875 2406 1662 2444">
    <p class='ocr_par' dir='ltr' id='par_1_104' title="bbox 875 2406 1662 2444">
     <span class='ocr_line' id='line_1_104' title="bbox 875 2406 1662 2444; baseline -0.005 -8"><span class='ocrx_word' id='word_1_769' title='bbox 875 2409 1030 2444; x_wconf 78' lang='lat' dir='ltr'><strong>exasperari</strong></span> <span class='ocrx_word' id='word_1_770' title='bbox 1056 2413 1178 2443; x_wconf 87' lang='lat' dir='ltr'><strong>possent.</strong></span> <span class='ocrx_word' id='word_1_771' title='bbox 1206 2408 1296 2442; x_wconf 86' lang='lat' dir='ltr'><strong>Atque</strong></span> <span class='ocrx_word' id='word_1_772' title='bbox 1323 2409 1379 2434; x_wconf 63' lang='lat' dir='ltr'><strong>hanc</strong></span> <span class='ocrx_word' id='word_1_773' title='bbox 1403 2407 1436 2432; x_wconf 90' lang='lat' dir='ltr'><strong>de</strong></span> <span class='ocrx_word' id='word_1_774' title='bbox 1460 2413 1492 2432; x_wconf 90' lang='lat' dir='ltr'><strong>eo</strong></span> <span class='ocrx_word' id='word_1_775' title='bbox 1507 2406 1577 2439; x_wconf 88' lang='lat' dir='ltr'><strong>quod</strong></span> <span class='ocrx_word' id='word_1_776' title='bbox 1592 2406 1662 2432; x_wconf 81' lang='lat' dir='ltr'><strong>dixit</strong></span> 
     </span>
    </p>
   </div>
   <div class='ocr_carea' id='block_1_105' title="bbox 874 2450 1659 2488">
    <p class='ocr_par' dir='ltr' id='par_1_105' title="bbox 874 2450 1659 2488">
     <span class='ocr_line' id='line_1_105' title="bbox 874 2450 1659 2488; baseline -0.008 -6"><span class='ocrx_word' id='word_1_777' title='bbox 874 2455 979 2487; x_wconf 83' lang='lat' dir='ltr'><strong>Celsus,</strong></span> <span class='ocrx_word' id='word_1_778' title='bbox 994 2463 1003 2479; x_wconf 83' lang='lat'><strong>(</strong></span> <span class='ocrx_word' id='word_1_779' title='bbox 1014 2454 1121 2481; x_wconf 64' lang='lat' dir='ltr'><strong>Judmos</strong></span> <span class='ocrx_word' id='word_1_780' title='bbox 1135 2454 1213 2486; x_wconf 89' lang='lat' dir='ltr'><strong>olim,</strong></span> <span class='ocrx_word' id='word_1_781' title='bbox 1223 2457 1315 2488; x_wconf 86' lang='lat' dir='ltr'><strong>postea</strong></span> <span class='ocrx_word' id='word_1_782' title='bbox 1329 2459 1395 2478; x_wconf 88' lang='lat' dir='ltr'><strong>vero</strong></span> <span class='ocrx_word' id='word_1_783' title='bbox 1405 2450 1574 2478; x_wconf 87' lang='lat' dir='ltr'><strong>Christianos</strong></span> <span class='ocrx_word' id='word_1_784' title='bbox 1583 2457 1659 2477; x_wconf 88' lang='lat' dir='ltr'><strong>suam</strong></span> 
     </span>
    </p>
   </div>
   <div class='ocr_carea' id='block_1_106' title="bbox 874 2498 1458 2534">
    <p class='ocr_par' dir='ltr' id='par_1_106' title="bbox 874 2498 1458 2534">
     <span class='ocr_line' id='line_1_106' title="bbox 874 2498 1458 2534; baseline -0.007 -8"><span class='ocrx_word' id='word_1_785' title='bbox 874 2499 999 2527; x_wconf 89' lang='lat' dir='ltr'><strong>seditioni</strong></span> <span class='ocrx_word' id='word_1_786' title='bbox 1015 2503 1154 2534; x_wconf 83' lang='lat' dir='ltr'><strong>acceptam</strong></span> <span class='ocrx_word' id='word_1_787' title='bbox 1171 2498 1274 2525; x_wconf 82' lang='lat' dir='ltr'><strong>referre</strong></span> <span class='ocrx_word' id='word_1_788' title='bbox 1287 2498 1429 2532; x_wconf 77' lang='lat' dir='ltr'><strong>originem.</strong></span> <span class='ocrx_word' id='word_1_789' title='bbox 1448 2505 1458 2521; x_wconf 79' lang='grc' dir='ltr'><strong>ι</strong></span> 
     </span>
    </p>
   </div>
   <div class='ocr_carea' id='block_1_107' title="bbox 26 2544 1309 2582">
    <p class='ocr_par' dir='ltr' id='par_1_107' title="bbox 26 2544 1309 2582">
     <span class='ocr_line' id='line_1_107' title="bbox 26 2544 1309 2582; baseline -0.002 -10"><span class='ocrx_word' id='word_1_790' title='bbox 26 2546 74 2573; x_wconf 73' lang='grc' dir='ltr'>λιι</span> <span class='ocrx_word' id='word_1_791' title='bbox 101 2547 151 2582; x_wconf 82' lang='grc' dir='ltr'><strong>μὲν</strong></span> <span class='ocrx_word' id='word_1_792' title='bbox 170 2546 216 2573; x_wconf 79' lang='grc' dir='ltr'>τοῦ</span> <span class='ocrx_word' id='word_1_793' title='bbox 235 2547 366 2582; x_wconf 76' lang='grc' dir='ltr'>συστῆναι</span> <span class='ocrx_word' id='word_1_794' title='bbox 390 2545 547 2577; x_wconf 83' lang='grc' dir='ltr'>Ἰουδαίους,</span> <span class='ocrx_word' id='word_1_795' title='bbox 574 2544 686 2580; x_wconf 84' lang='grc' dir='ltr'>ὕστερον</span> <span class='ocrx_word' id='word_1_796' title='bbox 709 2545 738 2571; x_wconf 77' lang='grc' dir='ltr'><strong>δὲ</strong></span> <span class='ocrx_word' id='word_1_797' title='bbox 756 2545 866 2577; x_wconf 84' lang='grc' dir='ltr'>τούτους</span> <span class='ocrx_word' id='word_1_798' title='bbox 879 2545 933 2582; x_wconf 87' lang='grc'>(66)</span> <span class='ocrx_word' id='word_1_799' title='bbox 950 2545 1129 2582; x_wconf 84' lang='grc' dir='ltr'>Χριστιανοὺς</span> <span class='ocrx_word' id='word_1_800' title='bbox 1142 2544 1278 2579; x_wconf 83' lang='grc' dir='ltr'>γενέσθαι.</span> <span class='ocrx_word' id='word_1_801' title='bbox 1300 2553 1309 2569; x_wconf 79' lang='grc' dir='ltr'><strong>ι</strong></span> 
     </span>
    </p>
   </div>
   <div class='ocr_carea' id='block_1_108' title="bbox 65 2591 315 2625">
    <p class='ocr_par' dir='ltr' id='par_1_108' title="bbox 65 2591 315 2625">
     <span class='ocr_line' id='line_1_108' title="bbox 65 2591 315 2625; baseline 0.004 -7"><span class='ocrx_word' id='word_1_802' title='bbox 65 2592 89 2608; x_wconf 81' lang='grc'><strong><em>⁵⁵</em></strong></span> <span class='ocrx_word' id='word_1_803' title='bbox 103 2591 176 2619; x_wconf 85' lang='lat' dir='ltr'><strong>Psal.</strong></span> <span class='ocrx_word' id='word_1_804' title='bbox 189 2599 270 2625; x_wconf 82' lang='lat' dir='ltr'><strong>Lxxx,</strong></span> <span class='ocrx_word' id='word_1_805' title='bbox 289 2592 315 2619; x_wconf 81' lang='lat'><strong>6.</strong></span> 
     </span>
    </p>
   </div>
   <div class='ocr_carea' id='block_1_109' title="bbox 67 2635 817 2676">
    <p class='ocr_par' dir='ltr' id='par_1_109' title="bbox 67 2635 817 2676">
     <span class='ocr_line' id='line_1_109' title="bbox 67 2635 817 2676; baseline -0.004 -11"><span class='ocrx_word' id='word_1_806' title='bbox 67 2639 125 2673; x_wconf 75' lang='grc'>(61)</span> <span class='ocrx_word' id='word_1_807' title='bbox 141 2638 287 2676; x_wconf 40' lang='grc' dir='ltr'>Μήποτε..</span> <span class='ocrx_word' id='word_1_808' title='bbox 301 2637 390 2676; x_wconf 83' lang='lat' dir='ltr'><strong>Mallet</strong></span> <span class='ocrx_word' id='word_1_809' title='bbox 402 2636 558 2676; x_wconf 72' lang='lat' dir='ltr'><strong>Boherellus</strong></span> <span class='ocrx_word' id='word_1_810' title='bbox 568 2636 718 2676; x_wconf 59' lang='lat' dir='ltr'><strong>pqSérfoe-s.</strong></span> <span class='ocrx_word' id='word_1_811' title='bbox 734 2635 817 2663; x_wconf 82' lang='lat' dir='ltr'><strong>Paulo</strong></span> 
     </span>
    </p>
   </div>
   <div class='ocr_carea' id='block_1_110' title="bbox 27 2671 818 2708">
    <p class='ocr_par' dir='ltr' id='par_1_110' title="bbox 27 2671 818 2708">
     <span class='ocr_line' id='line_1_110' title="bbox 27 2671 818 2708; baseline -0.004 -7"><span class='ocrx_word' id='word_1_812' title='bbox 27 2671 89 2708; x_wconf 76' lang='lat' dir='ltr'><strong>post</strong></span> <span class='ocrx_word' id='word_1_813' title='bbox 109 2674 196 2700; x_wconf 85' lang='lat' dir='ltr'><strong>codex</strong></span> <span class='ocrx_word' id='word_1_814' title='bbox 218 2673 391 2704; x_wconf 83' lang='lat' dir='ltr'><strong>Basileensis.</strong></span> <span class='ocrx_word' id='word_1_815' title='bbox 407 2673 470 2704; x_wconf 81' lang='grc' dir='ltr'>τοὺς</span> <span class='ocrx_word' id='word_1_816' title='bbox 486 2671 588 2708; x_wconf 9' lang='grc' dir='ltr'>ἑαυτοῦ)</span> <span class='ocrx_word' id='word_1_817' title='bbox 609 2671 742 2706; x_wconf 79' lang='grc' dir='ltr'>μαθητάς,</span> <span class='ocrx_word' id='word_1_818' title='bbox 759 2678 818 2705; x_wconf 69' lang='lat' dir='ltr'><strong>quae</strong></span> 
     </span>
    </p>
   </div>
   <div class='ocr_carea' id='block_1_111' title="bbox 27 2707 816 2744">
    <p class='ocr_par' dir='ltr' id='par_1_111' title="bbox 27 2707 816 2744">
     <span class='ocr_line' id='line_1_111' title="bbox 27 2707 816 2744; baseline -0.004 -9"><span class='ocrx_word' id='word_1_819' title='bbox 27 2707 112 2736; x_wconf 84' lang='lat' dir='ltr'><strong>lectio</strong></span> <span class='ocrx_word' id='word_1_820' title='bbox 134 2716 197 2735; x_wconf 90' lang='lat' dir='ltr'><strong>unm</strong></span> <span class='ocrx_word' id='word_1_821' title='bbox 210 2707 339 2744; x_wconf 17' lang='lat' dir='ltr'><strong>sitralteri</strong></span> <span class='ocrx_word' id='word_1_822' title='bbox 359 2708 524 2744; x_wconf 66' lang='lat' dir='ltr'><strong>praeferenda</strong></span> <span class='ocrx_word' id='word_1_823' title='bbox 536 2707 816 2744; x_wconf 73' lang='lat' dir='ltr'><strong>[udicentdoctiores_.</strong></span> 
     </span>
    </p>
   </div>
   <div class='ocr_carea' id='block_1_112' title="bbox 28 2740 815 2776">
    <p class='ocr_par' dir='ltr' id='par_1_112' title="bbox 28 2740 815 2776">
     <span class='ocr_line' id='line_1_112' title="bbox 28 2740 815 2776; baseline -0.008 -5"><span class='ocrx_word' id='word_1_824' title='bbox 28 2744 65 2771; x_wconf 91' lang='lat' dir='ltr'><strong>Ut</strong></span> <span class='ocrx_word' id='word_1_825' title='bbox 91 2749 120 2770; x_wconf 89' lang='lat' dir='ltr'><strong>ut</strong></span> <span class='ocrx_word' id='word_1_826' title='bbox 135 2748 188 2776; x_wconf 88' lang='lat' dir='ltr'><strong>est,</strong></span> <span class='ocrx_word' id='word_1_827' title='bbox 205 2743 318 2770; x_wconf 87' lang='lat' dir='ltr'><strong>Guietus</strong></span> <span class='ocrx_word' id='word_1_828' title='bbox 339 2740 480 2770; x_wconf 73' lang='lat' dir='ltr'><strong>delendum</strong></span> <span class='ocrx_word' id='word_1_829' title='bbox 502 2741 639 2769; x_wconf 88' lang='lat' dir='ltr'><strong>existimat</strong></span> <span class='ocrx_word' id='word_1_830' title='bbox 652 2740 705 2767; x_wconf 87' lang='grc' dir='ltr'><strong>τῶν</strong></span> <span class='ocrx_word' id='word_1_831' title='bbox 720 2740 815 2776; x_wconf 72' lang='grc' dir='ltr'>ἑαυτοῦ</span> 
     </span>
    </p>
   </div>
   <div class='ocr_carea' id='block_1_113' title="bbox 29 2775 817 2813">
    <p class='ocr_par' dir='ltr' id='par_1_113' title="bbox 29 2775 817 2813">
     <span class='ocr_line' id='line_1_113' title="bbox 29 2775 817 2813; baseline -0.006 -8"><span class='ocrx_word' id='word_1_832' title='bbox 29 2778 173 2813; x_wconf 81' lang='grc' dir='ltr'>μαθητῶν.</span> <span class='ocrx_word' id='word_1_833' title='bbox 192 2777 253 2805; x_wconf 78' lang='lat' dir='ltr'><strong>Mox</strong></span> <span class='ocrx_word' id='word_1_834' title='bbox 267 2777 434 2805; x_wconf 69' lang='lat' dir='ltr'><strong>llmschelius</strong></span> <span class='ocrx_word' id='word_1_835' title='bbox 450 2777 477 2804; x_wconf 91' lang='lat' dir='ltr'><strong>in</strong></span> <span class='ocrx_word' id='word_1_836' title='bbox 503 2780 575 2804; x_wconf 74' lang='lat' dir='ltr'><strong>textu</strong></span> <span class='ocrx_word' id='word_1_837' title='bbox 594 2776 685 2808; x_wconf 88' lang='lat' dir='ltr'><strong>habet,</strong></span> <span class='ocrx_word' id='word_1_838' title='bbox 698 2775 745 2802; x_wconf 69' lang='grc' dir='ltr'>καὶ</span> <span class='ocrx_word' id='word_1_839' title='bbox 759 2775 817 2801; x_wconf 82' lang='grc' dir='ltr'>ἀδι-</span> 
     </span>
    </p>
   </div>
   <div class='ocr_carea' id='block_1_114' title="bbox 27 2822 161 2840">
    <p class='ocr_par' dir='ltr' id='par_1_114' title="bbox 27 2822 161 2840">
     <span class='ocr_line' id='line_1_114' title="bbox 27 2822 161 2840; baseline 0 -1"><span class='ocrx_word' id='word_1_840' title='bbox 27 2822 152 2840; x_wconf 74' lang='grc' dir='ltr'>κιυτατος</span> <span class='ocrx_word' id='word_1_841' title='bbox 155 2833 161 2838; x_wconf 89' lang='grc'><strong>-</strong></span> 
     </span>
    </p>
   </div>
   <div class='ocr_carea' id='block_1_115' title="bbox 65 2832 739 2884">
    <p class='ocr_par' dir='ltr' id='par_1_115' title="bbox 65 2832 739 2884">
     <span class='ocr_line' id='line_1_115' title="bbox 65 2832 739 2884; baseline -0.006 -9"><span class='ocrx_word' id='word_1_842' title='bbox 65 2832 204 2884; x_wconf 50' lang='grc' dir='ltr'><strong>δὲῗδῐοι</strong></span> <span class='ocrx_word' id='word_1_843' title='bbox 219 2847 242 2874; x_wconf 80' lang='grc' dir='ltr'>τ’</span> <span class='ocrx_word' id='word_1_844' title='bbox 258 2846 349 2882; x_wconf 83' lang='grc' dir='ltr'>ἦσαν.</span> <span class='ocrx_word' id='word_1_845' title='bbox 364 2847 461 2874; x_wconf 87' lang='lat' dir='ltr'><strong>Guielo</strong></span> <span class='ocrx_word' id='word_1_846' title='bbox 476 2845 587 2874; x_wconf 87' lang='lat' dir='ltr'><strong>delenda</strong></span> <span class='ocrx_word' id='word_1_847' title='bbox 603 2846 739 2873; x_wconf 85' lang='lat' dir='ltr'><strong>videntur.</strong></span> 
     </span>
    </p>
   </div>
   <div class='ocr_carea' id='block_1_116' title="bbox 907 2631 1338 2669">
    <p class='ocr_par' dir='ltr' id='par_1_116' title="bbox 907 2631 1338 2669">
     <span class='ocr_line' id='line_1_116' title="bbox 907 2631 1338 2669; baseline -0.012 -7"><span class='ocrx_word' id='word_1_848' title='bbox 907 2634 963 2669; x_wconf 82' lang='lat'><strong>(65)</strong></span> <span class='ocrx_word' id='word_1_849' title='bbox 985 2634 1089 2669; x_wconf 81' lang='grc' dir='ltr'><strong>Ἕγ-νω.</strong></span> <span class='ocrx_word' id='word_1_850' title='bbox 1104 2632 1186 2666; x_wconf 79' lang='lat' dir='ltr'><strong>Lego,</strong></span> <span class='ocrx_word' id='word_1_851' title='bbox 1206 2631 1338 2666; x_wconf 75' lang='grc' dir='ltr'>ἔγνωσαν.</span> 
     </span>
    </p>
   </div>
   <div class='ocr_carea' id='block_1_117' title="bbox 905 2675 1658 2717">
    <p class='ocr_par' dir='ltr' id='par_1_117' title="bbox 905 2675 1658 2717">
     <span class='ocr_line' id='line_1_117' title="bbox 905 2675 1658 2717; baseline -0.009 -9"><span class='ocrx_word' id='word_1_852' title='bbox 905 2681 961 2717; x_wconf 68' lang='grc'>(64)</span> <span class='ocrx_word' id='word_1_853' title='bbox 977 2679 1209 2717; x_wconf 52' lang='grc' dir='ltr'>Τὴν-Αἴγυπτον.</span> <span class='ocrx_word' id='word_1_854' title='bbox 1223 2678 1263 2703; x_wconf 82' lang='lat' dir='ltr'><strong>An</strong></span> <span class='ocrx_word' id='word_1_855' title='bbox 1279 2677 1454 2704; x_wconf 86' lang='lat' dir='ltr'><strong>scribendum</strong></span> <span class='ocrx_word' id='word_1_856' title='bbox 1466 2680 1495 2702; x_wconf 90' lang='lat' dir='ltr'><strong>ut</strong></span> <span class='ocrx_word' id='word_1_857' title='bbox 1506 2675 1585 2711; x_wconf 89' lang='lat' dir='ltr'><strong>paulo</strong></span> <span class='ocrx_word' id='word_1_858' title='bbox 1598 2679 1658 2710; x_wconf 87' lang='lat' dir='ltr'><strong>post</strong></span> 
     </span>
    </p>
   </div>
   <div class='ocr_carea' id='block_1_118' title="bbox 871 2713 1240 2751">
    <p class='ocr_par' dir='ltr' id='par_1_118' title="bbox 871 2713 1240 2751">
     <span class='ocr_line' id='line_1_118' title="bbox 871 2713 1240 2751; baseline -0.016 -7"><span class='ocrx_word' id='word_1_859' title='bbox 871 2713 964 2751; x_wconf 84' lang='lat' dir='ltr'><strong>supra,</strong></span> <span class='ocrx_word' id='word_1_860' title='bbox 977 2715 1010 2741; x_wconf 80' lang='grc' dir='ltr'>ὲκ</span> <span class='ocrx_word' id='word_1_861' title='bbox 1021 2714 1071 2749; x_wconf 81' lang='grc' dir='ltr'>τῆς</span> <span class='ocrx_word' id='word_1_862' title='bbox 1085 2713 1222 2747; x_wconf 80' lang='grc' dir='ltr'>Αἰγύπτου</span> <span class='ocrx_word' id='word_1_863' title='bbox 1234 2720 1240 2744; x_wconf 89' lang='lat'>;</span> 
     </span>
    </p>
   </div>
   <div class='ocr_carea' id='block_1_119' title="bbox 906 2756 1655 2796">
    <p class='ocr_par' dir='ltr' id='par_1_119' title="bbox 906 2756 1655 2796">
     <span class='ocr_line' id='line_1_119' title="bbox 906 2756 1655 2796; baseline -0.007 -8"><span class='ocrx_word' id='word_1_864' title='bbox 906 2761 962 2796; x_wconf 84' lang='lat'><strong>(65)</strong></span> <span class='ocrx_word' id='word_1_865' title='bbox 991 2760 1083 2796; x_wconf 58' lang='grc' dir='ltr'><strong>’Υπὲρ</strong></span> <span class='ocrx_word' id='word_1_866' title='bbox 1106 2757 1213 2796; x_wconf 64' lang='grc' dir='ltr'>αὐτῶν.</span> <span class='ocrx_word' id='word_1_867' title='bbox 1238 2757 1283 2785; x_wconf 86' lang='lat' dir='ltr'><strong>Sic</strong></span> <span class='ocrx_word' id='word_1_868' title='bbox 1308 2764 1372 2784; x_wconf 90' lang='lat' dir='ltr'><strong>mss.</strong></span> <span class='ocrx_word' id='word_1_869' title='bbox 1400 2756 1525 2790; x_wconf 85' lang='lat' dir='ltr'><strong>Impressi</strong></span> <span class='ocrx_word' id='word_1_870' title='bbox 1542 2764 1607 2784; x_wconf 86' lang='lat' dir='ltr'><strong>vero</strong></span> <span class='ocrx_word' id='word_1_871' title='bbox 1630 2756 1655 2782; x_wconf 92' lang='lat' dir='ltr'><strong>iu</strong></span> 
     </span>
    </p>
   </div>
   <div class='ocr_carea' id='block_1_120' title="bbox 873 2794 1154 2831">
    <p class='ocr_par' dir='ltr' id='par_1_120' title="bbox 873 2794 1154 2831">
     <span class='ocr_line' id='line_1_120' title="bbox 873 2794 1154 2831; baseline -0.018 -7"><span class='ocrx_word' id='word_1_872' title='bbox 873 2794 957 2829; x_wconf 66' lang='lat' dir='ltr'><strong>textu,</strong></span> <span class='ocrx_word' id='word_1_873' title='bbox 974 2795 1039 2831; x_wconf 81' lang='grc' dir='ltr'>περὶ</span> <span class='ocrx_word' id='word_1_874' title='bbox 1056 2794 1154 2821; x_wconf 83' lang='grc' dir='ltr'>αὐτῶν.</span> 
     </span>
    </p>
   </div>
   <div class='ocr_carea' id='block_1_121' title="bbox 904 2836 1655 2878">
    <p class='ocr_par' dir='ltr' id='par_1_121' title="bbox 904 2836 1655 2878">
     <span class='ocr_line' id='line_1_121' title="bbox 904 2836 1655 2878; baseline -0.008 -9"><span class='ocrx_word' id='word_1_875' title='bbox 904 2843 960 2878; x_wconf 83' lang='grc'>(66)</span> <span class='ocrx_word' id='word_1_876' title='bbox 975 2842 1123 2874; x_wconf 83' lang='grc' dir='ltr'>”Υστερον</span> <span class='ocrx_word' id='word_1_877' title='bbox 1138 2839 1171 2866; x_wconf 83' lang='grc' dir='ltr'>δὲ</span> <span class='ocrx_word' id='word_1_878' title='bbox 1184 2839 1319 2872; x_wconf 78' lang='grc' dir='ltr'>τούτους.</span> <span class='ocrx_word' id='word_1_879' title='bbox 1336 2836 1514 2866; x_wconf 73' lang='lat' dir='ltr'><strong>Set‘ibendum</strong></span> <span class='ocrx_word' id='word_1_880' title='bbox 1539 2837 1655 2869; x_wconf 83' lang='lat' dir='ltr'><strong>videtur,</strong></span> 
     </span>
    </p>
   </div>
  </div>
