1848 3091
187 133 235 160 951

224 191 250 219 9.
274 190 404 225 Quoniam
423 195 487 215 vero
500 189 528 215 in
543 188 719 223 sequentibus
739 186 881 214 manifeste
897 193 969 213 meu-
986 188 1008 216 Α

188 239 261 268 titur,
283 245 340 270 age,
354 235 434 262 verba
450 235 507 269 ejus
524 235 550 261 in
567 234 685 261 medium
705 234 870 260 adducamus
885 241 891 259 :
913 243 922 258 ι
939 233 967 259 Si

188 281 306 313 vellent,
323 276 408 315 inquii
423 299 430 312 ,
458 287 552 307 omnes
575 279 698 306 homines
721 278 777 306 ﬁeri
803 278 967 309 Christiani,

187 327 239 354 hoc
262 326 304 353 isti
324 325 379 360 jam
407 330 572 352 recusarent.
601 335 610 351 ι
634 325 689 352 Hoc
706 331 799 351 verum
817 323 897 359 453
915 331 967 350 non

185 378 244 398 esse
267 370 328 398 inde
352 370 445 404 liquet,
466 371 537 404 quod
553 369 717 401 Christiani,
741 374 871 404 quantum
890 370 916 396 in
939 376 968 396 se

185 421 236 447 est.
261 419 357 443 curent
378 421 406 442 ut
425 423 478 450 quo
502 420 634 442 terrarum
658 422 763 449 cunque
781 422 828 441 sua
846 414 967 441 doctrina

185 463 363 496 dispergatur.
383 460 442 494 Quo
457 460 486 487 iit
498 465 527 487 ut
544 460 653 494 quidam
668 460 694 487 id
706 460 757 487 sibi
774 460 909 494 negotium
922 459 968 486 de-

185 506 359 539 smnpserint,
378 509 406 531 ut
426 512 478 531 non
494 504 581 531 solum
597 504 695 537 urbes,
719 505 767 532 sed
788 505 870 531 etiam
894 505 967 531 vicos

185 556 212 578 et
228 551 304 578 villas
318 549 534 582 obambularent,
553 557 606 584 quo
623 550 691 577 alios
704 550 737 576 ad
752 549 826 583 pium
842 549 889 577 Dei
908 550 966 577 eul-

185 601 241 622 tum
266 595 443 622 adducerent.
469 594 560 629 Neque
583 595 726 629 quisquam
749 595 846 621 dixerit
867 595 892 621 id
920 602 967 622 eos

185 641 251 668 lucri
268 649 348 668 causa
362 640 460 671 facere,
478 640 585 674 quando
596 641 731 667 interdum
748 647 796 667 nec
810 641 965 668 necessaria

186 686 218 712 ad
235 686 334 713 victum
350 691 468 713 Sumunt.
483 686 549 719 Quae
563 687 585 714 si
605 687 742 714 interdum
757 686 844 720 inopia
863 694 966 721 cogun-

187 733 230 754 tur
245 730 378 762 accipere,
395 729 422 756 id
447 729 498 757 illis
520 730 588 757 satis
602 734 643 757 est.
659 735 790 764 quantum
815 736 856 758 est
880 739 965 766 opus,

187 775 293 801 tatnetsi
312 775 417 809 plurimi
440 775 514 810 plura
533 776 586 802 illis
602 775 694 810 largiri
719 776 813 804 velint.
838 777 873 804 At
897 785 967 805 nunc

185 821 310 852 fortasse,
323 828 384 847 cum
405 821 430 847 in
449 820 619 848 multitudine
640 821 791 848 doctrinam
817 822 887 849 hanc
907 831 965 849 am-

185 866 369 900 plectentium,
381 866 477 893 divites
488 866 609 900 quidam,
627 867 736 901 quidam
749 868 774 894 in
791 867 966 901 dignitatibus

185 910 334 943 constituti,
354 911 474 938 delicata:
491 912 573 939 etiam
590 912 747 946 nobilesque
771 912 878 940 feminae
899 914 965 946 sint,

184 963 244 990 qua:
260 963 307 983 eos
323 956 368 990 qui
383 958 417 983 ab
432 957 480 984 ista
498 957 618 984 doctrina
636 962 718 989 stant,
737 958 896 992 excipiunt;
919 967 967 986 att-

184 1002 259 1029 debit
276 1002 410 1037 quispiam
423 1003 523 1035 dicere,
541 1003 670 1037 quosdam
693 1003 812 1038 gloriola:
833 1004 966 1031 desiderio

185 1048 398 1075 Christianorum
425 1048 575 1076 doctrinam
613 1049 771 1082 praedicare.
801 1049 854 1077 Sed
888 1050 966 1078 initio

186 1092 383 1120 Christianismi
398 1094 503 1127 quando
520 1093 673 1121 doctoribus
685 1094 801 1121 maxime
817 1095 965 1129 periculum

185 1138 367 1172 impendebat,
383 1138 439 1165 haae
458 1138 576 1173 suspicio
601 1147 653 1165 non
676 1144 782 1173 poterat
806 1140 904 1168 habere
927 1141 966 1168 lo-

184 1191 257 1212 cum.
277 1183 311 1210 Et
337 1184 469 1218 hodieque
490 1185 576 1218 major
592 1192 686 1212 eorum
710 1190 750 1212 est
769 1187 839 1221 apud
856 1191 966 1214 exteros

184 1229 340 1264 ignominia,
355 1237 434 1264 quam
446 1232 518 1266 apud
530 1239 592 1258 suos
604 1231 687 1266 gloria
703 1236 754 1263 est,
770 1239 831 1266 qua:
848 1239 896 1259 nec
908 1233 965 1267 ipsa

183 1276 340 1304 conceditur
352 1277 485 1304 omnibus.
500 1276 617 1304 Evidens
631 1277 713 1311 igitur
727 1280 768 1303 est
787 1278 964 1310 mendacium,

184 1324 206 1350 si
225 1323 347 1351 homines
360 1330 455 1350 omnes
469 1323 568 1350 vellent
578 1330 637 1350 esse
651 1323 796 1350 Christiani
809 1343 816 1356 ,
837 1323 888 1351 hoc
900 1324 966 1352 istos

183 1374 356 1396 τοοιιεθιιιιὈε
367 1376 437 1397 esse.

218 1417 261 1443 l0.
275 1415 334 1442 Jant
349 1417 409 1442 vide
425 1414 561 1449 quodnam
574 1413 653 1448 hujus
665 1414 703 1442 rei
721 1414 793 1442 dicat
809 1422 870 1442 esse
886 1422 965 1451 argu-

183 1465 301 1488 mentum
322 1468 329 1487 :
357 1470 365 1486 (
384 1459 530 1494 Principio,
552 1460 655 1493 inquit,
674 1467 735 1486 cmn
759 1461 836 1495 pauci
861 1466 965 1494 essent,

183 1515 235 1533 una
253 1507 385 1533 sententia
399 1510 486 1532 erant.
507 1505 605 1540 Sparsa
624 1510 716 1532 autem
734 1513 826 1533 eorum
845 1506 965 1533 multitu-

182 1552 256 1584 dine,
274 1551 365 1578 statim
383 1551 460 1577 divisi
474 1551 499 1577 in
516 1555 610 1584 partes
630 1557 769 1583 secantur,
786 1557 812 1578 et
827 1553 898 1586 quod
916 1560 957 1579 cu»

183 1597 292 1631 piebant
303 1598 335 1623 ab
347 1597 432 1628 initio,
448 1604 524 1624 suam
538 1598 652 1631 quisque
667 1597 811 1624 factionem
826 1597 935 1624 habent.
952 1608 961 1624 ι

183 1641 352 1669 Manifestum
372 1641 481 1676 quidem
504 1646 546 1669 est
564 1649 663 1676 paucos
687 1641 764 1669 initio
783 1642 866 1669 fuisse
887 1642 966 1670 Chri-

183 1687 296 1719 stianos,
313 1687 335 1714 si
352 1691 541 1721 comparentur
556 1695 617 1714 cum
634 1687 806 1714 multitudine
820 1695 880 1722 quae
898 1695 965 1715 con-

182 1737 273 1759 secuta
299 1738 349 1760 est.
375 1732 533 1767 Quanquam
560 1740 612 1759 non
636 1733 745 1760 omnino
768 1733 846 1767 pauci
875 1738 963 1762 erant.

183 1776 251 1803 Hinc
265 1777 336 1803 enim
359 1776 472 1803 conﬂata
495 1781 537 1804 est
556 1776 619 1804 Jesu
643 1777 752 1809 invidia,
772 1782 799 1804 et
823 1778 906 1805 Judazi
932 1779 964 1805 ad

182 1822 379 1849 eonslruendas
396 1822 433 1849 illi
448 1822 559 1850 insidias
571 1823 681 1850 excitati
696 1828 769 1855 sunt,
786 1825 855 1857 quod
877 1824 964 1858 ipsum

182 1868 208 1895 in
226 1868 385 1895 solitudines
399 1868 542 1895 multitudo
554 1873 724 1902 sequeretur,
734 1871 812 1896 tnodo
821 1869 964 1904 quinquies

181 1913 265 1945 mille,
285 1913 363 1940 tnodo
374 1917 470 1947 quater
484 1913 555 1940 mille
573 1914 728 1954 hominibus
742 1914 814 1941 illum
828 1921 966 1942 assectan-

182 1959 264 1990 tibus,
283 1965 380 1993 matter
397 1959 522 1986 mulieres
535 1965 562 1986 et
576 1967 674 1993 pueros
688 1960 722 1986 '°.
742 1960 828 1987 Tanta
846 1962 918 1987 enim
932 1961 964 1988 il-

181 2005 286 2032 iccein'a
301 2011 327 2031 et
342 2005 492 2040 peliieiendi
512 2006 551 2032 vis
564 2006 651 2032 inerat
664 2004 727 2032 Jesu
740 2007 920 2039 sermonibus,
935 2011 964 2035 ut

181 2060 234 2079 non
253 2052 338 2079 solum
364 2052 412 2079 viri
432 2052 530 2079 vellent
554 2059 614 2078 cutn
633 2059 666 2078 eo
685 2052 711 2078 in
729 2052 887 2080 solitudines
905 2060 966 2086 per-

180 2106 253 2133 gere,
279 2099 325 2125 sed
349 2099 430 2124 etiam
458 2097 585 2125 mulieres
613 2096 736 2125 feminea:
771 2097 964 2126 imbecillitatis

180 2143 289 2175 oblitae,
316 2143 472 2177 omissaque
494 2143 703 2170 existimationis
719 2149 783 2169 cura
804 2144 962 2177 magistrum

907 128 1070 157 ORIGENIS

1761 131 1812 158 952

1064 185 1139 211 Ἐπεὶ
1154 185 1176 211 δ’
1190 186 1219 212 ὲν
1232 186 1287 217 τοῖς
1303 185 1364 222 ἑξῆς
1379 186 1523 221 προφανῶς
1536 185 1667 221 ψεύδεται
1676 207 1685 219 ,
1703 188 1810 223 φέρετε.

1019 231 1067 266 τὴν
1084 230 1155 263 λέξιν
1168 231 1249 257 αὑτοῦ
1261 231 1403 266 ἐκθώμεθα
1417 231 1540 265 λέγοντος
1549 240 1556 246 -
1577 242 1586 257 ι
1600 232 1632 258 EE
1649 232 1812 268 ἐθελήσωσι

1019 277 1119 308 πάντες
1141 276 1280 312 ἄνθρωποι
1300 275 1368 303 εἶναι
1388 277 1560 312 Χριστιανοὶ,
1578 278 1629 304 οὐκ
1646 278 1680 304 ἂν
1702 278 1743 304 ἔτι
1760 279 1812 304 οἵδε

1019 321 1143 347 ἐθέλοιεν.
1163 331 1171 347 ι
1192 322 1252 347 ’Ότι
1266 321 1294 348 δὲ
1313 321 1410 356 ψεῦδος
1425 323 1456 347 τὸ
1472 322 1590 352 τοιόνδε,
1607 321 1688 356 δῆλον
1708 323 1742 348 ἐκ
1753 323 1810 352 τοῦ,

1018 366 1048 393 τὸ
1071 367 1133 392 ὅσον
1157 368 1199 400 ἐφ’
1216 367 1330 398 ἑαυτοῖς,
1356 368 1535 402 Χριστιανοὺς
1562 366 1736 402 μὴ’ἀμελεῖν
1764 367 1811 393 τοῦ

1019 413 1156 448 πανταχοῦ
1175 414 1224 448 τῆς
1246 413 1407 448 οἰκουμένης
1420 413 1589 448 ἐπισπείρειν
1603 413 1648 440 τον
1663 413 1754 447 λόγον·
1772 422 1811 440 τι-

1019 459 1062 489 νὲς
1078 456 1124 484 οὖν
1140 457 1220 493 ἔργον
1244 458 1403 493 πεποίηνται
1428 457 1655 493 ὲκπεριὲρχεσθαι
1682 459 1712 484 οὺ
1732 458 1811 491 μόνον

1019 504 1118 536 πόλεις,
1134 504 1201 530 ἀλλὰ
1215 503 1261 530 καὶ
1274 503 1377 539 κώμας,
1394 503 1440 530 καὶ
1452 504 1587 536 ἐπαύλεις,
1602 504 1644 530 ἵνα
1656 505 1702 530 καὶ
1713 503 1813 535 ἄλλοις

1018 548 1139 580 εὐσεϐεῖς
1207 548 1266 584 Θεῷ
1283 549 1516 575 κατασκευάσωσι.
1534 549 1589 574 Καὶ
1605 549 1654 575 οὐκ
1676 549 1708 575 ἂν
1727 549 1812 575 πλού-

1018 603 1063 620 του
1080 602 1121 625 τις
1134 593 1214 620 ’ἑνεκα
1226 594 1309 629 φήσαι
1325 593 1423 624 αὐτοὺς
1436 593 1514 619 τοῦτο
1531 593 1670 629 πράττειν,
1693 594 1749 619 ἔσθ’
1765 595 1811 621 ὅτε

1020 640 1067 675 μὲν
1088 640 1148 666 οὐδὲ
1164 639 1197 666 τὰ
1222 640 1289 675 πρὸς
1311 639 1410 675 τροᾳὴν
1432 639 1627 674 λαμϐάνοντας·
1653 640 1680 666 εἴ
1698 649 1765 666 ποτε
1781 640 1810 666 Ξὲ

1018 685 1212 720 ἀναγκάζοιντο
1237 685 1289 710 ὑπὸ
1311 685 1362 719 τῆς
1386 685 1502 720 ἀπορίας
1527 685 1638 720 ταύτης,
1669 687 1702 720 τῇ
1729 686 1808 720 χρεία

1019 731 1086 767 μόνῃ
1100 731 1293 766 ἀρκονμὲνους,
1308 730 1358 757 κᾶν
1375 730 1483 762 πλείους
1497 730 1589 761 αὐτοῖς
1601 732 1742 756 κοινωνεῖν
1751 730 1810 756 ἐθέ-

1017 777 1082 804 λωσι
1099 777 1146 814 καὶ
1162 777 1329 812 μεταδιδόναι
1345 776 1379 802 τὰ
1398 776 1467 811 ὑπὲρ
1486 776 1535 811 τὴν
1554 775 1647 810 χρείαν
1669 776 1736 811 (67).
1752 776 1809 801 Νῦν

1020 823 1067 859 μὲν
1081 821 1127 850 οὖν
1142 823 1222 857 τάχα,
1237 823 1281 848 ὅτε
1295 821 1339 848 διὰ
1349 821 1379 848 τὸ
1395 821 1496 856 πλῆθος
1511 821 1565 847 τῶν
1581 821 1810 856 προσερχομένων

1017 869 1055 903 τῷ
1079 868 1149 903 λόγῳ
1172 868 1218 894 καὶ
1239 867 1370 899 πλούσιοι,
1386 867 1431 894 καί
1446 875 1517 899 τινες
1537 867 1591 894 τῶν
1609 869 1637 893 ὲν
1659 867 1810 902 ἀξιώματι,

1018 915 1064 941 καὶ
1080 913 1177 948 γύναια
1191 913 1225 939 τὰ
1240 912 1311 949 ἁϐρὰ
1323 913 1371 939 καὶ
1384 912 1480 947 εὐγενῆ
1492 912 1667 947 ἀποδέχονται
1681 913 1747 944 τοὺς
1757 914 1811 939 ἀπὸ

1016 960 1063 987 τοῦ
1078 961 1168 994 λόγου,
1184 960 1312 995 τολμήσει
1324 968 1366 990 τις
1380 959 1480 992 λέγειν,
1491 957 1534 984 διὰ
1547 959 1578 994 το
1588 958 1712 993 δοξάριον
1732 960 1810 994 tracto

1018 1006 1130 1032 στασθαι
1144 1014 1219 1037 τινας
1231 1005 1282 1040 τῆς
1293 1005 1362 1031 κατὰ
1377 1005 1555 1040 Χριστιανοὺς
1576 1004 1761 1036 διδασκαλίας
1780 1005 1810 1031 οὑ

1019 1050 1072 1085 μὴν
1087 1050 1156 1077 κατὰ
1169 1050 1218 1086 τὴν
1235 1049 1330 1085 ἀρχὴν,
1346 1050 1390 1076 ὅτε
1410 1049 1493 1080 πολὺς
1515 1050 1529 1075 ὁ
1543 1049 1666 1080 κίνδυνος
1690 1049 1811 1084 μάλιστα

1016 1098 1071 1128 τοῖς
1085 1096 1252 1123 διδάσκουσιν
1265 1094 1309 1131 ἦν,
1324 1093 1379 1122 οἷόν
1391 1104 1419 1121 τε
1431 1095 1461 1121 τὸ
1473 1094 1592 1121 τοιοῦτον
1606 1094 1731 1129 εὐλόγως
1745 1096 1812 1122 ὑπον

1017 1143 1095 1169 νοεῖν.
1111 1141 1166 1168 Καὶ
1180 1140 1227 1168 νῦν
1243 1141 1271 1168 δὲ
1294 1141 1393 1168 πλείων
1415 1141 1489 1167 ἐστὶν
1503 1141 1519 1175 ἡ
1535 1140 1611 1175 παρᾶ
1626 1142 1685 1172 τοῖς
1707 1140 1811 1172 λοιποῖς

1016 1187 1108 1220 ἀδοξία
1123 1187 1172 1223 τῆς
1186 1187 1262 1222 παρὰ
1280 1188 1336 1218 τοῖς
1357 1186 1494 1221 ὁμοδόξοις
1515 1185 1697 1221 νομιζομένης
1720 1186 1810 1221 δόξης,

1017 1233 1064 1260 καὶ
1077 1232 1178 1268 ταύτης
1190 1232 1220 1258 οὐ
1234 1233 1312 1259 πᾶσι.
1328 1231 1433 1262 Ψεῦδος
1447 1229 1493 1258 οὖν
1508 1230 1630 1263 αὐτόθεν,
1648 1231 1701 1263 ὅτι,
1715 1232 1742 1257 εἰ
1755 1231 1812 1257 ἐθε-

1016 1279 1126 1314 λήσουσι
1141 1277 1241 1309 πάντες
1253 1277 1391 1313 ἄνθρωποι
1404 1272 1472 1304 εἶναι
1484 1277 1651 1312 Χριστιανοὶ,
1666 1277 1720 1304 οὐκ
1729 1277 1762 1304 ἂν
1771 1277 1811 1303 ἔτι

1016 1325 1070 1352 οἶδε
1084 1324 1200 1351 ἐθέλοιεν
1217 1323 1282 1359 (68).

1052 1413 1121 1448 ’Ὅρα
1137 1412 1165 1439 δὲ
1182 1411 1227 1438 καὶ
1243 1411 1269 1437 τί
1284 1420 1365 1446 φησιν
1385 1409 1453 1437 εἶναι
1474 1411 1568 1437 τούτου
1590 1411 1755 1447 τεκμήριον·
1771 1412 1811 1438 ὅτι

1018 1469 1028 1484 ι
1050 1459 1207 1494 ’Δρχύμενοι
1222 1459 1281 1493 μὲν,
1294 1457 1385 1493 φησιν,
1396 1457 1479 1491 ὀλίγοι
1493 1465 1522 1483 τε
1537 1455 1617 1492 ἦσαν,
1631 1458 1678 1484 καὶ
1690 1457 1720 1483 ἓν
1733 1457 1813 1492 sgf/J-

1016 1513 1086 1532 νουν·
1102 1506 1130 1536 ἐς
1141 1505 1240 1539 πλῆθος
1253 1504 1281 1530 δὲ
1294 1503 1451 1538 σπαρέντες,
1467 1501 1544 1534 αὖθις
1559 1502 1592 1530 αὖ
1608 1503 1755 1538 τέμνονται
1766 1503 1812 1529 καὶ

1018 1552 1163 1587 σχίζονται,
1181 1551 1227 1578 καὶ
1249 1550 1358 1582 στάσεις
1381 1550 1447 1582 ἰδίας
1469 1550 1540 1585 ἔχειν
1562 1550 1676 1576 ἕκαστοι
1692 1549 1810 1575 θέλουςγ

1015 1598 1108 1624 τούτου
1124 1597 1177 1633 γὰρ
1203 1597 1320 1632 ἀρχῆθεν
1343 1596 1466 1631 ἔχρῃζον.
1481 1605 1497 1633 ⁸ι
1522 1596 1582 1622 Ὅτι
1606 1596 1656 1630 μὲν
1671 1593 1719 1621 οὖν
1745 1603 1812 1629 συγ-

1015 1644 1103 1679 κρίσει
1121 1643 1166 1669 τοῦ
1179 1642 1241 1677 ἑξῆς
1255 1642 1375 1677 πλήθους
1388 1642 1472 1675 ὀλίγοι
1486 1639 1555 1677 ἦσαν
1579 1640 1728 1675 ἀρχόμενοι
1746 1641 1815 1675 Χρι-

1017 1690 1129 1721 στιανοὶ,
1146 1689 1232 1724 δῆλον·
1247 1689 1294 1715 καί
1306 1698 1346 1715 τοι
1361 1689 1392 1715 οὐ
1407 1689 1493 1723 πάντη
1507 1685 1577 1723 ἦσαν
1591 1687 1688 1721 ὀλίγοι.
1706 1687 1746 1713 Τὸ
1758 1687 1813 1722 γὰρ

1015 1735 1128 1770 κινῆσαν
1144 1734 1238 1769 φθόνον
1252 1733 1291 1769 τῷ
1310 1733 1408 1768 Ἰησοῦ,
1431 1734 1477 1760 καὶ
1491 1733 1642 1768 διερεθίσαν
1666 1733 1813 1764 Ἰουδαίους

1015 1781 1083 1816 πρὸς
1095 1780 1144 1815 τὴν
1156 1779 1225 1806 κατὰ
1241 1779 1334 1806 τούτου
1351 1779 1505 1814 ἐπιϐουλὴν,
1517 1778 1547 1805 τὸ
1562 1778 1665 1813 πλῆθος
1679 1779 1737 1804 τῶν
1750 1779 1813 1804 ἑττοΔ

1016 1826 1105 1861 μένων
1119 1825 1192 1860 αὑτῴ
1207 1826 1246 1856 εἰς
1260 1825 1310 1856 τὰς
1325 1825 1443 1860 ἐρήμους
1458 1822 1501 1859 ἦν,
1518 1824 1751 1858 πεντακισχιλίων
1766 1824 1811 1851 καὶ

1014 1871 1234 1906 τετρακισχιλίων
1256 1870 1358 1906 ἀνδρῶν
1381 1870 1454 1904 αὐτῷ
1477 1869 1706 1899 ἀκολουθούντων,
1727 1869 1811 1904 χωρὶς

1016 1916 1063 1942 τοῦ
1079 1916 1132 1942 τῶν
1143 1916 1279 1950 γυναικῶν
1290 1916 1336 1942 καὶ
1350 1915 1402 1941 τῶν
1413 1914 1525 1941 παιδίων
1536 1914 1664 1950 ἀριθμοῦ.
1683 1915 1810 1949 Τοσαύτη

1015 1962 1068 1998 γάρ
1083 1971 1124 1994 τις
1148 1961 1208 1996 ῖῡγξ
1224 1960 1257 1997 ἦν
1274 1962 1303 1988 ἐν
1323 1963 1378 1992 τοῖς
1400 1960 1486 1996 Ἱηποῦ
1506 1961 1605 1994 λόγοις,
1617 1961 1656 1991 ὡς
1680 1961 1711 1986 οὖ
1732 1960 1812 1995 μόνον

1014 2010 1114 2045 ἄνδρας
1129 2008 1243 2035 ἕπεσθαι
1259 2007 1346 2034 θέλειν
1360 2007 1433 2042 αὐτῷ
1448 2008 1487 2038 εἰς
1506 2006 1555 2038 τὰς
1574 2007 1695 2042 ἐρημίας
1710 2026 1718 2037 ,
1744 2007 1811 2033 ἀλλὰ

1015 2056 1061 2082 καὶ
1072 2056 1213 2089 γυναῖκας,
1224 2054 1272 2088 οὐχ
1286 2052 1505 2088 ὑποτεμνομένας
1518 2051 1572 2087 (69)
1586 2051 1636 2086 τὴν
1649 2052 1810 2085 γυναικείαν

1014 2101 1172 2131 ἀσθένειαν,
1190 2100 1237 2127 καὶ
1257 2099 1287 2126 τὸ
1301 2098 1395 2125 δοκοῦν
1418 2099 1445 2124 ὲν
1460 2098 1498 2133 τῷ
1514 2097 1672 2124 ἀκολουθεῖν
1695 2099 1739 2128 εις
1761 2098 1810 2129 τὰς

1015 2146 1131 2182 ἐρημίας
1144 2145 1183 2180 τῷ
1195 2144 1358 2179 διδασκάλιι).
1380 2143 1568 2170 Ἀπαθέστατα
1582 2143 1610 2168 δὲ
1626 2143 1735 2172 παιδία,
1752 2143 1810 2177 ἦτοι.

182 2187 256 2214 illum
282 2187 307 2214 in
330 2188 436 2214 deserta
460 2193 696 2222 persequerentur.
727 2187 807 2214 Pueri
833 2195 962 2222 quoque,

1043 2194 1070 2224 ig
1084 2192 1245 2226 γεννήσασιν
1260 2191 1390 2225 ἑπόμενα,
1400 2190 1416 2224 ἦ
1426 2189 1494 2223 τάχα
1510 2189 1556 2215 καὶ
1573 2188 1625 2214 ὑπο
1638 2189 1688 2223 τῆς
1704 2188 1811 2222 0316:13-

181 2233 257 2266 queis
271 2233 360 2260 nullus
379 2237 421 2260 est
436 2232 555 2267 alioquin
577 2232 700 2265 allectus,
719 2238 847 2266 parentes
864 2233 964 2266 secuti,

181 2278 295 2305 fortasse
308 2279 388 2305 etiam
403 2278 436 2305 ab
448 2278 505 2312 ejus
518 2278 657 2305 divinitate
670 2279 811 2313 pertracti,
829 2282 856 2305 ut
874 2284 900 2305 et
914 2279 967 2312 ipsi

181 2324 322 2351 divinitate
336 2323 502 2356 fruerentur,
519 2333 574 2352 una
595 2332 655 2352 cum
670 2325 829 2359 parentibus
846 2325 897 2351 iter
921 2324 963 2350 fa-

181 2370 298 2398 ciebant.
319 2370 372 2398 Sed
386 2369 485 2398 fuerint.
501 2378 567 2398 sane
580 2371 613 2398 ab
627 2370 703 2397 initio
726 2370 803 2404 pauci
827 2379 833 2396 :
857 2370 965 2397 istudne

181 2415 277 2450 probat
293 2415 461 2444 Christianos
480 2421 654 2444 recusaturos
670 2423 730 2443 esse
744 2423 820 2443 suam
837 2416 963 2442 omnibus

182 2461 336 2488 hominibus
349 2461 499 2488 doctrinam
511 2461 694 2496 persuadere?

217 2507 260 2534 ll.
280 2507 362 2534 Addit
380 2516 386 2534 :
410 2515 419 2532 ι
443 2506 542 2534 Omnes
558 2515 609 2534 una
622 2512 702 2534 erant
717 2506 863 2533 sententia.
885 2515 894 2531 ι
912 2505 963 2532 Nc-

179 2559 233 2587 que
250 2552 293 2579 hic
308 2552 382 2579 novit
398 2552 454 2586 jam
473 2558 527 2580 tum
545 2553 579 2580 ab
593 2552 670 2580 initio
685 2551 768 2578 fuisse
789 2551 821 2578 de
835 2558 915 2578 sensu
929 2550 963 2576 li-

215 2609 238 2625 “
252 2609 348 2638 Matth.
369 2618 413 2643 xv,
427 2610 481 2644 58;
499 2618 553 2643 xtv,
567 2609 611 2636 21.

181 2666 293 2699 ὕστερον
307 2667 336 2694 δὲ
347 2667 394 2694 τοῦ
408 2667 470 2699 τούς
480 2688 486 2699 ,
502 2672 555 2694 etc.
582 2666 666 2692 Paulo
685 2669 762 2699 post.
780 2664 839 2690 loco
853 2664 961 2699 φέρετε,

181 2702 230 2736 τὴν
247 2698 317 2734 λέξιν
328 2724 335 2734 ,
360 2708 412 2730 etc.
423 2722 430 2734 ,
446 2698 544 2730 Guieto
559 2698 730 2729 scribendum
747 2700 853 2727 videtur
864 2719 872 2732 ,
890 2698 961 2734 φέρε

181 2738 227 2763 καὶ
236 2737 290 2772 ,τὴν
305 2737 387 2769 λέξιν,
401 2743 454 2764 etc.

217 2768 275 2806 (67)"
292 2768 374 2805 Ὑπὲρ
389 2771 444 2805 τὴν
457 2771 569 2806 χρείαν.
590 2771 624 2797 lla
640 2769 717 2806 codd.
731 2769 832 2806 Regius
850 2773 876 2806 et
889 2768 964 2806 Basi-

182 2803 289 2835 lreusis.
306 2803 406 2832 l‘I:(‘llllS
419 2803 499 2839 quam
517 2807 579 2833 libb.
595 2806 685 2832 excusi
700 2804 726 2830 in
742 2805 840 2837 quibus
855 2803 962 2839 legitur,

183 2841 250 2875 ὑπὲρ
269 2841 317 2876 τῆς
329 2841 430 2876 χρείας.

1016 2246 1062 2269 τος
1087 2237 1168 2263 αὑτοῦ
1193 2237 1328 2272 ἀγόμενα,
1353 2236 1396 2261 ῖνα
1423 2235 1513 2265 αὐτοῖς
1533 2234 1657 2268 ὲνσπαρῇ
1682 2233 1807 2267 θειότης,

1016 2281 1156 2317 ἠκολούθει
1172 2280 1240 2316 μετὰ
1265 2281 1318 2307 τῶν
1334 2279 1545 2314 γεγεννηκότων.
1571 2278 1640 2304 Ἀλλ’
1661 2278 1733 2304 ἔστω
1757 2278 1811 2304 ὁλε-

1015 2319 1085 2362 700;.
1103 2327 1242 2362 γεγονέναι
1264 2327 1334 2352 κατὰ
1354 2326 1403 2360 τὴν
1423 2325 1509 2360 ἀρχήν
1521 2333 1527 2339 ·
1551 2324 1576 2350 τί
1590 2323 1671 2350 τοῦτο
1687 2323 1810 2358 συμϐαλ-

1015 2373 1089 2400 λεται
1103 2373 1156 2408 (70)
1175 2373 1241 2408 πρὸς
1257 2372 1287 2398 τὸ
1309 2371 1346 2407 μὴ
1370 2370 1402 2397 ἂν
1419 2369 1545 2404 ἐθελῆσαι
1560 2369 1746 2404 Χριστιανοὺς
1760 2372 1809 2404 ἐμ-

1017 2420 1126 2454 ποιῆσαι
1141 2419 1223 2445 πᾶσιν
1236 2417 1389 2453 ἀνθρώποις
1407 2417 1472 2452 περὶ
1487 2416 1534 2442 τοῦ
1549 2415 1630 2449 λόγου
1647 2415 1756 2448 πειθὼ;

1052 2506 1120 2542 Φησὶ
1136 2506 1164 2532 δὲ
1182 2505 1228 2532 κοιλ¹
1244 2506 1284 2532 ὅτι
1303 2514 1312 2530 ι
1334 2505 1381 2530 ’Ἑν
1397 2503 1526 2539 ἐφρόνουν
1538 2504 1658 2534 πάντες·
1689 2512 1697 2528 I
1715 2502 1767 2529 οὐδ’
1782 2503 1809 2527 ἐν

1016 2551 1102 2585 τούτῳ
1116 2550 1197 2585 ὁρῶν,
1211 2550 1251 2575 ὅτι
1268 2548 1386 2584 ἀρχῆθεν
1400 2548 1464 2582 περὶ
1480 2547 1529 2582 τὴν
1543 2547 1572 2572 ὲν
1587 2549 1645 2579 τοῖς
1661 2555 1808 2573 πεπιστευ-

1051 2662 1105 2704 (ββ)
1121 2662 1221 2690 Omnes
1237 2668 1313 2693 mss.,
1333 2659 1456 2686 ἐθέλοιεν.
1472 2657 1550 2686 Libb.
1568 2657 1666 2684 excusi
1683 2658 1709 2685 in
1727 2663 1807 2690 textu,

1015 2698 1190 2767 ὲῡῖθθῖωὸίίχ
1205 2730 1456 2765 ὺποτεμνομένας.
1482 2726 1671 2754 Scribendum
1694 2729 1807 2758 videtur,

1015 2768 1063 2802 οὐχ
1077 2767 1316 2802 ὑπομεμνημένας.
1492 2798 1496 2802 _
1585 2795 1599 2801 θ
1720 2797 1733 2802 _

1052 2797 1107 2837 (‘70)
1126 2797 1292 2830 l'lut'scli'clius
1313 2801 1339 2827 in
1357 2803 1430 2827 textu
1444 2819 1451 2832 ,
1473 2798 1496 2823 τί
1519 2797 1635 2823 τοσοῦτο
1659 2797 1807 2832 59365.12;-

1015 2846 1068 2863 ται.
