1848 3091
49 139 90 166 955
604 136 743 165 CONTRA
761 135 897 164 CELSUM
916 136 979 164 LIB.
1000 136 1041 165 lli.

1592 144 1643 171 934

49 198 122 233 μένοις
135 195 210 226 Οεὶοις
224 193 292 222 εἶναι
308 195 419 230 βιϐλίοις
436 196 548 231 ἐκδοχὴν
563 196 689 230 γεγόνασι
707 196 802 229 διαφω-

894 203 987 227 orm-n,
1011 196 1056 230 qui
1079 196 1161 223 divini
1186 205 1243 225 csse
1261 199 1426 233 creduntur,
1453 201 1524 229 inter
1551 203 1642 230 ﬁdeles

48 245 91 269 viat
105 242 152 268 τῶν
166 241 351 268 πιστευόντων.
369 242 428 268 Ἔτι
442 241 507 275 γοῦν
521 242 574 268 τῶν
588 241 744 268 ἀποστόλων
761 249 811 276 κη-

47 288 190 324 ρυσσόντων,
201 287 246 312 καὶ
257 287 310 313 τῶν
325 287 465 313 αὐτοπτῶν
476 287 522 313 τοῦ
539 286 624 322 Ίησοῦ
635 286 811 313 διδασκόντων

47 333 73 358 τὰ
85 331 177 357 ἐκείνου
192 330 348 365 μαθήματα,
362 330 474 366 ζήτησις
490 331 540 356 οὐκ
554 330 631 365 ὀλίγη
648 330 715 366 πρὸς
731 330 812 365 ἀλλή-

45 377 94 408 λους
107 376 243 410 γεγένηται
265 376 338 411 παρὰ
351 377 406 407 τοῖς
426 376 481 402 ἀπὸ
503 376 634 402 Ἰουδαίων
656 375 810 402 πιστεύουσι

45 423 98 457 περὶ
113 422 162 448 τῶν
179 421 208 454 ἐξ
222 421 305 448 ἐθνῶν
319 421 508 457 ἐπερχομένων
525 421 581 456 (Ἡ)
596 421 634 456 τῷ
647 421 737 456 λόγῳ,
760 421 809 447 πό-

44 476 108 502 τερον
121 468 158 493 δεῖ
171 468 202 494 τὰ
224 468 354 494 Ἰουδαϊκὰ
369 468 466 499 αὐτοὺς
480 469 572 505 τηρεῖν
586 467 644 503 ἔθη,
660 468 676 503 ἦ
695 468 725 494 τδ
747 469 810 504 περὶ

44 513 152 547 καθαρῶν
165 513 210 539 καὶ
221 512 381 548 ἀκαθάρτων
399 513 550 548 βρωμάτων
568 513 650 548 βάρος
663 513 717 549 (72)
731 514 810 547 ἀφαι-

43 560 99 595 ρεῖν,
112 559 148 590 ὡς
162 559 210 585 οὐκ
222 560 340 593 ἐπεῖγον,
356 559 410 586 ἀπὸ
424 559 477 586 τῶν
493 560 525 586 τὰ
537 559 640 595 πάτρια
649 559 810 586 καταλιπόν-

42 614 86 631 των
96 605 121 631 ὲν
136 605 189 636 τοῖς
202 604 289 631 ἔθνεσι
300 606 346 631 καὶ
359 605 540 632 πιστευόντων
554 605 592 640 τῷ
609 605 706 640 Ἰησοῦ.
731 605 809 631 Ἀλλὰ

42 651 79 676 καὶ
85 652 112 677 ὲν
119 652 174 682 ταῖς
183 650 287 677 Παύλου
296 651 473 683 Ἐπιστολαῖς,
485 651 628 686 γενομένου
639 651 667 676 ὲν
675 650 713 686 τῷ
721 651 808 686 χρόνῳ

40 696 83 722 τῶν
101 696 196 730 Ἰησοῦν
217 696 391 732 ἑωρακότων,
410 697 567 732 εὑρίσκεται
589 697 722 732 λεγόμενά
737 706 806 728 τινα,

40 741 71 772 ὼς
89 741 251 777 ζητηθέντων
270 742 349 767 τινῶν
372 741 436 776 περὶ
461 742 653 774 ἀναστάσεως,
672 743 719 768 καὶ
743 742 808 777 περὶ

38 786 77 812 τοῦ
91 787 136 821 ἤδη
153 787 236 822 αὐτὴν
248 786 395 821 γεγονέναι·
414 787 460 813 καὶ
478 787 540 822 περὶ
558 787 664 822 ἡμέρας
685 787 786 822 Κυρίου
798 808 806 821 ,

38 831 136 867 πότερον
149 832 300 866 ἐνέστηκεν,
317 832 333 867 ἢ
350 832 397 866 μή.
420 831 498 858 Ἀλλὰ
515 833 560 858 καὶ
576 833 606 859 τὸ
624 843 632 858 ι
659 833 805 869 Ἐκτρεπὸ-

38 886 104 912 μενος
118 878 165 909 τὰς
182 878 309 913 βεϐήλους
326 878 499 912 κενοφωνίας,
519 879 565 905 καὶ
581 878 730 910 ἀντιθέσεις
756 878 806 913 τῆς

36 923 193 958 ψευδωνύμου
209 923 344 957 γνώσεως,
361 925 394 959 ἥν
411 933 481 956 τινες
494 924 720 959 ἐπαγγελλόμενοι
739 925 803 959 (75),

36 969 89 1004 κρῖ
103 968 147 1004 τὴν
164 969 254 995 πίστιν
270 969 450 1005 ἐναυάγησαν·
472 979 481 996 ι
499 969 645 1004 δηλωτικόν
663 971 746 1001 ἐστιν,
765 970 804 996 ὅτι

35 1013 73 1039 ἀπ’
91 1013 174 1049 ἀρχῆς
193 1014 319 1048 γεγόνασί
341 1023 413 1046 τινες
433 1015 607 1050 παρεκδοχαὶ,
630 1015 733 1041 οὐδέπω
758 1015 805 1049 (ὡς

33 1058 106 1084 οἴεται
121 1059 221 1091 Κέλσος
231 1059 256 1095 ,)
273 1060 376 1087 πολλῶν
393 1060 445 1087 τῶν
462 1060 640 1087 πιστευόντων
656 1060 805 1096 γεγενημέ-

34 1112 88 1130 νων.

60 1147 119 1180 Εἶτ’,
136 1150 206 1182 ἐπεὶ,
223 1150 260 1182 ὡς
276 1150 435 1186 κατηγορῶν
452 1150 498 1177 τοῦ
514 1151 604 1184 λόγου,
620 1149 653 1176 τὰ
671 1150 734 1185 περὶ
751 1149 804 1175 τῶν

31 1195 55 1219 ἑν
78 1195 276 1231 Χριστιανισμῷ
298 1196 429 1231 αἱρέσεων
454 1196 576 1228 ὀνειδίζει
600 1197 683 1231 ἡμῖν,
708 1195 802 1229 λέγων·

32 1248 39 1263 ι
56 1239 97 1270 Εἰς
112 1240 211 1275 πλῆθος
227 1241 255 1267 δὲ
271 1242 430 1276 σπαρέντες,
447 1240 524 1273 αὖθις
538 1239 571 1268 αὖ
588 1241 733 1276 σχίζονται,
757 1241 804 1267 καὶ

30 1283 168 1317 τέμνονται,
185 1286 233 1312 καὶ
249 1286 356 1317 στάσεις
369 1286 436 1318 ἰδίας
447 1286 518 1321 ἔχειν
534 1285 644 1312 ἕκαστοι
659 1286 775 1313 θέλουσι·
791 1295 800 1312 ι

29 1330 87 1363 φησὶ
101 1330 132 1362 δ’,
148 1331 189 1357 ὅτι
209 1341 219 1357 ‹
239 1331 293 1358 Καὶ
316 1331 368 1358 ὑπὸ
390 1331 509 1366 πλήθους
531 1331 611 1357 πάλιν
627 1331 802 1366 διιστάμενοι,

29 1375 90 1406 σφᾶς
105 1376 201 1407 αὐτοὺς
217 1376 382 1411 ἐλέγχουσιν,
399 1376 468 1408 ἑνὸς,
484 1375 521 1407 ὡς
540 1377 637 1408 εἰπεῖν,
653 1375 693 1402 ἔτι
710 1384 804 1402 κοινω-

28 1418 139 1452 νοῦντες,
163 1421 222 1454 εἴγε
244 1421 415 1448 κοινωνοῦσιν
436 1421 496 1454 ἔτι,
513 1421 560 1448 τοῦ
581 1422 721 1457 ὀνόματος.
749 1423 803 1448 Καὶ

26 1463 96 1490 τοῦτο
108 1465 185 1499 μόνον
195 1467 384 1500 ἐγκαταλιπεῖν
396 1467 470 1502 ὅμως
479 1466 659 1502 αἰσχύνονται·
676 1467 710 1493 τὰ
723 1467 803 1494 λοιπὰ

25 1505 46 1531 δ’
59 1507 144 1540 ἄλλοις
159 1510 262 1545 ἀλλαχῆ
285 1511 428 1546 τετάχαται
447 1510 513 1547 (74).
533 1521 542 1536 ›
565 1512 619 1538 Καὶ
642 1512 709 1547 πρὸς
725 1512 803 1540 τοῦτο

25 1553 154 1589 φήσομεν,
170 1556 212 1582 ὅτι
235 1556 340 1588 οὐδενὸς
358 1557 536 1592 πράγματος,
560 1553 590 1583 οὗ
615 1557 651 1593 μὴ
673 1558 803 1584 σπουδαία

24 1597 89 1624 ἐστὶν
100 1601 192 1636 ἡάρχὴ
206 1601 253 1628 καὶ
260 1602 299 1634 τῷ
313 1601 360 1636 βίῳ
376 1603 517 1638 χρήσιμος,
532 1603 674 1636 γεγόνασιν
685 1604 803 1638 αἱρέσεις

22 1642 143 1679 διάφοροι.
166 1647 242 1672 Ἐπεὶ
254 1647 307 1682 γὰρ
323 1648 430 1683 ἰατρικὴ
447 1648 580 1683 χρήσιμος
600 1651 646 1675 καὶ
666 1649 802 1683 ἀναγκαία

21 1687 56 1722 τῷ
69 1689 137 1722 γένει
152 1691 208 1717 τῶν
223 1691 382 1727 ἀνθρώπων,
399 1692 483 1718 πολλά
491 1700 520 1718 τε
536 1693 569 1719 τὰ
580 1693 609 1719 ἐν
623 1693 690 1728 αὐτῇ
707 1693 802 1729 ζητού-

22 1741 82 1766 μενα
96 1735 158 1770 περὶ
172 1735 222 1762 τοῦ
237 1736 335 1772 τρόπου
350 1737 399 1772 τῆς
415 1737 469 1763 τῶν
492 1738 624 1772 σωμάτων
639 1737 782 1773 θεραπείας
794 1749 800 1755 ·

20 1777 58 1803 διὰ
71 1779 146 1805 τοῦτο
159 1780 281 1816 αἱρέσεις
298 1782 326 1807 ἐν
338 1782 445 1818 ἰατρικῇ
460 1781 601 1818 (75)παρὰ
614 1782 661 1817 μὲν
677 1783 802 1818 Ἕλλησιν

19 1823 182 1858 εὑρίσκονται
206 1826 427 1862 ὁμολογουμένως
445 1827 572 1859 πλείονες·
597 1827 652 1861 ἐγὼ
667 1828 690 1854 δ’
715 1827 800 1863 οἶμαι,

21 1868 55 1894 ὃτι
70 1871 115 1896 καὶ
131 1871 210 1907 παρὰ
225 1872 380 1907 βαρϐάροις,
392 1873 448 1899 ὅσοι
463 1872 673 1907 ἐπαγγέλλονται
687 1874 802 1908 χρῆσθαι

20 1915 131 1952 ἰατρικῇ.
148 1917 235 1944 Πάλιν
251 1927 281 1944 τε
295 1917 338 1950 αὖ,
354 1919 414 1945 ἐπεὶ
424 1918 566 1953 φιλοσοφία
576 1918 702 1954 ἀλήθειαν
717 1920 803 1954 ἐπαγ-

20 1961 171 1998 γελλομένη,
184 1964 234 1990 καὶ
244 1964 342 1998 γνῶσιν
354 1964 406 1990 τῶν
417 1964 499 1991 ὄντων
510 1964 568 1995 πῶς
581 1964 621 1990 δεῖ
637 1965 720 1999 βιοῦν,
735 1965 802 1992 ὑπο-

19 2007 123 2040 τίθεται,
138 2010 188 2036 καὶ
200 2011 328 2045 πειρᾶται
340 2010 473 2037 διδάσκειν
489 2009 521 2036 τὰ
538 2009 662 2045 ὠφέλιμα
674 2010 752 2046 ἡμῶν
764 2010 802 2046 τῷ

20 2052 92 2085 γένει,
109 2054 214 2090 πολλὴν
230 2055 252 2081 δ’
268 2055 322 2090 ἔχει
341 2055 375 2082 τὰ
391 2055 542 2091 ζητούμενα
563 2056 713 2090 πράγματα
733 2055 802 2082 διολ-

20 2098 78 2132 ιήν·
103 2100 148 2126 διὰ
175 2100 257 2126 τοῦτο
280 2100 399 2136 αἱρέσεις
419 2101 447 2126 ὲν
467 2100 609 2136 φιλοσοφίᾳ
635 2101 802 2136 συνέστησαν

21 2143 133 2171 πλεῖσται
147 2146 223 2178 ὅσαι,
239 2143 276 2173 ὧν
290 2147 317 2172 αἱ
332 2147 380 2182 μέν
394 2147 445 2172 εἰσι
460 2146 663 2181 διασημότεραι,
685 2147 712 2172 αἱ
727 2147 755 2173 δὲ
771 2147 801 2173 οὐ

20 2189 141 2219 τοιαῦται.
168 2191 250 2219 Ἀλλὰ
263 2192 309 2218 καὶ
327 2192 489 2227 Ἰουὸαῐσμὸς
505 2193 639 2227 πρόφασιν
652 2192 713 2227 ἔσχε
728 2192 802 2226 γενέ·
819 2205 839 2231 D

20 2242 76 2267 ιεως
89 2237 237 2272 αἱρέσεων,
258 2238 306 2273 τὴν
322 2238 448 2274 διάφορον
464 2237 576 2272 ἐκδοχὴν
589 2237 642 2264 τῶν
664 2238 803 2269 Μωῦσέως

19 2283 184 2318 (ριμμάτων
199 2283 310 2310 καὶτῶν
324 2283 499 2319 προφητικῶν
511 2283 606 2317 λόγων.
623 2282 700 2310 Οὕτω
715 2284 803 2310 τοίνυν

19 2329 68 2354 ῑπεὶ
82 2330 183 2364 σεμνόν
200 2338 228 2356 τι
243 2329 328 2364 ἐφάνη
344 2331 399 2360 τοῖς
415 2328 567 2364 ἀνθρώποις
581 2329 800 2364 Χριστιανισμὸς,

20 2373 36 2398 τῦ
51 2373 144 2408 μόνοις
159 2374 212 2410 (ὡς
228 2375 242 2400 ὁ
258 2374 359 2405 Κέλσος
376 2373 482 2409 οἵεται,)
492 2375 546 2405 τοῖς
559 2373 804 2409 ἁνδραποδωδεστέ-

20 2425 74 2450 νοις,
94 2419 165 2445 ἀλλὰ
182 2419 234 2446 καὶ
251 2419 356 2452 πολλοῖς
370 2419 423 2446 τῶν
436 2420 501 2455 παρ’
518 2419 627 2453 Ἕλλησι
642 2419 799 2453 φιλολόγων,

19 2464 165 2497 ιναγκαῑως
181 2464 340 2500 ὑπέστησαν
352 2465 381 2490 οὐ
397 2465 504 2496 πάντως
520 2464 562 2490 διὰ
581 2464 688 2495 στάσεις
705 2464 751 2490 καὶ
772 2464 801 2490 τὸ

19 2506 159 2535 >ιλὸνεικον
174 2509 309 2544 αἱρέσεις,
323 2509 391 2536 ἀλλὰ
404 2509 448 2535 διὰ
462 2509 491 2535 τὸ
508 2508 667 2540 σπουδάζειν
682 2508 800 2535 συνιέναι

42 2563 86 2591 ⁵⁷1
105 2564 172 2591 Cor.
191 2572 237 2595 xv,
255 2563 308 2597 1‘2;
325 2564 346 2590 ll
358 2564 453 2591 Thess.
467 2572 501 2596 ιιι,
518 2565 546 2592 2.

41 2610 97 2646 (7i)
112 2611 142 2638 ln
161 2612 290 2645 margine
301 2611 445 2646 Anglicani
464 2611 541 2646 primi
556 2610 666 2646 legitur,
681 2610 798 2646 ἐρχομέ-

21 2653 64 2671 ων.

40 2681 94 2716 (Η)
110 2681 228 2714 Βάρος.
245 2679 328 2707 Codd.
346 2681 412 2716 Reg.
429 2685 455 2707 et
466 2680 560 2711 Basil..
575 2681 665 2716 μέρος,
684 2679 762 2716 male2

39 2714 96 2749 (75)
117 2714 398 2750 Ἐπαγγελιλ-όμενοιῖ
413 2716 496 2742 Recte
510 2714 586 2742 codd.
602 2714 740 2750 t'tegiuset
754 2714 801 2740 Ba-

19 2749 143 2782 iieensis;
164 2752 241 2777 male
257 2758 319 2777 vero
334 2751 400 2777 libb.
417 2751 509 2777 excusi
520 2770 527 2782 ,
554 2749 800 2784 ἀπαγγελλόμενα.

19 2785 104 2821 bidem
121 2785 197 2821 loco.
215 2785 403 2821 ἐναυάγησαν,
421 2785 544 2820 impressi
561 2786 661 2812 habent
683 2784 710 2810 in
727 2791 799 2810 mar-

20 2819 73 2850 ine,
91 2820 268 2855 ἠστόχησαν.

36 2852 153 2890 (Hthi
165 2852 266 2883 ᾶὸιπὰ
279 2855 305 2880 δ’
322 2854 426 2888 ἄλλοις
447 2853 566 2889 ἀλλαχῆ
583 2853 746 2889 τετάχαται.
764 2852 802 2880 lla

862 241 984 267 diSSidia.
1000 241 1094 268 Adhuc
1107 244 1234 276 apostolis
1249 246 1467 280 praedicantibus,
1480 253 1506 275 et
1517 248 1579 276 Jesu
1594 250 1638 276 do-

860 291 984 313 cumenta
1013 286 1182 315 tradentibus
1202 289 1247 322 qui
1272 289 1354 325 455
1376 293 1432 318 suis
1454 280 1529 319 illum
1556 294 1644 321 oculis

862 332 998 364 viderant,
1015 333 1129 366 quaestio
1146 341 1198 360 non
1218 334 1320 361 modica
1334 336 1405 363 inter
1422 345 1468 365 eos
1485 339 1529 373 qui
1544 347 1576 366 ex
1596 340 1644 367 Ju-

862 376 925 403 daeis
942 376 1019 403 [idem
1035 384 1204 412 acceperant,
1225 386 1319 407 exorta
1335 387 1387 414 est,
1405 389 1575 417 oporteretne
1594 385 1642 412 Ju-

861 420 951 447 deicos
967 420 1034 448 ritus
1049 422 1189 449 observari
1206 424 1239 450 ab
1257 424 1290 451 iis
1304 425 1350 459 qui
1367 434 1399 453 ex
1413 429 1538 461 gentibus
1560 430 1592 456 ad
1612 430 1643 456 ii-

860 465 918 492 dem
933 472 1116 500 accesserant;
1133 475 1168 494 an
1188 468 1297 496 liberari
1315 472 1473 498 mundorum
1489 474 1643 501 immundo-

861 518 973 544 rtnnque
988 511 1110 538 ciborum
1128 520 1210 539 oncre
1229 534 1236 546 ,
1258 519 1286 540 ut
1303 515 1413 543 minime
1432 520 1587 545 necessario
1610 521 1643 548 iis

860 557 918 591 qui,
933 556 1033 583 relictis
1045 557 1139 591 patriis
1153 558 1291 591 institutis,
1305 559 1367 587 Jesu
1382 562 1535 591 crederent.
1550 564 1602 592 Sed
1615 572 1644 594 et

860 602 885 628 in
903 602 1030 636 Epistolis
1050 603 1127 630 Pauli
1141 604 1174 637 ⁸⁷,
1191 606 1302 640 aequalis
1318 614 1410 634 eorum
1424 608 1470 641 qui
1490 608 1582 637 Jesum
1602 612 1643 639 vi-

859 649 972 682 derant,
995 649 1095 677 menlio
1118 649 1148 677 fit
1172 651 1379 683 nonnullorum,
1398 653 1442 686 qui
1467 653 1500 680 de
1521 662 1643 684 rcsurrco

858 694 947 720 ctione
976 695 1138 728 quaestiones
1162 701 1319 729 moverent,
1347 702 1437 725 utrum
1458 699 1514 733 jam
1545 700 1642 729 fuisset

859 738 940 771 facta;
956 744 982 766 et
996 740 1028 766 de
1042 740 1083 767 die
1094 740 1209 774 Domini,
1220 741 1378 776 instaretne,
1388 751 1489 771 annon.
1503 745 1534 772 Et
1545 753 1578 773 ex
1591 747 1642 773 isto

858 784 915 812 loco
933 793 940 811 :
959 795 968 811 ι
987 785 1115 813 Devitans
1130 787 1262 820 profanas
1277 795 1371 815 vocum
1388 790 1521 818 novitates
1546 796 1574 818 et
1593 800 1642 826 op-

857 830 1003 864 positiones
1030 831 1089 858 falsi
1114 832 1233 860 nominis
1261 833 1397 867 scientiae,
1422 843 1503 869 quam
1530 837 1639 871 quidam

821 869 842 895 Β
858 875 1047 909 promittentes
1062 877 1133 904 circa
1151 877 1231 904 {idem
1246 879 1447 912 exciderunt“,
1462 889 1471 904 ι
1485 869 1592 914 planum
1612 884 1640 910 tit

854 921 909 955 jam
926 925 980 947 tum
994 922 1028 948 ab
1044 921 1122 949 initio
1135 927 1163 949 et
1177 930 1237 949 cum
1252 924 1369 951 nondum
1392 927 1467 952 multi
1490 926 1639 955 Christiani

857 970 958 997 essent,
974 970 1002 992 ut
1014 972 1105 994 censet
1119 967 1224 1000 Celsus,
1240 976 1322 1003 prave
1335 969 1420 998 fuisse
1436 978 1451 997 a
1475 972 1638 1006 quibusdam

857 1010 992 1040 intellecta
1012 1013 1152 1048 mysteria.

893 1144 934 1171 12.
956 1144 1057 1171 Deinde
1072 1145 1203 1172 doctrina:
1220 1146 1285 1173 vitio
1299 1147 1373 1174 ducit
1385 1147 1533 1183 ohjieitqne
1560 1149 1640 1178 nobis

856 1194 930 1216 ortas
950 1191 975 1216 in
998 1190 1209 1218 Christianismo
1229 1198 1318 1219 sectas
1341 1202 1348 1219 :
1377 1202 1386 1219 ι
1420 1194 1518 1228 Sparsa
1543 1202 1636 1222 eorum

856 1234 1037 1269 multitudine,
1056 1236 1152 1270 inquit,
1168 1237 1258 1264 statim
1271 1237 1350 1265 divisi
1364 1239 1388 1264 in
1405 1246 1495 1273 partes
1512 1246 1639 1267 secantur

855 1284 882 1304 et
893 1286 970 1306 suam
986 1282 1099 1314 quisqtte
1116 1281 1259 1309 factionem
1274 1282 1373 1310 habere
1387 1285 1487 1311 mlunt.
1507 1294 1517 1311 ›
1531 1286 1612 1313 Addit
1628 1296 1635 1314 :

857 1333 866 1350 ‹
886 1324 915 1350 Et
932 1331 945 1350 a
969 1325 1141 1353 multitudine
1162 1327 1258 1354 iterum
1280 1327 1392 1362 sejuncti
1416 1329 1461 1356 alii
1486 1331 1554 1358 alios
1572 1339 1638 1358 eou-

855 1369 992 1401 demnant,
1007 1377 1090 1397 unum
1106 1379 1202 1398 nomen
1220 1379 1362 1400 commune
1379 1375 1535 1409 retinentes,
1554 1379 1576 1404 si
1598 1383 1639 1406 ta-

856 1422 915 1441 men
929 1423 1071 1443 commune
1090 1417 1216 1444 retinent.
1234 1418 1289 1446 Hoc
1307 1421 1402 1448 saltem
1425 1422 1513 1449 solum
1538 1431 1638 1451 exuere

855 1457 960 1490 puduit.
980 1458 1018 1486 De
1040 1464 1137 1487 caetero
1156 1461 1207 1487 alia
1223 1461 1268 1488 alii
1288 1463 1389 1491 habent
1411 1466 1543 1494 instituta.
1568 1478 1577 1493 ι
1596 1469 1636 1495 Ad

856 1502 907 1530 hoc
930 1505 1153 1538 respondebimus
1174 1507 1207 1533 de
1226 1507 1297 1534 nulla
1314 1516 1343 1536 re
1368 1514 1443 1537 natas
1464 1518 1525 1538 esse
1548 1518 1637 1540 set-tas

855 1548 1009 1582 dissimiles,
1026 1551 1092 1584 quin
1108 1551 1166 1586 ejus
1180 1553 1308 1586 prteclara
1325 1554 1406 1582 fuerit
1428 1561 1455 1583 et
1480 1558 1543 1584 vitae
1564 1559 1637 1585 utilis

855 1592 997 1622 institutio.
1008 1594 1099 1628 itaque
1111 1597 1237 1630 quoniam
1248 1599 1400 1632 commoda,
1415 1600 1469 1627 imo
1482 1604 1634 1629 necessaria

853 1640 945 1673 generi
962 1640 1080 1667 humano
1096 1643 1227 1670 medicina
1244 1647 1295 1676 est,
1315 1648 1342 1670 et
1359 1645 1384 1670 in
1401 1653 1431 1671 ea
1450 1647 1585 1680 multiplex
1604 1649 1638 1675 de

854 1693 998 1720 corporum
1012 1688 1191 1715 curandorum
1210 1689 1314 1716 ratione
1328 1691 1445 1724 agitatur
1459 1694 1584 1726 quaestio;
1602 1695 1638 1720 oh

855 1731 923 1758 hanc
938 1739 994 1759 rem
1007 1732 1128 1766 plurimae
1140 1733 1210 1764 apud
1219 1734 1337 1767 Graecos,
1352 1735 1378 1762 id
1388 1737 1458 1770 quod
1472 1738 1497 1764 in
1509 1738 1637 1765 confesso

853 1781 903 1808 est,
926 1777 951 1803 in
969 1777 1100 1804 medicina
1118 1782 1198 1804 secta:
1212 1783 1280 1805 ortae
1294 1784 1367 1813 sunt;
1382 1785 1447 1814 puto
1463 1789 1512 1816 ego
1527 1787 1553 1808 et
1567 1784 1636 1816 apud

855 1821 997 1855 barbaros,
1024 1827 1157 1857 quotquot
1174 1823 1334 1851 medicinam
1356 1825 1485 1853 adhibere
1505 1827 1637 1861 proﬁten-

855 1873 909 1894 tur.
924 1867 968 1894 Sic
981 1868 1062 1895 etiam
1079 1869 1249 1903 philosophia
1268 1870 1409 1897 veritatem
1425 1876 1452 1898 et
1472 1879 1562 1899 rerum
1577 1881 1637 1907 qua:

853 1918 914 1940 sunt
929 1914 1106 1948 cognitionem
1120 1914 1260 1949 pollicens,
1270 1916 1332 1949 quia
1345 1917 1493 1950 prmscribit
1505 1919 1637 1951 quomodo

853 1959 945 1985 vivere
962 1963 1106 1992 oporteat,
1124 1963 1152 1985 et
1171 1966 1231 1993 quae
1248 1964 1340 1986 nostro
1361 1961 1453 1994 generi
1477 1961 1553 1988 utilia
1571 1966 1636 1988 sunt

853 2005 949 2030 docere
960 2009 1084 2036 conatur,
1102 2004 1143 2030 hae
1155 2008 1242 2030 autem
1257 2011 1300 2031 res
1314 2005 1340 2031 in
1355 2005 1451 2032 multas
1465 2005 1630 2040 quaestiones

852 2050 1052 2082 distrahuntur,
1071 2054 1212 2084 propterea
1230 2051 1354 2077 ahierttnt
1371 2051 1526 2085 philosophi
1542 2052 1567 2078 in
1592 2060 1636 2079 se-

853 2101 910 2122 ctas
930 2095 1160 2130 quamplurimas,
1183 2104 1296 2130 quantm
1316 2096 1375 2123 aliae
1393 2097 1555 2124 celebriores
1580 2097 1637 2125 iue-

853 2147 926 2174 runt,
941 2141 1000 2168 alia:
1016 2142 1197 2169 obscuriores.
1218 2141 1282 2168 Item
1299 2142 1324 2168 in
1338 2141 1479 2169 Judaismo
1493 2143 1574 2169 sectis
1589 2151 1635 2170 oc-

854 2187 991 2214 casionem
1011 2187 1124 2220 praebuit
1149 2187 1254 2214 diversa
1273 2187 1450 2215 Mosaicortun
1473 2189 1635 2222 scriptorum

855 2239 1063 2265 sermonumque
1081 2231 1299 2265 propheticorum
1312 2233 1507 2266 interpretatio.
1524 2233 1637 2260 Similli-

855 2285 896 2303 ine
910 2277 1036 2310 quoniam
1056 2276 1278 2303 Christianismus
1294 2277 1451 2310 praeclarum
1466 2279 1530 2312 quid
1547 2279 1632 2306 visum

854 2327 895 2349 cst
908 2323 1074 2354 hominibus,
1087 2330 1136 2350 nec
1151 2323 1236 2349 solum
1251 2324 1341 2350 servili
1359 2324 1477 2358 ingenio,
1500 2329 1528 2350 ut
1543 2325 1637 2352 Celsus

855 2372 941 2402 putat,
955 2368 1002 2395 sed
1016 2369 1096 2395 etiam
1118 2368 1209 2395 multis
1222 2369 1291 2403 apud
1309 2369 1417 2396 Grmcos
1432 2370 1557 2403 eruditis;
1575 2371 1636 2397 ideo

856 2421 967 2441 necesse
980 2413 1031 2440 fuit
1048 2418 1077 2440 ut
1092 2415 1373 2448 seetteoborirentur,
1388 2421 1440 2441 non
1459 2420 1570 2450 propter
1591 2423 1634 2443 se—

856 2460 963 2486 ditionis
980 2465 1006 2486 et
1024 2460 1203 2486 contentionis
1213 2460 1340 2490 studium,
1357 2459 1404 2486 sed
1415 2460 1528 2493 quodex
1548 2462 1635 2487 erudi-

854 2507 887 2533 tis
902 2506 1008 2540 plurimi
1024 2506 1150 2540 mysteria
1163 2505 1361 2532 Christianismi
1381 2503 1461 2540 455
1485 2505 1634 2540 intelligere

607 2564 631 2580 ⁵⁸
650 2563 742 2591 lTim.
762 2571 787 2589 νι
801 2583 808 2595 ,
823 2563 870 2589 20.

853 2613 925 2636 recte
938 2609 1050 2635 omnino
1062 2608 1217 2635 Philocalize
1230 2607 1315 2634 codex
1327 2606 1536 2640 manuscriptus.
1550 2607 1635 2639 Alias,

852 2644 886 2681 τὰ
907 2643 988 2681 λοιπὰ
1052 2643 1126 2681 ᾇλλοι
1148 2642 1250 2681 ἀλλαχῆ
1273 2641 1543 2681 τετρχαταιηςξιιίοεο
1567 2650 1636 2681 scrt-

854 2680 970 2705 hemium
991 2679 1140 2710 videbatur,
1158 2677 1192 2703 τὰ
1208 2677 1289 2703 λοιπὰ
1304 2677 1326 2702 δ’
1342 2676 1408 2712 ἄλλη
1431 2676 1534 2712 ἀλλαχῇ
1557 2676 1637 2703 τετά-

871 2721 942 2739 αται.

966 2747 1013 2783 Ἐν
1027 2745 1151 2783 ἰατρικῇ,
1171 2746 1237 2772 Vide
1250 2746 1345 2783 librum
1357 2745 1457 2783 >Ga|eni
1478 2746 1547 2783 Hepl
1560 2746 1637 2779 αἱρέ-

853 2780 931 2809 σεων
938 2780 1002 2814 ’τοῖς
1010 2781 1222 2816 εἰσαγομένοις,
1237 2786 1260 2807 el
1271 2780 1340 2814 Περὶ
1348 2781 1472 2816 ἀρίοζιξης
1484 2780 1636 2816 αἱρέσεως,

854 2824 878 2844 et
896 2825 955 2850 (cap.
971 2817 988 2844 5
1004 2822 1030 2844 et
1048 2817 1064 2843 4
1082 2815 1288 2844 Introduction“
1301 2835 1308 2849 ,
1333 2817 1390 2843 sive
1409 2815 1516 2848 Medici,
1535 2816 1637 2843 Galet.o

855 2858 988 2886 ιιδρι-ιιιιλο.
