1848 3091
95 139 147 167 937

676 138 817 166 CONTRA
834 136 972 165 CELSUM
1002 137 1065 165 LIB.
1081 137 1125 164 lll.

1666 139 1720 166 938

95 201 164 230 λεια,
177 198 223 226 καὶ
236 198 266 225 τὸ
277 198 330 225 τῶν
345 198 445 232 ἔξωθεν
464 199 531 231 δέος·
551 198 638 225 ταῦτα
656 198 759 234 βεϐαιοῖ
774 197 823 234 τὴν
837 197 872 223 πί

961 197 1025 224 lem.
1048 206 1056 222 ι
1076 197 1115 224 Ad
1142 197 1211 231 quod
1231 197 1352 225 dicemus
1372 197 1408 224 ita
1424 196 1539 230 ratione,
1556 201 1602 223 aut
1626 197 1719 231 potius

95 255 153 273 στιν
169 246 269 277 αὐτοῖς.
287 255 296 271 ›
313 246 368 272 Καὶ
379 245 446 281 πρὸς
461 245 538 272 τοῦτο
554 245 581 272 δὲ
594 246 725 280 φήσομεν,
738 245 779 271 ὅτι
795 244 880 276 οὕτως

94 293 122 325 ἐξ
139 292 302 323 ὑποθέσεως,
320 291 419 327 μᾶλλον
435 291 463 317 δὲ
477 291 530 318 οὐδ’
544 291 707 322 ὑποθέσεως,
723 289 790 316 ἀλλὰ
806 289 880 321 Θείας

95 338 233 373 ἐνεργείας
250 337 280 363 τὺ
295 336 419 372 σύνθημα
434 337 499 372 ἡμῖν
511 336 566 371 (82)
584 337 667 367 ἐστιν,
684 335 754 361 om
770 335 819 371 τὴν
829 335 879 371 ἀρ-

93 383 143 419 χὴν
157 382 237 409 αὑτοῦ
255 380 324 409 εἶναι
344 382 409 408 Θεὸν
427 382 455 408 ὲν
470 382 623 416 προφήταις
642 381 801 408 διδάσκοντα
818 381 880 412 τοὺς

94 428 252 463 ἀνθρώπους
262 427 369 454 ἐλπίσαι
377 427 523 462 ἐπιδημίαν
537 427 666 462 Χριστοῦ,
680 426 811 457 σώσοντος
819 427 880 457 τοὺς

94 474 259 510 ἀνθρώπους.
279 475 359 501 Ὅσον
374 473 428 509 γὰρ
443 473 522 500 τοῦτο
537 473 586 499 οὐκ
603 472 709 508 ἀληθῶς
729 472 878 507 ἐλέγχεται,

93 521 142 547 κᾶν
154 520 219 556 δοκῇ
232 520 284 547 ὑπὸ
298 520 352 546 τῶν
370 521 490 546 ἀπίστων
505 519 674 555 ἐλέγχεσθαι,
687 519 733 546 ἐπὶ
754 518 879 545 τοσοῦτον

91 567 105 592 ὁ
115 565 191 599 λόγος
207 566 244 597 ὡς
255 565 321 592 Θεοῦ
339 566 425 599 Λόγος
442 564 606 596 συνίσταται,
617 564 664 591 καὶ
678 565 691 590 ὀ
706 564 809 599 Ἰησοῦς
817 563 879 594 Υἱὸς

91 612 126 638 ὣν
139 612 216 644 Θεοῦ,
230 612 275 638 καὶ
287 612 350 646 πρὶν
367 610 586 647 ὲνανθρωπῆσαι,
598 611 644 636 κα).
655 609 877 645 ὲνανθρωπήσας,

91 657 287 683 ἀποδείκνυται.
322 655 392 690 Ἐγὼ
402 656 430 682 δέ
445 664 524 690 φημι,
537 655 578 681 ὅτι
595 656 642 681 καὶ
655 654 723 690 μετὰ
739 654 788 690 τὴν
802 655 878 681 ὲναν-

91 701 230 737 θρώπησιν
240 702 283 727 ἀεὶ
300 701 455 736 εὑρίσκεται
468 701 524 731 τοῖς
541 700 647 734 ἔχουσιν
662 699 817 734 ὀφθαλμοὺς
832 699 880 734 ψυ-

91 746 139 781 χῆς
160 745 402 781 ὸξυδερκεστάτους
431 744 675 780 Θεοπρεπέστατος,
700 744 747 770 καὶ
770 743 878 778 ἀληθῶς

90 791 179 817 θεόθεν
190 791 279 826 πρδςὴ
285 791 337 826 μᾶς
348 789 495 821 κατελθὼν,
505 790 550 816 καὶ
558 789 607 816 οὐκ
618 790 670 815 ἀπὸ
680 789 812 822 συνέσεως
823 789 877 825 (85)

91 836 262 873 ἀνθρωπίνης
280 837 328 871 τὴν
345 836 432 872 ἀρχὴν
448 836 464 871 ἦ
476 835 509 862 τὰ
524 835 587 870 ἑξῆς
599 837 631 870 τῇ
645 835 716 871 ἀρχῇ
727 835 806 870 ἔχων,
819 835 876 862 ἀλλ’

89 883 141 909 ἀπὸ
155 884 204 918 τῆς
219 883 265 909 τοῦ
282 882 349 909 Θεοῦ
360 882 532 916 ἐπιφανείας,
545 881 655 918 ποικίλῃ
669 882 748 916 σοφίᾳ
765 881 812 908 καὶ
824 889 878 908 ποι-

89 929 175 961 κίλαις
189 928 318 964 δυνάμεσι
337 929 519 964 συστήσαντος
533 928 664 963 πρότερον
683 929 732 963 μὲν
741 928 787 954 τὸν
811 929 876 954 ἰου-

87 975 208 1010 δαῑσμὺν,
230 974 297 1009 μετὰ
313 974 334 1000 δ’
352 975 431 1001 αὐτὸν
448 974 493 1000 τὸν
514 973 736 1009 Χριστιανισμόν·
755 973 876 1010 ἠλέγχθη

87 1021 114 1048 δὲ
130 1021 177 1047 καὶ
196 1020 226 1047 τὺ
242 1021 334 1047 στάσιν
348 1020 506 1055 νομίζεσθαι
521 1021 568 1047 καὶ
589 1019 638 1055 τὴν
655 1020 698 1047 διὰ
712 1020 760 1055 τὴν
784 1020 877 1048 στάσιν

88 1066 219 1100 ὠφέλειαν
231 1067 317 1102 ἀρχὴν
332 1063 402 1093 εἶναι
413 1065 453 1101 τῷ
463 1066 606 1097 τοσούτους
624 1066 818 1101 ἐπιστρέψαντι
830 1067 877 1093 καὶ

90 1111 263 1146 βελτιώσαντι
275 1112 356 1147 λόγῳ.

123 1158 185 1184 Ὀτι
198 1157 226 1184 δὲ
238 1157 299 1184 οὐδὲ
315 1157 345 1184 τὸ
360 1157 413 1184 τῶν
427 1157 525 1189 ἔξωθεν
541 1157 599 1188 δέος
613 1157 642 1183 τὸ
659 1156 782 1192 σύνθημα
800 1157 877 1192 ἡμῶν

86 1204 234 1238 διακρατεῖ,
249 1204 326 1239 δῆλον
335 1205 366 1230 ἐκ
382 1204 429 1230 τοῦ
447 1203 592 1235 καὶτοῦτο,
609 1202 783 1238 βουληθέντος
797 1202 875 1234 Θεοῦ,

88 1249 295 1284 πεπαῦσθαιῆδη
304 1250 391 1284 χρόνῳ
401 1249 512 1275 πλείονι.
520 1249 575 1276 Καὶ
582 1249 654 1280 εἰκὸς
662 1247 813 1275 παύσεσθαι
820 1248 876 1283 (84)

87 1294 116 1320 τὸ
125 1295 163 1327 ὡς
179 1295 247 1330 πρὸς
261 1295 305 1322 τὸν
316 1295 372 1330 βίον
384 1295 476 1321 τοῦτον
499 1296 555 1326 τοῖς
569 1295 725 1321 πιστεύουσι
735 1294 878 1329 ἐγγενόμε-

87 1348 130 1366 νον
153 1340 241 1371 ἀδεές·
267 1340 335 1367 ἐπὰν
357 1340 435 1367 πάλιν
447 1341 471 1366 οἱ
486 1340 567 1366 παντὶ
581 1340 674 1375 τρόπῳ
689 1340 876 1371 διαϐάλλοντες

87 1385 130 1411 τὸν
143 1384 222 1418 λόγον
239 1384 287 1420 τὴν
297 1384 385 1411 αἰτίαν
393 1385 441 1420 τῆς
451 1385 498 1410 ἐπὶ
504 1383 615 1410 τοσοῦτο
629 1384 676 1410 νῦν
689 1384 809 1415 στάσεως
819 1381 875 1418 (85)

87 1431 116 1457 ἐν
130 1431 228 1466 πλήθει
247 1430 300 1457 τῶν
324 1430 506 1459 πιστευόντων
527 1430 673 1465 νομίσωσιν
694 1429 749 1464 (86)
765 1426 833 1456 εἶναι
847 1429 877 1456 ἂν

87 1475 124 1511 τῷ
141 1476 178 1512 μὴ
189 1475 434 1511 προσπολεμεῖσθαι
451 1475 548 1506 αὐτοὺς
567 1475 620 1501 ὑπὸ
641 1475 695 1501 τῶν
718 1474 876 1510 ἡγουμένων

87 1521 185 1556 ὁμοίως
200 1523 257 1553 τοῖς
274 1521 357 1548 πάλαι
378 1521 492 1557 χρόνοις.
518 1521 723 1557 Μεμαθήκαμεν
747 1521 801 1556 γὰρ
822 1519 876 1547 ἀπὸ

87 1567 131 1594 τοῦ
153 1567 233 1602 λόγου
252 1568 314 1603 μήτ’
337 1568 366 1594 ὲν
383 1567 479 1602 εἰρήνῃ
495 1566 638 1593 ἐκλύεσθαι
663 1566 710 1593 καὶ
730 1568 762 1602 τῇ
782 1566 875 1592 ἀνέσει
890 1557 912 1588 C

86 1613 197 1645 ἑαυτοὺς
212 1613 369 1644 ἐπιδιδόναι,
388 1613 450 1648 μήτ’
461 1613 489 1638 ἐν
503 1612 541 1647 τῷ
558 1612 732 1647 πολεμεῖσθαι
749 1611 801 1638 ὑπὸ
824 1611 871 1637 τοῦ

86 1658 187 1694 κόσμου
205 1659 345 1690 ὲκκακεῖν,
360 1658 407 1684 καὶ
420 1657 586 1692 ἀφίστασθαι
602 1658 652 1693 τῆς
669 1657 737 1693 πρὸς
746 1657 791 1683 τὸν
807 1657 873 1683 Θεὸν

86 1703 138 1730 λῶν
153 1704 222 1731 ὅλων
233 1705 261 1730 ὲν
283 1704 370 1739 Ἰησοῦ
386 1703 424 1738 τῷ
431 1703 540 1739 Χριστῷ
550 1703 670 1739 ἀγάπης.
687 1702 784 1738 Σαφῶς
799 1702 829 1738 δὴ
843 1703 873 1729 τὸ

123 1791 178 1826 (82)
195 1791 281 1819 Codd.
298 1791 409 1824 Regius,
432 1790 596 1818 Basileensis
609 1792 705 1819 et'duo
720 1791 873 1826 Anglicani.

85 1827 173 1861 ἡμῶν,
196 1827 262 1853 libb.
274 1827 366 1862 exettsi
382 1827 423 1862 ad;
432 1826 596 1862 marginem,
613 1827 698 1862 ὑμῶν.
716 1826 799 1862 Paulo
815 1832 874 1859 post

86 1860 178 1888 dinues
186 1869 264 1891 mss.,
273 1860 323 1896 κᾶν
331 1861 404 1896 δοκῇ.
415 1860 496 1896 Libb.
504 1861 595 1887 excusi
607 1860 637 1888 iu
643 1867 727 1889 textu.
736 1861 783 1887 καὶ
790 1861 872 1888 δοκεῖ.

121 1896 176 1932 (83)
205 1895 369 1932 Συνέσεῳς.
392 1896 472 1922 Forte
492 1895 634 1932 legendum
656 1896 815 1932 συνθέσεως
831 1896 872 1932 vel

87 1930 251 1962 ὑποθέσεως.
275 1930 346 1956 Nihil
363 1936 452 1957 tamen
470 1930 634 1958 mutavimus
655 1931 869 1964 interpretando.

121 1966 374 2000 (84)11ιιύσεσθαι.
393 1964 429 1991 Ita
457 1965 568 1999 Regius,
584 1965 795 2000 Basileensisret
818 1966 871 1991 duo

86 1999 240 2035 Anglicani,
268 2001 370 2027 rectius
394 2007 474 2033 quam
491 2000 557 2035 libb.
576 2001 688 2035 excusi,
702 1999 871 2035 παύσασθαι.

86 2034 169 2062 Paulo
183 2040 241 2070 post
255 2042 350 2070 omnes
362 2043 437 2065 mss.,
454 2034 543 2070 αἰτίαν
558 2034 608 2068 τῆς
617 2035 663 2061 ἐπὶ
674 2034 794 2061 τοσοῦτο.
818 2034 872 2061 lut—

86 2072 171 2104 pressi
177 2068 190 2101 ,’
205 2069 292 2095 αἰτίαν
308 2069 345 2100 ὡς
359 2070 404 2095 ἐπὶ
418 2068 538 2095 τοσοῦτο.

119 2104 174 2145 (85)
191 2104 608 2145 Στάσεως-ι.Οτίεςὶηθεμνίᾀοίυι*
622 2104 759 2145 respicere
771 2111 870 2145 annum

85 2138 205 2172 primum
229 2144 257 2166 et
285 2138 396 2166 tertiutn
419 2138 549 2165 Gordiani
570 2138 678 2172 imper.,
704 2140 754 2165 sub
774 2139 873 2172 quibus

86 2180 210 2200 exortum
236 2178 278 2201 est
299 2174 398 2200 bellum
426 2174 576 2200 Persicum.
600 2174 706 2200 Etenim
729 2174 826 2206 Sapor,
843 2178 871 2200 ut

933 251 985 270 non
1000 244 1114 274 ratione.
1126 244 1172 270 sed
1187 243 1221 269 ita
1231 243 1321 270 divina
1334 251 1394 278 ope!
1403 244 1493 271 alione
1501 243 1584 279 456
1596 249 1716 270 nostrum

932 290 981 317 niti
999 289 1162 320 institutum,
1177 293 1205 316 ut
1225 289 1284 322 ejus
1299 290 1460 324 principium
1476 291 1512 318 sit
1525 291 1607 323 Deus,
1626 290 1672 325 qui
1689 290 1717 317 in

931 334 1071 368 prophetis
1087 334 1212 362 homines
1225 334 1303 361 docet
1324 342 1434 369 sperare
1449 336 1594 363 adventum
1614 336 1718 363 Christi

931 380 1046 407 salutem
1059 380 1214 407 hominibus
1228 379 1346 407 allaturi.
1369 380 1507 413 Quantum
1522 381 1594 408 enim
1611 381 1637 408 id
1661 388 1714 408 non

931 433 996 453 vere
1016 425 1077 453 falsi
1098 425 1355 457 convincitur,licet
1373 425 1408 452 ab
1423 425 1576 454 inﬁdelibus
1589 427 1717 454 convinci

932 472 1068 503 videatur,
1092 475 1168 498 tanto
1185 470 1271 505 magis
1282 470 1407 498 doctrina
1424 471 1482 498 haec
1500 476 1629 507 tanquam
1650 473 1718 499 Ver-

930 518 993 545 bum
1009 517 1054 544 Dei
1068 517 1258 548 conﬁrmatur,
1279 515 1414 551 .lesusqne
1436 517 1482 544 Dei
1502 524 1563 544 esse
1578 517 1664 544 Filius
1689 521 1718 544 et

930 568 1076 597 autequaut
1092 563 1174 589 homo
1201 561 1289 594 ﬁeret,
1316 565 1343 588 et
1357 566 1500 596 postquam
1523 562 1604 589 homo
1627 562 1716 589 factus

930 614 982 642 est;
995 609 1207 636 demonstratur.
1225 607 1358 643 Equidem
1377 606 1579 639 aﬂlrmaverim,
1597 607 1716 634 Verbum

930 655 981 682 hoc
994 654 1180 689 dignissimum
1200 653 1254 681 Deo
1271 654 1387 681 inveniri
1406 654 1488 681 etiam
1509 658 1571 688 post
1587 652 1716 680 incarna-

931 701 1031 727 tionem
1044 700 1078 727 ab
1098 700 1131 727 iis
1145 699 1190 733 qui
1203 699 1297 726 oculos
1309 700 1407 726 anima:
1426 698 1718 733 habentperspicaeis—

930 746 1024 777 simos,
1040 749 1067 772 et
1084 751 1148 772 vere
1162 752 1176 771 a
1190 745 1243 772 Deo
1256 744 1289 771 ad
1306 751 1356 772 nos
1369 745 1489 776 venisse.
1506 748 1533 772 ct
1549 744 1583 771 ab
1596 744 1716 771 humana

929 791 1072 826 prudentia
1090 798 1140 818 nec
1153 790 1287 825 originem
1312 797 1362 817 nec
1378 797 1541 825 progressus
1563 789 1716 824 accepisse,

930 836 976 863 sed
988 844 1001 862 ιι
1018 835 1082 869 Deo,
1100 836 1146 870 qui
1158 842 1188 863 se
1202 835 1344 869 multiplici
1360 836 1497 870 sapientia
1508 835 1648 870 variisque
1664 836 1718 862 mi-

894 870 913 896 Β
931 881 1030 908 raeulis
1059 880 1237 908 manifestans
1261 881 1378 915 primum
1405 880 1515 915 quidem
1534 880 1716 911 Judaismum,

929 933 1021 962 postea
1039 928 1280 955 Christianismum
1297 928 1447 955 constituit.
1465 927 1541 961 Quod
1555 928 1594 955 ait
1611 927 1718 959 Celsus,

927 973 1088 1001 seditionem
1107 979 1135 1002 et
1151 978 1287 1009 speratam
1313 981 1346 1002 ex
1375 975 1419 1002 illa
1444 975 1592 1002 utilitatem
1608 975 1717 1002 dedisse

927 1019 1059 1054 originem
1087 1020 1229 1053 doctrinae,
1256 1027 1308 1054 qua
1326 1025 1367 1048 tot
1385 1020 1510 1048 homines
1537 1022 1663 1048 conversi
1689 1024 1718 1048 et

928 1064 1054 1091 meliores
1068 1063 1130 1091 facti
1144 1070 1218 1097 sunt,
1233 1065 1260 1093 id
1272 1065 1328 1099 jam
1346 1064 1493 1092 refutatum
1509 1068 1559 1092 est.

964 1154 1007 1181 15.
1023 1152 1115 1188 Neque
1137 1158 1294 1181 exterorum
1316 1158 1389 1181 metu
1415 1158 1536 1181 nostrum
1562 1154 1716 1181 institutum

929 1199 1087 1226 conﬁrmari
1105 1199 1147 1225 vel
1164 1199 1228 1226 hinc
1244 1203 1328 1234 patet,
1354 1201 1425 1234 quod
1443 1199 1499 1233 jam
1522 1200 1567 1226 diu
1593 1200 1630 1227 sit
1651 1207 1715 1227 cum

927 1244 1035 1271 volente
1050 1244 1106 1272 Deo
1121 1245 1245 1272 sublatus
1260 1249 1303 1273 est
1325 1245 1370 1274 ille
1392 1251 1490 1273 melus.
1507 1245 1610 1273 Tamen
1627 1246 1716 1274 credi-

928 1291 1014 1318 derim
1033 1290 1257 1325 tranquillitatem
1274 1292 1358 1326 illam,
1375 1293 1445 1326 quod
1465 1292 1498 1319 ad
1508 1292 1578 1318 hanc
1601 1291 1682 1318 vitam
1700 1299 1716 1318 ε

928 1335 1052 1363 tltlelibus
1070 1336 1271 1371 trausigendam
1286 1337 1414 1372 pertinet,
1427 1344 1480 1364 non
1493 1337 1538 1364 diu
1553 1337 1715 1364 duraturam

927 1387 996 1408 esse.
1021 1381 1088 1408 Nam
1102 1382 1148 1416 qui
1171 1387 1293 1409 nostram
1308 1383 1434 1410 omnibus
1458 1382 1546 1410 modis
1564 1383 1715 1410 doctrinam

927 1427 1138 1460 calumniantur,
1153 1427 1314 1456 existimant
1329 1435 1438 1455 causam
1452 1433 1547 1460 tantae.
1562 1431 1622 1463 quae
1642 1436 1714 1458 nunc

927 1479 979 1506 est,
998 1481 1087 1501 rerum
1102 1474 1318 1508 perturbationis
1332 1481 1391 1502 eam
1413 1482 1482 1508 esse,
1499 1475 1571 1510 quod
1594 1475 1714 1503 ﬁdelium

927 1526 1059 1546 numerus
1083 1519 1240 1553 increverit,
1260 1527 1318 1547 -nec
1339 1527 1386 1547 eos
1410 1520 1593 1555 proﬂigandos
1619 1526 1717 1548 curent

929 1565 1069 1600 pra-sides,
1094 1571 1125 1593 ut
1155 1567 1342 1601 superioribus
1358 1568 1524 1602 temporibus
1551 1567 1716 1595 factitatum.

929 1611 1003 1639 Docti
1023 1612 1123 1639 etenim
1141 1619 1234 1640 sumus
1253 1621 1341 1648 neque
1357 1614 1383 1640 in
1397 1621 1463 1649 pace
1481 1614 1568 1642 soluto
1584 1622 1644 1642 esse
1658 1614 1718 1641 anim

927 1665 971 1684 mo
988 1658 1141 1686 mollitiaeve
1170 1666 1219 1686 nos
1244 1660 1367 1694 tradere;
1395 1667 1482 1695 neque
1499 1660 1600 1688 mundo
1616 1660 1715 1687 bellum

928 1704 1010 1731 nobis
1026 1704 1163 1732 indicente
1177 1704 1347 1740 despondere
1365 1707 1498 1739 animum,
1515 1711 1543 1733 et
1558 1714 1573 1733 a
1596 1707 1660 1736 Deo.
1689 1705 1715 1732 in

930 1796 1134 1829 mantemdante
1149 1799 1322 1829 conspectum
1342 1795 1406 1829 duci
1423 1794 1513 1829 jussit,
1530 1802 1562 1822 ac
1591 1796 1716 1829 spoliari,

928 1827 1065 1864 eLoecidi
1092 1827 1191 1864 (ibid.).
1215 1827 1224 1854 ὀ
1247 1829 1314 1855 Vide
1342 1827 1487 1855 Baronium
1506 1829 1539 1856 ad
1568 1827 1632 1856 ann.
1650 1827 1714 1864 255,

926 1862 997 1888 254:
1014 1870 1023 1886 ι
1046 1861 1108 1888 Ha'c
1123 1861 1178 1895 ipsa
1197 1871 1314 1896 namque
1329 1868 1450 1896 tempora
1469 1864 1658 1892 existimanws
1681 1861 1714 1894 ali

926 1896 1144 1932 eodelttorigene
1157 1897 1285 1930 iudicata,
1296 1905 1357 1924 cum
1373 1906 1455 1932 agens
1462 1899 1591 1925 adversus
1604 1899 1714 1928 Celsum

925 1931 1037 1962 litecait,
1059 1931 1151 1958 Denuo
1162 1932 1383 1963 calumniatores,
1394 1931 1411 1957 ί»
1428 1933 1580 1960 etc.Spch.
1594 1948 1629 1953 -—
1646 1934 1714 1962 Vide

925 1967 1056 2002 monitum
1081 1966 1157 2002 initio
1171 1966 1301 1994 librorum
1324 1966 1424 1994 Contra
1441 1967 1546 1994 Celsum
1561 1969 1713 2002 prazlixum.

958 2001 1014 2034 (86)
1030 2001 1213 2034 Νομίσωσιν.
1246 2001 1321 2036 Orig.
1351 2006 1458 2028 tractat.
1485 2002 1520 2029 ‘28
1547 2001 1570 2029 iu
1595 2003 1712 2031 Matth.:

926 2045 935 2060 ε
948 2035 1118 2072 Frequenter
1125 2036 1196 2072 enim
1209 2036 1289 2063 famis
1300 2035 1381 2072 causa
1390 2036 1560 2063 Christianos
1568 2039 1715 2072 culparum

922 2070 1046 2106 gentiles,
1065 2075 1092 2096 et
1107 2071 1263 2104 quicunque
1279 2071 1418 2105 sapiebaut
1429 2079 1489 2105 quae
1501 2070 1624 2106 gentium
1637 2079 1714 2103 sunt.

923 2105 977 2131 Sed
994 2109 1021 2131 et
1043 2105 1259 2139 pestilentiarum
1279 2113 1375 2132 causas
1395 2106 1429 2133 ad
1445 2105 1546 2133 Christi
1563 2107 1713 2136 Ecclesium

923 2139 1083 2167 retulerunt.
1094 2140 1297 2167 Scimusautcm
1305 2145 1331 2167 et
1340 2142 1409 2174 apud
1418 2148 1466 2168 nos
1475 2146 1555 2169 terrae
1564 2147 1666 2169 motum
1676 2142 1715 2171 fa-

924 2179 997 2211 ctum
1016 2174 1042 2200 in
1052 2174 1126 2211 locis
1141 2175 1314 2210 quibusdam,
1332 2181 1358 2202 et
1375 2175 1461 2203 factas
1477 2176 1562 2203 fuisse
1579 2176 1712 2211 quasdam

85 2209 189 2235 cladem
200 2208 240 2244 ab
254 2209 408 2244 Alexandro
419 2209 522 2235 Severo
535 2207 626 2244 Persis
642 2208 742 2244 illatam
758 2208 871 2234 uleisce-
886 2206 909 2233 D
926 2210 1028 2240 ruinas,
1051 2210 1088 2235 ita
1109 2214 1138 2236 ut
1150 2206 1202 2244 'qui
1217 2215 1295 2237 erant
1306 2206 1388 2244 'impii
1406 2214 1482 2238 extra
1506 2206 1713 2240 ﬁdem-causam

88 2249 172 2276 retur,
189 2243 308 2270 ditioncs
320 2243 458 2277 llotnauas
475 2242 586 2273 invadit,
600 2242 773 2269 Antiochiam
786 2244 866 2276 capit,

85 2282 112 2303 et
125 2278 230 2305 civibus
245 2276 402 2304 servitutem
417 2277 555 2312 imposuit.
573 2284 641 2310 quos
652 2283 743 2311 postea
756 2276 870 2304 Gordia-

85 2319 134 2339 nus
148 2313 175 2339 in
189 2313 340 2339 libertatem
351 2311 507 2344 vindicavit,
521 2316 549 2338 ut
566 2311 622 2345 ipse
637 2317 753 2338 testatur
767 2312 792 2338 in
808 2313 869 2346 epi-

85 2347 165 2379 stola,
184 2354 266 2382 quam
285 2345 395 2381 scripsit
412 2347 444 2373 ad
462 2346 627 2378 Mesithium,
643 2347 702 2380 ejus
721 2345 844 2382 socerum
860 2353 867 2372 :

87 2390 95 2406 ι
114 2381 202 2408 Etiam
220 2381 326 2413 Persas,
341 2387 370 2407 ut
387 2381 461 2407 brevi
479 2382 562 2407 multa
579 2387 751 2414 conuectant,
764 2381 798 2407 ab
811 2382 868 2407 Au—

84 2416 264 2443 tiochensium
295 2417 458 2447 cervicibus.
485 2424 552 2450 quas
575 2416 630 2449 jam
654 2423 737 2443 nexas
759 2416 869 2442 Persico

84 2450 156 2477 ferro
172 2451 313 2485 gerebant,
326 2455 353 2477 et
367 2458 444 2485 reges
459 2451 616 2482 Persarum,
632 2456 656 2478 et
673 2451 746 2485 leges
764 2451 869 2477 amovi-

83 2493 154 2512 mus.
180 2486 281 2512 Carras
310 2485 417 2520 deinde,
446 2490 612 2520 exterasque
646 2486 727 2512 urbes
754 2486 869 2518 imperio

85 2520 207 2547 Romano
225 2519 400 2546 reddiditnus.
422 2529 431 2546 ι
449 2520 502 2547 Jul.
519 2520 645 2554 Capitol.,
664 2522 696 2546 de
719 2520 866 2547 Gordiano.

83 2554 140 2581 Huc
152 2555 287 2581 accedunt
300 2554 382 2581 factio
398 2555 556 2587 Sabiniano,
570 2556 647 2587 inita,
661 2561 691 2582 ut
705 2557 742 2581 ait
757 2555 868 2588 Capito-

84 2589 166 2622 linus,
184 2590 210 2615 in
236 2589 328 2616 Africa
352 2595 445 2616 contra
461 2590 626 2616 Gordiauum
640 2590 773 2625 (Capitol.
790 2590 867 2625 ibid.)

83 2629 110 2650 et
129 2629 208 2651 terra:
223 2629 322 2655 motus,
345 2632 355 2648 ε
371 2632 403 2650 eo
417 2632 501 2658 usque
519 2632 620 2658 graws,
635 2624 784 2659 imperante
797 2624 868 2650 Gor-

84 2660 173 2689 diano,
190 2663 219 2684 ut
232 2659 358 2685 civitates
380 2660 460 2686 etiam
484 2664 564 2686 terra:
584 2660 658 2685 hiatu
678 2667 738 2685 cum
763 2659 868 2694 pupulis

82 2694 255 2728 deperiret“;
271 2695 306 2720 ob
320 2700 380 2726 quae
398 2694 533 2720 sacriﬁcia
548 2701 596 2728 per
616 2699 700 2721 lotam
717 2694 810 2720 urbem
826 2699 869 2720 to-

83 2732 194 2763 tumque
219 2730 322 2763 orbem,
339 2734 474 2755 terrarum
497 2729 615 2762 ingentia
636 2729 771 2755 celebrata
793 2734 866 2756 sunt.

83 2762 165 2796 (idem
179 2762 267 2796 ibid.).
288 2772 297 2788 ι
314 2762 379 2789 Item
408 2762 523 2789 Mesithii
545 2764 679 2794 interitus,
699 2772 707 2788 ι
734 2769 866 2797 quantum

84 2797 204 2833 plerique
213 2799 318 2833 dicunt,
330 2797 433 2833 artibus
442 2797 558 2832 Philippi
572 2799 741 2825 machinatus
749 2798 847 2833 (ibid.).
855 2807 864 2823 ι

82 2832 156 2859 Adde
179 2836 207 2859 et
229 2831 359 2859 Gordiani
380 2839 489 2864 necem;
518 2841 528 2858 ‹
552 2841 631 2867 quem
649 2831 788 2868 Philippus
811 2834 867 2860 clu-

240 2879 376 2909 Pu‘um.
400 2879 459 2909 Gn.
483 2879 537 2908 XI.
583 2884 587 2885 '

923 2249 1003 2270 terra:
1019 2248 1108 2281 motus
1127 2245 1250 2272 dicerent
1267 2245 1448 2272 Christianos.
1465 2246 1581 2280 Propter
1594 2249 1666 2281 quod
1684 2252 1713 2276 et

931 2279 1126 2306 tersecutioues
1138 2287 1224 2313 passa:
1236 2284 1298 2307 sunt
1311 2281 1447 2310 Ecclesia}.
1463 2287 1489 2308 et
1505 2279 1622 2309 incensae
1636 2288 1710 2310 stmt.

945 2313 1071 2349 onsolum
1085 2319 1174 2349 autem
1185 2314 1222 2340 illi
1245 2315 1290 2341 scd
1299 2315 1378 2349 etqui
1388 2315 1712 2349 videbanturprudentes.

923 2348 985 2393 talia
1000 2347 1026 2373 in
1047 2348 1156 2389 publico
1170 2349 1302 2382 dicerent,
1318 2347 1380 2384 quia
1404 2356 1516 2393 propter
1537 2347 1712 2393 Christianos

920 2381 989 2420 fiunt
1003 2381 1156 2420 gravissimi
1169 2388 1248 2411 terrae
1264 2381 1363 2411 motus.
1381 2394 1389 2410 t
1404 2381 1528 2416 Tertull.,
1545 2386 1633 2419 Apol.,
1648 2393 1709 2420 cap.

919 2417 970 2443 40:
991 2426 1000 2442 ε
1016 2417 1200 2445 Prmtexentes
1221 2426 1286 2446 sane
1307 2419 1340 2445 ad
1354 2420 1407 2446 odii
1425 2417 1609 2447 defensionem
1626 2417 1710 2447 'illa'm

921 2459 1028 2486 quoque
1045 2452 1202 2482 vanitatem.
1219 2454 1292 2487 quod
1306 2454 1464 2480 existiment
1485 2455 1574 2481 omnis
1596 2455 1711 2488 publica:

921 2487 1017 2519 cladis,
1030 2488 1117 2521 omnis
1129 2488 1268 2521 p0pularis
1281 2488 1455 2520 incommodi,
1465 2487 1636 2515 Christianos
1649 2497 1710 2516 esse

920 2526 1039 2547 causam.
1058 2520 1086 2547 Si
1100 2520 1207 2549 Tiberis
1220 2523 1343 2550 ascendit.
1356 2524 1387 2549 ad
1399 2524 1512 2555 muenia,
1525 2524 1548 2549 si
1564 2523 1640 2550 Nilus
1656 2531 1709 2551 non

921 2555 1045 2582 ascendit
1057 2556 1083 2582 in
1096 2564 1171 2587 arva.
1186 2558 1207 2583 si
1224 2558 1323 2584 ctelum
1335 2558 1422 2588 stetit,
1437 2558 1459 2584 si
1478 2563 1550 2584 terra
1573 2559 1666 2589 movit,
1687 2561 1709 2584 si

921 2590 1017 2621 fartres,
1034 2591 1056 2617 si
1076 2591 1150 2618 lues:
1165 2593 1257 2618 statim
1275 2591 1439 2619 Christianos
1457 2593 1491 2618 ad
1506 2593 1616 2619 leonem.
1635 2592 1710 2619 Tan-

921 2629 962 2652 tos
982 2626 1015 2651 ad
1030 2626 1197 2652 unmnYetc.
1216 2636 1224 2651 ι
1242 2627 1308 2653 Vide
1321 2635 1381 2660 cap.
1400 2627 1417 2653 2
1435 2627 1500 2655 ibid.
1518 2633 1545 2653 et
1561 2628 1658 2653 librum
1673 2628 1708 2654 ad

921 2660 1075 2696 §capurlam,
1104 2662 1226 2696 cap.75;
1249 2663 1412 2695 Cyprianum
1431 2663 1464 2688 ad
1488 2662 1709 2696 Demetrianmn;

921 2694 1109 2732 Firmilianutn
1119 2696 1152 2721 ad
1167 2694 1422 2732 Cypr.,_'episl.r75,
1442 2698 1517 2732 apud
1538 2697 1618 2732 Cypr.
1631 2703 1638 2726 ;
1650 2694 1707 2732 Au;

919 2730 1069 2763 gustinum,
1084 2729 1131 2764 lib.
1142 2737 1174 2762 ιι,
1187 2738 1246 2763 cap.
1262 2730 1288 2762 2,
1302 2731 1338 2756 Ue
1350 2731 1420 2757 civit.
1435 2729 1499 2764 Dét;
1512 2729 1631 2759 edictum
1647 2731 1706 2758 Ma-

920 2764 1015 2800 ;imini
1029 2765 1098 2798 apud
1113 2763 1271 2797 Eusebium,
1289 2766 1336 2792 lib.
1362 2772 1399 2796 ιχ,
1415 2774 1476 2800 cap.
1500 2767 1527 2798 ϐ,
1549 2767 1705 2793 Ecclesiast.

919 2798 983 2834 hist.
1006 2799 1179 2834 Cocupletius
1200 2800 1232 2826 de
1258 2801 1308 2826 hac
1335 2798 1470 2826 calumnia
1495 2801 1550 2834 agit
1571 2802 1707 2830 Arnobius

920 2833 967 2860 lib.
984 2833 1102 2861 tContm
1112 2839 1210 2869 gentes,
1225 2842 1305 2869 quem
1322 2835 1394 2862 vide.
1412 2833 1544 2863 Srtzuccit.

1511 2883 1550 2912 30
