1848 3091
161 107 214 136 939

885 106 1047 136 ORIGENIS

1739 115 1788 143 940

160 165 225 194 Jesu
240 165 360 200 Christo,
378 165 516 201 diligendo
531 165 658 195 deﬁcere.
679 166 767 201 Atque
782 166 863 194 etiam
879 166 916 193 {al

1002 165 1098 201 σεμνὸν
1116 166 1164 201 τῆς
1174 166 1313 203 ἡμετέρας
1323 168 1412 204 ἀρχῆς
1425 170 1612 206 παριστῶμεν,
1623 171 1672 198 καὶ
1687 172 1736 208 οὐχ
1745 173 1788 207 (ὡς

159 211 255 239 Celsus
269 215 343 246 putat
357 215 451 238 sancta
468 218 518 238 nos
537 216 637 238 nostra:
657 211 788 238 doctrinm
807 211 944 239 occultare

159 257 302 292 principia.
317 257 386 289 Quill
403 256 498 292 palam”
509 257 553 284 illa
567 257 755 292 praedicamus,
772 258 944 293 quandoqui-

158 304 218 331 dem
231 303 265 330 ad
282 311 332 331 nos
345 303 461 338 primum
476 304 669 332 accedentibus
684 304 818 332 idolorum
833 305 943 332 simula-

157 355 319 382 crorumque
330 347 450 374 omnium
462 352 650 382 contemptum
667 349 839 381 instillamus,
854 354 881 377 et
901 349 942 376 in-

156 399 239 426 super
253 399 267 418 a
283 391 428 420 deferendo
444 392 526 420 rebus
541 394 643 420 creatis
661 393 747 426 cultu,
764 394 809 428 qui
826 393 880 421 Deo
897 395 943 421 de-

155 437 244 468 betur,
257 441 398 464 revocatos
414 437 544 472 erigimus
555 438 588 464 ad
606 445 696 464 rerum
709 438 829 465 omnium
842 437 941 465 Condi-

156 486 257 514 torem;
281 481 361 517 457
388 482 505 516 denique
531 489 592 510 eum
626 481 672 516 qui
700 481 846 515 praedictus
878 486 938 514 est,

155 527 296 555 advenisse
315 528 544 560 demonstramus,
557 535 619 554 cum
640 535 674 554 ex
686 527 824 554 vaticiniis
847 527 879 555 dc
894 527 939 555 illo

153 572 244 604 editis,
261 579 321 606 qua:
337 571 420 599 multa
439 577 514 604 sunt,
531 577 586 599 tum
605 579 638 599 ex
654 572 811 607 Evangeliis
831 577 939 607 aposto-

154 617 269 652 licisque
283 617 404 652 scriptis,
418 625 479 652 quae
494 617 588 645 scdulo
606 617 753 645 traduntur
768 618 801 646 iis
814 618 859 652 qui
872 625 938 652 pru-

154 665 250 692 denter
268 665 420 700 intelligere
437 665 481 692 illa
496 669 619 699 possunt.

188 711 232 738 16.
250 720 260 736 ι
277 711 405 744 Quaenam
420 715 511 738 autem
527 710 615 738 omnis
627 711 735 746 generis
747 712 935 744 corradamus,

152 764 275 790 quaenam
287 756 474 791 conﬁngamus
492 756 631 788 terricula,
645 765 655 782 ι
677 764 737 791 qua:
762 758 840 785 nobis
861 758 935 785 nullo

151 805 312 836 argumento
340 802 434 829 Celsus
457 801 551 836 objicit
565 823 571 835 ,
600 803 725 829 ostendat
742 803 788 837 qui
808 803 933 831 voluerit.

151 847 207 874 Nisi
228 847 298 874 forte
314 847 387 881 quod
402 847 530 874 docemus
550 847 701 881 multisque
724 848 892 883 argumentis
907 852 935 875 et
951 846 972 876 Β

149 901 184 921 ex
208 893 352 927 Scriptura
376 898 403 920 et
419 900 453 920 ex
474 893 580 920 ratione
596 893 686 921 ductis
714 894 932 929 comprobamus,

149 939 233 967 Deum
244 945 304 966 esse
314 938 446 973 judicem,
459 946 577 973 eumque
587 938 621 966 ab
631 939 782 967 hominibus
797 940 934 975 postulare

147 984 281 1011 rationem
308 984 429 1011 omnium
456 992 517 1019 qua:
539 985 671 1017 fecerunt,
703 985 729 1012 id
757 985 851 1013 Celsus
877 990 931 1013 ter-

148 1029 298 1057 riculorum
311 1030 373 1057 loco
385 1029 496 1057 habent.
515 1030 709 1058 Verumtamen
728 1030 835 1065 (amica
860 1031 932 1058 enim

147 1075 259 1110 veritas)
268 1075 326 1102 haec
335 1074 430 1102 Celsus
442 1075 510 1102 dixit
519 1075 590 1102 circa
598 1075 690 1104 tinem:
702 1085 711 1101 ι
722 1076 761 1102 Dii
772 1076 933 1110 prohibeant

147 1127 181 1147 ne
200 1123 247 1147 aut
261 1126 322 1154 ego,
335 1125 382 1147 aut
395 1120 446 1153 illi,
462 1127 507 1148 aut
522 1121 637 1156 quilibet
651 1121 791 1149 hominum
807 1121 932 1149 tollamus

145 1167 242 1202 dogma
257 1167 340 1200 istud,
360 1167 475 1201 injustas
488 1168 613 1202 punitum
632 1168 676 1200 iri,
694 1168 785 1203 justos
806 1168 931 1196 mercede

145 1220 206 1240 esse
233 1212 382 1240 donaudos.
397 1222 406 1238 ι
422 1213 591 1246 Quibusnam
616 1213 697 1249 igitur
725 1215 849 1243 conﬁctis
876 1221 931 1243 ter-

145 1257 239 1284 riculis
252 1277 259 1290 ,
286 1258 307 1285 si
325 1258 405 1285 istam
421 1259 454 1285 de
469 1258 558 1293 pmnis
587 1258 752 1286 sententiam
768 1258 929 1294 dempseris,

143 1303 269 1331 nomines
286 1303 468 1331 attraltimus?
488 1303 541 1331 Sed
571 1308 599 1331 et
614 1305 676 1338 quia
702 1304 786 1339 dicit,
804 1313 814 1330 ι
832 1311 881 1331 nos
894 1312 928 1332 ex

143 1349 232 1383 prisca
245 1349 369 1377 doctrina
385 1357 485 1384 pravas
499 1350 643 1385 opiniones
667 1353 838 1377 commentos
851 1369 859 1382 ,
882 1357 928 1378 eas

141 1396 258 1430 primum
274 1395 429 1423 hominibus
439 1396 577 1428 occinere,
593 1400 622 1422 ut
636 1396 682 1430 qui
698 1395 859 1430 obstrepunt
874 1395 928 1422 cir-

141 1450 203 1469 cum
218 1449 277 1475 eos,
289 1443 335 1476 qui
348 1441 532 1477 Corybantum
547 1441 634 1469 sacris
649 1441 809 1475 initiantur;
826 1452 836 1469 ι
850 1441 926 1469 illum

142 1487 394 1522 interrogabimus,
420 1494 452 1514 ex
470 1494 589 1522 quanam
607 1487 696 1522 prisca
725 1488 847 1515 doctrina
873 1488 928 1516 sint

140 1540 230 1568 pravae
244 1533 297 1560 illa:
311 1532 465 1567 opiniones.
482 1531 546 1559 Sive
568 1532 640 1569 enim
657 1539 691 1559 ex
706 1531 864 1559 Graecanica
887 1533 928 1560 di-

138 1579 222 1611 xerit.
237 1586 298 1613 quae
312 1583 340 1605 et
358 1578 417 1613 ipsa
431 1578 481 1605 sub
500 1582 572 1604 terra
589 1577 734 1605 tribunalia
752 1584 813 1605 esse
827 1579 905 1605 docet
918 1586 925 1611 ;

138 1625 196 1652 sive
207 1632 241 1652 ex
254 1623 377 1656 Iudaica,
392 1632 452 1659 quae
474 1629 574 1659 praeter
590 1624 642 1651 alia
671 1627 732 1659 post
757 1623 828 1651 hanc
844 1623 927 1650 vitam

136 1670 301 1705 praenuntiat
314 1669 395 1697 aliam
413 1670 532 1697 futuram
548 1677 630 1703 esse;
649 1676 787 1704 nunquam
800 1669 926 1697 ostende-

137 1718 172 1745 rit
186 1724 246 1750 nos,
260 1717 306 1751 qui
321 1723 382 1743 cum
397 1716 502 1744 ratione
513 1716 625 1744 credere
641 1722 783 1747 conamur,
795 1714 866 1742 male
880 1722 925 1742 ve-

135 1764 243 1790 ritatem
267 1766 425 1796 asseculos,
446 1762 479 1790 ad
506 1761 660 1797 huiusmodi
689 1761 816 1796 dogmata
839 1761 922 1788 Vilall

134 1813 254 1838 nostram
268 1815 440 1844 componere.

940 1512 962 1541 C

168 1901 213 1928 17.
227 1901 325 1929 Postea
339 1908 383 1928 res
397 1904 498 1927 nostrae
511 1899 574 1926 ﬁdei
590 1905 653 1926 cum
667 1897 858 1932 (Egyptiorum
875 1904 920 1924 re-
932 1894 937 1898 ”

131 1947 182 1974 bus
194 1953 354 1981 comparare
370 1946 446 1973 vult:
463 1955 472 1972 ι
485 1945 524 1972 Ad
533 1952 602 1979 quos
615 1945 637 1972 si
652 1943 811 1976 accesseris,
827 1943 918 1970 statim

130 2000 160 2020 se
174 1992 290 2020 olIerunt
313 1992 451 2026 splendida
470 1991 532 2018 fana
546 1995 572 2018 et
584 1990 650 2023 luci,
673 1997 770 2024 magna
788 1989 918 2024 pulchra-

130 2045 183 2072 que
196 2037 341 2070 vestibula,
360 2037 534 2065 admirabilia
551 2036 663 2071 templa,
676 2036 778 2063 eximia
801 2035 919 2062 circum-

128 2091 236 2119 quaque
256 2083 428 2117 umbracula,
443 2083 611 2111 caeremoniae
624 2082 758 2117 religiosae
770 2081 916 2109 admodum

128 2135 156 2158 et
172 2130 282 2157 arcanis
309 2129 433 2162 refertae;
458 2133 601 2163 postquam
625 2132 715 2155 autem
732 2128 870 2162 ingressus
887 2133 916 2154 es

127 2180 156 2202 et
170 2175 203 2202 ad
219 2175 368 2209 penetralia
392 2174 539 2209 pervenisti
552 2194 561 2207 ,
586 2173 676 2200 cernis
691 2172 799 2200 adorari
815 2175 861 2198 aut
875 2171 914 2198 fee
929 2180 953 2210 ο

127 2221 191 2253 lem,
207 2225 254 2247 aut
266 2221 372 2248 simiam
386 2241 393 2253 ,
418 2224 465 2247 aut
478 2219 656 2252 crocodilum,
672 2223 719 2245 aut
734 2218 853 2250 hircum,
867 2221 914 2244 aut

127 2273 234 2293 canem.
249 2275 259 2291 ι
275 2265 327 2292 Sed
341 2265 407 2300 quid
424 2265 513 2292 simile
525 2265 595 2299 apud
615 2271 665 2291 nos
688 2268 730 2290 est
757 2263 792 2290 iis
819 2263 910 2294 rebus,

125 2319 186 2346 quae
198 2312 232 2338 ad
244 2311 387 2346 Egyplios
413 2311 606 2338 accedentibus
621 2309 751 2345 speciosae
765 2307 911 2335 videntur?

126 2357 198 2390 Quid
214 2357 302 2384 simile
315 2357 402 2385 brutis
415 2356 469 2384 illis
479 2356 663 2383 animantibus
675 2362 735 2387 qua:
753 2355 828 2381 intus
839 2353 910 2380 ultra

125 2403 232 2438 egregia
251 2402 295 2429 illa
322 2401 456 2430 vestibula
482 2401 648 2428 adorantur?
664 2400 806 2428 Dixeritne
839 2398 910 2425 vati-

123 2448 207 2480 cinia,
223 2456 377 2484 supremum
394 2448 497 2481 Deum,
521 2448 730 2475 simulacrorum
755 2444 909 2479 despectio-

124 2501 195 2526 nem,
213 2502 257 2522 res
273 2495 381 2529 quidem
407 2494 581 2522 veneratione
593 2494 690 2528 dignas
702 2499 783 2524 esse;
811 2489 905 2517 Iesum

156 2573 212 2608 (87)
227 2573 290 2606 Τοῖς
299 2573 433 2608 πρώτοις.
446 2571 627 2608 Scribendurn
637 2569 820 2608 videturlroig
831 2565 906 2607 πρῷ-

122 2603 178 2641 τον,
199 2603 229 2634 ut
243 2603 357 2641 coiijecit
375 2603 544 2634 Bo'herellus.
563 2605 634 2632 Infra
654 2612 731 2641 mssa,
748 2603 780 2629 ἐκ
802 2611 832 2628 τε
851 2603 904 2641 τῷν

122 2636 487 2678 περὶπαὺτοῖπροφητειῶν.
507 2639 743 2678 Libb._excysi_in
763 2642 849 2678 textu,
867 2636 904 2678 ’ἐκ

121 2671 224 2712 τε”τῶν
244 2678 306 2712 παρ’
327 2671 425 2704 εαυτοῦ
452 2675 632 2712 προφητειᾶψ.
652 2673 734 2712 Paulo
752 2677 817 2712 post.
824 2671 902 2699 codd.

124 2711 190 2746 Reg.
218 2707 300 2739 Basil.
333 2717 360 2739 et
388 2712 441 2738 duo
469 2707 632 2746 Anglicani,
652 2707 837 2746 άποστολικῶν
852 2714 905 2740 φω-

123 2742 185 2786 vet.
209 2747 262 2773 Alii
288 2754 348 2774 cum
368 2745 445 2772 libris
474 2742 592 2775 excusis,
621 2742 805 2770 ὰποστολικῶν
835 2749 906 2776 γρα-

133 2789 142 2807 β
145 2789 182 2806 ων
186 2801 192 2807 ι

125 2789 214 2850 (μῖξίς)
228 2815 305 2843 Libb.
320 2815 422 2846 excusi,
436 2814 580 2848 δείγματα,
597 2812 676 2840 male.
691 2811 762 2840 Infra
779 2811 859 2839 iidem
877 2810 905 2838 in

995 211 1079 238 οἴεται
1099 211 1225 246 Κέλσος,)
1248 213 1474 250 ἀποκρύπτομεν,
1494 216 1564 243 ἐπὰν
1577 217 1698 249 καὶτοῖς
1715 218 1786 254 πρώ-

993 265 1050 288 τοις
1060 256 1115 292 (87)
1126 258 1314 293 εἰσαγομένοις
1328 261 1528 296 καταφρόνησιν
1539 262 1588 297 μὲν
1604 263 1660 289 τῶν
1674 263 1787 292 suum

993 302 1041 329 καὶ
1049 302 1158 330 πάντων
1175 303 1229 329 τῶν
1247 304 1412 340 ἀγαλμάτων
1435 306 1643 343 ἑμποιήσωμεν,
1659 310 1788 345 καὶπρὸς

992 348 1106 381 τούτοις,
1116 350 1275 385 ἐπαίροντες
1281 350 1315 377 τὰ
1324 352 1484 387 φρονήματα
1498 353 1588 380 αὐτῶν
1601 354 1657 380 ἀπὺ
1668 355 1716 381 τοῦ
1730 355 1786 381 δου-

991 394 1080 421 λεύειν
1095 396 1151 426 τοῖς
1162 395 1312 422 κτισθεῖσιν
1322 397 1383 423 ἀντὶ
1398 397 1476 430 Θεοῦ⁷
1491 398 1537 424 ἐπὶ
1551 399 1593 426 τὸν
1609 400 1742 428 κτίσαντα
1753 401 1786 428 τὰ

980 430 1039 467 ’ὅλα
1053 441 1152 473 αὐτοὺς
1166 441 1386 478 ἀναϐιϐάζωμεν·
1401 444 1529 478 ἐμφανῶς
1543 447 1729 481 παριστάντες
1741 447 1785 474 τὸν

991 487 1212 522 προφητευθέντα
1229 487 1261 514 ἔκ
1285 496 1315 514 τε
1340 488 1395 515 τῶν
1417 490 1482 525 περὶ
1506 491 1587 517 αὑτοῦ
1611 494 1785 527 προφητειιῖιν

990 532 1097 568 (πολλαὶ
1111 532 1139 559 δέ
1152 534 1220 560 εἰσιν
1237 531 1328 570 αὗται)
1343 535 1390 562 καὶ
1408 536 1440 562 ἐκ
1451 536 1505 563 τῶν
1519 537 1718 573 ὲξητασμένως
1735 548 1784 566 πα-

990 577 1168 612 ραδιδομένων
1193 579 1250 609 τοῖς
1276 578 1435 614 δυναμένοις
1463 580 1573 608 ἀκούειν
1600 583 1784 619 συνετώτερον

987 623 1042 649 τῶν
1054 623 1223 658 Εὑαγελλίων
1239 624 1285 651 καὶ
1301 625 1354 651 τῶν
1371 625 1556 654 άποστολικῶν
1572 629 1684 662 φωνῶν.

1025 718 1035 735 ι
1063 710 1131 737 Ποῖα
1157 710 1184 737 δὲ
1202 711 1359 739 παντοδαπά
1375 714 1556 749 ὲπισπώμεθα
1568 735 1576 747 ,
1600 716 1618 751 ἢ
1635 717 1700 743 τίνα
1717 725 1783 752 συμ-

986 753 1142 790 πλάσσομεν
1167 755 1301 791 δείματα,
1322 767 1331 783 ι
1359 758 1398 790 ὡς
1424 759 1627 793 ἀναποδείκτως
1653 763 1783 798 γράφειό

986 798 1105 829 Κέλσος·
1127 802 1331 836 παραστησάτω
1342 804 1356 829 ό
1373 803 1543 839 βουλόμενος.
1562 805 1593 832 Et
1608 807 1647 842 μὴ
1664 807 1721 843 ἄρα
1734 809 1780 844 τὴν

986 845 1050 888 τξρὶ
1065 844 1194 871 δικαστοῦ
1209 845 1288 878 Θεοῦ,
1307 847 1353 873 καὶ
1368 847 1552 884 δικαζομένων
1567 851 1725 887 ἀνθρώπων
1739 854 1778 888 ἐφ’

986 885 1026 920 οἷς
1039 889 1161 925 ἔπραξαν
1177 891 1256 923 πᾶσι,
1271 891 1442 920 διδασκαλίαν
1454 895 1523 929 μετά
1539 899 1716 933 κατασκευῆς
1728 908 1781 925 ποι-

986 934 1080 969 κίλης,
1103 935 1140 971 πή
1161 936 1209 970 μὲν
1224 937 1273 971 τῆς
1289 937 1344 964 ἀπὸ
1357 937 1411 964 τῶν
1425 939 1551 974 Γραφῶν,
1567 943 1607 978 πῆ
1620 943 1649 969 δὲ
1663 944 1713 969 καὶ
1728 944 1782 970 ἀπὸ

984 979 1032 1006 τοῦ
1048 981 1154 1012 εἰκότος
1170 981 1260 1016 λόγου,
1274 983 1388 1018 δείματα
1403 985 1526 1020 βούλεται
1544 987 1634 1022 λέγειν
1644 990 1660 1015 ὁ
1677 989 1779 1022 Κέλσος

987 1027 1235 1062 συμπεπλασμένα.
1262 1028 1391 1064 Καίτοιγε
1412 1031 1496 1067 (φίλη
1521 1032 1575 1068 γὰρ
1597 1033 1614 1068 ἡ
1647 1034 1779 1070 ἀλήθεια)

984 1073 1049 1108 φησὶ
1066 1074 1135 1109 πρὸς
1150 1076 1206 1107 τοῖς
1219 1075 1384 1109 τελευταίοις
1394 1078 1408 1104 ὁ
1420 1077 1532 1110 Κέλσος,
1548 1079 1589 1105 ὅτι
1603 1088 1613 1104 ‹
1628 1080 1707 1114 Μήτε
1723 1081 1780 1106 τού-

981 1126 1039 1150 τοις
1056 1119 1111 1154 εἴη,
1129 1120 1191 1155 μήτ’
1209 1121 1282 1155 ἐμοὶ,
1299 1122 1360 1157 μήτ’
1377 1122 1450 1158 ἄλλῳ
1466 1124 1521 1149 τινὶ
1537 1124 1693 1160 ἀνθρώπων
1709 1117 1780 1152 tim——

981 1163 1075 1191 θέσθαι
1088 1164 1118 1191 τὸ
1135 1165 1199 1201 περὶ
1215 1166 1262 1192 τοῦ
1278 1167 1494 1203 κολασθήσεσθαι
1507 1169 1571 1200 τοὺς
1586 1170 1710 1203 ἀδίκους,
1732 1172 1779 1198 καὶ

981 1210 1071 1246 γερῶν
1084 1210 1284 1246 ἁξιωθήσεσθαι
1301 1213 1364 1245 τοὺς
1390 1214 1510 1245 δικαίους
1521 1234 1528 1247 ,
1554 1215 1663 1250 δόγμαί
1684 1225 1693 1242 ›
1711 1217 1779 1244 Ποῖα

979 1252 1026 1281 οὖν
1039 1254 1154 1290 δείματα
1170 1255 1239 1291 (88),
1255 1256 1302 1284 ὲάν
1316 1258 1414 1294 ἀνέλῃς
1433 1259 1479 1285 τὸν
1494 1260 1559 1295 περὶ
1575 1260 1716 1293 κολάσεως
1731 1262 1778 1289 λό-

980 1308 1037 1334 γον,
1053 1301 1274 1335 συμπλάττοντες
1300 1303 1481 1339 ὲπισπώμεθα
1504 1305 1568 1336 τοὺς
1594 1306 1776 1342 ἀνθρώπουςς

985 1345 1069 1371 Ἀλλὰ
1081 1346 1129 1372 καὶ
1143 1346 1211 1373 ὲπὰν
1225 1347 1301 1384 λέγῃ,
1311 1349 1352 1375 ὄτι
1365 1358 1374 1375 ‹
1387 1350 1427 1376 Τά
1434 1349 1481 1376 τοῦ
1490 1350 1606 1377 παλαιοῦ
1616 1351 1696 1386 λόγου
1705 1362 1777 1389 παρ-

978 1390 1140 1426 ακούσματα
1157 1392 1389 1427 συμπλάττοντες,
1404 1395 1510 1427 τούτοις
1527 1398 1776 1434 προκαταυλοῦμεν

978 1436 1025 1462 καὶ
1039 1437 1266 1473 προκατηχοῦμεν
1282 1439 1344 1472 τοὺς
1357 1440 1530 1476 ἀνθρώπους,
1545 1442 1582 1474 ὡς
1600 1444 1626 1470 οἱ
1644 1446 1709 1477 τοὺς
1726 1454 1774 1472 κο-

978 1481 1221 1518 ρυϐαντιζομένους
1248 1485 1495 1521 περιϐομϐοῦντες’
1518 1497 1527 1513 ›
1561 1490 1685 1526 φήσομεν
1705 1493 1777 1526 πρὸς

978 1527 1076 1554 αὐτόν·
1105 1528 1186 1555 Ποίου
1209 1529 1324 1556 παλαιοῦ
1347 1531 1427 1565 λόγου
1451 1534 1689 1570 παρακούσματα;
1710 1537 1777 1565 Εἴτε

978 1573 1031 1609 γὰρ
1049 1573 1096 1600 τοῦ
1117 1573 1272 1611 Ἑλληνικοῦ
1283 1597 1291 1609 ,
1320 1577 1366 1604 καὶ
1381 1577 1536 1610 διδάξαντος
1552 1581 1618 1616 περὶ
1637 1582 1692 1607 τῶν
1719 1584 1776 1610 ὑπὸ

976 1619 1028 1654 γῆν
1041 1619 1223 1656 δικαστηρίων
1233 1641 1240 1652 ,
1258 1621 1312 1648 εἴτε
1326 1622 1374 1649 τοῦ
1392 1623 1548 1657 Ἰουδαϊκοῦ,
1567 1626 1638 1660 μετὰ
1650 1627 1707 1653 τῶν
1723 1628 1775 1655 ἀλ-

976 1664 1029 1691 λων
1042 1665 1089 1691 καὶ
1104 1666 1167 1701 περὶ
1184 1666 1234 1701 τῆς
1248 1667 1311 1702 ἑξῆς
1327 1667 1366 1703 τῷ
1391 1667 1440 1704 βίῳ
1468 1669 1554 1705 τούτῳ
1569 1671 1642 1707 ζωῆς
1663 1681 1775 1709 προφη-

975 1709 1119 1742 τεύσαντος
1129 1719 1135 1725 ·
1150 1711 1200 1738 οὐκ
1214 1712 1247 1739 ἂν
1261 1712 1317 1747 ἔχοι
1333 1715 1516 1750 παραστῆσαι,
1526 1716 1567 1742 ὅτι
1581 1718 1666 1752 ἡμεῖς
1673 1719 1726 1754 μὲν
1742 1721 1777 1747 ἐν

975 1756 1188 1792 παρακούσμασι
1205 1757 1344 1793 γενόμενοι
1356 1760 1408 1795 ’τῆς
1422 1760 1560 1796 ἀληθείας,
1575 1762 1634 1789 ὅσοι
1657 1772 1689 1798 γε
1711 1773 1776 1791 πει-

974 1799 1085 1835 ρώμεθα
1100 1801 1168 1836 μετὰ
1187 1801 1265 1836 λόγου
1284 1804 1431 1837 πιστεύειν,
1449 1805 1519 1841 πρὸς
1534 1806 1567 1833 τὰ
1583 1808 1698 1835 τοιαῦτα
1715 1809 1773 1841 ζῶ-

974 1855 1023 1882 μεν
1036 1847 1170 1882 δόγματα.

1006 1893 1193 1929 Παραϐάλλειν
1216 1895 1245 1921 δὲ
1261 1894 1296 1921 τὰ
1311 1895 1360 1931 τῆς
1382 1896 1501 1929 πίστεως
1516 1898 1596 1933 ἡμῶν
1611 1901 1669 1931 τοῖς
1685 1901 1772 1935 Λίγυ-

971 1938 1055 1965 πτίων
1080 1938 1149 1965 θέλει
1175 1940 1334 1976 πράγμασι·
1365 1951 1374 1968 ι
1392 1943 1462 1978 Παρ*
1479 1941 1521 1975 οἷς
1549 1945 1693 1979 προσιόντι
1717 1947 1771 1981 μὲν

970 1984 1027 2011 ἐστι
1039 1984 1153 2021 λαμπρὰ
1165 1987 1278 2022 τεμένη,
1291 1987 1339 2014 καὶ
1357 1988 1435 2024 ἄλση,
1455 1989 1501 2015 καὶ
1520 1991 1703 2025 προπυλαίων
1719 2001 1771 2027 με-

968 2030 1035 2065 γέθη
1049 2039 1079 2057 τε
1093 2031 1140 2057 καὶ
1154 2032 1251 2068 κάλλη,
1271 2035 1317 2061 καὶ
1337 2033 1390 2069 νεῲ
1408 2034 1572 2070 θαυμάσιοι,
1598 2038 1648 2064 καὶ
1665 2041 1770 2074 σκηναὶ

968 2076 1046 2112 πέριξ
1066 2077 1245 2113 ὑπερήφανοι,
1263 2080 1309 2106 καὶ
1326 2079 1469 2115 θρησκεῐαι
1497 2082 1569 2117 μάλα
1586 2083 1771 2120 δυσδαίμονες

967 2122 1013 2148 καὶ
1030 2123 1246 2158 μυστηριώτιδες
1258 2124 1324 2160 (89)·
1335 2125 1383 2161 ἥδη
1394 2126 1422 2152 δὲ
1435 2127 1555 2159 εἰσιόντι,
1569 2129 1617 2155 καὶ
1631 2130 1769 2166 ἐνδοτέρω

966 2168 1115 2204 γενομένῳ,
1131 2169 1272 2205 θεωρεῖται
1290 2172 1526 2208 προσκυνούμενος
1538 2174 1667 2211 αἴλουρος
1682 2176 1700 2210 ἦ
1717 2177 1766 2202 πί-

967 2213 1059 2248 θηκος,
1076 2214 1091 2249 ἢ
1108 2215 1287 2249 κροκόδειλος,
1307 2216 1323 2251 ἢ
1339 2217 1455 2252 τράγος,
1477 2218 1493 2253 ἦ
1509 2219 1593 2246 κύων.
1616 2230 1626 2246 ι
1643 2220 1676 2246 Τί
1707 2221 1767 2257 γὰρ

962 2258 992 2285 τὸ
1006 2259 1138 2293 ἀνάλογον
1154 2262 1210 2293 τοῖς
1227 2262 1295 2296 πρὸς
1303 2262 1365 2294 τοὺς
1385 2264 1545 2298 προσιόντας
1562 2267 1766 2300 σεμνοφανέσιν

961 2306 1119 2339 Αἰγυπτίων
1141 2307 1202 2333 ἐστὶ
1216 2308 1281 2344 παρ’
1293 2309 1375 2343 ἡμῖν,
1398 2309 1430 2335 Τί
1447 2310 1476 2336 δὲ
1497 2311 1528 2336 τὸ
1548 2312 1684 2346 ἀνάλογον
1703 2314 1767 2344 tot;

961 2349 1033 2376 ἔνδον
1048 2349 1118 2386 μετὰ
1132 2352 1167 2378 τὰ
1181 2352 1267 2387 σεμνά
1283 2354 1437 2388 προπύλαια
1449 2355 1557 2389 ἀλόγοις
1572 2356 1655 2388 ζώοις
1671 2366 1765 2393 προσ-

960 2397 1150 2432 κυνουμένοις;
1166 2399 1200 2424 Ἢ
1207 2398 1256 2430 τὰς
1265 2399 1313 2434 μὲν
1321 2401 1498 2434 προφητείας,
1510 2402 1557 2428 καὶ
1571 2403 1617 2429 τὸν
1631 2404 1679 2429 ἐπὶ
1691 2405 1763 2430 πᾶσι

961 2442 1027 2468 Θεὸν
1039 2442 1105 2477 (90),
1120 2443 1214 2470 καὶτὰ
1237 2444 1307 2471 κατά
1323 2445 1376 2471 τῶν
1392 2446 1568 2481 ἀγαλμάτων,
1583 2448 1644 2474 ἐστὶ
1659 2448 1696 2474 τὰ
1711 2449 1762 2475 καὶ

960 2489 1020 2513 κατ’
1031 2487 1111 2514 αὐτὸν
1128 2489 1228 2523 σεμνά·
1249 2489 1349 2525 Ἰησοῦς
1365 2490 1393 2517 δὲ
1406 2491 1523 2527 Χριστὸς
1544 2493 1761 2529 ἐσταυρωμένος

957 2567 1048 2624 augt.
1060 2563 1111 2590 οὐκ
1126 2563 1158 2590 ἂν
1170 2564 1219 2600 ἔχῃ
1236 2565 1420 2601 παραστῆσαι,
1434 2566 1479 2593 sed
1493 2575 1592 2595 omnes
1608 2577 1692 2602 mss.,
1706 2570 1759 2597 οὐκ

977 2606 990 2624 ν
1021 2606 1072 2624 νει.
1090 2604 1143 2624 etc.

977 2604 1264 2669 νῶξῗιλιῗὲἓᾳίμονες
1277 2635 1325 2661 καὶ
1337 2635 1583 2669 μυστηριώτιΰες.
1597 2636 1646 2664 Sic
1656 2646 1701 2665 om
1707 2647 1757 2666 nes

957 2668 1099 2707 ms.sn._,__sg«‘l
1114 2667 1214 2707 malim,
1228 2667 1421 2707 δεισιδαίμονες
1428 2667 1482 2707 ’καὶ
1498 2667 1712 2707 μυστηριώδεις.

993 2701 1048 2736 (90)
1065 2701 1119 2734 Τὰς
1126 2702 1185 2736 μὲν
1196 2701 1377 2737 προφητείὶις
1387 2705 1434 2730 καὶ
1445 2701 1557 2731 τὸν’ὲπὶ
1574 2701 1652 2733 iam
1665 2701 1755 2735 Θὲόν.

1050 2735 1236 2772 scribendum,
1246 2735 1274 2765 αἱ
1286 2735 1334 2774 μὲν
1353 2735 1525 2774 προφητεῖαι,
1538 2741 1586 2767 καὶ
1597 2743 1612 2768 ὁ
1625 2743 1675 2770 ἐπὶ
1686 2744 1757 2770 πᾶσι
