1848 3091
77 125 131 155 941

665 120 802 149 CONTRA
825 119 965 148 CELSUM
996 120 1061 148 LlB.
1078 118 1121 148 111.

1655 121 1710 149 9η

76 185 109 212 τὺ
135 183 267 218 ἀνάλογον
283 182 322 218 τῷ
334 181 562 219 προσκυνουμένῳ
582 180 672 216 ἀλόγῳ
698 180 777 215 ζώσῃ
803 179 867 205 Ἀλλ⁴

967 178 1062 205 ristum
1077 182 1167 205 autem
1185 177 1259 206 cruci
1275 177 1387 205 afﬁxutn
1401 177 1540 213 quidpiam
1555 185 1615 206 esse
1637 181 1708 214 quod

77 230 128 256 ἐὰν
139 229 220 256 τοῦτο
234 229 300 264 λέγῃ
319 228 359 264 (οὐ
371 228 425 264 γὰρ
440 228 504 254 ἄλλο
522 237 549 254 τι
562 225 638 263 οἶμαι
652 227 749 263 φήσειν
766 226 870 260 αὑτὸν),

78 276 276 312 ἁπαντήσομεν
290 274 344 310 (91)
360 274 400 301 ὅτι
416 274 526 301 πλείονα
542 274 572 300 ἐν
588 275 644 304 τοῖς
665 273 794 308 ἀνωτέρω
807 272 872 307 ἡμῖν

78 322 121 353 εἰς
151 319 321 356 κατασκευὴν
340 319 395 346 τῶν
416 319 486 346 κατὰ
502 319 547 346 τὸν
570 318 673 354 Ἰησοῦν
690 318 817 353 εἴρηται,
832 317 872 344 ὅτι

79 368 129 393 καὶ
145 367 179 393 τὰ
195 366 324 393 δοκοῦντα
343 366 403 393 κατ’
420 365 563 401 ἄνθρωπον
582 364 657 399 αὐτῷ
671 364 872 399 συμϐεϐηκέναι

78 413 225 449 χρησίμως
239 412 350 446 γέγονεν
367 412 396 437 ὲν
416 411 456 446 τῷ
472 411 552 438 παντὶ
576 410 631 446 (92)
647 431 654 441 ,
671 411 717 437 καὶ
732 410 873 445 σωτηρίως

78 458 120 493 τῷ
136 458 189 493 ὅλῳ
202 458 307 494 κόσμῳ.

102 556 104 560 ·
117 544 185 573 Εἶτα
197 546 230 574 τὰ
248 546 297 582 μὲν
318 546 373 573 τῶν
385 547 553 581 Αἰγυπτίων,
578 546 810 582 σεμνολογοὺντων
826 546 874 572 καὶ

78 591 116 619 τὰ
130 593 194 627 περὶ
204 592 258 618 τῶν
276 592 379 626 ἀλόγων
392 592 447 627 (95)
462 591 550 624 ζώων,
568 592 615 618 καὶ
631 592 789 626 φασκόντων
805 589 874 618 εἷναί

79 646 144 667 τινα.
164 638 234 665 αὐτὰ
257 637 325 664 Θεοῦ
343 637 482 673 σύμϐολα,
509 637 526 673 ἢ
544 638 618 669 ὅπως
641 637 716 672 φίλον
732 637 874 672 ὀνομάζειν

78 685 140 715 τοῖς
161 683 374 720 χρηματίζουσιν
396 683 485 710 αὐτῶν
507 683 669 718 προφήταις,
686 682 752 718 φησὶ
778 691 787 707 ι
805 691 873 717 φαν-

79 729 179 757 τασίαν
206 729 409 762 ἐξαποστέλλειν
425 730 481 760 τοῖς
497 728 583 755 ταῦτα
613 728 810 764 μεμαθηκόσιν,
834 729 873 756 ὃτι

82 775 123 811 μὴ
140 776 228 812 μάτην
247 775 401 811 μεμύηνται
414 783 420 790 ’
443 785 451 800 ι
468 775 502 801 τὰ
517 775 541 801 δ’
560 776 588 801 ὲν
604 776 659 807 τοῖς
675 775 817 811 ἡμετέροις
830 774 874 802 λό-

80 830 143 856 γοις
158 822 212 849 ἀπὸ
223 821 269 848 τοῦ
281 821 446 857 καλουμένου
461 823 537 857 παρὰ
550 820 589 856 τῷ
599 821 696 856 Παύλῳ
707 821 875 857 χαρίσματος

80 868 112 894 ὲν
125 868 165 903 τῷ
176 868 219 894 διὰ
233 867 280 894 τοῦ
308 867 466 902 Πνεύματος
492 867 564 902 λόγῳ
581 867 676 902 σοφίας
688 887 696 899 ,
720 868 767 894 καὶ
793 868 822 894 ὲν
835 867 875 903 τῷ

81 913 156 940 κατὰ
168 913 200 940 τὸ
212 913 324 948 Πνεῦμα
341 914 413 949 λόγῳ
426 912 552 948 γνώσεως
564 913 756 949 παριστάμενα
764 915 821 946 τοῖς
844 914 874 940 ὲν

81 959 291 995 Χριστιανισμῷ
306 959 500 995 πολυμαθέσιν,
512 959 573 986 οὐδὲ
589 959 776 993 πεφαντάσθαι
793 969 838 995 μοι
860 961 874 986 ό

83 1005 190 1036 Κέλσος
213 1005 296 1032 δοκεῖ’
324 1006 353 1032 οὺ
375 1006 455 1041 μόνον
471 1006 527 1032 ἀπὸ
550 1005 664 1037 τούτων,
693 1005 761 1032 ἀλλὰ
775 1006 821 1032 καὶ
845 1006 876 1038 ἐξ

81 1047 123 1078 ὦν
136 1052 165 1078 ὲν
180 1053 235 1084 τοῖς
249 1051 312 1087 ἑξῆς
324 1051 484 1087 κατηγορῶν
501 1044 547 1077 τοῦ
564 1051 735 1086 συστήματος
751 1052 876 1086 Χριστια-

82 1097 139 1124 νῶν
151 1097 225 1132 λέγει
235 1106 241 1112 ·
258 1098 296 1129 ὡς
313 1107 322 1123 ι
340 1097 429 1124 πάντα
445 1097 495 1133 μὲν
512 1097 593 1132 σοφὸν
607 1097 811 1124 ἁπελαυνόντων
827 1098 875 1124 τοῦ

81 1143 166 1178 λόγου
184 1143 239 1179 (94)
256 1143 307 1178 τῆς
329 1144 447 1174 πίστεως
464 1143 564 1177 αὐτῶν,
592 1144 688 1179 μόνους
705 1144 734 1170 δὲ
746 1144 876 1179 ἀνοήτους

83 1189 132 1216 καὶ
149 1190 212 1221 τοὺς
227 1189 443 1224 ἀνδραποδώδεις
453 1189 620 1216 καλούντων·
642 1199 651 1215 ι
677 1190 741 1226 περὶ
755 1187 792 1217 ὧν
806 1190 876 1217 κατὰ

83 1235 182 1271 καιρὸν
196 1235 334 1271 εἰσόμεθα,
352 1235 492 1271 γενόμενοι
505 1235 575 1262 κατὰ
587 1235 633 1262 τὸν
651 1236 742 1263 τόπον.

119 1323 250 1362 Καὶφησί
259 1333 290 1359 γε
301 1335 310 1351 ‹
323 1325 396 1359 ἡμᾶς
411 1323 464 1350 τῶν
479 1324 528 1363 μὲν
540 1324 696 1358 Αἰγυπτίων
712 1325 875 1360 καταγελᾷν,

82 1369 176 1396 καίτοι
190 1369 274 1396 πολλὰ
289 1370 335 1396 καὶ
351 1370 381 1396 οὐ
409 1370 498 1405 φαῦλα
516 1371 689 1406 παρεχόντων
717 1371 876 1406 αἰνίγματα.

81 1415 156 1442 ὲπὰν
179 1415 265 1442 ἰδεῶν
279 1416 381 1448 ἀϊδίων,
398 1417 445 1443 καὶ
457 1417 506 1452 οὐχ
521 1417 530 1452 (
539 1417 577 1449 ὡς
597 1417 721 1444 δοκοῦσιν
737 1418 762 1444 οἱ
776 1417 876 1453 πολλοὶ)

81 1461 165 1492 ζώων
181 1461 338 1497 ὲφημερίων
351 1462 433 1497 τιμὰς
445 1460 556 1489 εἶναιτὰ
571 1462 681 1490 τοιαῦτα
696 1462 875 1490 διδάσκουσινο

80 1507 195 1542 εὐήθεις
208 1507 230 1533 δ’
239 1504 318 1539 εἶναι,
333 1507 415 1542 μηδὲν
429 1509 590 1544 σεμνότερον
600 1508 709 1544 τράγων
721 1508 767 1535 καὶ
777 1508 874 1539 κυνῶν,
890 1522 911 1550 C

81 1552 140 1579 τῶν
153 1553 218 1588 παρ’
235 1552 408 1587 Αἰγυπτίοις,
426 1554 585 1588 εἰσάγοντας
610 1555 638 1581 ἐν
652 1555 713 1587 ταῖς
742 1555 806 1590 περὶ
831 1554 876 1581 τοῦ

88 1598 180 1633 Ἰησοῦ
189 1598 340 1634 διηγήσεσι.
351 1608 360 1624 ι
370 1599 425 1625 Καὶ
433 1599 501 1635 πρὸς
517 1599 596 1626 τοῦτο
609 1599 637 1626 δὲ
647 1600 770 1636 φήσομεν
780 1608 787 1616 ·
799 1601 876 1636 Ἆρ’.

79 1641 106 1670 ὦ
123 1645 239 1677 γενναῖε,
254 1643 285 1670 τὺ
299 1643 348 1679 μὲν
363 1644 530 1678 Αἰγυπτίους
554 1645 639 1672 πολλὰ
663 1645 709 1671 καὶ
734 1645 764 1671 οὐ
787 1644 878 1679 φαῦλα

81 1688 256 1724 παρέχεσθαι
276 1688 442 1723 αίνίγματα,
465 1690 513 1715 καὶ
538 1690 652 1724 ἀσαφεῖς
661 1690 800 1725 διηγήσεις
815 1690 878 1726 περὶ

80 1735 140 1761 τῶν
152 1735 217 1770 παρ’
232 1735 322 1767 αὐτοῖς
330 1734 417 1767 ζώων,
431 1734 549 1769 εὐλόγως
558 1735 680 1772 ἐπαίρεις
695 1735 734 1771 τῷ
747 1735 832 1771 λόγῳ·
846 1736 877 1762 οὺ

80 1780 200 1812 δεόντως
215 1780 244 1807 δὲ
261 1781 347 1813 ποιεῖς
361 1780 439 1816 ἡμῶν
457 1780 616 1817 κατηγορῶν
628 1801 636 1812 ,
659 1781 697 1812 ὡς
718 1780 878 1816 πειθόμενος

82 1825 171 1861 μηδὲν
186 1826 261 1860 ἡμᾶς
285 1825 373 1860 λέγειν
384 1845 392 1858 ,
408 1825 476 1853 ἀλλὰ
502 1827 590 1853 πάντα
605 1826 712 1856 οὐδενὸς
738 1826 817 1860 λόγου
831 1827 878 1853 καὶ

81 1870 177 1905 φαῦλα
186 1879 193 1885 ’
209 1871 278 1897 ἐπὰν
292 1871 326 1897 τὰ
340 1871 404 1907 περὶ
418 1871 465 1898 τοῦ
487 1871 574 1906 Ἰησοῦ
589 1871 662 1898 κατὰ
674 1871 723 1907 τὴν
739 1871 785 1898 τοῦ
798 1872 877 1906 λόγου

81 1916 184 1950 σοφίαν
192 1916 382 1952 διεξοδεὺωμεν
392 1918 447 1949 τοῖς
455 1917 493 1950 ὡς
504 1918 533 1944 ὲν
541 1914 746 1954 Χριστιανισμῷ
755 1918 876 1949 τελείοις·

81 1961 151 1996 περὶ
163 1958 212 1992 ὦν,
223 1961 261 1993 ὡς
277 1962 375 1989 ἱκανῶν
390 1962 505 1989 ἀκοῦσαι
514 1963 563 1998 τῆς
577 1964 606 1989 ὲν
616 1963 821 1999 Χριστιανισμῷ
835 1972 878 1989 σο-

82 2008 162 2042 φίας,
179 2007 312 2034 διδάσκων
324 2008 338 2034 ὁ
354 2007 460 2039 Παῦλός
475 2017 540 2044 φησι
550 2017 556 2023 ·
576 2018 585 2033 ‹
602 2008 702 2043 Σοφίαν
710 2008 738 2035 δὲ
746 2007 879 2044 λαλοῦμεν

81 2055 114 2080 ὲν
129 2054 187 2084 τοῖς
201 2053 314 2085 τελείοις
323 2061 330 2068 ⁸
349 2054 444 2088 σοφίαν
456 2053 485 2080 δὲ
498 2054 528 2080 οὐ
538 2054 585 2080 τοῦ
596 2053 692 2086 αἰῶνος
702 2054 808 2085 τούτου,
820 2054 880 2081 οὐδὲ

80 2098 141 2125 τῶν
149 2098 288 2135 ἀρχόντων
299 2097 344 2125 τοῦ
356 2099 453 2131 αἰῶνος
465 2099 558 2126 τούτου
571 2098 625 2125 τῶν
637 2099 877 2135 καταργουμένων·

80 2144 156 2172 ἀλλὰ
171 2144 304 2179 λαλοῦμεν
318 2144 384 2171 Θεοῦ
402 2145 497 2179 σοφίαν
512 2146 540 2171 ὲν
556 2145 697 2180 μυστηρίῳ
711 2145 761 2180 τὴν
777 2145 879 2171 ἀποκε-

925 231 986 251 cum
996 223 1107 251 adorata
1118 224 1196 250 bruta
1210 223 1346 251 animante
1358 223 1456 252 merito
1464 224 1639 252 conferatur?
1647 226 1674 252 ld
1687 226 1710 253 si

924 269 1010 301 dicat,
1027 275 1115 304 neque
1129 269 1296 307 enimalittd
1310 270 1445 297 dicturum
1461 274 1538 305 puto,
1558 271 1710 305 responde-

924 315 1013 342 bimus
1038 313 1121 341 multa
1141 314 1198 348 jam
1225 314 1252 341 in
1277 315 1465 348 superioribus
1481 323 1496 343 a
1521 317 1601 344 nobis
1626 316 1712 346 fuisse

925 359 1042 387 adducta
1073 360 1108 386 ad
1128 359 1343 386 conﬁrmandum
1367 367 1535 397 quaecunque
1562 363 1596 390 ad
1618 362 1710 389 Jesum

923 405 1076 440 pertinent,
1092 404 1345 439 ostendendtttuque
1360 406 1437 433 tttilia
1460 407 1524 435 huic
1538 408 1711 435 universitati

924 450 1110 486 salutariaque
1124 450 1208 486 458
1224 451 1272 478 toti
1289 453 1389 479 mundo
1415 452 1502 480 fuisse
1515 474 1522 486 ,
1540 461 1600 489 qua:
1614 454 1652 482 illi
1669 462 1711 482 se-

924 496 1043 523 cundttm
1065 496 1203 523 hominem
1217 495 1342 524 accidere
1357 497 1416 524 visa
1432 502 1504 525 sunt.

960 540 1006 568 18.
1020 540 1087 573 Quia
1108 547 1174 567 vero
1187 540 1307 576 Egyptii
1334 541 1480 576 magniﬁca
1496 543 1530 570 de
1543 543 1632 572 brutis
1652 545 1713 572 ani-

926 585 1062 612 mantibus
1085 585 1244 619 loquuntur,
1267 585 1416 620 dicuntque
1441 587 1488 614 illa
1510 594 1570 615 esse
1586 591 1713 624 quaedam

925 631 973 658 Dei
986 629 1112 666 symbola
1130 635 1177 658 aut
1190 637 1353 665 quocunque
1370 630 1424 658 alio
1443 632 1555 660 nomine
1574 640 1605 660 ea
1622 636 1714 669 appel-

925 677 982 704 lare
996 676 1085 704 visum
1096 681 1139 704 est
1153 676 1260 704 illorum
1275 677 1425 711 prophetis,
1441 677 1569 711 atlirmat,
1586 686 1596 704 ι
1611 679 1657 714 qui
1671 687 1715 707 re-

926 730 985 749 l'llm
999 722 1106 749 illarum
1125 727 1189 749 sunt
1200 723 1294 757 periti,
1312 729 1361 750 eos
1374 722 1478 756 induci,
1496 728 1526 751 ut
1539 731 1570 751 se
1583 732 1637 752 non
1658 724 1716 752 fru-

926 772 982 795 stra
1011 768 1066 796 illis
1092 768 1214 796 initiatos
1237 775 1298 796 esse
1319 769 1452 803 cogitent.
1478 779 1487 795 ι
1517 770 1553 798 At
1567 777 1633 798 vero
1654 778 1716 806 qua:

926 814 1025 849 gratia,
1053 819 1082 842 ttt
1097 814 1197 842 Paulus
1211 818 1293 843 vocat
1312 815 1347 848 θ’,
1372 816 1399 843 in
1423 823 1552 844 sermone
1576 818 1716 852 sapientia:

925 868 974 894 per
1002 860 1135 895 Spiritum
1157 865 1185 889 et
1211 861 1239 888 in
1266 868 1393 888 sermone
1420 862 1542 890 scientia:
1563 865 1714 892 secundum

926 906 1056 941 Spiritum
1070 925 1079 939 ,
1105 906 1133 934 in
1150 912 1244 934 nostra
1270 908 1413 942 disciplina
1435 909 1534 944 retegit
1555 909 1590 937 iis
1614 911 1661 945 qui
1687 911 1714 938 iu

924 952 1135 980 Christianismo
1150 957 1215 980 sunt
1230 954 1341 987 eruditi,
1359 954 1392 982 de
1408 954 1442 981 iis
1465 962 1498 982 ne
1515 955 1623 990 quidem
1638 958 1714 992 cogi-

925 1001 998 1026 tasse
1013 997 1122 1027 Celsum
1147 999 1276 1027 arbitror.
1293 1000 1462 1036 Argumento
1480 1006 1544 1028 sunt
1567 1009 1621 1029 non
1635 1003 1716 1030 modo

925 1053 985 1080 quae
1005 1052 1068 1073 mox
1081 1045 1163 1077 dixit,
1181 1045 1229 1072 sed
1252 1045 1335 1073 etiam
1358 1054 1419 1081 quae
1442 1047 1476 1074 ad
1501 1047 1716 1083 redarguendam

925 1091 1143 1119 Christianorum
1160 1090 1320 1118 societatem
1337 1092 1443 1127 profert
1468 1093 1496 1120 in
1512 1095 1689 1128 sequentibus
1705 1104 1713 1128 ;

926 1137 1057 1165 nimirum
1081 1146 1091 1163 ι
1111 1137 1237 1165 doctrina
1250 1137 1312 1165 ﬁdei
1337 1137 1397 1166 illos
1415 1138 1579 1168 interdicere
1607 1141 1716 1175 sapien-

927 1184 1000 1212 tibus
1014 1183 1154 1216 omnibus,
1167 1183 1312 1211 admittere
1325 1183 1399 1212 solos
1415 1184 1553 1219 stupidos,
1570 1186 1662 1213 servili
1676 1187 1715 1214 inv

927 1230 1005 1264 genio
1017 1229 1152 1256 homines.
1170 1238 1179 1254 ι
1193 1229 1232 1256 De
1244 1229 1344 1264 quibus
1358 1236 1409 1257 suo
1422 1233 1542 1265 tempore
1553 1230 1717 1264 videbimus,

927 1283 989 1302 cum
1011 1277 1042 1302 ad
1057 1276 1129 1302 hunc
1143 1275 1233 1302 locum
1251 1279 1361 1313 ventum
1381 1276 1445 1304 erit.

963 1321 1008 1350 19.
1022 1321 1114 1353 Addit,
1130 1329 1140 1346 ‹
1159 1321 1238 1349 nobis
1256 1321 1400 1357 [Egyptios
1425 1330 1485 1350 esse
1500 1322 1615 1351 ridiculo
1627 1344 1634 1355 ,
1650 1332 1716 1359 pro-

927 1374 1029 1402 ponere
1050 1372 1141 1394 tamett
1171 1366 1258 1394 mttlta
1289 1375 1344 1394 non
1371 1369 1523 1402 spernenda
1550 1369 1715 1405 aenigmata;

928 1412 1146 1447 quandoquidem
1164 1412 1238 1439 ideas
1250 1416 1380 1445 aeternas,
1393 1421 1447 1441 tton
1461 1417 1564 1446 autem,
1575 1415 1647 1449 quod
1659 1415 1719 1442 vul-

928 1465 977 1493 gus
992 1462 1079 1493 putat,
1096 1465 1158 1484 mox
1181 1458 1325 1486 interitura
1357 1459 1495 1494 animalia,
1513 1459 1643 1494 colendas
1657 1468 1719 1489 esse

929 1505 1062 1538 doceant;
1079 1511 1129 1531 nos
1143 1511 1208 1531 vero
1231 1505 1329 1532 stultos
1342 1513 1414 1537 esse.
1434 1506 1481 1540 qui
1504 1507 1529 1532 in
1548 1506 1591 1539 iis,
1608 1513 1668 1541 quae
1685 1507 1720 1534 de

929 1549 993 1578 Jesu
1006 1558 1021 1577 a
1036 1551 1113 1578 nobis
1124 1551 1261 1583 dicuntur,
1275 1551 1343 1578 nihil
1359 1551 1443 1579 hircis
1456 1552 1622 1586 canibusque
1633 1551 1719 1587 Egy-

930 1596 1030 1630 ptiacis
1056 1596 1173 1624 nobilius
1195 1595 1353 1624 atl'eramus.
1374 1607 1384 1623 ι
1410 1597 1450 1624 Ad
1472 1605 1534 1632 qua:
1549 1606 1600 1625 nos
1615 1606 1623 1624 :
1640 1598 1729 1630 Esto,

929 1643 973 1668 vir
995 1642 1137 1677 praclare,
1165 1641 1270 1669 meritis
1295 1640 1420 1670 laudibus
1447 1642 1564 1670 extollas
1583 1642 1668 1670 multa
1691 1647 1720 1670 et

930 1697 983 1716 non
997 1689 1206 1721 contemnenda,
1232 1695 1293 1726 quae.
1314 1688 1433 1723 Egyplii
1459 1693 1624 1723 proponunt,
1653 1689 1720 1716 agni-

930 1739 1020 1770 gmala
1037 1734 1228 1769 involutasque
1250 1734 1284 1761 de
1305 1735 1361 1761 suis
1375 1734 1540 1762 animalibus
1559 1734 1720 1769 explicatio.

931 1789 998 1809 nes:
1017 1785 1046 1807 at
1062 1788 1116 1808 non
1139 1785 1214 1808 recte
1229 1780 1307 1813 facis,
1333 1788 1395 1808 cum
1418 1781 1451 1808 ad
1467 1788 1517 1807 nos
1539 1781 1719 1808 traducendos

931 1827 977 1854 tibi
995 1827 1152 1853 inanimum
1170 1825 1289 1858 inducis,
1305 1826 1372 1853 nihil
1390 1833 1438 1853 nos
1454 1826 1555 1857 dicere,
1572 1830 1720 1861 nostraque

929 1873 1020 1900 omnia
1033 1872 1120 1899 futilia
1133 1879 1202 1904 esse,
1216 1873 1318 1900 nullius
1334 1873 1424 1907 pretii,
1441 1873 1551 1906 quando
1564 1871 1608 1905 iis,
1626 1872 1672 1906 qui
1689 1872 1717 1899 in

931 1918 1141 1946 Cltristianismo
1153 1923 1217 1946 sunt
1227 1917 1353 1953 perfecti,
1369 1918 1402 1945 de
1410 1917 1475 1945 Jesu
1488 1918 1647 1945 disserimus
1658 1925 1720 1951 qua:

931 1968 1030 1992 nostra:
1045 1965 1176 1992 doctrinm
1189 1963 1323 1999 sapientia
1340 1963 1418 1990 credi
1434 1962 1521 1997 jubet.
1538 1963 1576 1990 De
1590 1963 1633 1990 his
1642 1967 1672 1989 ut
1686 1964 1719 1990 ad

932 2010 1136 2046 intelligendam
1162 2010 1237 2038 illam
1254 2008 1459 2037 Christianismi
1480 2007 1641 2043 sapientiam
1661 2008 1719 2035 ido-

931 2057 989 2083 neis
1000 2055 1100 2083 Paulus
1110 2057 1168 2083 ait:
1183 2065 1192 2082 ι
1208 2055 1376 2091 Sapientiam
1392 2058 1484 2081 autem
1496 2053 1632 2088 loquimur
1648 2054 1720 2081 inter

930 2102 1065 2137 perfectos
1078 2111 1086 2135 ;
1101 2102 1263 2137 sapientiam
1280 2107 1345 2142 vero
1359 2108 1412 2128 non
1423 2100 1502 2135 hujus
1515 2100 1618 2133 saeculi,
1631 2107 1719 2135 neque

931 2148 1084 2184 principum
1108 2148 1189 2182 hujus
1203 2148 1295 2176 saeculi
1307 2147 1353 2182 qui
1367 2146 1559 2180 destruuntur;
1575 2146 1621 2174 sed
1634 2147 1722 2181 loqui-

82 2189 261 2227 κρυμμένην,
275 2191 308 2224 ἢν
323 2189 476 2225 προώρισεν
485 2191 499 2216 ό
510 2190 577 2221 Θεὸς
589 2189 642 2226 πρὸ
655 2189 708 2215 τῶν
726 2189 830 2216 αίώνων
838 2190 867 2215 εἰς

963 2202 994 2221 ιιι·
1027 2193 1076 2221 Dei
1105 2193 1265 2229 sapientiam
1293 2192 1320 2219 in
1351 2192 1483 2227 mysterio
1511 2192 1717 2226 absconditam,

81 2236 166 2267 δόξαν
177 2234 266 2270 ἡμῶν,
277 2235 310 2270 ἦν
325 2235 413 2268 οὐδεὶς
424 2235 477 2261 τῶν
492 2234 629 2270 ἀρχόντων
644 2234 690 2260 τοῦ
706 2234 803 2266 αἰῶνος
817 2236 878 2261 τού-

81 2289 133 2306 του
148 2279 262 2313 ἐγνωκε.
279 2289 289 2305 ι

121 2371 180 2400 Καί
194 2379 283 2407 φαμεν
299 2372 354 2403 τοῖς
368 2370 511 2406 ὁμονοοῦσι
523 2370 562 2405 τῷ
574 2370 680 2404 Κέλσῳ,
695 2371 735 2397 ὅτι
751 2371 878 2406 οὐδεμίαν

82 2419 142 2454 ἄρα
157 2416 360 2451 φανταζόμενος
385 2416 481 2450 σοφίαν
503 2417 517 2442 ὁ
539 2414 644 2447 Παῦλος
668 2415 856 2452 ὑπερέχουσαν
869 2436 877 2448 ,

81 2462 274 2498 ἐπηγγέλλετο
291 2462 386 2496 σοφίαν
407 2462 498 2489 λαλεῖν
513 2463 541 2488 ὲν
555 2463 611 2493 τοῖς
626 2462 752 2493 τελείοις·
769 2462 880 2489 ἐπειδὰν

81 2509 114 2535 δὲ
129 2507 203 2535 κατὰ
219 2507 248 2534 τὸ
262 2507 357 2534 ἑαυτοῦ
373 2507 459 2542 θρασὺ
473 2507 558 2544 φήσῃ,
571 2507 611 2533 ὅτι
625 2507 700 2533 οὐδὲν
712 2507 780 2542 ἔχων
797 2507 879 2542 σοφὸν

123 2590 149 2605 ⁶⁰
168 2588 177 2616 l
193 2587 258 2615 Cor.
273 2595 323 2620 xtl,
337 2588 364 2615 8.
404 2589 425 2604 ⁶¹
443 2588 452 2614 l
469 2587 532 2615 Cor.
551 2596 581 2620 ll,
598 2588 614 2614 6
627 2596 703 2624 seqq.

120 2666 439 2704 (9|)7’Aaarrr’laom.
455 2665 539 2704 Bccle
554 2666 638 2704 codex
655 2665 788 2699 Julianus,
807 2667 878 2694 male

79 2701 152 2732 vero
171 2701 235 2729 libb.
251 2707 330 2728 antea
342 2702 456 2736 excusi,
467 2701 699 2736 ἀπαντησόμενον.

116 2737 177 2773 (92)
199 2737 251 2764 Ἐν
265 2735 304 2769 τῷ
322 2736 421 2773 παντί.
447 2735 574 2763 βαθυδεί
588 2736 693 2763 videtur
710 2735 818 2768 vocula,
833 2737 872 2768 ὲν,

81 2770 152 2799 nata
164 2770 179 2798 ε
193 2771 355 2806 praecedenti
368 2770 488 2806 γέγονεν.

62 2836 67 2840 ,
121 2804 523 2842 (93)“A16ru3r1thschelius
537 2805 564 2842 in
582 2809 654 2842 textu
672 2805 765 2842 habet,
774 2804 871 2839 ἄλλων,

82 2839 184 2876 sicque
198 2839 282 2869 codei
296 2839 428 2873 Jolianus,
444 2841 490 2867 sed
507 2840 602 2875 reliqui
623 2848 699 2873 mss.,
718 2839 832 2874 ἀλόγων.

931 2247 1013 2275 quam
1034 2239 1238 2275 praedestinavit
1259 2238 1330 2265 Deus
1354 2242 1418 2265 ante
1445 2237 1542 2265 saecula
1563 2238 1590 2264 in
1604 2238 1720 2273 gloriam

931 2290 1064 2316 nostram,
1081 2293 1164 2320 quain
1186 2292 1266 2313 nemo
1291 2285 1445 2320 principum
1468 2283 1549 2318 hujus
1566 2285 1656 2312 saeculi
1671 2292 1719 2312 co-

931 2332 1023 2367 gnovit
1040 2332 1072 2357 σι.
1088 2341 1097 2356 ι

962 2377 1008 2404 20.
1026 2372 1076 2404 Hic
1093 2376 1163 2404 Celsi
1187 2377 1307 2404 asseclas
1324 2377 1475 2411 interrogo,
1502 2383 1535 2402 an
1555 2375 1667 2408 Paulus,
1694 2376 1718 2403 si

928 2423 1028 2450 nullam
1049 2423 1140 2450 animo
1158 2422 1332 2449 informatam
1345 2422 1487 2449 habuisset
1498 2421 1660 2448 excellentis
1674 2429 1718 2448 sa-

930 2469 1041 2504 pientiae
1065 2469 1215 2500 notionem,
1230 2469 1403 2503 promisisset
1418 2474 1446 2494 se
1462 2466 1623 2500 sapientiam
1645 2467 1718 2493 locu-

933 2519 1023 2541 turum
1034 2521 1095 2541 csse
1111 2513 1181 2540 inter
1195 2513 1349 2548 perfectos?
1363 2512 1496 2545 Quoniam
1510 2517 1584 2545 vero,
1597 2517 1656 2545 quae
1669 2517 1718 2536 sua

968 2669 1025 2704 (94)
1042 2669 1097 2696 Τοῦ
1111 2670 1214 2703 λόγου.
1225 2668 1326 2696 Omnes
1341 2677 1408 2696 mss.
1421 2668 1536 2704 habent,
1544 2667 1608 2704 τοὺς
1620 2666 1717 2704 λόγους

931 2702 1047 2738 excepto
1064 2702 1300 2730 veteri'Vaticano
1325 2704 1369 2736 qui
1391 2703 1500 2737 quidem
1530 2702 1716 2738 Italrelrpriuta

931 2736 1024 2770 manu,
1042 2739 1106 2770 τοὺς
1120 2738 1224 2772 λόγους,
1242 2739 1288 2764 sed
1315 2736 1432 2764 secunda
1448 2745 1527 2763 manu
1545 2736 1599 2772 τοῦ
1613 2737 1694 2770 λόγου
1707 2756 1715 2769 ,

930 2778 1015 2800 recte.
1030 2773 1090 2800 Mox
1112 2774 1180 2800 idem
1197 2773 1280 2799 codex
1302 2772 1461 2802 Vaticanus,
1480 2772 1577 2806 μόνους
1591 2771 1620 2797 δὲ
1634 2771 1715 2806 ἀνοή-

927 2816 1000 2839 τους.
1017 2807 1045 2835 lu
1060 2813 1139 2835 antea
1152 2807 1260 2835 excusis
1274 2807 1348 2834 deest
1362 2806 1494 2841 particula
1509 2806 1549 2831 δέ.
