1848 3091
161 91 214 120 9ιό

883 96 1045 125 ORIGENIS

1727 104 1770 132 ιιι

161 152 204 175 est
231 148 393 177 conﬁdentia
408 168 415 181 ,
434 149 507 176 dicet
522 149 616 184 illum,
636 152 697 180 licet
727 153 794 181 nihil
812 153 892 189 sapiet

1001 154 1086 181 ταῦτα
1099 155 1295 190 ἐπηγγέλλετο·
1316 157 1583 194 άνταποκρινούμεθα
1604 160 1680 195 αὐτῷ
1693 160 1771 195 λέγον-

162 191 320 224 habentem,
341 193 398 220 haec
418 198 507 222 tamen
533 197 691 230 promisisse.
707 218 715 229 ,
733 202 827 224 contra
845 205 946 232 repono

159 238 201 266 sic
215 249 219 266 :
236 238 274 265 Tu
293 239 409 272 primum
435 241 556 268 edissere
572 241 629 275 ejus
643 242 690 277 qui
715 242 772 270 inec
787 243 853 271 dicit
882 244 946 279 Epi-

159 283 258 316 stolas;
271 289 298 311 et
309 284 428 319 inspecta
441 291 531 314 mente
546 287 714 321 singularum
726 290 872 316 dictionum
887 298 946 325 qua:

159 330 195 358 ibi
212 331 337 365 leguntur
346 351 353 364 ,
370 332 396 358 in
411 331 444 359 iis
457 333 572 368 exempli
585 341 667 361 causa
678 341 747 369 quas
758 335 790 361 ad
802 335 944 371 Ephesios,

158 377 191 404 ad
207 377 394 410 Colossenses,
414 378 447 405 ad
463 378 774 412 Tliessaloniccnses,ad
791 382 945 416 Philippen-

157 430 212 456 εει,
229 425 263 451 ad
280 424 420 452 Romanos
432 425 540 459 scripsit
554 434 560 458 ;
576 426 628 453 hoc
644 431 788 461 utrumque
802 426 885 463 459
898 429 944 456 de-

157 474 292 502 monstra,
307 474 334 497 et
346 475 372 496 te
387 477 529 498 sermones
543 470 619 498 Pauli
636 472 812 507 intellexisse,
826 480 851 500 et
862 482 943 508 quos-

157 515 220 541 dam
238 515 346 542 illorum
364 516 490 544 inventos
506 523 520 542 a
542 521 568 544 te
584 516 670 545 fuisse
687 519 783 546 stultos
796 527 828 546 ac
842 519 941 546 fatuos.

156 559 185 590 Si
201 560 274 586 enim
288 561 417 594 pratsenti
433 566 591 597 attentoque
607 563 699 591 animo
709 564 769 591 illas
781 566 939 599 versaverit,

154 605 304 633 mirabitur
321 611 363 633 sat
379 608 435 634 scio
452 608 588 642 ingenium
606 609 725 637 hominis
740 618 835 646 magna
851 613 940 639 verbis

156 651 316 686 vulgaribus
334 653 530 687 exprimentis;
552 659 597 682 aut
613 656 634 682 si
650 663 703 683 non
720 657 869 684 admiratus
882 657 940 685 fue-

155 697 204 729 rit,
222 698 281 733 ipse
295 699 477 732 perridiculos
503 701 660 734 videbitur;
679 702 735 729 sive
747 707 863 730 mentem
888 704 938 731 viri

153 748 305 775 assecutus,
324 744 397 771 illam
414 751 605 780 reprmsentet;
621 747 678 774 sive
693 747 758 775 velit
779 749 938 784 impugnare

154 794 181 816 et
207 794 329 817 evertere
345 798 406 825 qure
422 791 472 818 sibi
486 792 560 819 visus
576 792 657 819 luerit
672 793 847 821 intellexisse.

998 208 1043 231 τες
1053 208 1059 214 ·
1073 200 1184 235 Πρῶτον
1195 202 1341 236 σαφήνισον
1354 203 1400 229 τοῦ
1411 203 1495 230 ταῦτα
1505 205 1632 239 λέγοντος
1646 206 1694 238 τὰς
1709 207 1771 234 Ἐπι-

998 244 1110 276 στολάς’
1129 245 1175 271 καὶ
1198 246 1353 278 ὲνατενίσας
1377 247 1417 283 τῷ
1436 248 1583 284 βουλήματι
1613 249 1727 286 ἑκάστης
1746 253 1770 279 ὲν

997 289 1093 322 αὐταῖς
1105 289 1204 323 λέξεως
1225 291 1235 327 (
1250 292 1309 327 φέρ’
1324 294 1410 320 εἰπεῖν
1431 296 1463 329 τῇ
1480 295 1547 330 πρὸς
1564 296 1717 330 Ἐφεσίους,
1731 298 1770 324 καὶ

996 334 1064 369 πρὸς
1074 335 1251 369 Κολασσαεῖς,
1267 337 1313 363 καὶ
1326 339 1358 373 τῇ
1373 339 1440 374 πρὸς
1450 339 1664 372 Θεσσαλονικεῖς,
1679 342 1723 368 καὶ
1733 343 1772 368 Φι-

995 379 1158 416 λιππησίους
1167 402 1174 414 ,
1188 382 1236 408 καὶ
1249 383 1316 419 πρὸς
1338 384 1509 421 Ῥωμαίους),
1527 387 1671 422 ἀμφότερα
1686 387 1769 420 δεῖξον,

994 426 1041 451 καὶ
1054 427 1095 452 ὅτι
1110 428 1240 463 νενόηκας
1254 430 1316 460 τοὺς
1333 430 1439 456 Παύλου
1451 431 1557 465 λόγους,
1573 433 1621 458 καὶ
1637 433 1678 459 ὅτι
1692 441 1770 468 παραμ

994 471 1090 506 στῆσαι
1101 472 1156 508 (95)
1171 474 1278 509 εὐήθεις
1289 474 1363 506 τινὰς
1378 476 1394 511 ἢ
1406 476 1534 511 ἠλιθίους.
1555 477 1618 505 Ἐὰν
1631 479 1686 513 γὰρ
1697 479 1770 513 ἐπιδῷ

992 515 1088 543 ἑαυτὸν
1103 518 1135 552 τῇ
1150 517 1219 552 μετὰ
1231 518 1276 544 τοῦ
1292 520 1434 554 προσέχειν
1450 521 1618 555 ἀναγνώσει,
1637 520 1666 548 εὗ
1680 521 1726 548 οἷδ’
1736 523 1771 549 ὅτι

992 560 1008 595 ἢ
1024 561 1189 597 θαυμάσεται
1203 563 1250 590 τὸν
1264 563 1324 590 νοῦν
1336 564 1383 590 τοῦ
1396 565 1491 601 ἀνδρὸς
1502 586 1509 597 ,
1527 567 1556 592 ὲν
1574 566 1694 603 ἰδιωτικῇ
1709 567 1770 599 λέξει

993 607 1097 641 μεγάλα
1110 608 1307 643 περινοοῦντος,
1322 609 1339 644 ἢ
1354 609 1390 645 μὴ
1405 610 1556 646 θαυμάσας,
1568 612 1651 642 αὐτὸς
1665 613 1771 647 καταγέτ

991 651 1088 684 λαστος
1102 655 1227 687 φανεῖται
1236 663 1243 669 ·
1273 655 1328 680 εἴτε
1341 655 1514 691 διηγούμενος
1534 657 1573 689 ὡς
1599 658 1732 693 νενοηκὼς
1745 658 1772 684 τὸ

991 697 1113 733 βούλημα
1127 699 1173 725 τοῦ
1190 699 1299 736 ἀνδρὸς,
1315 701 1331 736 ἢ
1346 702 1392 728 καὶ
1402 701 1550 736 ἀντιλέγειν
1561 703 1607 729 καὶ
1617 703 1772 739 ἀνατρέπειν

989 742 1158 778 πειρώμενος
1174 744 1228 779 (96)
1242 745 1261 772 ἃ
1275 746 1429 782 έφαντάσθη
1447 747 1530 774 αὑτὸν
1541 748 1708 783 νενοηκέναι.

186 837 230 863 21.
248 824 405 870 Nequedum
436 837 531 872 loquor
542 838 575 864 de
591 838 717 866 omnibus
732 846 792 873 qure
807 839 834 866 in
847 839 892 866 Ev:

1022 831 1077 858 Kal.
1091 831 1167 858 οὔπω
1181 832 1251 866 λέγω
1272 834 1336 869 περὶ
1351 835 1399 870 τῆς
1413 836 1441 862 ἐν
1457 837 1513 868 τοῖς
1531 837 1710 872 Εὐαγγελίοις
1729 848 1772 874 τη-

149 882 226 916 geliis
238 881 340 916 scripta
354 882 435 917 digna
464 888 527 909 sunt
541 890 602 917 qua:
614 884 805 911 observentur.
834 883 934 912 llorutn

149 928 359 963 unumquodque
379 928 513 955 rationem
531 929 611 956 habet
627 930 739 956 multam
766 930 935 957 animadver-

147 981 232 1009 suque
249 975 386 1002 difﬁcilem
417 982 470 1002 non
500 975 579 1010 vulgo
594 977 680 1003 solum
691 995 698 1008 ,
717 976 762 1003 sed
778 980 806 1003 et
825 976 934 1011 quibus-

145 1021 208 1048 dam
227 1028 262 1048 ex
278 1021 486 1056 intelligentiam
503 1029 625 1048 numero.
654 1022 767 1049 Accedit
793 1022 933 1057 expositio

145 1066 332 1101 parabolarum
349 1066 493 1099 altissima,
507 1074 576 1102 quas
593 1067 671 1094 Jesus
685 1067 821 1094 extraneis
834 1075 931 1095 narra-

144 1113 200 1144 bat,
213 1118 318 1140 servata
330 1112 512 1147 explicatione
529 1113 572 1145 iis,
586 1113 631 1147 qui
652 1112 763 1140 meliore
787 1121 868 1148 quant
882 1121 931 1140 ex-

145 1159 232 1186 tranei
245 1158 340 1186 auditu
369 1163 477 1193 essent,
493 1163 521 1186 et
538 1159 582 1193 qui
602 1159 637 1186 ad
662 1159 749 1193 ipsutn
777 1166 837 1186 sese
855 1160 929 1187 domi

144 1206 270 1241 privatim
288 1206 475 1241 adiungerent.
500 1206 688 1234 Admirabitur
707 1206 788 1233 etiam
806 1206 929 1241 cogitans

141 1259 195 1287 qua
213 1252 319 1279 ratione
350 1252 458 1287 quidam
489 1252 624 1285 extranei,
656 1252 767 1288 quidam
786 1252 926 1280 domestici

140 1303 283 1326 vocentur.
298 1299 380 1326 Eccui
401 1306 476 1332 vero,
491 1299 571 1326 modo
586 1305 684 1333 capere
700 1302 792 1331 queat,
807 1298 927 1325 admira-

141 1345 206 1372 tioni
218 1352 270 1372 non
284 1350 366 1372 erunt
381 1344 444 1372 Jeso
461 1346 649 1379 mlgrationes,
664 1344 744 1371 modo
774 1344 926 1372 ascenden-

140 1391 174 1418 tis
187 1391 213 1418 in
229 1395 348 1419 montem
375 1396 406 1419 ut
435 1391 556 1425 quaedam
583 1389 658 1417 dicat
681 1389 796 1417 faciatve
824 1396 870 1418 aut
896 1398 927 1419 se

139 1437 333 1472 transﬁguret;
361 1437 441 1464 modo
471 1435 542 1462 infra
569 1435 690 1463 curantis
723 1436 843 1464 inﬁrmos
875 1444 924 1465 nec

135 1483 260 1510 valentes
274 1482 421 1510 ascendere
449 1489 503 1516 quo
523 1480 597 1507 illum
632 1481 755 1516 discipuli
773 1483 925 1516 sequeban-
938 1502 959 1530 ε

135 1527 199 1555 tur?
215 1527 268 1554 Sed
283 1526 327 1553 hic
342 1534 396 1554 non
413 1526 488 1554 locus
506 1529 547 1552 est
563 1526 708 1552 enarrandi
724 1533 783 1560 qua:
800 1534 862 1555 vere
876 1535 924 1555 au-

135 1577 214 1607 gusta
247 1577 312 1600 sunt
327 1577 354 1599 et
367 1571 459 1599 divina
479 1571 506 1598 in
519 1570 675 1605 Evangeliis
688 1575 714 1598 et
730 1571 844 1605 Christi,
873 1573 924 1600 hoe

134 1623 178 1646 cst
193 1617 334 1652 sapientia;
345 1621 372 1644 et
387 1616 470 1644 Verbi
484 1616 512 1643 in
526 1615 610 1644 Paulo
626 1616 759 1650 loquentis
769 1637 776 1650 ,
793 1623 921 1646 mentem.

133 1663 207 1690 Satis
233 1662 334 1690 fuerint
355 1668 416 1696 qua:
431 1661 485 1688 dixi
505 1661 539 1688 ad
558 1661 758 1696 reprimendam
782 1663 920 1697 indignam

133 1708 294 1743 philosopho
305 1708 378 1735 Celsi
394 1708 561 1741 irrisionem,
569 1708 626 1736 ausi
637 1709 818 1737 reconditiora
827 1709 920 1737 Eccle-

131 1755 178 1782 sia:
187 1755 234 1783 Dei
247 1757 374 1790 mysteria
383 1762 443 1782 cum
452 1754 641 1790 (Egyptiorum
649 1755 813 1788 felibus,aut
820 1756 918 1788 simiis,

130 1802 344 1835 autcrocodilis,
362 1807 409 1829 aut
425 1801 517 1833 hircis,
533 1805 582 1828 aut
594 1801 708 1828 canibus
724 1808 893 1836 comparare.

166 1847 212 1874 22.
228 1846 297 1881 Quin
314 1852 341 1875 et
355 1852 385 1874 ut
396 1847 497 1874 nullam
510 1847 629 1882 speciem
648 1847 854 1875 obtrectationis
882 1849 919 1875 ir—

127 1893 295 1928 risionisque
323 1893 454 1928 reliquam
474 1893 574 1920 faceret
595 1900 692 1920 scurra
710 1893 771 1926 ille,
795 1895 917 1922 nominat

127 1939 155 1967 in
166 1947 215 1968 suo
232 1944 326 1967 contra
351 1947 400 1967 nos
416 1939 518 1974 scripto
541 1939 611 1966 libro
626 1938 780 1972 Dioscuros,
810 1939 914 1967 Hercu-

127 1984 193 2018 lem,
210 1985 404 2020 Esculapium,
425 1984 573 2015 Bacchum,
590 1985 636 2019 qui
652 1985 722 2019 apud
748 1985 856 2013 Graecos
881 1993 914 2013 ex

126 2030 282 2058 hominibus
295 2031 321 2057 in
340 2031 451 2057 deorum
466 2037 608 2057 numerum
624 2030 702 2057 relati
718 2031 911 2064 credebantur,

124 2080 153 2103 et
167 2076 228 2103 ait:
247 2083 297 2103 nos
311 2083 365 2102 non
381 2075 464 2108 ferre,
480 2076 504 2103 si
528 2083 576 2111 pro
597 2076 648 2103 diis
679 2076 716 2103 illi
750 2076 910 2109 habeantur,

122 2122 197 2155 quia,
211 2121 388 2155 quantumvis
403 2121 484 2148 multa
504 2121 610 2148 fortiter
631 2129 679 2156 pro
693 2122 847 2149 hominibus
873 2122 911 2149 fe-

988 877 1093 912 ρήσεως
1109 877 1216 905 πάντων
1237 878 1290 905 τῶν
1310 881 1528 916 γεγραμμένωνα
1541 880 1578 909 ὦν
1594 884 1710 910 ἕκαστον
1726 893 1771 910 πο-

984 921 1031 949 λὺν
1045 923 1092 949 καὶ
1103 923 1289 960 δυσθεώρητον
1305 926 1334 952 οὐ
1353 927 1432 961 μόνον
1449 929 1504 959 τοῖς
1517 928 1635 960 πολλοῖς,
1648 929 1715 956 ἀλλὰ
1731 930 1772 956 καί

983 975 1037 993 τισι
1059 967 1113 995 τῶν
1136 970 1253 996 συνετῶν
1275 971 1395 1006 περιέχει
1421 972 1514 1006 λόγον,
1536 974 1631 1009 ἔχοντα
1652 975 1772 1010 διήγησιν

984 1013 1136 1050 βαθυτάτην
1161 1016 1330 1051 παραϐολῶν,
1352 1015 1390 1044 ὦν
1405 1013 1460 1050 τοῖς
1475 1019 1526 1051 ἔξω
1546 1020 1678 1056 ἐλάλησεν
1695 1022 1709 1046 ὁ
1724 1022 1771 1057 11;-

983 1057 1162 1096 σοῦς.,τηρῶν
1182 1061 1271 1088 αὐτῶν
1292 1062 1341 1098 τὴν
1363 1065 1510 1099 σαφήνειαν
1537 1067 1593 1097 τοῖς
1620 1067 1769 1102 ὑπερϐεϐη-

981 1105 1041 1132 κόσι
1056 1106 1105 1138 τὰς
1120 1106 1283 1143 έξωτερικὰς
1299 1109 1383 1140 ἀκοὰς
1393 1129 1399 1140 ,
1417 1110 1464 1136 καὶ
1479 1111 1538 1136 κατ’
1560 1111 1626 1137 ἰδίαν
1649 1112 1724 1147 αὐτῷ
1743 1113 1770 1138 ὲν

979 1154 1012 1188 τῇ
1026 1153 1099 1187 οἰκίᾳ
1113 1154 1351 1188 προσερχομένας.
1366 1154 1539 1190 Θαυμάσεται
1554 1155 1583 1182 δὲ
1601 1157 1701 1192 νοήσας
1712 1158 1770 1184 τίνα

979 1199 1056 1234 λόγον
1071 1199 1138 1234 ἔχει,
1153 1199 1183 1226 τὺ
1196 1199 1248 1231 ἔξω
1263 1200 1338 1232 τινὰς
1354 1200 1533 1235 ὀνομάζεσθαι
1546 1220 1553 1232 ,
1567 1202 1615 1228 καὶ
1635 1201 1730 1233 ἄλλους
1741 1204 1770 1229 ἐν

977 1247 1011 1280 τῇ
1036 1245 1119 1280 οἰκίᾳ.
1140 1245 1195 1271 Καὶ
1220 1245 1300 1271 πάλιν
1325 1245 1365 1277 τίς
1385 1246 1436 1272 οὐκ
1450 1245 1482 1273 ἂν
1499 1247 1687 1283 καταπλαγείη
1717 1249 1769 1275 τῶν

977 1290 1132 1325 δυναμένων
1158 1290 1267 1325 βλέπειν
1287 1290 1336 1322 τὰς
1363 1291 1448 1326 Ἰησοῦ
1473 1293 1644 1327 μετασάσεις,
1658 1294 1770 1321 ἀναϐαί-

977 1345 1067 1368 νοντος
1081 1336 1130 1372 μὲν
1145 1338 1184 1368 εις
1195 1336 1257 1373 ὄρος
1269 1338 1314 1363 ἐπὶ
1327 1337 1438 1364 τοιοῖσδε
1461 1338 1549 1372 λόγοις
1563 1339 1579 1374 ἢ
1595 1340 1737 1374 πράξεσιν,
1750 1341 1766 1376 ἢ

976 1381 1008 1415 τῇ
1024 1380 1120 1407 ἑαυτοῦ
1140 1380 1359 1416 μεταμορφώσει,
1373 1381 1447 1408 κάτω
1458 1382 1486 1408 δὲ
1498 1382 1694 1418 θεραπεύοντος
1706 1386 1769 1416 10-h;

976 1425 1165 1460 ἀσθενοῦντας,
1191 1425 1239 1452 καὶ
1264 1426 1300 1461 μὴ
1330 1426 1494 1462 δυναμένους
1517 1428 1672 1456 ἁναὸαίνειν
1701 1431 1768 1457 ὅπου

976 1471 1085 1497 ἕπονται
1101 1471 1177 1507 αὐτῷ
1191 1472 1216 1498 οἱ
1240 1472 1358 1507 μαθηταὶ
1379 1472 1481 1506 αὐτοῦς
1496 1474 1654 1509 Διηγεῖσθαι
1669 1475 1699 1502 δὲ
1721 1476 1769 1503 νῦν

975 1516 1009 1543 τὰ
1028 1517 1135 1552 άληθῶς
1148 1518 1233 1553 σεμνὰ
1249 1517 1295 1544 καὶ
1311 1518 1369 1544 θεῖα
1384 1517 1437 1544 τῶν
1451 1519 1633 1553 Εὑαγγελίων,
1651 1521 1668 1556 ἢ
1683 1521 1729 1547 τὸν
1739 1523 1768 1548 ὲν

974 1560 1013 1596 τῷ
1026 1561 1124 1597 Παύλῳ
1134 1562 1262 1598 Χριστοῦ,
1276 1563 1397 1590 τουτέστι
1412 1564 1461 1599 τῆς
1476 1565 1571 1599 σοφίας
1587 1566 1633 1592 καὶ
1647 1566 1696 1593 τοῦ
1714 1567 1768 1593 Δό-

973 1614 1022 1642 γου
1037 1608 1108 1640 νοῦν,
1123 1609 1173 1635 οὐκ
1184 1607 1309 1644 εὔκαιρον
1320 1609 1385 1644 (97).
1407 1610 1474 1636 Ἀλλ’
1488 1610 1610 1647 αὐτάρκη
1620 1612 1767 1639 καὶταῦτα

972 1653 1041 1689 πρὸς
1052 1654 1102 1690 τὴν
1113 1654 1276 1688 ἀφιλόσοφον
1290 1654 1387 1689 χλεύην
1400 1655 1446 1681 τοῦ
1465 1655 1580 1688 Κέλσου,
1608 1658 1767 1692 ὁμοιοῦντος

970 1699 1004 1725 τὰ
1018 1699 1090 1726 ἔνδον
1105 1700 1150 1726 καὶ
1167 1699 1284 1735 μυστικὰ
1298 1700 1348 1735 τῆς
1373 1700 1535 1736 Ἐκκλησίας
1550 1701 1597 1728 τοῦ
1620 1703 1690 1730 Θεοῦ
1709 1705 1767 1735 τοῖς

969 1744 1125 1778 Αἰγυπτίων
1158 1745 1306 1781 αἰλούροις,
1323 1745 1339 1781 ἢ
1353 1746 1488 1781 πιθήκοις,
1503 1747 1519 1782 ἢ
1534 1747 1731 1783 κροκοδείλοις,
1748 1749 1765 1784 ἢ

969 1788 1089 1824 τράγοις,
1105 1788 1121 1824 ἦ
1135 1789 1222 1816 κυσίν.

1002 1844 1086 1872 Οὐδὲν
1098 1844 1126 1871 δὲ
1141 1843 1209 1877 εἶδος
1221 1845 1267 1872 τοῦ
1282 1845 1345 1881 περὶ
1357 1846 1372 1880 ἡ
1377 1847 1434 1881 μῶν
1449 1846 1599 1883 διασυρμοῦ
1613 1849 1661 1874 καὶ
1675 1856 1765 1875 κατα-

967 1889 1082 1923 γέλοπος
1101 1891 1258 1917 καταλιπὼν
1272 1892 1285 1917 ὁ
1301 1892 1454 1928 βωμολόχος
1476 1893 1589 1924 Κέλσος,
1604 1894 1633 1920 ὲν
1646 1894 1687 1928 τῷ
1701 1895 1765 1921 καθ’

966 1936 1043 1971 ἡμῶν
1056 1937 1127 1972 λόγῳ
1139 1938 1325 1973 Διοσκούρους,
1342 1939 1389 1966 καὶ
1408 1934 1553 1974 Ἡρακλέα,
1572 1939 1619 1966 καὶ
1641 1940 1764 1975 Ἀσκλη-

966 1981 1036 2013 πιὸν,
1059 1981 1105 2008 καὶ
1119 1981 1244 2010 Διόνυσον
1257 1983 1401 2018 ὀνομάζει,
1416 1984 1479 2015 τοὺς
1493 1983 1521 2017 ἐξ
1537 1984 1695 2019 ἀνθρώπων
1714 1994 1764 2012 πε-

965 2027 1160 2061 πιστευμένους
1183 2029 1248 2063 ’παρ¹
1272 2027 1398 2064 Ἕλλησιν
1419 2031 1559 2063 γεγονέναι
1588 2030 1690 2062 θεοὺς.
1714 2031 1764 2058 καί

963 2080 1044 2107 φησιν
1063 2081 1071 2097 ι
1097 2073 1146 2099 οὐκ
1172 2073 1314 2108 ἀνέχεσθαι
1338 2074 1387 2109 μὲν
1406 2076 1479 2109 ἡμᾶς
1500 2075 1610 2107 τούτους
1633 2078 1763 2112 νομίζειν

962 2116 1049 2150 οεοὺς,
1069 2117 1110 2143 ὅτι
1135 2117 1272 2152 ἄνθρωποι
1295 2116 1365 2154 ἦσαν
1390 2121 1436 2146 καὶ
1459 2121 1562 2156 πρῶτοι
1580 2121 1649 2153 (98),
1667 2123 1762 2150 καίτοι

121 2167 222 2199 cerint,
246 2166 371 2194 homines
389 2171 480 2194 tamen
503 2167 619 2198 primum
646 2172 742 2198 erant;
771 2167 891 2194 afﬁrmar

992 2161 1045 2188 ιλλὰ
1065 2162 1282 2198 ἐπιδειξαμένους
1300 2164 1346 2190 καὶ
1367 2167 1475 2199 γενναῖα
1490 2166 1559 2201 ὑπὲρ
1575 2166 1737 2203 ἀνθρώπων
1752 2178 1759 2184 ·

120 2219 186 2239 vero
200 2211 291 2239 Jesum
312 2216 447 2240 mortuum
461 2220 476 2239 a
492 2213 548 2239 suis
581 2213 716 2240 sodalibus
733 2218 908 2247 conspectum

119 2257 220 2290 fuisse;
237 2267 246 2284 ›
263 2257 391 2293 additque
406 2258 609 2289 criminationi,
636 2265 695 2290 nos,
713 2265 774 2284 cum
794 2258 908 2286 dicimus

121 2311 131 2328 ι
153 2302 228 2330 illum
258 2308 432 2338 conspectum
461 2311 532 2336 esse,
562 2303 589 2330 id
614 2302 649 2330 de
675 2303 770 2329 umbra
793 2303 906 2338 intelligi

118 2347 199 2376 velle.
220 2357 229 2375 ι
249 2348 457 2384 Respondemus
479 2351 512 2377 ad
534 2350 602 2382 haec,
630 2347 725 2375 callide
741 2348 785 2375 hic
797 2347 904 2375 Celsum

117 2399 205 2428 neque
220 2393 300 2428 plane
324 2396 492 2430 expressisse
509 2401 538 2421 se
555 2401 608 2420 non
635 2393 725 2420 colere
750 2393 903 2428 huiusmodi

117 2439 192 2472 deos,
207 2440 307 2475 quippe
320 2441 436 2468 veritum
452 2447 486 2468 ne
500 2440 547 2474 qui
565 2439 592 2466 in
603 2438 661 2474 eius
682 2438 782 2466 librutn
797 2439 901 2467 incide-

150 2543 209 2578 (95)
223 2543 430 2577 Παραστῆσαι.
445 2542 629 2578 Hancivocem
642 2544 713 2572 delet
726 2545 856 2573 Gelenius
875 2551 903 2574 et

114 2578 254 2610 sequentia
281 2578 345 2611 legit
360 2579 386 2604 in
410 2581 495 2604 recto.
520 2577 575 2611 Ego
600 2578 698 2606 addere
723 2580 814 2607 malint
838 2588 901 2608 cum

113 2611 255 2639 Boherello
270 2612 398 2650 δύνασαι,
424 2612 497 2646 quod
526 2611 604 2644 facile
627 2619 737 2648 propter
755 2615 786 2641 τὺ
811 2616 903 2650 ὁμοιό-

112 2655 219 2673 πτωτον
229 2648 370 2674 exciderit.

148 2681 204 2721 (illi)
219 2681 411 2721 Πειρώμεγος.
423 2679 477 2721 θὶς
487 2688 581 2721 omnes
589 2689 778 2721 iuss._excepto
794 2684 900 2721 loliario

110 2714 200 2755 qui‘in
221 2721 294 2742 textu
309 2714 404 2755 habet:
422 2714 590 2755 βουλόμενος.
604 2716 718 2755 ibidem,
733 2714 898 2755 ’ἐφαντάσθη

110 2749 370 2787 αὑτὸννενοηκέναι.
392 2749 467 2787 Loco
492 2749 582 2785 αὐτόν,
602 2749 743 2787 legendum
764 2749 837 2781 forte
852 2749 895 2784 ἂνξ

111 2788 159 2810 aut
170 2784 250 2811 αὐτόν
263 2784 374 2815 Omnino
393 2785 534 2813 delendutu
544 2805 552 2820 ,
569 2784 716 2815 uisi'malis
739 2788 829 2822 legere
844 2789 894 2815 αὐ-

958 2208 1004 2235 τὺν
1020 2208 1048 2235 δὲ
1071 2209 1171 2244 Ἰησοῦν
1186 2209 1354 2237 ἀποθανόντα
1378 2211 1429 2237 ὑπὸ
1443 2211 1496 2237 τῶν
1518 2212 1591 2238 ἰδίων
1609 2212 1761 2241 θιασωτῶν

958 2251 1047 2288 ὦφθαι
1062 2263 1166 2289 φαμεν⁸
1185 2265 1195 2280 ι
1213 2257 1430 2291 προσκατηγορεῖ
1449 2257 1472 2282 δ’
1491 2258 1571 2292 ήμῶν
1590 2259 1640 2285 καὶ
1653 2260 1694 2291 li);
1712 2261 1761 2287 λε-

956 2299 1058 2332 γόντων
1077 2308 1086 2325 ‹
1105 2299 1185 2326 αὑτὸν
1201 2297 1300 2335 ὦφθαι,
1315 2301 1361 2327 καὶ
1379 2301 1464 2328 ταῦτα
1480 2303 1568 2329 σκιάν.
1588 2313 1597 2329 ι
1608 2305 1666 2331 Καὶ
1682 2306 1759 2342 πρὸς

956 2343 1043 2370 ταῦτα
1053 2344 1082 2371 δὲ
1094 2345 1225 2380 φήσομεν,
1248 2347 1289 2372 ὅτι
1311 2346 1404 2378 δεινῶς
1417 2348 1431 2374 ὁ
1443 2347 1546 2381 Κέλσος
1568 2349 1631 2376 οὔτε
1656 2352 1758 2386 σαφῶς

956 2388 1111 2425 παρέστησε
1141 2390 1177 2425 μὴ
1198 2391 1287 2418 σέϐειν
1312 2391 1421 2424 τούτους
1436 2393 1474 2424 ὡς
1493 2394 1586 2426 θεούς·
1607 2395 1757 2423 εὐλαὸεἰτο

955 2433 1009 2469 γὰρ
1025 2435 1074 2470 τὴν
1096 2434 1173 2467 δόξαν
1198 2436 1251 2462 τῶν
1272 2436 1468 2472 ἐντευξομένων
1486 2439 1567 2466 αὐτοῦ
1585 2442 1619 2476 τῇ
1640 2444 1753 2478 γραφῇ.

954 2547 1012 2584 τός,
1020 2548 1097 2584 quod
1111 2549 1200 2584 minus
1214 2549 1312 2584 placet.

989 2583 1045 2626 (97)
1061 2582 1136 2623 Lib_b.
1152 2582 1287 2624 impressi,
1298 2585 1318 2626 ﬁ
1332 2584 1378 2624 top
1393 2585 1422 2626 έν
1436 2585 1474 2621 τῷ
1489 2587 1750 2626 ΠαύλῳέΧρισ-τοῦ.

952 2618 1073 2644 τουτέστι
1088 2618 1137 2652 τῆς
1157 2618 1250 2654 σοφίας
1263 2618 1370 2654 καιτοῦ
1385 2618 1471 2654 Λόγου
1482 2641 1490 2653 ,
1509 2622 1556 2648 νῦν
1576 2618 1751 2651 οὐκέῡκαιέ

952 2660 1009 2694 ρον,
1024 2653 1070 2679 sed
1084 2660 1150 2694 mss,
1168 2653 1278 2694 liegius,
1293 2653 1457 2694 Iinsileensis
1480 2662 1508 2684 et
1526 2657 1580 2684 duo
1596 2658 1749 2694 Anglicani

953 2691 982 2712 nt
998 2690 1024 2713 in
1038 2691 1130 2713 nostro
1144 2693 1230 2719 textu,
1247 2690 1358 2716 rectius.

988 2721 1043 2762 (98)
1055 2720 1113 2762 lia!
1127 2721 1596 2762 aszoz._Bohe_rello_scribendum
1620 2729 1749 2762 videtur.

951 2757 998 2783 καὶ
1012 2755 1129 2791 πρῶτον,
1146 2755 1186 2784 vel
1197 2758 1297 2792 potius,
1314 2758 1345 2785 τὸ
1360 2758 1478 2794 πρῶτον.
