1848 3091
171 136 223 167 947

894 139 1053 168 ORIGENIS

1744 139 1789 168 948

173 196 280 222 illorum
296 199 324 222 et
338 193 400 221 Iesu
431 193 561 221 historiae.
574 193 614 221 An
628 193 707 229 461
734 194 804 222 volet
817 195 911 223 Celsus
925 197 942 223 il

1032 195 1103 221 ιντεῖ
1113 195 1140 221 δὲ
1154 194 1199 221 τὸν
1224 194 1302 228 λόγον
1322 195 1336 220 ὁ
1355 195 1465 227 Κέλσος,
1488 194 1576 229 λέγων
1599 195 1686 222 αὑτὸν
1712 191 1790 230 ὦφθαι

171 242 257 269 lorum
269 248 360 268 veram
376 247 436 267 esse
447 259 454 271 ,
471 239 551 274 hujus
580 244 668 267 autem
695 241 838 268 conﬁctam
851 262 858 275 ,
873 249 954 277 quam

170 287 338 321 scripserunt
359 285 376 312 ii
403 285 449 319 qui
479 292 571 312 rerum
595 285 718 312 omnium
748 287 847 314 orulati
872 292 954 315 testes

168 336 256 363 erant,
273 331 318 365 qui
336 338 365 358 re
386 330 564 357 ostenderunt
592 330 642 357 sibi
659 332 797 367 explorata
822 339 881 360 esse
895 341 954 367 quae

167 376 302 409 viderant,
317 376 363 410 qui
376 375 492 410 denique
504 383 558 410 quo
581 376 671 404 animo
685 384 788 410 essent,
816 378 962 413 perferen-

168 422 209 449 dis
223 420 353 448 alacriter
370 421 430 455 ejus
449 420 579 449 doctrinae
598 430 681 451 causa
701 423 839 458 suppliciis
861 424 955 452 testiﬁ-

168 466 221 493 cati
233 466 320 493 sunt?
338 466 437 500 Ecquis
451 466 545 494 volens
572 473 645 495 recte
673 468 763 496 facere
789 468 896 502 omnia,
913 474 954 496 te-

168 517 243 538 mere
258 510 424 538 assentiatur
439 509 472 537 iis
488 517 548 544 quae
567 512 600 538 de
619 511 672 539 illis
697 511 794 538 tradita
813 516 893 542 sunt,
923 519 953 538 ea

166 564 242 590 vero,
256 564 316 591 quae
333 557 366 585 de
378 556 442 585 Jesu
468 556 601 590 feruntur,
627 557 730 592 absque
750 557 805 585 ullo
831 558 954 585 examine

168 601 258 637 rejit'ia
263 607 271 628 ι
277 603 292 628 ’ἶ

204 736 249 763 24.
267 736 372 764 Rursus
392 744 452 764 cum
473 737 506 764 de
528 736 686 772 .‘Esculapio
707 738 810 765 dicitur
825 746 952 774 magnam

169 783 307 809 hominum
326 782 529 810 multitudinem
553 784 709 811 Graecorum
730 788 756 811 et
774 784 953 813 barbarorum

170 828 270 855 vidisse
282 831 309 854 et
322 828 412 855 adhuc
426 828 530 860 videre,
546 836 600 855 non
623 832 762 862 spectrum
793 829 893 864 ipsum,
906 831 952 858 sed

169 874 316 907 ipsummet
342 878 499 906 saltantem,
527 873 659 901 beneﬁcia
687 873 890 908 conferentem,
909 883 954 904 res

168 917 275 946 futuras
291 918 493 952 praedicentem.
507 918 627 953 postulat
639 919 733 947 Celsus
749 923 778 946 ut
797 927 846 959 nos
860 921 955 948 creda-

167 971 250 996 mus;
269 970 356 998 neque
386 963 419 990 iis
437 963 482 998 qui
501 963 528 990 in
553 963 645 992 Jesum
671 966 786 993 credunt
806 966 954 1001 exprobrat

165 1009 237 1044 quod
249 1008 303 1036 illis
318 1008 401 1036 rebus
423 1009 542 1036 tribuant
557 1008 641 1036 ﬁdem
659 1018 668 1037 :
682 1011 794 1045 quando
806 1015 897 1039 autem
913 1012 955 1038 di-

165 1054 288 1088 scipulis,
301 1055 347 1089 qui
363 1053 494 1082 miracula
515 1053 580 1081 Jesu
598 1055 726 1083 viderunt
749 1057 846 1091 suique
870 1057 953 1083 animi

165 1100 351 1128 sinceritatem
377 1101 601 1135 comprobarunt,
625 1101 810 1134 assentimur;
826 1109 875 1129 nos
891 1102 952 1129 Cel-

166 1154 213 1174 sus
225 1147 340 1181 appellat
354 1146 455 1177 fatuos,
471 1147 596 1181 quamvis
607 1153 703 1173 eorum
730 1147 894 1182 probitatem
910 1147 952 1174 in-

166 1193 389 1228 genuitatemque
399 1194 555 1226 videamus,
570 1198 702 1229 quantum
718 1200 752 1221 ex
768 1193 877 1228 scriptis
893 1193 954 1220 aui-

167 1245 242 1265 mum
255 1238 347 1266 videre
358 1239 440 1271 licet;
455 1243 652 1273 nequetamen
667 1239 812 1266 ostendere
835 1238 954 1273 potuerit

165 1283 405 1318 innumerabilem,
421 1290 450 1312 ut
476 1284 612 1319 loquitur,
637 1284 840 1311 multitudinem
865 1283 955 1311 homi-

165 1335 229 1355 num
243 1327 400 1356 Grzecorum
413 1333 441 1356 et
461 1329 652 1361 barbarorum,
667 1329 714 1363 qui
728 1328 888 1363 Esculapio
906 1335 952 1355 as-

164 1374 398 1402 sentiantur..Nos
419 1378 527 1408 contra,
544 1375 598 1402 hoc
613 1375 635 1402 si
661 1381 790 1409 magnum
812 1375 876 1409 quid
893 1381 954 1402 esse

165 1423 251 1453 putat,
275 1419 350 1447 elare
364 1420 533 1447 ostendimus
551 1420 780 1448 innumerabilem
805 1419 952 1454 quamdam

165 1464 366 1492 multitudinem
384 1465 541 1492 Graecorum
557 1468 584 1492 et
608 1465 791 1493 barbarorum
806 1466 851 1501 qui
868 1465 953 1494 conﬁ-

1006 239 1094 267 σκιάν.
1110 241 1164 267 Καὶ
1176 239 1392 272 συνεξεταζέσθω
1403 249 1435 274 γε
1447 240 1480 267 τὰ
1489 240 1544 267 τῶν
1557 241 1622 276 περὶ
1638 241 1744 268 ἐκείνου
1760 242 1792 276 (8)

1007 285 1129 321 ἱστοριῶν
1144 287 1178 321 τῇ
1194 286 1259 321 περὶ
1275 285 1321 312 τοῠ
1342 286 1438 321 Ἰησοῦ.
1455 287 1489 311 Ἦ
1500 287 1591 312 ἐκεῖνα
1608 287 1660 321 μὲν
1678 285 1793 320 βούλεται

1005 330 1018 355 ὁ
1041 329 1143 360 Κέλσος
1173 327 1242 356 εἶναι
1260 329 1361 364 ἀληθῆ,
1376 330 1460 357 ταῦτα
1481 330 1510 357 δὲ
1526 331 1724 366 ἀναγραφέντα
1748 332 1795 357 ὑπὸ

1005 374 1058 401 τῶν
1077 374 1261 409 τεθεαμένων,
1276 374 1373 409 καὶτῷ
1391 375 1463 410 ἔργῳ
1483 376 1629 409 δειξάντων
1647 376 1699 411 τὴν
1721 377 1795 412 ἐνάρ-

1004 427 1081 454 γειαν
1092 419 1142 454 τῆς
1161 419 1337 454 καταλήψεως
1359 420 1422 455 περὶ
1441 420 1486 446 τοῦ
1508 421 1730 456 τεθεωρημένου,
1755 422 1796 448 καὶ

1005 464 1236 500 παραστησάντων
1250 464 1298 500 τὴν
1312 464 1431 491 διάθεσιν
1447 466 1476 492 ὲν
1492 464 1532 497 οἷς
1554 467 1707 502 προθύμως
1731 467 1796 502 ὑπὲρ

1004 509 1050 536 τοῦ
1063 509 1142 544 λόγου
1165 509 1247 536 αὐτοῦ
1267 510 1448 542 πεπόνθασιν,
1469 509 1538 538 εἶναι
1561 512 1715 547 πλάσματα
1727 521 1734 544 ;
1747 513 1797 539 Καὶ

1004 556 1046 587 τίς
1062 555 1104 588 ἂν,
1121 555 1192 582 κατὰ
1208 556 1238 582 τὺ
1250 555 1359 589 εὔλογον
1374 555 1461 582 πάντα
1478 557 1607 592 πράττειν
1627 557 1726 589 θέλων,
1737 558 1797 584 ἀπο-

1005 602 1181 638 κληρωτικῶς
1207 603 1403 637 συγκατάθοιτο
1416 602 1453 638 (9)
1467 601 1517 636 μὲν
1536 602 1600 637 περὶ
1614 601 1730 628 ἐκείνων
1741 610 1748 616 ι
1762 603 1796 633 εἰς

1004 648 1032 675 δὲ
1045 649 1079 676 τὰ
1093 650 1156 684 περὶ
1172 649 1265 676 τούτου
1280 649 1463 682 ἀνεξετάστως
1477 648 1570 684 ὁρμῶν
1581 648 1736 682 ἀπιστῆσαι
1748 649 1796 678 ταῖς

1005 703 1040 720 πε
1044 694 1070 730 ρὶ
1087 694 1169 721 αὐτοῦ
1180 703 1187 727 ;

1040 740 1094 766 Καὶ
1109 739 1190 766 πάλιν
1204 739 1270 766 ἐπὰν
1285 739 1334 774 μὲν
1351 738 1473 774 περὶτοῦ
1491 737 1660 774 Ἀσκληπιοῦ
1675 738 1794 773 λέγηται,

1005 785 1044 810 ὅτι
1057 784 1124 810 πολὺ
1138 783 1288 820 ἀνθρώπων
1306 783 1408 818 πλῆθος
1426 783 1558 818 Ἑλλήνων
1582 792 1613 809 τε
1635 783 1686 810 καὶ
1700 784 1796 819 βαρϐά-

1007 839 1062 866 ρων
1081 830 1206 866 ὀμολογεῖ
1218 830 1348 862 πολλάκις
1363 829 1435 861 ἰδεῖν,
1449 829 1495 856 καὶ
1511 828 1552 855 ἑτι
1569 830 1648 864 ὁρᾷν,
1664 830 1695 855 ού
1709 830 1797 864 φάσμα

1005 875 1071 903 αὐτὸ
1085 875 1174 907 τοῦτο,
1187 875 1255 902 ἀλλά
1272 874 1456 910 θεραπεύοντα
1469 874 1516 901 καὶ
1531 874 1742 910 εὐεργετοῦντα,
1754 876 1796 902 καὶ

1004 920 1040 948 τὰ
1057 921 1187 956 μέλλοντα
1204 921 1381 957 προλέγοντα,
1405 921 1541 947 πιστεύειν
1564 921 1640 955 ἡμᾶς
1663 920 1679 946 ὸ
1700 920 1796 951 Κέλσος

1005 966 1086 999 ἀξιοῖ,
1102 967 1149 992 καί
1164 967 1214 992 οὐκ
1231 966 1342 1000 ἐγκαλεῖ
1357 966 1413 997 τοῖς
1434 966 1473 997 εἰς
1487 965 1533 991 τὸν
1554 965 1660 1000 Ἰησοῦν
1685 967 1794 996 πιστοῖς,

1004 1011 1073 1038 ὲπάν
1090 1011 1194 1043 τούτοις
1210 1011 1383 1046 πιστεύωμεν
1396 1011 1462 1046 (10)·
1480 1011 1548 1037 ἐπὰν
1570 1010 1599 1037 δὲ
1624 1012 1684 1042 τοῖς
1711 1010 1794 1045 μαθη-

1003 1058 1064 1088 ταῖς
1090 1057 1137 1083 καὶ
1159 1055 1332 1091 τεθεαμένοις
1357 1055 1391 1081 τὰ
1413 1055 1542 1090 τεράστια
1566 1054 1614 1081 τοῦ
1632 1054 1736 1090 Ἰησοῦ,
1754 1055 1796 1081 καὶ

1004 1103 1168 1137 παριστᾶσιν
1187 1101 1309 1137 ἐναργῶς
1325 1101 1355 1128 τὸ
1371 1101 1511 1135 εὔγνωμον
1523 1100 1570 1135 τῆς
1585 1100 1693 1126 ἑαυτῶν
1714 1108 1796 1126 συνει-

1003 1148 1107 1183 δήσεως
1122 1147 1368 1182 συγκαταθώμεθα,
1383 1145 1499 1182 ὁρῶντες
1511 1145 1542 1172 τὺ
1560 1145 1737 1181 ἀπάνουργον
1754 1146 1795 1172 αύ-

1003 1192 1066 1225 τῶν,
1082 1193 1144 1218 ὅσον
1169 1192 1242 1219 ἐστὶν
1269 1192 1333 1219 ἰδεῖν
1356 1191 1508 1226 συνείδησιν
1530 1190 1584 1217 ἀπὺ
1607 1191 1793 1226 γραμμάτων·

1003 1238 1109 1273 εὐήθεις
1125 1238 1197 1269 τινὲς
1212 1235 1280 1264 εἴναι
1305 1237 1363 1272 (ll)
1381 1236 1457 1272 παρά
1481 1236 1519 1271 τῷ
1544 1236 1642 1271 Κέλσῳ
1669 1236 1794 1271 ὀνομαζό-

1007 1284 1087 1318 μεθα,
1111 1284 1161 1310 οὐκ
1177 1283 1264 1318 ἔχοντι
1284 1283 1458 1318 παραστῆσαι
1483 1281 1622 1317 ἀμύθητον
1648 1282 1698 1317 (ὦς
1723 1283 1794 1316 φησι)

1004 1329 1106 1364 πλῆθος
1130 1327 1279 1365 ἀνθρώπων
1300 1328 1432 1363 Ἐλλήνων
1459 1328 1505 1355 καὶ
1531 1327 1680 1362 βαρϐάρων
1704 1327 1794 1362 611.010—

1003 1375 1123 1410 γούντων
1145 1375 1311 1410 Ἀσκληπιῷ.
1330 1375 1424 1409 Ἡμεῖς
1436 1373 1500 1409 γὰρ⁷
1514 1374 1538 1399 εἰ
1551 1373 1630 1399 τοῦτο
1642 1372 1743 1408 σεμνὸν
1757 1371 1780 1399 ei

1002 1429 1047 1448 vat
1061 1420 1176 1456 νομίζει,
1197 1420 1319 1455 ἐναργῶς
1338 1419 1481 1454 δείκνυμεν
1497 1419 1638 1454 ἀμύθητόν
1654 1427 1681 1445 τι
1699 1418 1792 1454 adite-lg

1008 1466 1141 1502 Ἑλλήνων
1152 1475 1182 1493 τε
1197 1467 1244 1492 καὶ
1259 1465 1402 1500 βαρόἀρων
1413 1464 1615 1499 ὁμολογούντων
1631 1463 1672 1498 τῷ
1692 1463 1791 1499 Ἰησοί”

167 1514 257 1536 tentur
271 1509 363 1537 Jesum
379 1519 385 1536 ε
399 1517 516 1544 quorum
533 1510 643 1544 quidam
665 1511 693 1538 in
707 1511 740 1538 iis
758 1519 827 1546 quos
845 1516 941 1539 curant

1032 1513 1075 1544 νές
1085 1512 1113 1539 δὲ
1129 1513 1229 1547 σημεῖα
1243 1511 1289 1537 τοῦ
1307 1510 1445 1545 εἰληφέναι
1461 1518 1487 1536 τι
1501 1509 1545 1536 διὰ
1559 1509 1611 1544 τὴν
1627 1509 1722 1536 πίστιν
1736 1509 1792 1535 ταύ-

165 1554 321 1588 signiﬂcant
332 1562 362 1582 se
375 1561 423 1589 per
442 1556 512 1582 hanc
534 1555 613 1582 [idem
637 1556 785 1583 miriﬁcum
812 1556 951 1591 quidpiam

166 1601 323 1635 accepisse;
342 1601 443 1636 quippe
464 1602 533 1629 nihil
548 1602 621 1630 aliud
637 1603 664 1630 in
678 1609 727 1630 eos
744 1603 789 1637 qui
814 1604 955 1632 curatione

166 1652 236 1680 opus
251 1646 360 1679 habent,
374 1647 513 1680 invocant,
526 1655 608 1682 quam
637 1656 794 1683 supremum
810 1649 892 1676 Deum
909 1649 952 1677 .Ie-

166 1698 252 1725 suque
277 1698 388 1732 nomen,
406 1692 533 1728 adjuncta
545 1693 579 1720 de
594 1693 648 1721 isto
660 1693 785 1721 historia.
798 1694 846 1722 llis
862 1700 890 1722 et
905 1703 954 1723 nos

167 1737 285 1764 vidimus
312 1737 412 1765 multos
449 1738 577 1773 gravibus
605 1739 787 1767 incommodis
810 1740 952 1774 liberatos,

166 1781 332 1809 alienatione
347 1783 457 1816 mentis,
475 1783 591 1817 insania,
602 1784 717 1819 aliisque
731 1785 879 1818 sexcentis,
894 1793 954 1820 qua:

167 1833 253 1861 neque
272 1827 406 1860 homines,
423 1835 512 1863 neque
530 1829 663 1857 daemonia
676 1836 852 1858 sanaverunt.

201 1916 246 1944 25.
263 1916 317 1944 Sed
330 1916 383 1945 etsi
404 1917 515 1945 daretur
532 1918 666 1946 medicum
688 1919 831 1952 quemdam
851 1920 952 1948 dazmo-

165 1968 228 1988 nem
240 1961 428 1997 Esculapium
444 1963 564 1997 nomine,
576 1963 678 1991 mederi
691 1965 865 1999 corporibus,
878 1966 952 1994 dice-

165 2014 224 2034 rem
246 2007 280 2034 ad
307 2007 368 2035 illos
382 2008 428 2042 qui
455 2007 526 2035 istud
547 2008 730 2042 admirantur,
755 2014 802 2037 aut
821 2011 953 2044 Apollinis

165 2052 359 2080 divinationem
378 2060 385 2079 :
401 2052 430 2080 Si
445 2053 630 2081 curandorum
645 2061 791 2089 corporum
804 2063 849 2083 ars
866 2063 953 2090 neque

165 2097 266 2124 bonum
280 2097 345 2132 quid
358 2093 445 2132 neque
464 2097 565 2125 malum
584 2103 638 2132 est,
650 2103 677 2126 et
693 2098 719 2125 in
732 2098 818 2128 bonos
830 2107 907 2134 aeque
921 2108 953 2127 ac

164 2142 305 2176 improbos
322 2143 413 2174 cadat.
426 2143 554 2170 etfutura
566 2145 752 2178 praenoscendi
769 2145 812 2173 vis
821 2146 858 2174 sit
869 2146 952 2174 etiam

1005 1566 1054 1593 την
1067 1557 1280 1593 παραδοξότερον
1300 1555 1500 1582 ἐπιδείκνυνται
1521 1555 1549 1580 ἐν
1565 1551 1606 1586 οἷς
1628 1553 1793 1589 θεραπεύου-

1006 1611 1047 1629 σιν
1057 1611 1063 1618 ·
1083 1602 1157 1629 οὐδὲν
1172 1602 1234 1629 ἄλλο
1246 1600 1389 1631 καλοῦντες
1405 1600 1453 1626 ἐπὶ
1469 1600 1532 1630 τοὺς
1550 1599 1698 1634 δεομένους
1719 1599 1793 1633 θερα-

1005 1648 1084 1679 πείας
1100 1648 1117 1683 ἢ
1133 1647 1179 1674 τὸν
1190 1647 1236 1673 ἐπὶ
1252 1647 1318 1674 πᾶσι
1335 1646 1411 1677 Θεὸν,
1429 1646 1476 1672 καὶ
1492 1646 1521 1672 τὸ
1537 1644 1584 1671 τοῦ
1605 1645 1696 1679 Ἰησοῦ
1716 1645 1794 1679 δνομα

1006 1693 1075 1730 μετὰ
1087 1694 1136 1728 τῆς
1147 1693 1210 1728 περὶ
1226 1692 1308 1719 αὐτοῦ
1326 1691 1453 1727 ἱστορίας.
1467 1691 1577 1721 Τούτοις
1585 1690 1642 1726 γὰρ
1659 1691 1709 1717 καὶ
1721 1691 1794 1725 ἡμεῖς

1005 1739 1167 1775 ἑωράκαμεν
1180 1738 1293 1770 πολλοὺς
1305 1737 1510 1771 ἀπαλλαγέντας
1523 1736 1652 1772 χαλεπῶν
1669 1743 1795 1771 συμπτω-

1006 1786 1109 1821 μάτων,
1137 1786 1184 1812 καὶ
1203 1785 1357 1811 ἐκστάσεων
1374 1783 1421 1810 καὶ
1439 1782 1552 1818 μανιῶν,
1573 1783 1622 1809 καὶ
1639 1783 1730 1809 ἄλλων
1748 1791 1793 1817 μυ-

1007 1830 1081 1865 ρίων,
1099 1830 1171 1867 άπερ
1188 1829 1244 1857 ὦτ’
1265 1829 1402 1864 ἅνθρωποι
1417 1827 1479 1854 οὔτε
1491 1827 1619 1863 δαίμονες
1643 1828 1791 1864 ἐθεράπευ-

1005 1885 1065 1903 σαν.

1041 1922 1101 1948 Ἵνα
1120 1921 1148 1947 δὲ
1171 1921 1218 1948 καὶ
1239 1920 1359 1957 Sillim),
1382 1920 1473 1955 ἰατρόν
1497 1928 1558 1946 τινα
1576 1919 1694 1954 δαίμονα
1720 1919 1793 1954 θερα-

1005 1966 1098 1993 πεύειν
1121 1964 1235 2001 σώματα
1256 1965 1302 1991 τὸν
1317 1964 1483 1999 καλούμενον
1502 1963 1679 1999 Ἀσκληπιὸν,
1697 1963 1794 1997 εἴποιμ’

1003 2011 1037 2038 ἂν
1049 2010 1118 2046 πρὸς
1138 2010 1200 2042 τοὺς
1219 2009 1406 2045 θαυμάζοντας
1422 2009 1452 2036 τὸ
1472 2008 1586 2040 τοιοῦτο,
1601 2009 1618 2044 ἢ
1636 2008 1687 2044 τὴν
1705 2008 1794 2034 Ἀπόλ-

1004 2057 1087 2088 λωνος
1102 2055 1241 2091 μαντείαν,
1258 2055 1298 2082 ὅτι
1312 2055 1398 2089 Εἴπερ
1415 2054 1496 2089 μέσον
1509 2055 1584 2081 ἐστὶν
1595 2055 1613 2089 ἡ
1627 2054 1684 2080 τῶν
1708 2053 1795 2089 σωμά-

1003 2111 1057 2129 των
1079 2101 1198 2137 ίατρικὴ,
1216 2102 1264 2128 καὶ
1284 2102 1400 2138 πρᾶγμα
1420 2103 1520 2129 πῖπτον
1534 2101 1585 2127 οὐκ
1608 2102 1650 2132 εἰς
1674 2100 1794 2130 ἀστείους

1007 2148 1096 2184 μόνον,
1110 2147 1178 2174 ἀλλά
1199 2148 1246 2174 καὶ
1268 2147 1395 2182 φαύλους,
1411 2146 1492 2181 μέσον
1510 2146 1538 2173 δὲ
1559 2147 1608 2173 καὶ
1621 2147 1639 2181 ἡ
1662 2145 1793 2181 περὶτῶν

164 2187 230 2221 quid
245 2186 474 2223 indiﬁ‘erens(nec
485 2189 557 2216 enim
577 2190 670 2217 statim
684 2189 730 2223 qui
742 2189 833 2218 futura
847 2199 944 2226 praeno-

1032 2193 1158 2220 ελλόντων
1184 2194 1336 2229 πρόγνωσις
1357 2194 1396 2228 (ού
1413 2193 1468 2228 γὰρ
1485 2192 1595 2224 πάντως
1613 2192 1745 2227 ἐμφαίνει
1769 2191 1793 2217 τὸ

165 2232 229 2266 scit,
242 2233 324 2260 etiam
340 2234 382 2262 vir
398 2235 487 2262 bonus
501 2234 565 2271 est),
585 2236 698 2270 probate
714 2237 800 2264 malos
815 2244 868 2264 non
890 2245 951 2266 esse

164 2277 211 2312 qui
225 2283 322 2305 sanant
334 2283 381 2306 aut
397 2286 585 2314 pranoscunt;
602 2282 732 2316 quosdam
749 2287 824 2310 certo
840 2283 953 2311 demon-

164 2323 248 2350 strari
261 2324 360 2358 bonos,
373 2330 402 2352 et
422 2333 518 2361 parum
544 2327 640 2355 abesse
654 2333 682 2355 ut
696 2327 733 2354 dii
750 2328 950 2357 existimentur.

165 2366 220 2395 Sed
233 2375 287 2396 non
308 2374 436 2404 poterunt
450 2371 535 2399 bonos
550 2374 667 2408 probare
683 2383 730 2403 eos
741 2383 812 2409 esse,
836 2376 882 2410 qui
907 2383 952 2403 sa-

165 2418 233 2440 nant
245 2418 292 2441 aut
305 2415 352 2449 qui
370 2422 555 2449 praenoscunt.
570 2418 646 2446 Multi
664 2420 737 2447 enim
756 2420 885 2448 dicuntur
906 2427 950 2448 sa-

165 2459 231 2492 nati,
244 2461 291 2495 qui
308 2462 363 2488 vita
379 2462 482 2497 indigni
494 2467 585 2497 erant,
605 2468 633 2491 ct
649 2463 750 2499 quibus
764 2465 873 2500 sapiens
892 2473 948 2492 rne-

205 2564 241 2599 (8)
256 2563 333 2600 less”
349 2564 384 2591 τὰ
405 2565 458 2592 τῶν
481 2565 544 2600 περ)¹
567 2565 683 2592 ἐκείνου.
700 2565 779 2592 Libb.
796 2567 901 2598 extensi,
923 2566 957 2592 τὰ

164 2600 229 2635 περὶ
243 2598 296 2626 τῶν
312 2600 427 2636 ἐκείνῳ,
445 2601 491 2627 sed
514 2598 669 2636 legendum,
686 2599 720 2626 τά
734 2600 787 2626 τῶν
802 2600 867 2636 περὶ
883 2602 955 2628 ὲκεί-

165 2644 229 2666 νων,
244 2639 272 2660 ιιι
286 2640 379 2662 monet
396 2635 565 2662 Boltcrellus.
695 2662 699 2668 ,
841 2635 844 2636 ⁷
906 2655 911 2660 .

200 2669 236 2705 (9)
253 2668 481 2705 Συγκατάθοιτο.
507 2675 560 2696 etc.
576 2669 651 2697 Haud
672 2671 730 2697 scio
753 2678 787 2696 an
803 2670 947 2705 legendum

165 2705 210 2735 sit,
221 2738 227 2741 _
239 2704 434 2741 συγκατάθοιτο
465 2704 513 2738 μὲν
542 2706 599 2741 τοῖς
612 2712 615 2715 ·
626 2706 690 2741 περὶ
707 2704 843 2741 ἐκείνωνέ
871 2705 951 2733 Certe

165 2738 247 2771 paulo
257 2744 322 2775 post
340 2739 365 2775 in
378 2738 474 2775 alt_ero_
483 2739 606 2775 membro
621 2738 687 2767 mss.
706 2740 815 2771 habent,
834 2740 949 2775 ἀπιστή-

165 2781 211 2814 ea}
227 2773 283 2803 τοῖς
309 2773 372 2807 περὶ
393 2772 487 2799 αὑτοῦ.
508 2772 536 2799 ln
561 2773 637 2801 libris
662 2780 741 2801 antea
766 2775 848 2801 editis
872 2772 948 2802 deeét

165 2814 230 2836 τοις.

202 2840 257 2874 (10)
272 2841 323 2867 Kal
343 2842 397 2867 οὐκ
413 2841 535 2875 ἐγκαλεῖ
552 2842 611 2875 τοῖς
631 2844 673 2875 εἷς
695 2843 747 2870 τὸν
767 2844 886 2878 Ἰησοῦν
901 2852 948 2871 πι-

1004 2240 1110 2266 ἀστείον
1130 2240 1145 2266 ὁ
1167 2238 1377 2274 προγινώσκων)
1391 2248 1397 2254 -
1417 2238 1612 2274 παραστήσατε
1633 2237 1695 2269 πῶς
1720 2237 1794 2264 οὐδα-

1006 2284 1064 2319 μῶς
1087 2285 1136 2320 μέν
1158 2286 1211 2311 εἱσι
1228 2284 1322 2319 φαῦλοι
1342 2285 1366 2311 οι
1389 2283 1598 2320 θεραπεύοντες,
1616 2283 1633 2318 ἢ
1655 2284 1681 2310 οἱ
1703 2291 1794 2318 προγι-

1003 2329 1180 2363 γνώσκοντες,
1206 2330 1288 2356 παντὶ
1305 2329 1334 2356 δέ
1353 2329 1447 2364 τρόπῳ
1468 2328 1677 2355 ἀποδείκνυνται
1695 2326 1793 2354 ἀστείοί

1003 2383 1084 2406 τινες,
1107 2376 1154 2402 καὶ
1168 2375 1198 2402 οὺ
1222 2375 1329 2411 μακρὰν
1353 2374 1400 2400 τοῦ
1420 2373 1608 2409 ὑποληφθῆναι
1633 2370 1706 2400 εἶναι
1731 2372 1791 2399 θεοί.

1009 2420 1079 2446 Ἀλλ’
1098 2421 1128 2447 ού
1148 2421 1305 2456 δυνήσονται
1322 2421 1446 2452 ἀστείους
1469 2418 1609 2451 ἀποδεῖξαι
1631 2419 1698 2451 τοὺς
1717 2418 1793 2453 θερα-

1003 2467 1144 2499 πεύοντας,
1161 2467 1178 2501 ἢ
1190 2468 1253 2499 τοὺς
1263 2466 1527 2503 προγιγνώσκοντας,
1544 2465 1653 2493 πολλῶν
1668 2466 1717 2492 καὶ
1733 2465 1791 2491 ἀνα-

1007 2569 1101 2601 στοῖς,
1123 2569 1201 2596 ἐπὰν
1214 2570 1328 2602 τούτοις
1348 2569 1544 2603 πιστεύωμεν.
1572 2568 1637 2596 Haec
1653 2576 1669 2595 a
1684 2568 1790 2596 Gelenio

1005 2611 1058 2630 non
1074 2609 1269 2637 agnoscuntur.
1285 2609 1313 2631 et
1330 2604 1428 2631 Guieto
1446 2604 1569 2631 addititia
1584 2604 1725 2631 videntur.

1039 2637 1206 2672 (Η)Εἷναι.
1230 2639 1374 2666 Abundare
1391 2638 1510 2670 videtur,
1540 2643 1568 2665 et
1593 2640 1693 2666 abesse
1717 2644 1789 2672 posse

1003 2671 1142 2709 existimat
1157 2673 1281 2709 Guietus.
1299 2673 1381 2709 Forte
1395 2673 1538 2709 legendum
1557 2677 1667 2708 postea,
1683 2671 1787 2707 νομιζό-

1002 2707 1090 2749 με9εεκ
1101 2716 1150 2749 Pr?
1162 2708 1361 2749 ἀνριιαξόμςθοι-

1037 2741 1167 2777 (12)⁷Δῶ·
1185 2741 1289 2777 Διῖιμεν’
1305 2743 1402 2779 legisse
1425 2742 1532 2779 videtur
1555 2742 1702 2779 Gelenius.
1731 2741 1785 2779 Mox

1001 2775 1097 2805 onities
1127 2785 1205 2809 mss.,
1231 2775 1423 2813 ἴατρόῖτινα.
1451 2777 1528 2805 Libb.
1556 2778 1642 2810 editi,
1673 2775 1788 2814 ίατρικάν

1001 2820 1069 2839 τινα.
