1848 3091
73 111 127 139 9ῖὸ

657 113 802 141 CONTRA
818 112 962 140 CELSUM
981 113 1045 140 LIB.
1067 112 1110 140 lll.

1650 113 1705 141 954

74 167 142 201 μίην
166 166 272 202 ἔχοντα,
296 167 441 203 ἀνδριάντα
463 169 528 205 παρ’
545 169 625 196 αὑτὸν
641 170 764 196 ἱστάναι·
781 170 859 204 φάναι

953 176 1030 196 omen
1049 169 1181 196 haberet:
1198 168 1300 195 dixisse
1319 168 1392 196 enim
1409 168 1471 199 sibi.
1489 168 1562 203 ipsos
1583 177 1645 197 esse
1659 178 1703 197 so-

73 213 130 248 γάρ
156 222 218 247 σφιν
238 214 283 240 τὸν
306 215 470 247 Ἀπόλλωνα,
494 216 665 243 Ἰταλιωτέων
695 216 815 252 μούνοισι
831 216 863 251 δὴ

73 258 222 286 ἀπικέσθαι
237 260 265 290 ἐς
280 259 327 295 τὴν
340 260 441 297 χώρην,
458 262 505 288 καὶ
525 262 606 294 αὑτός
622 261 647 289 οι
662 262 776 289 ἔπεσθαι
789 263 802 289 ὁ
816 262 864 289 νῦν

73 301 128 328 ἐὼν
155 303 310 338 Ἀριστέης·
328 305 389 331 τότε
414 305 452 338 δὲ,
469 306 513 332 ὅτε
538 307 631 332 εἵπετο
646 306 685 342 τῷ
713 307 776 341 θεῷ,
792 305 863 333 εἶναι

73 348 169 383 κόραξ.
188 349 242 375 Καὶ
267 350 312 376 τὸν
341 351 390 386 μὲν
417 352 528 379 εἰπόντα
551 351 649 384 ταῦτα,
664 353 862 387 ἀφανισθῆναι·

73 394 161 427 σφέας
177 394 205 420 δὲ
219 396 414 422 Μεταποντῖνοι
424 396 548 431 λέγουσιν
564 398 593 429 ἐς
603 397 721 432 Δελφοὺς
739 397 864 433 πέμψαν-

71 446 133 469 τας,
152 438 273 465 τὸν.θεὸν
287 441 439 476 ἐπερωτᾷν,
456 441 470 467 ὅ
484 450 510 467 τι
527 441 557 468 τὸ
581 442 676 477 φάσμα
695 442 742 468 τοῦ
758 442 864 477 ἀνθρὼ-

72 492 125 509 που
143 484 199 519 εἵηι
213 485 263 520 τήν
277 493 305 511 τε
322 486 377 521 (28)
397 486 501 522 Πυθίην
519 487 604 521 σφέας
619 488 747 515 κελεῦσαι
771 488 863 514 πείθε-

73 529 137 555 σθαι
153 529 192 565 τῷ
217 530 351 566 φάσματι,
369 532 554 567 πειθομένοισι
566 541 596 558 τε
611 533 721 568 ἄμεινον
743 533 864 560 συνοίσε-

72 575 153 602 σθαι·
173 576 217 602 καὶ
234 576 319 611 σφέας
346 577 509 613 δεξαμένους
534 578 621 605 ταῦτα
649 580 760 615 ποιῆσαι
774 580 864 606 ἐπιτε-

70 622 121 648 λέα
139 622 205 658 (29).
220 624 275 649 Καὶ
291 623 337 649 νῦν
354 624 469 659 ἕστηκεν
484 625 595 661 ἀνδριὰς
618 626 777 660 ἐπωνυμίην
794 625 864 660 ἔχων

77 667 212 703 Ἀριστέω
228 670 294 703 παρ’
309 669 384 704 αὐτῷ
400 669 441 704 τῷ
464 671 602 706 ἀγάλματι
617 670 664 697 τοῦ
687 671 862 702 Ἀπόλλωνος.

69 713 141 749 Περὶ
154 713 183 740 δὲ
197 714 278 740 αὑτὸν
292 715 390 749 δάφναι
416 717 519 742 ἑστᾶσι.
548 716 585 742 Τὸ
608 716 636 743 δέ
653 717 766 752 ἄγαλμα
783 718 812 744 ἐν
829 718 862 753 τῇ

68 758 158 794 ἀγορῇ
174 758 288 794 ἵδρυται.
311 760 441 796 Ἀριστέω
458 762 507 797 μὲν
529 761 576 788 νῦν
599 762 664 797 πέρι
690 762 810 789 τοσαῦτα
826 763 865 789 εί-

70 804 176 839 ρήσθιυ.
193 815 202 830 ι

915 215 956 241 los
969 222 1001 242 ex
1017 213 1144 245 ltaliotis,
1161 213 1188 240 in
1204 221 1319 248 quorum
1334 219 1435 241 terram
1451 214 1547 249 Apollo
1561 216 1701 246 venisset;

916 259 1004 294 ipsum
1031 266 1104 286 nunc
1125 265 1184 286 esse
1207 266 1237 285 se
1256 259 1403 291 Aristeam,
1426 260 1471 294 qui
1495 260 1570 287 illum
1594 265 1703 288 secutus

915 304 1023 337 fuerat;
1050 312 1164 332 corvum
1189 309 1280 331 autem
1305 302 1390 331 fuisse
1419 314 1480 333 cum
1516 308 1595 335 deum
1626 307 1702 334 illum

916 355 1092 384 sequeretur;
1114 356 1240 383 eumque,
1253 349 1296 376 his
1316 350 1406 383 dictis,
1420 353 1576 382 evanuisse.
1593 354 1702 383 Addunt

916 395 1092 429 Metapontini
1120 403 1150 422 se
1173 397 1207 423 ad
1229 396 1308 423 deum
1336 396 1362 422 in
1383 396 1499 431 Delphos
1524 400 1630 428 misisse
1655 403 1700 436 qui

917 441 1122 475 interrogarent
1141 442 1278 476 quodnam
1295 447 1367 468 esset
1389 447 1526 476 spectrum
1549 445 1630 480 hujus
1652 448 1702 474 ho-

916 486 1013 520 minis;
1029 487 1157 522 Pythiam
1173 487 1321 521 imperasse
1342 492 1370 514 ut
1385 493 1494 522 spectro
1507 495 1646 523 parerent,
1662 493 1702 520 sic

916 530 1013 558 melius
1030 539 1090 558 cum
1116 532 1183 567 ipsis
1205 537 1295 559 actum
1315 532 1347 559 iri
1362 542 1369 559 :
1385 532 1428 559 his
1445 540 1474 560 se
1490 541 1618 563 assensos
1641 545 1703 565 esse

915 582 943 604 et
958 576 1057 603 ell'eeta
1078 577 1241 605 reddidisse.
1259 578 1292 604 Et
1305 586 1377 605 nunc
1391 583 1480 606 statua
1495 586 1587 607 exstat
1600 589 1703 616 cogno-

917 623 993 649 mine
1016 622 1132 649 Aristeae
1152 627 1263 657 propter
1278 631 1354 650 aram
1370 624 1454 658 ipsam
1471 624 1554 661 464
1570 626 1703 661 Apollinis

915 667 1001 695 lauris
1017 668 1196 695 circumdata.
1214 668 1312 696 Erecta
1333 675 1374 697 est
1388 673 1479 696 autem
1506 672 1531 697 in
1551 671 1620 699 foro.
1642 671 1704 700 Haec

916 714 949 742 de
964 713 1074 741 Aristea
1086 714 1228 742 hactenus.
1240 724 1249 741 ι

105 850 223 878 Λεκτέον
237 850 267 886 δὴ
285 852 353 887 πρὸς
367 852 415 888 τὴν
430 853 494 888 περὶ
509 853 555 880 τοῦ
573 854 712 890 Ἀριστέου
731 855 859 890 ἱστορίαν,

953 848 995 875 27.
1009 847 1050 874 Ad
1063 847 1134 875 hanc
1148 848 1181 875 de
1192 848 1300 875 Aristea
1314 847 1460 875 historiam
1473 848 1619 876 dicendum
1635 849 1706 876 futu-

66 896 123 927 ὅτι,
140 897 164 922 εί
183 897 231 931 μέν
248 898 261 923 ὁ
279 898 381 929 Κέλσος
401 898 439 930 ὡς
464 899 585 934 ἱστορίαν
606 900 691 935 αὐτὴν
717 899 861 932 ἐξετίθετο,

68 942 109 976 μὴ
125 941 173 968 καὶ
187 941 236 977 τὴν
252 943 348 969 ἑαυτοῦ
366 943 563 977 συγκατάθεσιν
578 944 728 979 ἐμφαίνων,
742 945 863 980 παραδε-

66 986 187 1021 ξαμένου
205 987 289 1022 αὐτὴν
312 988 349 1019 ὡς
376 988 473 1023 ἀληθῆ,
488 988 574 1020 ἄλλως
599 989 631 1015 ἂν
643 989 711 1024 πρὸς
723 990 768 1016 τὸν
784 990 863 1023 λόγον

66 1031 153 1058 αὑτοῦ
166 1033 378 1067 ἀπηντήσαμεν·
396 1034 457 1060 ἐπεὶ
479 1035 506 1061 δὲ
533 1035 678 1070 δαιμονίως
695 1036 776 1062 αὑτὸν
792 1037 863 1070 ἠφα-

65 1077 171 1110 νίσθαι,
189 1078 310 1113 ἐναργῶς
325 1079 347 1105 δ’
359 1077 437 1111 αὖθις
456 1081 583 1116 φανῆναι,
598 1081 646 1108 καὶ
664 1081 797 1116 πολλαχοῦ
814 1082 864 1117 τῆς

64 1124 233 1160 οἰκουμένης
254 1125 481 1161 ἐπιδεδημηκέναι
498 1127 574 1162 φησὶ,
595 1128 641 1155 καὶ
655 1127 799 1163 θαυμαστὰ
811 1130 862 1163 ὴγέ

64 1170 197 1204 γελκέναι
206 1179 213 1185 ⁸
225 1171 263 1197 ἔτι
279 1171 307 1197 δέ
317 1172 363 1197 καὶ
372 1173 494 1207 χρησμὸν
505 1173 552 1199 τοῦ
567 1173 742 1206 Ἀπόλλωνος,
750 1175 865 1210 ἐπισκή-

64 1215 170 1250 ψαντος
184 1216 395 1248 Μεταποντίνοις
406 1219 434 1243 ἐν
442 1218 509 1244 θεῶν
524 1219 606 1254 μοίρᾳ.
617 1220 709 1254 νέμειν
723 1220 768 1246 τὸν
788 1221 862 1256 Ἀρι-

65 1261 161 1293 στέαν,
187 1262 226 1293 ὡς
254 1263 300 1296 ἀφ’
316 1263 413 1289 ἐαυτοῦ
437 1264 505 1298 (30),
526 1266 574 1291 καὶ
595 1266 864 1301 συγκατατιθέμενος

65 1307 206 1334 ἐκτίθεται
230 1307 308 1341 λόγον
323 1308 369 1335 τὸν
392 1310 459 1345 πρὸς
476 1311 573 1336 αὐτόν·
594 1311 640 1337 καὶ
662 1312 731 1343 πῶς,
749 1312 817 1343 ὅλως
832 1321 863 1339 τε

65 1353 219 1388 πλάσματα
233 1354 432 1389 ὑπολαμϐάνων
446 1355 482 1382 τὰ
507 1356 560 1382 ὑπὸ
583 1356 637 1383 τῶν
657 1356 744 1392 Ἰησοῦ
772 1357 860 1393 μαθη-

64 1399 123 1425 τῶν
139 1400 279 1434 παράδοξα
292 1401 354 1436 περὶ
368 1401 450 1428 αὑτοῦ
468 1402 713 1437 ἀναγεγραμμένα,
729 1403 776 1429 καὶ
792 1411 861 1438 μεμ-

65 1444 187 1479 φόμενος
203 1447 259 1476 τοῖς
273 1446 444 1473 πιστεύουσιν
458 1448 560 1478 αὐτοῖς,
575 1447 660 1473 ταῦτα
673 1448 702 1473 οὺ
719 1449 861 1483 τερατείαν

63 1490 130 1517 οὕτε
145 1490 293 1526 πλάσματα
309 1490 378 1519 εἶναι
392 1492 526 1528 νομίζεις;
548 1492 610 1524 Πῶς
631 1492 660 1519 δὲ
675 1493 722 1520 καὶ
741 1495 755 1520 ὁ
771 1493 861 1526 ἄλλοις
874 1507 895 1535 c

64 1536 205 1570 ἐγκαλῶν,
222 1538 260 1568 ὡς
277 1537 381 1572 ἀλόγως
402 1538 559 1565 πιστεύουσι
582 1540 639 1571 τοῖς
654 1540 718 1575 περὶ
742 1539 790 1566 τοῦ
810 1541 862 1575 Ἰη-

65 1582 115 1609 σοῦ
135 1583 310 1618 παραδόξοις,
327 1584 358 1610 σὺ
376 1584 513 1616 τοσούτοις
532 1585 652 1620 ἐμφαίνῃ
678 1586 861 1614 πεπιστευκέ-

63 1636 122 1660 ναι,
146 1627 275 1663 οὺδεμίαν
300 1629 435 1661 ἀπόδειξιν
461 1630 526 1665 περὶ
544 1630 633 1657 αὐτῶν
653 1631 669 1666 ἢ
687 1632 860 1667 κατασκευὴν

63 1674 134 1709 περὶ
156 1673 204 1699 τοῦ
222 1674 293 1700 αὐτὰ
312 1675 450 1708 γεγονέναι
471 1675 579 1710 φέρων;
599 1675 634 1702 Ἢ
655 1676 798 1710 Ἡρόδοτος
813 1677 862 1712 μὲν

64 1719 114 1744 καὶ
139 1717 273 1753 Πίνδαρος
289 1718 414 1752 ἀψευδεῖν
441 1720 517 1755 παρὰ
543 1721 585 1746 σοὶ
604 1720 775 1754 νομίζονται”
792 1722 817 1747 σί
840 1722 861 1748 δ’

62 1762 252 1798 ἀποθνήσκειν
283 1764 479 1799 μελετήσαντες
507 1765 576 1801 ὑπὲρ
597 1767 651 1793 τῶν
675 1767 760 1802 Ἰησοῦ
779 1767 863 1803 μαθη-

65 1808 175 1843 μάτων,
200 1809 248 1835 καὶ
272 1810 383 1836 τοιαῦτα
398 1811 451 1845 (51)
470 1811 534 1846 περὶ
557 1808 594 1838 ὧν
623 1812 788 1847 ἐπείσθησαν
807 1815 862 1845 τοῖς

63 1855 132 1889 ἑξῆς
161 1855 357 1887 καταλιπόντες
395 1857 558 1892 γράμματα,
591 1858 655 1892 περ)¹
694 1858 861 1893 πλασμάτων

64 1900 115 1935 (ὠς
138 1900 214 1936 οἵει,)
236 1902 282 1927 καὶ
301 1901 393 1936 μύθων
419 1903 466 1928 καὶ
483 1903 630 1938 τερατειῶν
651 1904 778 1930 τοσοῦτον
794 1905 878 1938 ὰγων

63 1948 199 1980 νίζονται,
217 1947 254 1979 ὡς
276 1949 322 1974 καὶ
347 1948 396 1983 ζῇν
421 1948 621 1984 περιστατικῶς
645 1949 678 1975 δι’
708 1949 789 1981 αὐτὰ,
814 1950 861 1976 καὶ

61 1993 253 2028 ἀποθνήσκειν
278 1993 388 2028 βιαίως;
405 1994 496 2021 Μέσον
522 1995 612 2022 τοίνυν
638 1995 738 2022 σαυτὸν
762 1996 862 2031 στήσας

61 2039 120 2066 τῶν
138 2047 170 2065 τε
188 2039 252 2074 περὶ
271 2038 317 2066 τοῦ
332 2040 471 2074 Ἀριστέου
497 2041 699 2076 γεγραμμένων
728 2040 796 2076 (52),
816 2043 862 2068 καὶ

62 2086 121 2112 τῶν
136 2085 203 2120 περὶ
216 2084 262 2111 τοῦ
281 2085 368 2120 Ἰησοῦ
387 2086 597 2120 ἱστορουμένων,
615 2085 652 2112 ῑδε
670 2087 694 2112 εί
715 2086 752 2121 μὴ
768 2087 800 2113 ἐκ
815 2086 861 2113 τοῦ

62 2130 233 2162 ἀποϐάντος,
251 2131 297 2157 καὶ
311 2130 365 2157 τῶν
383 2131 582 2166 ὠφελουμένων
597 2132 636 2163 εις
653 2132 726 2166 ἠθῶν
743 2133 861 2167 ἐπανόρ-

915 902 974 921 rum
991 894 1076 925 fuisse
1099 899 1138 926 ut,
1155 894 1177 921 si
1198 894 1294 921 Celsus
1317 894 1393 920 illam
1420 898 1450 921 ut
1467 894 1611 921 historiam
1635 896 1704 922 alle-

914 948 994 975 gans,
1011 947 1063 967 non
1085 940 1253 977 signiﬁcaret
1265 941 1304 968 illi
1323 948 1353 976 se
1368 941 1497 968 assentiri
1518 946 1546 968 et
1562 946 1591 968 nt
1610 950 1702 969 veram

914 986 1050 1020 accipere,
1074 986 1127 1013 alia
1157 988 1265 1014 ratione
1294 987 1366 1021 quod
1393 987 1489 1021 objicit
1513 988 1702 1015 solveremus:

913 1031 1044 1067 qttoniam
1073 1039 1138 1060 vero
1164 1032 1255 1062 divine
1271 1033 1347 1061 illum
1366 1035 1523 1068 evanuisse,
1540 1042 1636 1062 rursus
1654 1043 1704 1070 pa-

914 1075 968 1102 lam
990 1076 1194 1110 comparuisse,
1219 1076 1302 1103 multa
1337 1078 1413 1105 orbis
1434 1078 1493 1105 loca
1521 1078 1647 1105 invisisse
1675 1083 1703 1105 et

913 1122 1038 1150 miranda
1057 1123 1231 1150 renuntiasse
1250 1123 1325 1156 dicit,
1341 1128 1368 1151 et
1383 1129 1516 1159 prmterea
1534 1125 1619 1152 refert
1634 1132 1700 1152 ora-

914 1167 1003 1194 culum
1019 1167 1172 1202 Apollinis,
1195 1168 1241 1202 qui
1269 1168 1462 1203 Metapontinis
1484 1169 1596 1197 mandat
1624 1174 1653 1196 ut
1675 1170 1701 1195 in

913 1212 1027 1240 deorum
1050 1220 1163 1240 numero
1181 1213 1322 1240 Aristeam
1348 1213 1477 1247 habeant,
1500 1219 1528 1242 et
1555 1215 1614 1242 haec
1631 1214 1704 1242 velut

913 1264 947 1284 ex
972 1257 1061 1292 seipso
1087 1262 1115 1285 et
1140 1259 1295 1287 asscntiens
1308 1260 1342 1287 de
1356 1260 1464 1287 Aristea
1484 1265 1701 1292 commemorat;

913 1311 1026 1338 quazro:
1043 1302 1083 1330 Tu
1106 1305 1153 1338 qui
1175 1305 1287 1332 omnino
1310 1305 1438 1340 ﬁgmenta
1464 1313 1525 1333 esse
1541 1311 1621 1340 putas
1642 1313 1704 1340 qua:

913 1349 945 1376 de
960 1349 1022 1376 .lesu
1055 1350 1195 1377 miraculis
1224 1351 1350 1385 discipuli
1374 1351 1471 1379 litteris
1495 1352 1702 1387 consignatum,

912 1400 940 1421 et
951 1395 1059 1423 incusas
1074 1403 1121 1423 eos
1139 1396 1184 1430 qui
1201 1396 1255 1424 illis
1272 1397 1424 1432 atljungunt
1443 1398 1545 1430 Iidem;
1563 1399 1703 1432 quomodo

913 1447 957 1467 res
974 1441 1128 1475 hnjusmodi
1145 1442 1299 1477 prodigiose
1309 1443 1442 1470 conﬁctas
1459 1443 1622 1479 tabulasque
1640 1451 1702 1471 esse

913 1494 966 1514 non
979 1487 1105 1521 judieas?
1119 1487 1261 1520 Quomodo
1288 1494 1315 1514 lu
1328 1488 1374 1523 qui
1391 1488 1452 1515 aliis
1473 1489 1541 1516 vitio
1555 1490 1615 1520 das.
1630 1489 1702 1523 quod

912 1532 974 1559 .lesu
990 1533 1118 1560 miracula
1134 1533 1207 1560 nulla
1224 1535 1329 1562 ratione
1345 1535 1506 1567 admittant,
1521 1535 1584 1562 talia
1600 1535 1703 1562 videris

911 1578 1066 1610 admittere,
1087 1579 1160 1605 nulla
1178 1579 1261 1606 allata
1284 1581 1446 1614 probatione
1470 1580 1599 1614 nulloque
1622 1587 1704 1614 argu-

912 1630 1015 1658 mento,
1032 1632 1074 1651 res
1091 1624 1150 1651 illas
1166 1626 1334 1660 contigisse?
1349 1626 1390 1652 An
1406 1626 1576 1653 Herodotum
1593 1631 1620 1652 et
1640 1626 1703 1652 Pin-

913 1670 1009 1697 darum
1024 1675 1104 1705 putas
1118 1671 1269 1698 mendaciis
1283 1679 1338 1699 non
1358 1671 1467 1704 fallere;
1484 1672 1529 1706 qui
1552 1679 1617 1699 vero
1632 1672 1703 1698 mori

912 1721 1007 1750 optant
1033 1724 1082 1750 pro
1107 1715 1172 1743 Jesu
1190 1716 1362 1744 documentis
1387 1721 1415 1744 et
1439 1717 1542 1751 scripta
1561 1717 1596 1743 de
1622 1717 1703 1743 rebus

912 1769 979 1795 quas
993 1766 1152 1795 perspectas
1177 1762 1323 1795 habebant,
1351 1762 1385 1788 ad
1408 1768 1536 1796 posteros
1560 1762 1702 1788 transmit-

914 1806 994 1832 temla
1013 1807 1193 1840 reliquerunt,
1214 1814 1261 1834 eos
1286 1815 1334 1841 pro
1358 1807 1508 1841 figmentis,
1534 1815 1583 1841 pro
1604 1807 1702 1834 fabulis

913 1852 1037 1886 ﬁctisque
1053 1853 1183 1887 prodigiis
1199 1860 1285 1886 usque
1295 1853 1363 1879 adeo
1374 1853 1541 1885 decertassc,
1561 1858 1591 1880 ut
1602 1853 1702 1880 misere

913 1898 1004 1924 vivere
1022 1902 1050 1925 et
1069 1898 1095 1924 vi
1118 1905 1132 1924 c
1151 1898 1240 1924 medio
1261 1898 1318 1925 tolli
1345 1899 1462 1926 vellent?
1481 1898 1520 1925 Te
1539 1900 1597 1933 ipse
1612 1899 1702 1933 potius

913 1943 1046 1970 arbitrum
1073 1942 1243 1970 constituens
1274 1943 1347 1970 inter
1376 1951 1406 1970 ea
1441 1951 1503 1978 qua:
1529 1944 1563 1970 de
1593 1944 1700 1971 Aristea

912 1990 1014 2023 scripta
1026 1993 1100 2022 sunt,
1118 1993 1145 2016 et
1156 1996 1187 2016 ea
1202 1997 1262 2023 qua:
1284 1989 1317 2016 de
1331 1988 1395 2016 Jesu
1411 1994 1570 2021 narrantur,
1587 1989 1650 2016 vide
1666 1997 1701 2016 ex

913 2040 1010 2063 eventu
1024 2039 1051 2062 et
1067 2042 1101 2062 ex
1115 2035 1147 2061 iis
1161 2042 1219 2069 qua:
1235 2036 1266 2062 ad
1283 2043 1389 2063 morum
1403 2035 1624 2062 emendationem
1642 2035 1701 2069 pie-

914 2085 1050 2114 tatemque
1070 2086 1135 2114 erga
1156 2087 1292 2108 summum
1316 2079 1398 2107 Deum
1420 2079 1604 2106 inducendam
1629 2084 1701 2106 uter-

913 2133 965 2160 que
983 2126 1059 2159 iecit,
1077 2133 1167 2153 annon
1190 2126 1242 2152 hoc
1267 2125 1399 2159 judicium
1431 2124 1497 2152 ferri
1523 2125 1631 2158 debeat,
1641 2132 1702 2152 cre-

62 2177 152 2204 Θωσιν
177 2176 224 2203 καὶ
237 2176 380 2203 εὐλάὸειαν
407 2178 457 2212 τὴν
481 2177 549 2213 πρὸς
561 2178 607 2204 τὸν
630 2179 677 2204 ἐπὶ
699 2179 766 2206 πᾶσι
782 2179 859 2211 Θεὸν,

953 2173 1031 2199 ndum
1056 2180 1117 2199 esse
1137 2180 1189 2199 non
1212 2172 1272 2198 sine
1296 2171 1352 2197 Deo
1376 2171 1449 2199 facta
1473 2171 1559 2198 fuisse
1584 2178 1644 2206 qua:
1668 2172 1701 2199 de

62 2223 141 2249 ἐστὶν
155 2222 253 2253 εἰπεῖν,
271 2223 311 2248 ὄτι
328 2223 485 2249 πιστευτέον
503 2224 553 2258 μὲν
567 2223 603 2255 ὡς
617 2224 668 2250 οὐκ
690 2224 765 2250 ἀθεεὶ
781 2233 860 2258 γενο-

64 2267 162 2302 μένοις
175 2269 231 2298 τοῖς
253 2268 317 2303 περὶ
337 2268 424 2303 ’1ησοῦ
449 2269 661 2304 ἱστορουμένοις,
678 2270 738 2305 οὐχὶ
757 2270 788 2296 δὲ
805 2271 862 2302 τοῖς

62 2314 131 2349 περὶ
146 2314 195 2340 τοῦ
212 2314 412 2349 Προκοννησίου
433 2314 582 2350 ’Δριστέου.

100 2359 135 2386 Τί
166 2359 216 2394 μὲν
245 2359 299 2395 γὰρ
328 2359 476 2395 βουλομένη
493 2361 512 2395 ἡ
539 2360 657 2396 Πρόνοια
674 2359 709 2387 τὰ
735 2361 800 2396 περὶ
815 2361 861 2387 τὸν

69 2405 221 2440 Ἀριστέαν
235 2405 374 2441 παράδοξα
395 2405 637 2441 ἐπραγματεύετο;
660 2406 715 2432 Καὶ
740 2406 766 2432 τί
791 2406 863 2441 ὡφε-

62 2450 149 2486 λῆσαι
164 2449 195 2477 τδ
206 2450 260 2477 τῶν
269 2451 421 2487 ἀνθρώπων
431 2452 508 2485 γένος
522 2451 578 2487 (55)
589 2451 752 2487 βουλομένη,
766 2452 802 2478 τὰ
814 2460 864 2487 τη-

62 2496 187 2524 λικαῦτα
212 2497 260 2533 (ὡς
279 2498 352 2533 οἴει),
370 2497 560 2531 ἐπεδείκνυτο;
584 2498 641 2525 Οὐκ
663 2497 736 2533 ἔχεις
759 2498 862 2533 λέγειν.

102 2608 167 2643 (28)
187 2607 354 2635 Hmschelius
375 2609 401 2635 in
419 2612 507 2641 textu,
523 2609 563 2635 ὅτι
586 2617 616 2635 τε
645 2607 792 2643 φάντασμα
812 2607 861 2634 τοῦ

61 2642 216 2679 ἀνθρώπου
230 2644 287 2678 εἴης
304 2644 354 2679 τὴν
366 2644 405 2675 δέ,
421 2649 474 2670 etc.

102 2677 165 2712 (‘29)
185 2677 309 2705 Idem'in
332 2677 416 2709 lexlu,
438 2678 596 2708 ἐπιτέλειον,
626 2684 651 2705 et
681 2677 761 2710 paulo
788 2682 859 2711 post,

62 2713 140 2749 ξχων
165 2713 307 2749 Ἀριστέης
324 2714 389 2748 παρ’
405 2714 479 2747 αὐτῷ
495 2713 533 2748 τῷ
547 2714 684 2748 ἀγάλματι
695 2712 742 2739 τοῦ
762 2712 859 2739 Ἀπόλ-

63 2721 140 2749 εχων
168 2721 193 2739 'A
217 2721 307 2748 ιστεης
324 2721 389 2748 παρ’
405 2722 479 2747 αυτῳ
495 2722 533 2748 τῳ
547 2722 588 2746 αγ.

63 2748 166 2783 λωνος.
183 2721 267 2783 Ιΐέριξ
276 2748 303 2774 δὲ
319 2748 399 2775 αὐτὸν
415 2748 512 2781 δάφναι
527 2749 588 2774 εἰσί.

104 2782 165 2817 (50)
186 2781 233 2815 ’.οξ
247 2784 296 2817 ἀφ’
311 2784 428 2810 ἑαυτοῦ.
449 2783 559 2809 Videtur
572 2785 676 2813 deesse.
692 2782 780 2817 φέρει.
797 2781 858 2810 Mox

65 2817 171 2846 Guieto
185 2823 312 2853 suspecta
331 2824 393 2846 sttnt
410 2824 436 2846 et
453 2818 574 2845 addititia
593 2819 719 2846 videntur
738 2825 857 2853 sequen-

914 2217 976 2244 Jesu
994 2218 1108 2244 historia
1122 2217 1260 2253 prodidit;
1279 2225 1333 2246 n0n
1349 2224 1439 2246 autent
1460 2225 1520 2253 qufe
1537 2219 1571 2246 de
1591 2219 1699 2247 Aristea

915 2263 1110 2300 Proconnesio.

950 2357 996 2384 28.
1015 2357 1048 2384 Et
1064 2364 1130 2384 vero
1147 2364 1200 2391 quo
1224 2356 1339 2384 consilio
1354 2355 1530 2383 Providentia
1554 2356 1640 2384 voluit
1668 2361 1699 2384 ul

919 2405 1034 2431 Aristeaa
1058 2411 1139 2431 causa
1168 2404 1291 2438 prodigia
1315 2403 1432 2430 ﬁerent?
1461 2403 1549 2436 Quam
1582 2403 1704 2430 humanu

916 2450 1009 2484 generi
1027 2449 1170 2477 utilitatem
1196 2448 1297 2476 afferre
1309 2448 1394 2475 voluit
1411 2449 1445 2476 iis
1456 2456 1549 2476 rerum
1562 2447 1703 2476 miraculis

917 2503 977 2530 quae
996 2502 1025 2523 ut
1045 2500 1125 2530 putas
1151 2495 1263 2524 etfecit?
1285 2495 1358 2523 Nihil
1375 2496 1460 2523 habes
1485 2494 1557 2529 quod
1586 2501 1703 2529 respon-

913 2608 959 2645 tia,
971 2606 1313 2645 ’καὶ-συγκατατιθέμενος
1330 2604 1467 2645 ἐκτίθεται
1484 2602 1619 2645 λόγοντδν
1633 2602 1703 2637 πρὶς

911 2638 1002 2679 αὐτόν.
1031 2638 1130 2679 Ibidem
1152 2638 1374 2679 IQPO,-Xll‘1tﬂ)_§
1401 2638 1470 2679 Quis
1493 2646 1523 2663 τε
1543 2638 1701 2679 πλάσματα,

910 2678 1084 2713 scribendum
1100 2677 1124 2704 ei
1139 2677 1258 2713 videtur,
1269 2675 1318 2713 και
1329 2674 1397 2705 πῶς,
1406 2674 1532 2713 (signa:
1542 2674 1701 2707 πλάσματα.

945 2713 1001 2747 (51)
1014 2712 1093 2739 ιίὺιι.
1110 2711 1173 2738 editi
1191 2711 1217 2737 in
1235 2710 1367 2747 margine,
1379 2710 1426 2735 καὶ
1438 2709 1573 2747 οίιταῦτα.

956 2741 1000 2779 52)
1014 2747 1114 2775 Omnes
1128 2752 1204 2774 mss..
1223 2741 1529 2779 yzypipue’vwvaAlias,
1539 2741 1698 2777 γινομένων.

956 2778 1001 2816 55)
1016 2783 1102 2814 Alias,
1118 2781 1157 2816 τῷ
1173 2780 1227 2807 τῶν
1244 2778 1396 2816 ἀνθρώπων
1415 2778 1498 2813 γένει.
