1848 3091
164 127 218 155 955

883 120 1043 150 ORIGENIS

1737 118 1788 147 956

166 185 242 210 deas.
260 181 312 209 Nos
331 183 437 212 contra,
453 185 514 206 cum
536 178 599 205 Jesu
620 184 664 205 res
680 181 771 212 gestas
787 184 941 209 narramusl

1025 176 1094 210 Ιμεῖς
1110 175 1149 207 δέ,
1166 174 1235 201 ἐπὰν
1258 174 1292 201 τὰ
1318 174 1381 210 περὶ
1403 173 1449 201 τοῦ
1469 173 1555 209 Ἰησοῦ
1570 173 1743 209 διηγώμεθα,
1755 175 1786 200 οὑ

167 236 216 255 cur
234 226 384 254 acciderint
395 224 558 251 solidissima
567 223 626 250 haec
642 230 657 249 a
675 222 753 250 nobis
768 222 839 249 ratio
854 222 945 255 datur,

166 275 248 301 Deum
274 279 322 305 per
345 270 436 298 Jesum
458 270 578 297 voluisse
614 268 760 295 salutarem
791 267 947 295 hominibus

164 317 328 344 constituere
354 316 517 346 doctrinam,
543 314 677 341 ﬁrmatam
697 313 805 347 quidem
831 313 858 339 in
883 319 948 347 apo-

165 362 241 388 stolis
259 365 387 395 tanquam
403 359 589 386 fundamentis
609 359 635 385 in
651 359 751 393 quibus
768 361 854 385 totum
868 357 948 385 Chri-

165 405 297 434 stianismi
319 404 462 432 aedificium
492 408 690 436 exstrueretur,
717 403 867 438 augendam
883 409 947 429 vero

164 449 395 483 consequentibus
417 449 602 483 temporibus;
625 448 670 475 ubi
689 455 744 474 non
765 454 859 481 pauca
880 447 948 473 ﬁunt

163 494 226 522 Jesu
242 495 352 521 n'omine
375 494 544 524 sanationes,
559 493 667 527 aliaque
689 492 819 519 miracula
837 492 948 518 minime

164 540 375 567 contemnenda.
400 538 433 565 Et
465 538 591 572 quisnam
622 542 683 565 erat
709 537 804 572 Apollo
834 537 889 569 ille,
919 540 948 562 ut

161 584 270 618 juberet
286 584 423 611 Aristeam
450 590 466 610 ιι
492 583 686 618 Metapontinis
708 583 734 610 in
761 582 874 609 deorum
898 589 948 609 nu-

165 636 241 656 mero
267 628 417 656 collocari?
443 628 502 661 Qua
534 633 624 655 mente
654 627 726 654 istud
751 627 837 654 facit?
862 625 947 659 Quam

163 672 244 708 465
261 672 405 700 utilitatem
420 677 497 708 parat
514 672 705 706 Melapontinis
716 679 750 699 ex
769 671 841 699 cultu
855 672 890 698 illi
906 672 949 698 ad-

165 717 252 744 hibito
279 721 405 752 tanquam
432 718 492 749 deo,
515 717 538 744 si
556 718 634 744 deum
656 724 716 744 esse
747 721 878 744 censeant
902 716 948 751 qui

166 762 246 789 modo
258 762 338 790 homo
354 762 460 789 fuerat?
475 762 574 789 Verum
588 761 731 796 Apollinis,
747 761 793 796 qui
819 761 895 788 nobis
907 765 950 788 est

166 808 268 834 daemon
282 808 383 835 nidoris
402 813 428 834 et
443 807 578 834 lihamiuis
593 807 663 834 dona
683 807 807 839 sortitus,
833 807 866 834 de
885 806 948 833 Ari-

165 857 221 880 stea
238 854 389 880 testimonia
407 853 455 880 tibi
471 853 550 888 digna
562 852 698 885 videntur,
722 853 836 886 quorum
849 852 950 879 habea-
965 847 986 874 Β

166 902 210 924 tur
231 898 316 930 ratio;
340 898 438 925 summi
465 897 511 925 Dei
538 901 629 924 autem
655 901 683 924 et
707 900 864 924 sanctorum
890 896 949 931 ejus

165 942 320 977 angelorum
349 941 512 973 testimonia,
539 949 591 968 non
619 945 680 976 post
693 940 757 971 Iesu
775 945 876 973 ortum.
901 941 948 968 sed

166 994 307 1023 antequam
322 988 355 1015 ad
368 995 452 1022 genus
467 987 612 1014 humanum
625 986 814 1018 descenderet,
829 986 903 1013 edita
918 991 944 1013 te

166 1034 302 1061 adducere
325 1041 377 1060 non
398 1037 520 1066 possunt,
551 1037 581 1059 ut
590 1031 734 1058 admireris
758 1035 785 1058 et
801 1032 950 1066 prophetas

163 1079 211 1113 qui
225 1079 316 1106 divino
332 1078 435 1113 Spiritu
452 1078 547 1113 repleti
564 1083 636 1108 sunt.
652 1081 680 1104 et
695 1080 757 1104 eum
775 1077 822 1112 qui
839 1077 874 1104 ab
895 1077 948 1104 illis

166 1125 360 1158 praenuntiatus
379 1128 432 1151 est.
456 1123 540 1158 Hujus
568 1127 659 1151 tamen
683 1123 828 1150 adventum
857 1123 948 1151 multis

165 1173 229 1196 ante
243 1169 323 1196 anuis
337 1169 373 1195 ita
389 1175 404 1195 ιι
427 1168 520 1196 multis
551 1168 739 1195 annuntiatum
769 1174 830 1194 esse
853 1174 948 1194 verum

165 1219 216 1246 est,
232 1218 261 1241 ut
277 1213 431 1242 Judeeorum
451 1220 516 1249 gens
543 1218 613 1246 tota,
638 1221 698 1248 quas
721 1221 754 1240 ex
780 1214 838 1248 ejus
867 1221 947 1248 quem

149 1260 293 1294 .sperabat
313 1265 458 1287 venturum
477 1267 547 1292 esse,
571 1260 777 1294 exspectatione
803 1259 948 1293 pendebat,

165 1309 229 1332 nato
241 1304 316 1338 Jesu,
333 1306 400 1333 duas
411 1306 438 1333 in
454 1306 597 1340 opiniones
609 1306 693 1333 scissa
710 1305 803 1332 fuerit.
818 1305 948 1334 Permulti

165 1351 236 1378 enim
249 1351 385 1379 Christum
401 1351 520 1380 confessi
538 1356 613 1384 sunt,
640 1355 668 1378 et
690 1359 752 1379 eum
772 1358 832 1379 esse
860 1351 950 1379 credi-

166 1399 263 1424 derunt
281 1417 289 1429 ,
305 1405 385 1432 quem
401 1397 539 1432 propheta:
552 1397 752 1432 praedixerant;
769 1397 812 1424 alii
828 1405 891 1424 vero
906 1397 947 1424 ln-

165 1442 279 1474 creduli,
294 1449 384 1476 spreta
408 1443 515 1470 illorum
540 1443 747 1471 mansuetudine
763 1443 808 1478 qui
837 1440 949 1478 propter

164 1486 227 1515 Jesu
254 1489 407 1516 doctrinam
436 1496 470 1516 ne
491 1489 629 1516 minimam
650 1490 759 1524 quidem
786 1489 945 1516 seditionem

165 1535 285 1562 excitare
308 1535 461 1568 voluerunt,
488 1537 610 1564 facinora
638 1536 684 1564 illa
717 1536 743 1562 in
770 1534 862 1563 Jesum
886 1536 946 1562 ausi

166 1584 238 1612 sunt,
254 1588 313 1614 quae
328 1582 386 1614 ejus
397 1581 517 1615 discipuli
535 1589 632 1616 magno
657 1581 780 1609 veritatis
812 1588 905 1608 amore
919 1586 947 1608 et

166 1625 248 1652 animi
264 1626 383 1653 candore
398 1626 631 1661 conscripserunt,
657 1634 692 1653 ne
712 1626 861 1653 subtractis
884 1627 946 1660 qui-

165 1671 226 1698 dem
237 1679 270 1698 ex
283 1671 354 1699 illius
374 1672 504 1706 stupenda
530 1671 644 1699 historia
669 1672 761 1704 rebus,
782 1679 842 1706 quae
864 1670 946 1699 Chri-

165 1717 315 1744 stianorum
330 1717 458 1744 doctrina:
471 1718 570 1751 probro
592 1717 659 1744 verti
683 1723 763 1751 posse
779 1715 945 1743 viderentur.

166 1761 257 1788 Voluit
269 1762 340 1789 enim
351 1761 429 1789 Iesus
445 1762 501 1796 ipse
519 1767 545 1789 et
561 1762 620 1795 ejus
632 1761 768 1795 discipuli,
789 1765 817 1788 ut
828 1762 874 1796 qui
901 1769 947 1788 ac-

164 1807 307 1839 cedebant,
321 1815 373 1834 nou
388 1808 424 1834 ita
439 1808 496 1843 ejus
512 1808 649 1835 divinitati
664 1811 690 1834 et
705 1807 844 1834 miraculis
859 1808 946 1834 habe-

165 1857 225 1880 rent
243 1853 334 1885 ﬁdem,
345 1860 376 1881 ac
389 1854 412 1881 si
423 1861 476 1881 non
492 1854 674 1881 consociasset
686 1851 740 1879 sibi
754 1858 882 1880 naturam
897 1853 949 1880 hu-

160 1907 284 1932 manant,
299 1905 326 1927 et
345 1907 466 1932 carnem,
480 1908 539 1935 quas
554 1901 581 1927 in
599 1900 754 1928 hominibus
775 1899 947 1934 concupiscit

164 1946 295 1973 adversus
310 1946 434 1980 spiritum
447 1967 454 1978 ,
470 1954 521 1974 non
535 1946 708 1981 suscepisset.
723 1944 859 1974 Noverant
873 1945 948 1972 enim

165 1990 288 2018 conferre
300 1991 333 2018 ad
350 1991 468 2018 ﬁdelium
483 1991 609 2023 salutem,
630 1992 665 2023 si,
678 1996 706 2018 ut
730 1999 775 2020 res
788 1991 946 2023 diviniores,

163 2037 203 2065 sic
216 2037 298 2065 etiam
314 2039 456 2066 crederent
468 2039 594 2066 virtutem
625 2045 654 2065 se
672 2039 707 2066 ad
726 2037 874 2067 humanam
893 2046 945 2067 na-

163 2086 251 2110 turam
269 2083 456 2118 humanasque
471 2084 596 2112 miserias
607 2084 759 2116 demisisse.
783 2089 812 2112 et
827 2085 945 2112 animam

164 2129 367 2164 humanumque
383 2137 480 2164 corpus
492 2131 680 2164 assumpsisse.
699 2131 803 2165 Quippe
819 2130 864 2164 qui
881 2130 947 2158 hinc

997 219 1197 256 etveuxoﬁcatv
1221 220 1341 255 φέρομεν
1362 219 1509 254 ἀπολογίαν
1535 219 1600 254 περὶ
1629 219 1677 246 τοῦ
1700 219 1786 245 ταῦτα

997 266 1146 301 γεγονέναι,
1158 266 1188 292 τὺ
1196 266 1240 292 τὸν
1251 266 1317 292 θεὸν
1340 265 1517 301 βεϐουλῆσθαι
1532 265 1668 300 συστῆσαι
1685 265 1731 291 τὸν
1743 265 1786 291 διὰ

1004 311 1090 347 Ἰησοῦ
1112 312 1150 343 ὠς
1162 313 1293 347 σωτήριον
1314 313 1370 343 τοῖς
1386 311 1539 346 ἀνθρώποις
1559 310 1649 344 λόγον,
1665 309 1788 344 βεϐαιού-

999 366 1079 392 μενον
1101 357 1149 392 μὲν
1158 358 1214 388 τοῖς
1237 356 1398 388 ἀποστόλοις
1421 356 1540 391 ὡσπερεὶ
1571 354 1710 390 θεμελίοις
1736 354 1786 390 τῆς

997 402 1235 438 καταϐαλλομένης
1250 402 1392 437 οίκοδομῆς
1416 401 1463 428 τοῦ
1483 401 1709 436 Χριστιανισμοῦ,
1726 401 1787 427 ἐπι-

997 448 1100 475 διδόντα
1119 448 1203 474 δὲκαὶ
1224 447 1295 475 κατὰ
1317 449 1381 478 τοὺς
1400 447 1462 482 ἐξῆς
1488 446 1617 482 χρόνους·
1631 448 1661 472 ἐν
1680 443 1721 477 οἷς
1735 447 1787 472 οὐκ

997 493 1085 527 ὀλίγαι
1100 493 1243 528 θεραπεῖαι
1262 493 1300 528 τῷ
1323 492 1409 528 Ἰησοῦ
1429 492 1540 525 ὀνόματι
1557 492 1605 518 καὶ
1625 492 1704 519 ἄλλαι
1713 491 1788 523 τινὲς

998 538 1153 572 ἐπιφάνειαι
1181 538 1231 564 οὐκ
1254 537 1485 572 εὐκαταφρόνητοι
1507 535 1694 562 ἐπιτελοῦνται
1716 534 1785 571 (34).

998 582 1122 614 Ποταπὸς
1145 582 1174 608 δὲ
1198 583 1245 609 καὶ¹
1265 582 1411 614 Ἀπόλλων,
1441 581 1618 616 ἐπισκήπτων
1642 581 1789 607 Μεταπον-

998 628 1080 659 τίνοις
1099 628 1128 653 ἐν
1146 627 1214 654 θεῶν
1236 627 1318 662 μοίρᾳ
1342 627 1434 662 νέμειν
1461 627 1507 652 τὸν
1537 626 1702 661 ’Δριστέανς
1730 626 1787 652 Καὶ

999 673 1025 699 τί
1048 673 1207 708 βουλόμενος
1229 673 1307 699 τοῦτο
1330 674 1417 705 notet;
1434 672 1519 699 Ποίαν
1544 681 1574 698 τε
1600 672 1736 706 ὠφέλειαν
1755 673 1789 698 ἐκ

998 718 1048 753 τῆς
1064 718 1102 750 ὡς
1118 718 1186 753 πρὸς
1197 718 1263 744 Θεὸν
1277 717 1332 753 (55)
1349 718 1430 753 τιμῆς
1453 717 1603 752 οἰκονομῶν
1618 718 1676 748 τοῖς
1693 718 1786 743 Μετα-

999 762 1131 794 ποντίνοις
1154 763 1288 797 γενέσθαι,
1310 764 1335 789 εἰ
1357 763 1402 789 τὸν
1439 762 1493 797 πρὸ
1523 762 1614 796 ὀλίγου
1643 762 1790 797 ἄνθρωπον

1000 806 1047 834 νῦν
1071 807 1135 834 Θεὸν
1156 806 1322 841 λογίζοιντο;
1353 807 1421 834 Ἀλλ’
1460 807 1626 839 Ἀπόλλωνος
1653 807 1702 842 μὲν
1727 807 1790 842 (τοῦ

1000 851 1060 878 καθ’
1070 853 1142 887 ἡμᾶς
1157 852 1291 888 δαίμονος,
1312 852 1438 887 λαχόντος
1454 853 1538 888 γέρας
1551 853 1645 887 λοιϐῆς
1663 861 1694 878 τε
1712 853 1791 878 κνίσ-

1001 905 1050 932 σης
1063 906 1093 923 τε
1103 896 1122 932 ,)
1140 898 1168 923 αί
1185 899 1249 933 περὶ
1264 897 1311 924 τοῦ
1339 898 1476 933 Ἀριστέου
1498 899 1641 936 συστάσεις
1655 898 1792 932 ἀξιόλογοί

1000 949 1040 967 σοι
1054 942 1192 975 φαίνονται
1204 940 1282 968 εἶναι·
1296 943 1324 968 αἱ
1338 942 1365 968 δέ
1380 942 1426 968 τοῦ
1443 943 1489 969 ἐπ)⁸
1507 944 1575 969 πᾶσι
1589 943 1657 969 Θεοῦ
1673 943 1721 970 καὶ
1736 944 1793 970 τῶν

999 987 1084 1021 ἁγίων
1099 987 1221 1021 ἀγγέλων
1237 988 1319 1014 αὑτοῦ
1333 988 1377 1014 διὰ
1396 988 1554 1023 προφητῶν,
1566 989 1596 1014 οὐ
1611 989 1680 1024 μετὰ
1695 990 1728 1015 τὸ
1744 997 1792 1023 γε-

998 1033 1104 1067 γονέναι
1131 1033 1177 1060 τὸν
1204 1033 1326 1069 Ἰησοῦν,
1349 1034 1417 1061 ἀλλὰ
1445 1035 1509 1070 πρὶν

1000 1077 1050 1112 βίῳ
1068 1077 1123 1113 (56)
1144 1077 1198 1104 τῶν
1223 1078 1391 1114 ἀνθρώπων,
1418 1080 1669 1114 προαγορευόμεναι
1694 1081 1727 1106 οὐ
1750 1089 1795 1106 κι-

999 1122 1073 1149 νοῦσί
1094 1132 1123 1150 σε
1142 1124 1211 1160 πρὸς
1231 1124 1261 1150 τδ
1283 1124 1419 1160 θαυμάσαι
1442 1125 1488 1151 καὶ
1518 1125 1581 1156 τοὺς
1609 1126 1795 1161 χωρήσαντας

999 1169 1069 1196 θεῖον
1085 1170 1196 1205 Πνεῦμα
1212 1171 1362 1206 προφήτας,
1384 1171 1431 1197 καὶ
1448 1171 1493 1197 τὸν
1509 1171 1555 1197 ὑπ’
1572 1171 1663 1197 αὐτῶν
1682 1179 1795 1206 προφη-

999 1215 1159 1250 τευόμενον;
1186 1212 1217 1242 οὗ
1241 1215 1289 1251 τὴν
1312 1217 1352 1247 εις
1368 1216 1413 1242 τὸν
1427 1216 1483 1251 βίον
1506 1216 1653 1251 ἐπιδημίαν
1682 1215 1795 1247 nollet;

1000 1261 1129 1297 πρότερον
1143 1261 1230 1288 ἐτεσιν
1244 1261 1316 1288 οὕτω
1325 1261 1369 1287 διὰ
1379 1261 1510 1288 πλειόνων
1521 1262 1693 1297 κεκηρῦχθαι
1723 1270 1795 1296 συμ-

1548 1035 1721 1070 ἐπιδημῆσαι
1753 1036 1794 1070 τῷ

999 1307 1124 1342 ϐέϐηκεν,
1148 1306 1218 1334 ὥστε
1229 1307 1259 1333 τὸ
1290 1307 1423 1334 Ἰουδαίων
1441 1307 1500 1333 ὅλον
1522 1307 1606 1338 ἔθνος,
1633 1306 1795 1342 ἠρτημένον

998 1350 1049 1385 τῆς
1065 1351 1128 1385 περὶ
1145 1350 1191 1376 τοῦ
1206 1350 1380 1386 ἐλπιζομένου
1407 1351 1586 1386 ἐπιδημήσειν
1611 1351 1793 1386 προσδοκίας,

999 1397 1039 1428 είς
1051 1396 1101 1432 τὴν
1112 1397 1184 1432 πρὸς
1197 1396 1327 1432 ἀλλήλους
1342 1396 1453 1432 ζήτησιν
1476 1395 1650 1431 ἐληλυθέναι,
1666 1396 1716 1422 τοῦ
1741 1396 1795 1431 ’1ης

1001 1441 1047 1468 σοῦ
1073 1439 1318 1477 ἐπιδημήσαντος·’
1335 1442 1382 1468 καὶ
1408 1442 1474 1469 πολὺ
1496 1441 1545 1476 μὲν
1572 1441 1673 1476 πλῆθος
1699 1441 1795 1467 αὐτῶν

1000 1487 1203 1523 ὡμολογηκέναι
1233 1487 1364 1524 Χριστὸν,
1393 1488 1439 1514 καὶ¹
1470 1487 1682 1514 πεπιστευκέναι
1709 1486 1795 1514 αὐτὸν

999 1531 1067 1559 εἶναι
1092 1533 1137 1559 τὸν
1165 1533 1410 1568 πῳφητευὸμενοψ
1439 1533 1503 1564 τοὺς
1522 1533 1551 1559 δὲ
1581 1533 1618 1568 μὴ
1650 1532 1796 1559 πιστεύον-

998 1587 1047 1610 τας
1064 1578 1138 1614 (57),
1160 1578 1418 1614 καταφρονήσαντας
1434 1578 1484 1614 τῆς
1504 1578 1656 1613 πραότητος
1675 1578 1734 1604 τῶν
1748 1578 1795 1604 διὰ

997 1624 1032 1650 τὰ
1050 1624 1136 1659 Ἰησοῦ
1161 1623 1308 1659 μαθήματα
1326 1623 1386 1650 οὐδὲ
1408 1623 1489 1659 μέχρι
1507 1623 1555 1650 τοῦ
1575 1623 1709 1658 τυχόντος
1730 1632 1796 1650 στα-

999 1668 1101 1701 σιάζειν
1130 1669 1331 1704 βουληθέντων,
1361 1669 1495 1704 τολμῆσαι
1530 1669 1601 1695 κατὰ
1629 1668 1677 1695 τοῦ
1703 1669 1795 1704 Ἰησοῦ

997 1715 1122 1747 τοιαῦτα,
1140 1715 1217 1742 ἆτινα
1244 1714 1402 1749 φιλαληθῶς
1413 1715 1460 1741 καὶ
1473 1714 1652 1749 εὐγνωμόνως
1671 1714 1796 1749 ἀνέγρα-

997 1760 1050 1795 ψαν
1067 1761 1091 1787 oi
1108 1760 1225 1796 μαθηταὶ
1239 1759 1332 1792 αὐτοῦ,
1346 1760 1395 1795 οὐχ
1410 1759 1630 1794 ὑπεκκλέψαντες
1653 1759 1707 1794 τῆς
1727 1762 1796 1795 περὶ

998 1806 1079 1833 αὐτοῦ
1105 1804 1255 1841 παραδόξου
1287 1806 1406 1841 ἱστορίας
1428 1806 1458 1832 τὸ
1484 1806 1579 1832 δοκοῦν
1601 1807 1659 1837 τοῖς
1680 1806 1796 1838 πολλοῖς

999 1851 1127 1886 αἰσχύνην
1141 1851 1179 1886 τῷ
1189 1851 1260 1886 λόγῳ
1270 1851 1439 1886 Χριστιανῶν
1456 1851 1559 1886 φέρειν.
1574 1851 1629 1877 Καὶ
1643 1851 1730 1883 αὐτὸς
1739 1852 1795 1887 γὰρ

997 1899 1012 1924 ὁ
1036 1897 1137 1933 Ἰησοῦς
1152 1897 1275 1924 ἐϐούλετο
1294 1898 1340 1924 καὶ
1360 1898 1383 1923 οἱ
1396 1897 1514 1932 μαθηταὶ
1538 1896 1632 1929 αὐτοῦ,
1655 1897 1693 1932 μὴ
1712 1897 1796 1932 μόνον

997 1945 1031 1979 τῇ
1057 1943 1173 1978 θειότητι
1193 1944 1241 1970 καὶ
1266 1944 1323 1975 τοῖς
1348 1942 1511 1978 παραδόξοις
1536 1942 1619 1969 αὑτοῦ
1650 1943 1795 1969 πιστεύειν

998 1989 1060 2020 τοὺς
1080 1989 1251 2024 προσιόντας,
1271 1988 1309 2020 ὡς
1329 1989 1360 2014 οὺ
1383 1989 1596 2024 κοινωνήσαντος
1623 1990 1658 2024 τῇ
1683 1989 1796 2024 ἀνθρω-

998 2035 1062 2069 πίνῃ
1094 2034 1183 2068 φύσει,
1209 2034 1263 2060 οὐδ’
1294 2033 1473 2065 ἀναλαϐόντος
1498 2035 1549 2069 τὴν
1575 2035 1605 2060 ἐν
1634 2034 1797 2069 ἀνθρώποις

999 2081 1087 2116 σάρκα
1103 2079 1288 2115 ἐπιθυμοῦσαν
1300 2079 1369 2106 κατὰ
1388 2079 1435 2106 τοῦ
1460 2079 1624 2114 πνεύματος·
1647 2079 1719 2106 ἀλλὰ
1739 2081 1795 2116 γὰρ

999 2127 1044 2152 καὶ
1057 2126 1105 2161 τὴν
1122 2126 1278 2153 καταϐᾶσαν
1292 2126 1332 2157 είς
1344 2125 1517 2161 ἀνθρωπίνην
1531 2125 1611 2159 φύσιν
1627 2126 1675 2151 καὶ
1691 2127 1734 2157 εἰς
1751 2127 1797 2152 ἀν-

163 2174 271 2202 discunt
283 2175 317 2202 ab
329 2175 373 2202 illo
384 2176 529 2210 incmpisse
539 2176 634 2203 divin:e
646 2181 750 2204 natura:
761 2184 822 2204 cum
832 2177 941 2204 human:

1025 2172 1138 2204 mnivac
1156 2171 1332 2207 περιστάσεις
1349 2171 1481 2206 δύναμιν,
1514 2173 1561 2198 καὶ
1598 2171 1796 2198 ἀναλαϐοῦσαν

163 2219 379 2253 coniunctionem
398 2229 405 2252 ;
421 2226 449 2247 ut
462 2221 579 2248 humana
607 2228 655 2248 sua
678 2229 740 2248 cum
768 2229 798 2249 re
814 2221 942 2250 divinior't

163 2264 292 2291 societate
306 2264 383 2292 ﬁeret
397 2265 486 2292 divina
499 2273 551 2293 non
570 2265 597 2293 in
613 2265 672 2293 solo
694 2265 767 2300 Jesu,
792 2266 840 2294 sed
864 2271 892 2294 et
917 2267 944 2293 in

161 2308 296 2341 omnibus,
316 2309 362 2344 qui
376 2317 438 2337 cum
456 2310 511 2349 ﬁde
530 2311 612 2338 vitam
640 2311 842 2347 amplectuntur
862 2319 944 2346 quam

162 2352 240 2381 Jesus
253 2354 370 2388 edocuit,
392 2360 420 2383 et
439 2364 499 2391 quae
520 2356 554 2383 ad
581 2357 729 2385 amicitiam
762 2357 810 2384 Dei
831 2357 944 2392 ejuSque

161 2401 379 2428 communionem
394 2402 516 2436 perducit
537 2402 691 2437 quicunque
715 2410 778 2430 suos
807 2410 895 2430 mores
910 2409 944 2429 ex

160 2441 224 2470 Jesu
237 2447 377 2480 praeceptis
388 2448 601 2481 composuerint.

993 2218 1080 2254 ψυχὴν
1107 2219 1153 2245 καὶ
1182 2218 1263 2253 σῶμα
1288 2217 1469 2252 ἀνθρώπινον,
1499 2217 1594 2253 ἐώρων
1616 2218 1650 2244 ἐκ
1675 2217 1727 2244 τοῦ
1747 2226 1796 2244 πι-

996 2263 1137 2291 στεύεσθαι
1165 2263 1233 2298 μετὰ
1258 2262 1312 2289 τῶν
1334 2262 1477 2298 θειοτέρων
1499 2263 1728 2298 συμϐαλλομένην
1752 2265 1797 2295 εἰς

998 2309 1132 2344 σωτηρίαν
1150 2310 1206 2340 τοῖς
1219 2308 1402 2335 πιστεύουσιν·
1423 2308 1534 2344 ὁρῶσιν,
1549 2309 1591 2335 ὅτι
1610 2309 1660 2335 ἀπ’
1680 2309 1795 2336 ἐκείνου

996 2355 1097 2390 ήρξατο
1104 2354 1163 2381 θεία
1179 2355 1225 2381 καὶ
1236 2354 1394 2390 ἀνθρωπίνη
1406 2354 1616 2388 συνυφαίνεσθαι
1626 2354 1682 2389 (58)
1696 2355 1792 2389 φύσις-

991 2401 1024 2428 't'v'
1041 2401 1057 2436 ή
1075 2401 1230 2436 ἀνθρωπίνη
1251 2401 1283 2435 τῇ
1304 2400 1371 2435 πρὸς
1383 2401 1413 2426 τὸ
1428 2400 1566 2436 θειότερον
1589 2401 1724 2436 κοινωνίᾳ
1743 2402 1795 2434 γέ-

993 2456 1072 2482 νηται
1082 2446 1142 2473 θεία
1159 2446 1209 2472 οὐκ
1222 2446 1251 2471 ἐν
1264 2445 1336 2481 μόνῳ
1345 2445 1384 2481 τῷ
1400 2445 1499 2480 Ἰησοῦ,
1513 2445 1580 2472 ἀλλὰ
1593 2446 1641 2472 καὶ¹
1650 2447 1720 2472 πᾶσι
1733 2447 1793 2478 τοῖς

161 2491 230 2524 μετὰ
240 2492 287 2518 τοῦ
298 2494 433 2520 πιστεύειν
445 2494 662 2529 ἀναλαμϐάνουσι
678 2494 744 2529 βίον,
758 2494 787 2520 δν
802 2493 904 2529 Ἰησοῦς
924 2493 1051 2526 ἐδίδαξεν,
1071 2493 1206 2527 ἀνάγοντα
1218 2492 1264 2518 ἐπὶ
1280 2492 1328 2526 τὴν
1345 2492 1412 2527 πρὸς
1423 2491 1469 2518 τὸν
1485 2492 1551 2519 Θεὸν
1562 2493 1654 2526 φιλίαν
1671 2493 1721 2519 καὶ
1733 2493 1784 2527 τὴν

160 2535 228 2570 πρὸς
244 2537 345 2565 ἐκεῖνον
361 2539 501 2565 κοινωνίαν
519 2539 606 2566 πάντα
615 2539 660 2565 τὸν
670 2539 740 2565 κατὰ
756 2539 804 2570 τὰς
821 2539 907 2574 Ἰησοῦ
925 2539 1064 2575 ὑποθήκας
1079 2538 1178 2571 ζῶντα.

207 2638 253 2671 54)
268 2639 353 2666 Codd.
370 2639 470 2672 Regius
484 2644 511 2666 et
525 2639 700 2671 Basilecnsis,
717 2639 865 2666 τελοῦνται.

268 2674 476 2710 thscheiimin
487 2679 573 2707 textu,
585 2674 653 2710 πρὸς
663 2674 702 2706 ὼς
718 2673 787 2700 θεόν.

205 2708 249 2743 ἕϐ)
268 2709 353 2740 Alias,
364 2709 402 2743 τῷ
418 2708 501 2742 γένει.

205 2742 250 2774 5⁵1)
267 2743 349 2778 Alias,
364 2743 569 2776 πιστεύσαντας.
586 2744 686 2771 Ibidem
709 2751 760 2778 pro
781 2743 836 2770 τῶν
849 2742 894 2770 διὰ
907 2743 941 2770 τὰ

165 2775 253 2815 Ἰησοῇ
267 2777 534 2815 μαθήματαιϐυἰειρ
544 2775 724 2815 scribendum
744 2779 862 2815 videtur,
887 2778 941 2805 τῶν

159 2809 207 2835 τοῦ
230 2809 315 2845 Ἰησοῦ
329 2809 464 2847 μαθητῶν,
485 2817 512 2840 ει
529 2814 565 2840 ita
581 2813 709 2841 Gelenius
719 2813 834 2848 legebat.

1025 2638 1082 2675 (58)
1099 2638 1360 2675 Zvrvsaalreo’0qt._
1373 2636 1421 2675 Sic
1430 2644 1527 2675 omnes
1543 2644 1614 2675 mss.
1628 2636 1707 2675 [fibri
1721 2645 1789 2666 vero

989 2671 1084 2701 excusi
1099 2674 1126 2700 in
1143 2671 1234 2708 textu,
1258 2672 1465 2708 συμϐαίνεσθαι.
1491 2671 1578 2699 Paulo
1607 2673 1681 2700 infra
1707 2680 1788 2705 mss..

1012 2708 1060 2735 ετὰ
1073 2708 1119 2735 τοῦ
1141 2707 1411 2739 πιστεύειν,⁷ι·θοιίιιε
1427 2714 1510 2742 quam
1526 2708 1657 2742 impressi
1674 2707 1701 2734 in
1724 2709 1787 2741 qui-

989 2717 1041 2770 tus
1054 2743 1161 2770 lenitur.
1182 2743 1250 2770 μετὰ
1274 2743 1305 2769 τὸ
1323 2741 1471 2769 πιστεύειν.
1498 2741 1582 2769 Paulo
1599 2742 1673 2770 infra
1705 2749 1785 2770 mss"

1010 2751 1041 2770 us
1054 2743 1161 2778 legitur,
1182 2743 1250 2778 μετὰ
1274 2741 1476 2778 τὸνπιστεῷεινη
1498 2741 1673 2778 Paulbriufra
1705 2749 1785 2778 mss"

989 2778 1039 2812 τὴν
1052 2776 1121 2813 πρὸς
1134 2776 1258 2813 τονΘεὸν
1277 2777 1377 2811 φιλίαν.
1404 2777 1479 2806 Libri
1500 2777 1611 2811 excusi,
1639 2777 1692 2813 τὴν
1717 2776 1784 2812 προς

989 2813 1033 2839 τὸν
1048 2812 1114 2839 Θεὸν
1131 2812 1226 2847 φιλανθ
1231 2812 1353 2848 ρωπίαν..
