1848 3091
85 134 145 163 957

689 133 830 162 CONTRA
849 131 988 161 CELSUM
1015 133 1079 161 LIB.
1097 133 1140 161 ill.

1670 137 1723 164 958

130 190 164 217 '0
179 189 230 226 μὲν
243 186 290 217 οῦν
312 190 381 217 κατὰ
402 190 447 217 τὸν
469 191 573 218 Κέλσον
601 191 736 218 Ἀπόλλων
758 191 868 227 βούλετο

971 191 1014 218 29.
1029 193 1068 218 Ac
1081 190 1178 225 Apollo
1202 191 1309 225 quidem
1341 191 1487 219 secundum
1512 191 1620 220 Celsum
1645 191 1724 226 jubet

85 236 312 268 Μεταποντίνους
328 238 357 263 ἐν
376 236 445 263 Θεῶν
461 238 544 274 μοίρᾳ
558 238 650 274 νέμειν
664 238 709 264 τὸν
731 238 882 274 ’Δριστέαν.

93 282 175 309 Ἐπεὶ
187 282 216 308 δὲ
229 282 253 308 οἱ
268 282 465 309 Μεταποντῖνοι
475 284 524 320 τὴν
535 285 599 320 περὶ
610 283 656 311 τοῦ
679 284 816 320 Ἀριστέου
836 285 881 311 ἀν-

85 325 211 362 Θρὼπου,
229 327 275 353 καὶ
296 328 366 362 τάχα
389 328 420 354 οὐ
446 329 601 362 σπουδαίου,
626 330 768 366 ἐνάργειαν
793 331 885 366 κρείτ-

84 380 157 399 τονα
166 372 288 408 ἐνόμιζον
301 371 370 400 εἶναι
384 373 431 400 τοῦ
448 375 511 410 περὶ
524 375 606 402 αὐτοῦ
621 375 746 412 χρησμοῦ
762 376 800 408 ὡς
821 376 883 403 θεοῦ

85 416 103 453 ἦ
122 417 203 444 θείων
218 418 306 453 τιμῶν
325 418 410 450 ἀξίου·
429 418 473 446 διὰ
496 420 574 447 τοῦτο
598 421 647 448 οὐκ
670 421 809 448 ἐϐούλοντο
829 421 884 448 πεί-

85 461 185 489 θεσθαι
202 463 240 498 τῷ
267 463 425 496 Ἀπόλλωνι,
444 466 491 492 καὶ
516 465 587 492 οὕτω
607 465 653 492 τὸν
678 466 820 502 Ἀριστέαν
837 467 883 493 οὑ-

84 507 143 539 δεὶς
160 508 265 544 ἐνόμιζε
281 509 335 545 (59)
345 509 413 536 Θεόψ
427 511 490 546 περὶ
498 510 526 537 δὲ
533 511 580 537 τοῦ
596 511 682 547 Ἰησοῦ
695 512 817 547 εἴποιμεν
839 511 881 544 ἂν,

84 553 151 579 erat
164 554 301 589 συμφέρον
314 553 348 590 ἦν
364 555 405 590 τῷ
419 555 472 582 τῶν
490 555 642 592 ἀνθρώπων
662 556 735 591 γένει
763 556 881 592 παραδέ-

84 598 187 631 ξασθαι
205 600 284 626 αὑτὸν
299 599 336 632 ὡς
349 601 413 627 Υίὸν
429 601 508 634 Θεοῦ,
525 601 592 628 Θεὸν
616 602 764 637 ἐληλυθότα
786 603 815 628 ἐν
834 603 880 629 ἀν-

84 645 212 681 θρωπίνῃ
229 645 301 681 ψυχῇ
320 647 368 673 καὶ
384 646 500 682 σώματι”
517 648 564 674 καὶ
579 648 629 675 οὐκ
645 648 730 674 ἐδόκει
752 648 830 675 τοῦτο
845 650 878 684 τῇ

82 691 192 726 λιχνείᾳ
206 692 259 718 τῶν
275 693 472 728 φιλοσωμάτων
496 693 640 729 δαιμόνων,
666 694 712 721 καὶ
731 694 786 720 τῶν
803 703 879 729 νομιο

83 736 189 768 ζόντων
206 737 303 769 αὐτοὺς
322 737 400 770 θεοὺς
415 737 493 771 εἶναι,
518 739 670 771 λυσιτελές·
695 739 738 766 διὰ
760 740 832 767 τοῦθ’
854 742 878 768 οἱ

83 783 136 817 μὲν
154 783 200 809 ἐπὶ
215 784 266 818 γῆς
280 783 416 818 δαίμονες,
430 785 506 820 παρὰ
518 786 574 816 τοῖς
587 785 624 820 μὴ
640 785 805 812 παιδευθεῖσι
815 786 880 821 περὶ

80 827 220 862 δαιμόνων
237 828 408 864 νομιζόμενοι
424 828 493 856 εἶναι
521 830 588 862 θεοὶ,
603 830 669 857 ἀλλὰ
693 831 739 857 καὶ
753 833 777 858 oi
799 831 879 867 θερα-

81 873 216 906 πεύοντες
229 875 338 906 αὐτοὺς,
361 875 547 911 ἐϐουλήθησαν
577 876 699 902 κωλῦσαι
720 877 769 912 τὴν
794 877 880 913 νομὴν

78 919 134 954 τῆς
158 919 246 954 ἰησοῦ
257 920 441 952 διδασκαλίας.
463 921 571 957 Ἐώρων
585 922 640 958 γὰρ
661 922 710 954 τὰς
726 923 818 954 λοιϐὰς
834 924 880 950 καὶ

78 963 133 996 τὰς
148 965 267 997 κνίσσας,
285 966 328 1000 ἐφ’
353 965 396 997 αἷς
412 966 511 1001 λίχνως
535 967 640 1002 ἥδοντο,
660 967 880 1004 καθαιρουμένας

78 1010 114 1036 ὲκ
129 1010 176 1037 τοῦ
198 1012 307 1047 κρατεῖν
328 1011 362 1038 τὰ
391 1013 478 1047 Ἰησοῦ
497 1012 654 1048 μαθήματα.
679 1014 708 1040 '0
723 1014 751 1040 δὲ
769 1015 880 1049 πέμψας

77 1057 127 1082 τὸν
155 1056 258 1091 Ἰησοῦν
281 1057 357 1089 Θεὸς,
391 1057 507 1089 ἐκλύσας
531 1059 621 1085 πᾶσαν
641 1059 690 1094 τὴν
712 1059 766 1087 τῶν
786 1060 879 1096 δαιμό-

78 1110 136 1128 νων
153 1102 309 1138 ὲπισουλὴν,
339 1103 449 1138 ἐποίησε
474 1104 613 1140 πανταχοῦ
641 1106 691 1140 τῆς
716 1106 879 1142 οἰκουμένης

79 1147 155 1182 ὑπὲρ
167 1147 216 1182 τῆς
230 1147 284 1174 τῶν
309 1147 460 1183 ἀνθρώπων
487 1150 654 1185 ἐπιστροφῆς
667 1150 722 1186 (40)
740 1151 786 1178 καὶ
806 1151 878 1187 διορ-

79 1191 193 1224 Θώσεως
214 1193 348 1228 κρατῆσαι
365 1193 395 1220 τὸ
412 1194 576 1229 Εὑαγγέλιον
607 1196 704 1229 Ἰησοῦ,
732 1197 778 1223 καὶ
805 1197 878 1230 γενέ-

81 1237 145 1264 σθαι
156 1239 294 1273 πανταχοῦ
316 1239 477 1275 Ἐκκλησίας
493 1241 766 1277 ἀντιπολιτευομένας
777 1242 875 1278 ἐκκλη-

80 1283 155 1315 σίαις
178 1283 381 1319 δεισιδαιμόνων
410 1286 457 1312 καὶ
489 1285 646 1314 ἀκολάστων
686 1287 733 1314 καὶ
763 1287 874 1314 ἀδίκων.

80 1329 203 1356 Τοιαῦτα
218 1329 272 1365 γὰρ
286 1330 320 1356 τὰ
333 1331 472 1366 πανταχοῦ
490 1332 688 1368 πολιτευόμενα
707 1333 736 1359 ὲν
753 1335 811 1366 ταῖς
831 1335 877 1360 ὲκ-

78 1373 209 1409 κλησίαις
221 1375 275 1401 τῶν
286 1375 389 1402 πόλεων
397 1375 497 1412 πλήθη.
515 1377 547 1402 Ai
564 1377 592 1403 δὲ
608 1377 656 1403 τοῦ
673 1377 740 1404 Θεοῦ
765 1377 875 1413 Χριστῷ

81 1419 295 1456 μαθητευθεῖσαι
317 1421 487 1456 Ἐκκλησίαι,
501 1422 742 1458 συνεξεταζόμεναι
760 1425 821 1456 ταῖς
837 1421 875 1450 ὧν

79 1466 243 1501 παροικοῦσι
259 1467 351 1503 δήμων
361 1467 529 1503 ἐκκλησίαις,
546 1467 584 1499 ὡς
600 1469 743 1504 φωστῆρές
759 1469 827 1495 εἰσιν
846 1470 874 1496 ἐν

77 1514 187 1548 κόσμῳ.
204 1513 252 1545 Τίς
266 1513 319 1550 γὰρ
336 1515 386 1541 οὐκ
408 1514 440 1541 ἂν
465 1514 640 1550 ὁμολογήσαι,
667 1515 714 1542 καὶ
736 1516 799 1547 τοὺς
819 1516 874 1550 χεί-

79 1568 145 1595 ρους
158 1559 213 1585 τῶν
230 1560 283 1586 ἀπὺ
297 1559 348 1595 τῆς
367 1560 540 1596 Ἑκκλησίας,
552 1561 597 1587 καὶ
614 1562 756 1596 συγκρίσει
772 1561 874 1596 βελτιό-

76 1614 133 1631 νων
155 1605 295 1637 ὲλάττους,
316 1606 421 1632 πολλῶν
438 1607 578 1642 κρείττους
597 1607 742 1642 τυγχάνειν
761 1607 815 1634 τῶν
844 1608 874 1633 ὲν

76 1652 136 1682 τοῖς
152 1650 182 1686 δή
187 1659 248 1686 μοις
264 1651 417 1685 ἐκκλησιῶν
424 1661 431 1685 ;

121 1696 269 1732 Ἐκκλησία
299 1696 348 1732 μὲν
380 1698 433 1734 γὰρ
463 1697 511 1724 τοῦ
538 1697 616 1730 Θεοῦ,
643 1699 702 1734 φέρ’
732 1698 832 1730 εἰπεῖν,
855 1700 872 1734 ἡ

83 1741 214 1776 Ἀθήνῃσι
230 1742 332 1777 πραεῖά
351 1751 393 1774 τις
413 1743 460 1769 καὶ
489 1743 636 1779 εὐσταθὴς,
666 1744 713 1770 ἆτε
731 1743 791 1778 Θεῷ
806 1744 872 1780 ἀρέ-

78 1795 156 1813 σκειν
175 1786 214 1822 τῷ
235 1787 282 1814 ἐπὶ
306 1788 373 1814 πᾶσι
398 1787 558 1824 βουλομένη·
582 1790 599 1824 ἠ
618 1788 640 1815 δ’
662 1788 810 1823 Ἀθηναίων
827 1790 873 1816 ὲκ-

76 1832 178 1868 κλησία
201 1833 352 1869 στασιώδης
373 1834 419 1860 καὶ
442 1834 568 1869 οὐδαμῶς
591 1834 818 1870 παραϐαλλομένη
837 1837 871 1870 τῇ

75 1879 137 1905 ὲκεῖ
157 1879 304 1914 Ἐκκλησία
313 1879 359 1906 τοῦ
371 1879 452 1906 θεοῦ.
475 1880 512 1906 Τὸ
521 1880 543 1906 δ’
560 1879 625 1906 αὐτὸ
639 1880 712 1915 ἐρεῖς
726 1881 790 1915 περὶ
810 1881 872 1907 Ἐκ-

76 1923 194 1958 κλησίας
209 1924 256 1951 τοῦ
267 1924 334 1952 Θεοῦ
349 1925 400 1960 τῆς
414 1926 443 1952 ὲν
457 1925 583 1961 Κορίνθῳ
601 1926 648 1952 καὶ
662 1925 711 1961 τῆς
724 1925 872 1961 ἐκκλησίας

73 1969 123 1996 τοῦ
140 1969 226 2005 δήμου
240 1970 400 2006 Κορινθίων·
424 1971 480 2003 καὶ,
499 1971 560 2006 φέρ’
587 1972 685 2004 εἰπεῖν,
710 1973 775 2007 περὶ
809 1972 871 1999 Ἐκ-

71 2015 193 2050 κλησίας
204 2015 250 2042 τοῦ
263 2015 330 2042 Θεοῦ
342 2016 390 2051 τῆς
406 2018 435 2043 ὲν
456 2015 643 2053 Ἀλεξανδρείᾳ
660 2017 707 2044 καὶ
725 2017 871 2053 ἐκκλησίας

69 2061 123 2087 τοῦ
159 2060 355 2098 Ἀλεξανδρέων
380 2062 477 2098 δήμου.
502 2063 556 2088 Καὶ
577 2063 624 2089 ἐὰν
644 2063 793 2098 εὐγνώμων
856 2065 871 2090 ὁ

69 2105 172 2133 τούτου
187 2106 293 2134 ἀκούων
307 2108 354 2134 καὶ
368 2107 522 2143 φιλαληθῶς
534 2108 650 2145 ἐξετάζῃ
662 2110 697 2136 τὰ
709 2110 868 2144 πράγματα,

71 2152 245 2187 Θαυμάσεται
262 2153 306 2180 τὸν
320 2153 367 2180 καὶ
380 2154 603 2190 βουλευσάμενον,
617 2156 664 2182 καὶ
679 2156 778 2182 ἀνῦσαι
793 2156 870 2192 δυνη-

70 2198 157 2225 θέντα
170 2199 306 2234 πανταχοῦ
320 2200 504 2236 συστήσασθαι
532 2200 698 2235 Ἐκκλησὶας
718 2201 765 2227 τοῦ
789 2200 868 2234 Θεοῦ,

71 2244 262 2280 παροικούσας
285 2245 445 2281 ἐκκλησίαις
470 2246 525 2286 τῶν
551 2246 613 2273 καθ’
646 2247 766 2282 εκάστην
789 2247 867 2275 πόλιν

69 2289 262 2324 ὀήμων.οὖτω
276 2289 304 2316 δὲ
322 2291 370 2317 καὶ
385 2290 481 2327 βουλὴν
513 2291 675 2327 Ἐκκλησίας
695 2291 758 2318 θεοῦ
785 2291 866 2328 βουλῆ

68 2337 106 2371 τῇ
126 2335 188 2362 καθ’
200 2336 316 2371 ἑκάστην
334 2335 411 2363 πόλιν
422 2337 615 2370 συνεξετάζων,
632 2337 723 2373 εὕροις
745 2338 779 2364 ἂν
795 2338 867 2370 τίνες

70 2381 124 2417 μὲν
134 2381 186 2417 τῆς
203 2382 366 2418 Ἐκκλησίας
379 2382 521 2417 βουλευταὶ
536 2383 591 2419 (41)
604 2383 674 2417 ἄξιοί
690 2384 769 2415 εἰσιν,
785 2384 812 2410 εἴ
825 2392 867 2415 τις

109 2469 168 2508 (39)
199 2470 337 2508 Ἐνόμιρἓ
370 2471 410 2500 lta
438 2473 517 2502 codd.
543 2472 608 2508 Reg.
638 2476 665 2500 et
690 2472 866 2500 Basileensis.

69 2506 126 2533 Alii
143 2513 219 2541 vero.
231 2507 348 2541 νομίζει.

110 2540 168 2575 (40)
188 2540 401 2576 ξεπιάτροφῆς.
421 2542 504 2570 Recte
520 2542 582 2570 cod.
601 2541 667 2576 Reg.
690 2546 717 2569 et
731 2542 868 2569 Basileen-

69 2575 210 2611 sis,rniale
226 2584 290 2603 vero
310 2575 370 2603 libri
389 2578 492 2607 excusi.
515 2577 706 2611 ὲπιστρεφίας.

109 2609 291 2646 (Ηλεῦροις
305 2611 343 2638 ἂν
356 2612 437 2645 τινες
447 2612 506 2646 μὲν·
524 2611 579 2646 τῆς
595 2609 775 2646 Ἑλκλησίας
790 2611 866 2644 βου-

67 2645 188 2683 λςυζιρ.
210 2645 392 2683 _Scri_ben_dui_n
416 2645 533 2683 videtur,
556 2646 705 2683 sﬁpotgrr'kv.
723 2648 796 2683 τινὲς
817 2647 866 2682 μὲν

68 2679 124 2716 τῇς
143 2679 307 2715 Ἐκκλησίας
321 2680 474 2716 βουλευταί.
493 2679 628 2709 Particulo
649 2682 689 2708 ὅτι
716 2682 794 2709 facile
817 2679 865 2709 ex-

68 2713 167 2750 cidere
182 2713 282 2748 potuit,
305 2713 394 2750 inquit
415 2716 586 2749 Boherellus,
610 2724 671 2744 cum
690 2716 784 2743 ultima
806 2717 865 2750 ejus

70 2749 179 2784 syllaba
196 2751 290 2777 eadem
309 2749 350 2777 sit
365 2759 396 2778 ac
421 2752 507 2786 prima
533 2752 606 2779 vocis
633 2752 781 2785 sequentis.
796 2749 863 2778 Βου-

68 2784 178 2821 λευταί,
197 2785 223 2811 id
238 2790 290 2821 est,
303 2786 435 2821 episcopi,
449 2786 601 2821 presbyteri
617 2791 645 2813 et
660 2786 780 2821 diaconi.
799 2785 863 2813 Vide

70 2795 178 2815 ιιιυται,
197 2795 223 2811 lu
238 2795 290 2816 est,
303 2795 601 2827 Cpl.scopl,.presuywl'l
617 2795 645 2813 et
660 2795 780 2825 diaconi.
801 2795 861 2825 viue

69 2817 239 2855 gleirienlem
259 2820 403 2855 Constitui.
425 2821 472 2848 lib.
495 2829 524 2852 ιι,
548 2829 608 2855 cap.
627 2821 672 2852 49,
685 2821 730 2852 50,
750 2820 793 2853 51,
815 2821 861 2853 52,

69 2852 178 2888 55,5l,
194 2854 238 2888 55,
255 2855 297 2887 56,
312 2854 344 2882 57
366 2865 372 2884 :
397 2865 405 2882 ι
425 2855 534 2885 Judicia
566 2852 658 2884 vestra
680 2856 744 2883 (iant
769 2856 794 2883 in
818 2852 860 2884 se?

935 236 1071 264 Aristeam
1097 243 1112 263 a
1136 235 1326 270 Metapontinis
1344 237 1438 265 haberi
1463 237 1554 265 deum.
1581 238 1634 265 Sed
1658 238 1722 272 quia

937 281 1114 316 Metapontini
1139 287 1313 317 argumenta,
1348 289 1407 317 qua!
1424 282 1560 311 Aristeam
1585 283 1721 311 hominem

934 333 1052 361 eumque
1065 325 1183 353 fortasse
1197 333 1250 353 non
1278 326 1378 353 bonum
1393 334 1456 353 esse
1473 327 1636 361 probabant,
1663 334 1721 354 cer-

937 372 1006 399 tiora
1034 375 1166 406 putarunt
1189 378 1250 399 esse
1277 378 1358 406 quam
1386 372 1524 399 oraculum
1549 373 1620 407 quod
1645 373 1720 399 illum

935 419 1015 447 deum
1032 423 1080 446 aut
1091 418 1191 445 divinis
1208 417 1357 445 honoribus
1380 418 1489 452 dignum
1513 419 1719 452 pronuntiabat,

933 465 968 491 ob
986 464 1058 491 hanc
1084 471 1140 491 rem
1168 463 1285 498 Apollini
1318 471 1415 498 parere
1439 463 1594 498 noluerunt,
1626 464 1721 499 sicque

934 517 1015 537 nemo
1028 510 1103 536 illum
1125 509 1260 537 Aristeam
1287 510 1367 536 deum
1396 517 1456 537 esse
1479 510 1656 537 existimavit.
1681 510 1721 536 De

933 555 996 583 Jesu
1010 560 1101 583 autent
1116 555 1244 587 dicimus.
1256 555 1318 590 quia
1332 555 1399 582 utile
1409 559 1468 582 erat
1486 555 1606 582 humano
1628 555 1720 589 generi

934 599 1017 636 466
1035 600 1110 627 illum
1129 600 1214 635 accipi
1232 605 1261 626 ut
1274 600 1320 627 Dei
1338 599 1450 630 Filium,
1471 605 1499 626 ut
1524 601 1606 627 Deum
1631 600 1676 635 q'ui
1693 600 1719 626 in

934 645 1052 672 humana
1070 645 1161 672 anima
1178 650 1205 672 et
1217 652 1333 680 corpore
1345 645 1439 678 venit;
1452 645 1478 672 id
1497 653 1562 672 vero
1577 652 1629 672 non
1646 653 1720 672 com-

934 692 1042 719 modum
1054 692 1200 719 videbatur
1215 691 1365 726 ligurilioni
1383 692 1535 719 daemonum
1560 691 1606 726 qui
1624 698 1722 725 corpo-

932 744 993 764 rum
1016 736 1105 771 cupidi
1139 741 1217 768 sunt,
1243 743 1393 772 eorumque
1423 737 1470 770 qui
1489 736 1550 764 illos
1571 737 1637 763 deos
1660 742 1720 762 esse

932 787 1065 810 censent:
1082 783 1143 810 ideo
1162 782 1297 810 dtentones
1312 783 1358 817 qui
1384 782 1410 809 in
1430 786 1502 809 terra
1519 785 1591 814 sunt,
1620 781 1720 816 quique

931 828 965 855 ab
990 827 1098 855 illorum
1129 827 1228 861 ignaris
1255 827 1281 854 in
1306 827 1372 854 deos
1394 826 1561 859 referuntur,
1580 831 1719 853 eteorum

899 868 919 895 Β
932 874 1052 901 eultores
1066 873 1184 900 voluisse
1199 873 1356 907 prohibere,
1373 879 1409 900 ne
1421 873 1546 899 doctrina
1567 871 1630 899 Jesu
1660 879 1721 906 ρει*-

930 920 1098 955 vulgaretur.
1122 919 1256 946 Videbant
1283 919 1366 952 enim,
1396 919 1625 946 invalesccntihus
1653 917 1718 945 Jesu

930 965 1111 997 documentis,
1129 964 1258 991 libamina
1273 964 1437 998 nidorcsque
1464 963 1531 996 tolli,
1551 964 1651 998 quibus
1675 964 1720 991 in-

930 1011 1067 1046 gurgitare
1094 1018 1124 1038 se
1148 1010 1284 1038 solebant.
1301 1009 1335 1037 At
1351 1009 1432 1042 Deus,
1453 1010 1499 1044 qui
1521 1010 1592 1038 misit
1614 1009 1718 1042 Iesum.

929 1056 1067 1091 dissipatis
1086 1056 1239 1084 daemonum
1252 1056 1369 1088 insidiis,
1386 1054 1478 1082 ellecit
1497 1060 1527 1082 ut
1543 1056 1645 1090 ubique
1662 1061 1719 1082 ter-

930 1108 1023 1128 rarum
1042 1101 1076 1128 ad
1104 1101 1306 1128 convertendos
1333 1100 1568 1136 corrigendosque
1591 1102 1717 1128 homines

928 1145 1105 1179 Evangelium
1121 1145 1185 1172 Jesu
1200 1145 1382 1180 prtepollercl,
1401 1151 1428 1172 et
1439 1150 1530 1173 essent
1545 1145 1647 1180 ubique
1662 1146 1714 1173 Ec-

928 1191 1017 1218 clesia:
1027 1191 1106 1225 longe
1120 1191 1182 1218 aliis
1193 1191 1298 1226 legibus
1312 1195 1393 1218 rectae
1412 1199 1444 1218 ac
1455 1191 1715 1226 superstitiosorum,

928 1237 1165 1271 intemperantium
1198 1236 1417 1270 iniustorumque
1443 1241 1541 1263 conus.
1568 1235 1616 1263 His
1644 1237 1716 1263 enim

927 1281 984 1309 fere
996 1287 1061 1309 sunt
1073 1282 1194 1309 moribus
1210 1282 1256 1317 qui
1270 1282 1297 1309 in
1318 1281 1436 1310 coetibus
1469 1282 1577 1310 urbium
1603 1282 1715 1316 degunt.

928 1328 981 1355 Sed
992 1327 1122 1355 Ecclesia:
1133 1328 1179 1355 Dei
1196 1335 1211 1355 a
1223 1328 1334 1356 Christo
1349 1328 1465 1361 edoctzc,
1488 1329 1511 1356 si
1525 1336 1586 1355 cum
1604 1329 1717 1364 populo-

927 1381 986 1400 rum
1001 1373 1135 1406 conciliis,
1157 1374 1320 1408 quibuscum
1348 1374 1484 1408 habitant,
1510 1379 1714 1410 comparentur,

925 1418 953 1446 in
973 1420 1074 1446 mnmlo
1090 1424 1219 1454 tanquam
1234 1419 1336 1447 lumina
1354 1425 1428 1448 sunt.
1443 1421 1544 1455 Ecquis
1568 1421 1640 1448 enim
1661 1428 1714 1448 non

925 1464 1043 1491 fateatur
1056 1472 1112 1497 eos,
1127 1465 1172 1500 qui
1190 1465 1215 1492 iu
1231 1464 1353 1494 Ecclesia
1378 1466 1531 1494 deteriores
1557 1471 1620 1494 sunt
1643 1471 1670 1494 et
1686 1467 1714 1494 in

926 1510 1068 1538 meliorum
1103 1512 1310 1547 comparatione
1346 1513 1469 1547 pejores,
1509 1512 1715 1547 praestantiores

925 1564 986 1584 esse
1000 1557 1092 1585 multis
1104 1565 1198 1585 eorum
1216 1558 1262 1594 qui
1285 1558 1312 1586 in
1333 1559 1512 1594 popularibus
1539 1559 1654 1588 coetibus
1675 1560 1716 1587 vi-

925 1603 1009 1631 vuut?

958 1690 1002 1718 50.
1017 1691 1105 1726 Atque
1129 1696 1158 1719 ut
1181 1691 1305 1727 exempla
1329 1692 1480 1726 conferam,
1511 1693 1633 1722 Ecclesia
1665 1694 1714 1722 Dei

923 1744 983 1772 qua:
993 1742 1036 1765 est
1050 1737 1173 1769 Athenis,
1190 1742 1333 1764 mansueta
1346 1743 1388 1765 est
1403 1743 1432 1765 et
1445 1743 1585 1773 constans,
1610 1744 1639 1766 ut
1652 1747 1713 1774 qua:

923 1788 1001 1818 grata
1019 1791 1125 1810 summo
1141 1784 1196 1810 Deo
1216 1788 1244 1810 et
1257 1788 1371 1816 accepta
1392 1791 1453 1811 esse
1477 1785 1568 1812 studet
1585 1794 1593 1815 ζ
1616 1791 1713 1814 contra

923 1833 1011 1856 coetus
1024 1828 1233 1856 Atheniensium
1262 1829 1435 1858 turbulentus
1457 1835 1500 1858 est
1523 1838 1573 1858 nec
1599 1831 1652 1857 ulla
1677 1839 1712 1859 ex

886 1879 892 1885 '
923 1878 1000 1908 parte
1021 1875 1056 1901 ad
1085 1874 1234 1902 Ecclesiam
1261 1875 1382 1909 ejusdem
1416 1877 1468 1904 loci
1496 1878 1710 1912 comparandus,

922 1919 994 1947 Idem
1007 1920 1109 1948 dixeris
1127 1921 1159 1948 de
1178 1921 1300 1949 Ecclesia
1331 1922 1378 1950 Dei
1408 1930 1469 1958 qua:
1495 1928 1536 1950 est
1569 1922 1709 1955 Corinthi,

922 1970 949 1992 et
965 1965 999 1992 de
1009 1965 1212 1994 Corinthiorum
1230 1971 1317 2001 cmtu;
1334 1968 1404 1995 idem
1420 1976 1527 2003 quoque
1540 1969 1574 1996 de
1585 1969 1710 1996 Ecclesia

922 2011 968 2038 Dei
981 2018 1042 2046 quae
1053 2017 1095 2039 est
1108 2011 1292 2046 Alexandria},
1303 2018 1331 2041 et
1343 2015 1377 2042 de
1385 2015 1633 2042 Alexandrinorum
1646 2023 1711 2042 con-

920 2057 993 2084 cilio.
1009 2057 1043 2085 Et
1060 2058 1082 2086 si
1095 2060 1156 2093 quis
1171 2059 1228 2086 hmo
1237 2059 1354 2087 candido
1370 2060 1461 2087 animo
1488 2060 1604 2088 audierit
1634 2065 1661 2087 et
1682 2061 1708 2087 in

921 2103 1004 2131 rebus
1024 2104 1231 2132 considerandis
1251 2106 1394 2134 veritatem
1425 2106 1574 2141 quaesierit.
1599 2106 1622 2133 is
1646 2113 1708 2133 eum

920 2150 1110 2182 admirabitur,
1133 2151 1178 2184 qui
1198 2151 1343 2179 consilium
1368 2153 1440 2187 cepit
1463 2157 1490 2180 et
1514 2153 1647 2188 perﬁcere
1661 2162 1710 2188 po-

886 2201 909 2229 υ
923 2196 974 2223 tttit
995 2201 1023 2224 ut
1035 2196 1164 2224 Ecclesia:
1177 2196 1223 2224 Dei
1246 2199 1348 2234 ubique
1377 2204 1469 2227 essent
1485 2199 1511 2226 in
1529 2199 1643 2235 singulis
1668 2207 1710 2227 ur-

921 2242 999 2270 bibus
1013 2243 1174 2278 populorum
1199 2245 1316 2272 coetibus
1344 2245 1547 2285 immistae._Sic
1570 2250 1660 2273 autem
1681 2251 1710 2274 et

921 2289 1027 2317 curiam
1044 2289 1174 2318 Ecclesiae
1185 2290 1232 2318 Dei
1249 2298 1309 2318 cum
1323 2291 1397 2318 curia
1413 2292 1581 2327 singularum
1601 2293 1708 2320 urbium

922 2335 1074 2368 cortferens,
1101 2336 1223 2364 invenias
1253 2337 1384 2372 quosdam
1411 2337 1539 2365 Ecclesiae
1554 2343 1709 2371 senatores,

921 2380 1015 2415 dignos
1031 2381 1076 2414 qui
1093 2379 1140 2408 Dei
1153 2381 1330 2409 moderentur
1357 2381 1506 2414 civitatem,
1534 2383 1556 2410 si
1581 2390 1635 2418 qua
1658 2383 1708 2410 hu-

923 2470 1012 2507 cuuda
1025 2470 1220 2504 Sabbatorum,
1240 2476 1279 2505 ut,
1292 2472 1314 2499 si
1331 2480 1383 2507 qua
1399 2475 1583 2500 contraversla
1598 2480 1631 2499 ex
1645 2480 1710 2500 sen-

925 2504 1008 2541 tentia
1026 2510 1116 2541 vestra
1130 2507 1246 2539 oriatur,
1261 2504 1347 2541 usque
1362 2509 1394 2534 ad
1412 2507 1558 2535 Sabbatum
1576 2508 1660 2535 libera
1672 2510 1710 2536 sit

922 2539 999 2566 vobis
1021 2539 1148 2573 facultas.
1178 2549 1231 2576 qua
1259 2539 1368 2575 possitis
1391 2542 1463 2568 illam
1490 2542 1706 2571 controversiam

921 2581 1097 2611 componere,
1114 2582 1142 2602 et
1154 2583 1248 2610 pacem
1261 2577 1410 2604 conciliare
1431 2577 1500 2604 inter
1512 2585 1559 2604 eos
1586 2577 1631 2611 qui
1650 2577 1705 2605 liti-

919 2613 993 2646 gant.
1010 2610 1110 2646 Adsint
1126 2616 1217 2637 autem
1231 2611 1334 2645 judicio
1354 2612 1471 2644 diaconi,
1492 2617 1518 2640 et
1539 2610 1703 2646 presbyteri,

919 2643 1024 2682 integre
1039 2644 1202 2678 judicaturi,
1220 2643 1302 2672 veluti
1322 2646 1368 2674 Dei
1388 2643 1522 2678 homines.
1539 2643 1704 2682 'cuniitisti;

920 2678 970 2717 tia.‘
985 2679 1054 2717 Cum
1066 2685 1181 2717 utraque
1200 2687 1315 2713 persona
1331 2683 1444 2715 venerit,
1457 2688 1537 2716 prout
1550 2682 1591 2710 lex
1606 2678 1700 2717 jubet.

917 2714 996 2751 ambo
1009 2715 1054 2746 qui
1072 2714 1179 2751 litigant
1204 2719 1361 2751 statuantur
1390 2718 1417 2743 in
1438 2714 1535 2745 intedio
1561 2714 1698 2751 tribunali,

917 2747 1004 2787 iisque
1021 2747 1134 2781 auditis,
1160 2754 1254 2787 sancte
1278 2749 1409 2787 judicium
1426 2754 1609 2787 pronuntiata,
1637 2747 1697 2780 stu;

915 2783 1010 2810 dentes
1026 2788 1090 2810 ante
1103 2784 1267 2811 sententiam
1282 2784 1403 2820 episcopi
1426 2783 1478 2813 'cos
1502 2783 1696 2820 reconciliare;

914 2825 947 2843 ne
962 2823 1043 2856 exeat
1067 2826 1148 2856 supra
1163 2823 1274 2856 terram
1296 2819 1429 2852 judicium
1455 2822 1481 2848 in
1503 2827 1694 2856 peccatorem,

912 2858 992 2886 prout
1006 2853 1033 2880 in
1051 2854 1179 2882 tribunali
1195 2858 1348 2883 consortem
1374 2853 1588 2892 participemque
1603 2853 1694 2884 causae
