1848 3091
61 127 110 156 961
667 125 809 153 CONTRA
826 126 966 154 CELSUM
984 126 1049 156 LIB.
1067 127 1112 156 lll.
1640 131 1694 159 962

61 185 107 212 ⁴τεοῦ
125 185 262 220 σώματος,
275 184 343 212 ἀλλὰ
357 184 427 211 κατὰ
440 183 490 220 τὴν
501 183 622 211 δοθεῖσαν
637 183 711 219 αὐτῷ
728 185 775 211 καὶ

969 193 993 212 m
1010 193 1024 212 a
1035 193 1090 217 me,
1108 186 1155 213 sed
1168 193 1217 221 ego
1230 193 1301 221 pono
1316 186 1390 214 illam
1404 194 1419 214 a
1441 187 1554 222 meipso.
1570 186 1693 215 Potesta-

61 228 157 255 τούτου
175 228 325 264 παράδοξον
345 228 468 260 ἐξουσίαν
516 227 557 260 τὸ,
578 237 587 254 ι
607 228 701 260 Οὐδεὶς
716 229 788 264 αἴρει

975 231 1064 258 habeo
1076 232 1192 266 ponendi
1206 239 1277 264 eam,
1299 236 1326 259 et
1348 238 1511 268 potestatem
1536 234 1624 261 habeo
1640 235 1693 262 ite-

59 275 150 310 ψυχήν
173 283 223 309 μου
239 275 286 300 ἀπ’
311 274 390 309 ἐμοῦ,
413 273 481 300 ἀλλὰ
497 273 553 308 ἑγὼ
574 273 670 309 τίθημι
694 275 779 310 αὐτὴν

963 276 1104 303 Isumendi
1128 284 1188 303 eam
1203 276 1237 303 ⁵⁸.
1260 286 1270 303 ι
1292 278 1325 305 Et
1344 279 1470 312 quoniam
1492 286 1551 306 eam
1576 281 1692 314 ponendi

60 320 193 356 ἐμαυτοῦ.
225 320 365 353 Ἐξουσίαν
390 319 447 355 ἔχω’
468 319 554 347 θεῖναι
581 319 676 356 αὐτὴν,
699 320 745 347 καὶ
773 328 789 346 ιιι

962 325 1065 347 :slatem
1089 320 1194 353 habuit,
1218 321 1307 355 posuit
1322 324 1432 357 quando
1455 323 1546 351 dixit:
1567 333 1576 350 ι
1600 324 1691 358 Pater,

60 365 186 398 ἐξουσίαν
210 365 265 401 ἔχω
286 366 378 393 λαϐεῖν
395 366 491 401 αὐτήν.
519 376 528 393 ι
555 366 632 392 Ἐπεὶ
654 366 707 402 γὰρ
730 367 789 400 ὲξου

962 367 997 393 Iid
1021 367 1189 402 dereliquiin
1208 367 1270 393 me?
1285 367 1317 394 Et
1340 369 1494 397 exclamans
1509 377 1576 397 voce
1597 378 1691 405 magna

59 408 116 446 εἷχε
140 411 226 438 θεῖναι
245 412 340 448 αὐτὴν,
365 411 446 447 ἔθηκε
463 411 523 448 μὲν,
540 412 621 447 ἡνίκα
639 411 708 444 εἷπε,
723 422 734 438 ι
750 412 788 439 Πά

962 413 994 440 sit
1011 412 1135 447 spiritum
1152 413 1191 445 ‘5;
1211 422 1220 438 ι
1241 421 1379 448 occupans
1393 414 1546 447 carnifices,
1563 415 1608 449 qui
1629 423 1691 443 cru-

61 458 104 484 ἵνα
121 457 148 484 τί
164 466 197 493 με
219 458 414 492 ἐγκατέλιπες
441 459 497 485 Καὶ
513 458 616 493 κράξας
640 460 713 494 φωνῇ
738 467 789 494 μεγ

963 466 1046 485 ιοιιιιη
1061 457 1145 493 468
1161 457 1323 493 frangebant
1346 466 1437 491 crura,
1460 464 1487 485 et
1511 460 1572 487 ideo
1585 461 1692 495 frange-

59 504 150 539 ἀφῆκε
171 504 202 530 τὸ
219 504 345 539 πνεῦμα’
372 515 381 531 ι
402 504 545 540 προλαϐὼν
568 506 630 537 τοὺς
646 505 692 531 ἐπὶ
711 504 766 531 τῶν

961 508 977 535 ι,
994 508 1022 530 ιιι
1047 509 1081 530 ne
1102 503 1203 531 diutius
1227 506 1429 531 cruciarentur.
1460 504 1582 540 Sumpsit
1599 512 1690 532 autem

60 550 279 584 σκολοπισμένων
289 550 344 585 (48)
360 550 485 586 δημίους,
501 550 702 585 ὑποτέμνοντας
717 550 751 577 τὰ
768 559 789 577 σῖ

961 557 1036 582 nam,
1048 551 1157 584 quando
1172 550 1310 585 discipulis
1324 551 1461 585 apparuit,
1476 555 1505 578 ut
1520 559 1611 578 coram
1626 553 1690 586 ipsis

57 595 110 621 τῶν
129 597 348 632 σταυρουμένων,
363 597 411 623 καὶ
431 597 475 623 διὰ
497 596 568 622 τοῦθ’
586 596 784 632 ὑποτέμνοντας

960 595 1066 622 dixerat
1079 595 1110 621 iis
1124 603 1155 622 ex
1168 595 1279 628 Judmis,
1292 595 1338 630 qui
1353 596 1403 630 ipsi
1419 596 1532 622 credere
1547 596 1687 623 nolebant:

60 640 96 676 μὴ
111 641 241 668 ὲπιπλέον
252 642 384 677 τιμωρίαν
396 642 518 669 τίσωσιν.
531 641 629 668 Ἔλαϐε
646 641 674 668 δὲ
689 643 738 678 τὴν
751 643 787 677 ψυ

961 644 1037 671 )lvite
1051 643 1180 677 tctnplum
1193 642 1253 673 hoc,
1268 644 1296 668 et
1310 641 1336 668 in
1353 641 1439 668 tribus
1457 641 1552 668 diebus
1566 641 1690 668 excitabo

57 687 100 712 ὅτε
116 687 214 714 ἑαυτὸν
232 688 373 722 ἐνεφάνισε
398 690 455 720 τοῖς
481 688 625 724 μαθηταῖς,
642 689 781 724 προειπὼν

961 689 967 715 l
992 689 1024 715 ⁸⁸.
1056 697 1065 714 ι
1092 687 1167 721 Quod
1198 696 1206 712 ι
1237 687 1343 714 dicebat
1376 687 1410 712 de
1438 686 1539 721 templo
1567 687 1690 721 corporis

57 733 146 760 αὐτῶν
162 735 220 765 τοῖς
241 733 401 760 ἀπιστοῦσιν
424 734 498 770 αὐτῷ
522 735 676 766 Ἰουδαίοις’
705 744 715 760 ι
744 735 782 762 Λύ

961 735 995 761 ⁸⁷.
1014 744 1024 760 ι
1043 733 1116 761 ldcm
1131 737 1158 760 et
1176 733 1314 767 prophetae
1335 732 1612 767 prmsigniflcarerant
1627 740 1688 759 cum

63 777 105 802 τὺν
133 778 196 805 ναὸν
225 778 337 810 τοῦτον,
358 778 434 813 κάγὼ
459 779 487 805 ὲν
511 781 599 814 τρισὶν
623 781 740 817 ἡμέραις
758 783 792 817 ὲγη

961 779 994 806 tis
1011 779 1037 806 in
1053 779 1129 810 locis,
1147 783 1202 805 tum
1218 778 1352 812 przccipue
1366 777 1419 804 isto
1433 786 1439 803 ε
1459 786 1468 802 ι
1489 777 1559 804 Caro
1573 785 1630 804 mea
1648 785 1689 804 rc-

62 821 150 848 αίιτόν.
168 831 178 847 ›
199 823 254 849 Καὶ
274 832 284 849 ι
304 823 380 858 ἔλεγε
399 822 477 850 τοῦτο
496 825 559 859 περὶ
577 825 623 851 τοῦ
643 827 706 852 ναοῦ
726 828 772 854 τοῦ

958 829 1023 852 :scet
1045 824 1071 851 in
1093 831 1157 858 spe;
1170 825 1298 858 quoniam
1316 830 1369 850 non
1383 822 1555 857 derelinques
1570 823 1687 850 animum

64 875 147 900 ματος
166 868 264 900 αὑτοῦ,
288 878 298 894 ›
314 869 360 895 καὶ
378 869 431 896 τῶν
450 870 598 905 προφητῶν
617 873 793 908 προκηρυξάνπ

960 877 991 896 rm
1013 868 1040 896 in
1057 868 1173 900 inferno,
1191 875 1240 896 nec
1256 868 1334 895 dabis
1350 872 1475 895 sanctum
1500 873 1574 895 tuum
1597 868 1689 895 videre

56 910 85 937 τὸ
99 912 207 940 τοιοῦτο
223 913 267 940 διὰ
279 913 409 941 πλειόνων
420 923 426 929 ’
444 915 491 941 καὶ
504 916 547 942 διὰ
563 916 621 948 τοῦ,
640 925 649 941 ι
673 917 734 943 Ἔτι
750 916 779 942 δὲ

451 915 491 941 ια).
504 916 547 942 διὰ
563 916 621 948 τοῦ,
640 925 649 941 ι
673 917 734 943 Ἔτι
750 916 779 942 δὲ
801 917 849 944 καὶ
902 916 1104 949 corruptionem
1120 914 1152 940 ⁸⁸.
1171 923 1180 940 ι

57 958 156 994 ὴσάρξ
174 967 224 994 μου
242 960 450 995 κατασκηνώσει
479 962 522 988 ἐπ’
535 962 638 989 ἐλπίδι·
653 963 694 990 ὅτι
712 964 762 989 οὐκ
783 961 990 997 ἐγκαταλείψεις
1012 960 1060 996 τὴν
1076 960 1165 996 ψυχήν
1189 967 1240 995 μου
1258 960 1298 991 είς
1321 959 1366 986 τὸν
1395 960 1461 995 ᾷδην
1476 980 1483 993 ,
1505 961 1566 987 οὐδὲ
1592 961 1687 992 δώσεις

56 1005 99 1031 τὸν
115 1005 190 1032 ὅσιόν
207 1014 253 1032 σου
268 1006 331 1033 ίδεῖν
346 1007 503 1043 διαφθοράν.
528 1017 537 1033 ι
1384 1035 1386 1037 ,

91 1051 196 1084 Ἐδειξε
214 1052 236 1078 δ’
252 1053 267 1078 ὁ
282 1052 395 1085 Κέλσος,
411 1053 452 1079 ὅτι
467 1053 594 1085 πλείονας
605 1053 710 1088 ἀνέγνω
725 1054 820 1091 ίστορίε

957 1051 979 1079 5.
1001 1050 1064 1077 Hazc
1077 1049 1173 1076 Celsus
1187 1049 1221 1076 de
1232 1049 1426 1084 Astypalteensi
1447 1049 1590 1077 Cleomede
1610 1051 1686 1078 addi-

61 1097 231 1133 Ἑλληνικὰς,
249 1097 438 1134 παραθέμενος
452 1099 499 1126 καὶ
513 1099 547 1126 τὰ
561 1099 624 1134 περὶ
640 1099 686 1126 τοῦ
711 1100 790 1126 ’Δστυ

971 1101 1001 1124 ιιι
1024 1096 1156 1123 sciremus
1170 1094 1267 1121 multas
1281 1094 1332 1121 sibi
1350 1094 1433 1122 lectas
1448 1096 1531 1123 fuisse
1545 1095 1685 1124 Grzccani-

56 1143 154 1175 λαιέως
176 1144 369 1179 Κλεομήδους·
398 1156 407 1172 ι
437 1149 467 1175 ὃν
506 1147 642 1183 ίστρησεν,
668 1146 708 1176 εἷς
730 1146 785 1173 κιϐι

960 1140 1099 1169 historias.
1119 1149 1129 1166 ι
1146 1139 1182 1172 Is,
1197 1144 1225 1166 ut
1242 1139 1337 1173 refert,
1351 1148 1412 1167 cum
1428 1140 1454 1167 in
1470 1148 1561 1168 arcam
1579 1143 1684 1177 ingrcs-

56 1189 219 1222 καταδύντα,
242 1190 289 1216 καὶ
312 1189 417 1217 ἔνδοθεν
439 1190 524 1226 αὐτῆς
548 1190 714 1226 εἰλημμένον
737 1191 774 1227 μὴ

955 1191 1037 1220 esset,
1051 1190 1077 1213 et
1090 1186 1162 1212 intus
1175 1192 1235 1212 eam
1252 1184 1369 1212 clausam
1383 1190 1495 1218 teneret,
1510 1186 1581 1213 intus
1595 1192 1683 1215 tamen

59 1235 157 1270 ρῆσθαι
183 1235 257 1262 ἔνδον
270 1244 276 1250 ·
295 1235 352 1262 ἀλλ’
370 1236 459 1263 ἔκτοθι
480 1236 605 1272 δαιμονίᾳ
620 1237 673 1263 τινὶ
693 1237 775 1272 μοίρᾳ

955 1237 1027 1260 :ntus
1042 1239 1096 1259 non
1115 1236 1173 1263 est;
1191 1231 1237 1257 sed
1254 1230 1379 1258 evolasse
1391 1231 1484 1258 divino
1497 1233 1613 1267 quodam
1627 1233 1684 1260 fato

57 1281 164 1316 πτῆναι,
181 1281 262 1316 ἡνίκα
279 1281 348 1318 ὑπὲρ
362 1281 408 1308 τοῦ
424 1281 505 1308 αὐτὸν
515 1281 656 1308 συλλαϐεῖν
668 1282 786 1317 διέκοψάι

954 1278 1146 1308 rehenderunt.
1161 1276 1207 1311 qui
1232 1276 1304 1303 illius
1329 1278 1578 1312 comprehemlendi
1602 1286 1682 1306 causa

55 1335 98 1358 νες
112 1327 162 1362 τὴν
176 1327 302 1354 κιϐωτόν.
324 1337 333 1353 ι
352 1327 406 1353 Καὶ
417 1327 496 1354 τοῦτο
511 1328 539 1354 δὲ
556 1329 580 1354 εί
598 1328 646 1363 μὲν
664 1327 717 1363 (49)
733 1328 784 1356 πλά

953 1333 992 1352 λιιι
1006 1323 1148 1359 eﬂ'regere.
1171 1332 1180 1348 )
1200 1321 1257 1349 Hoc
1279 1323 1330 1350 etsi
1354 1323 1432 1350 nobis
1457 1323 1612 1358 figmentum
1630 1332 1682 1352 non

55 1372 137 1404 ἐστὶν,
155 1372 251 1408 ὥσπερ
262 1372 349 1399 ἔοικεν
363 1370 433 1400 εἶναι
451 1372 574 1408 πλάσμα,
590 1373 620 1399 οὐ
641 1373 784 1409 παραϐάλλ

952 1375 981 1403 ει,
996 1374 1026 1397 ut
1046 1376 1107 1397 esse
1128 1368 1283 1403 figmentum
1301 1368 1419 1400 videtur,
1435 1373 1525 1396 tamen
1541 1377 1602 1396 cum
1618 1368 1681 1397 Jesu

55 1420 109 1450 τοῖς
126 1418 192 1454 περὶ
208 1417 255 1445 τοῦ
283 1418 380 1454 Ἰησοῦ.
401 1418 477 1445 Ἐπεί
502 1427 554 1455 περ
568 1419 680 1446 ἐκείνων
702 1420 752 1455 μὲν
768 1428 782 1446 ο

954 1424 981 1444 us
995 1415 1147 1450 comparari
1165 1422 1217 1441 non
1233 1414 1322 1442 debet.
1341 1413 1407 1440 Nam
1431 1415 1457 1441 in
1480 1414 1576 1442 horum
1597 1415 1683 1442 homi-

54 1461 102 1496 τῆς
116 1461 312 1497 ἱστορουμένης
333 1461 470 1498 θειότητος
486 1463 514 1489 ἐν
532 1462 571 1497 τῷ
595 1463 644 1498 βίῳ
666 1463 720 1490 τῶν
742 1464 783 1490 ἀνί

952 1470 963 1489 ιι
981 1462 1037 1489 vita
1055 1461 1158 1488 nullum
1174 1459 1228 1487 illis
1242 1459 1380 1486 attributae
1402 1460 1551 1487 divinitatis
1575 1461 1681 1496 signum

55 1516 111 1534 πων
136 1507 270 1544 σύμϐολον
295 1509 468 1544 εὑρίσκεται⁹
496 1508 543 1535 τοῦ
567 1508 596 1535 δὲ
629 1509 716 1545 Ἰησοῦ
739 1511 767 1536 αί

953 1509 1044 1536 :nitur.
1059 1506 1150 1535 Iesum
1168 1510 1258 1533 autem
1274 1506 1356 1533 Deum
1370 1513 1430 1533 esse
1448 1506 1523 1541 signa
1541 1511 1614 1540 sunt,
1629 1514 1682 1535 cce-

54 1553 248 1590 ὠφελουμένων
274 1555 429 1591 ἐκκλησίαι,
452 1555 500 1582 καὶ
521 1555 549 1581 αἱ
572 1555 635 1591 περὶ
653 1556 735 1583 αὐτοῦ
751 1556 783 1583 λε’

958 1555 1097 1582 hominum
1110 1553 1209 1588 quibus
1225 1551 1339 1586 profuit,
1352 1551 1478 1578 vaticinia
1493 1552 1526 1579 de
1539 1552 1585 1580 illo
1599 1553 1680 1586 edita,

55 1600 130 1634 μέναι
145 1602 320 1636 προφητεῖαι,
341 1601 388 1627 καὶ
402 1599 433 1628 ἀί
449 1602 478 1627 ἐν
501 1601 613 1637 ὀνόματι
629 1602 712 1629 αὑτοῦ
735 1612 784 1638 γινε

953 1600 1050 1627 itiones
1075 1600 1101 1626 in
1123 1600 1194 1627 illius
1222 1598 1333 1627 nomine
1359 1597 1446 1630 facta},
1472 1598 1602 1632 sapientis
1625 1598 1682 1633 ejus

53 1654 95 1672 ναι
108 1646 264 1682 θεραπεῖαι,
280 1646 327 1673 καὶ
343 1647 359 1682 ή
376 1648 437 1673 κατ’
457 1647 539 1673 αὐτὸν
566 1647 635 1682 μετὰ
655 1649 751 1683 σοφίας
773 1658 782 1683 γ

954 1646 1026 1672 .rinae
1043 1646 1173 1680 cognitio,
1197 1646 1267 1672 ratio
1282 1645 1483 1680 mysteriorum,
1502 1651 1583 1680 quam
1607 1644 1683 1672 inve-

54 1699 103 1723 σις,
123 1691 172 1717 καὶ
193 1691 208 1716 ὁ
221 1691 300 1724 λόγος
319 1691 514 1726 εὑρισκόμενος
536 1691 612 1727 παρὰ
626 1693 683 1723 τοῖς
700 1700 782 1727 φροντ

948 1696 972 1718 nt
987 1692 1015 1725 ii,
1037 1692 1083 1726 qui
1108 1692 1224 1726 simplici
1250 1691 1302 1719 fide
1319 1699 1371 1718 non
1387 1691 1506 1718 contenti
1520 1690 1677 1726 Scriptura-

54 1735 238 1771 σινιάναϐἦναι
253 1736 302 1771 μὲν
317 1736 372 1763 ἀπὸ
386 1737 436 1772 τῆς
450 1736 532 1772 ψιλῆς
552 1737 680 1769 πίστεως,
697 1738 783 1773 ἐρευνὲ

952 1747 954 1763 ι
978 1744 1088 1764 sensum
1109 1737 1227 1765 scrutari
1252 1737 1372 1764 student.
1388 1735 1416 1770 Id
1442 1737 1511 1771 quod
1528 1735 1608 1763 Jesus
1624 1735 1681 1771 ipse

53 1781 78 1808 δὲ
101 1781 148 1808 τὸν
164 1783 194 1809 ἐν
208 1783 266 1813 ταῖς
283 1781 370 1813 θείαις
389 1782 513 1818 Γραφαῖς
537 1782 600 1809 νοῦν
627 1783 697 1810 κατὰ
720 1783 770 1815 τὰς

952 1783 1034 1817 cipit:
1052 1782 1245 1815 «Scrutamini,
1268 1782 1366 1817 inquit,
1384 1781 1541 1816 Scripturas
1555 1781 1593 1814 ⁶⁹;
1620 1790 1630 1808 ι
1654 1786 1681 1809 et

59 1826 142 1861 Ἰησοῦ
165 1826 317 1862 ὑποθήκας,
334 1827 472 1859 εἰπόντος·
504 1837 513 1853 ι
546 1828 690 1863 Ἐρευνᾶτε
709 1828 759 1859 τὰς
774 1829 788 1854 ῐ

953 1830 994 1858 lus
1005 1830 1072 1863 vult,
1086 1830 1220 1864 siquidem
1233 1829 1321 1862 docet,
1336 1833 1462 1863 oportere
1475 1835 1523 1854 nos
1531 1827 1603 1855 scire
1611 1835 1679 1862 quo-

52 1871 103 1906 φάς
112 1881 118 1887 ·
141 1882 151 1899 ι
171 1872 219 1899 καὶ
235 1872 306 1899 κατὰ
319 1873 349 1899 τὸ
370 1872 494 1909 βούλημα
508 1872 555 1899 τοῦ
568 1873 722 1906 διδάξαντος
735 1875 781 1900 Ila‘

949 1875 975 1902 lo
999 1875 1145 1911 unicuique
1167 1874 1430 1910 respondeamus”.
1447 1874 1678 1907 Quemadmodum

51 1918 104 1944 δεῖν
117 1918 218 1945 εἰδέναι
233 1919 306 1954 ἡμᾶς
327 1919 434 1954 ἑκάστῳ
458 1919 529 1946 κατὰ
559 1919 590 1946 τὸ
613 1919 671 1946 δέον
693 1920 780 1956 άτιοκρ

949 1920 991 1954 [ιιιί
1018 1920 1107 1947 dicit:
1125 1930 1134 1946 ι
1161 1920 1251 1947 Parati
1276 1927 1383 1955 semper
1409 1920 1442 1947 ad
1466 1919 1678 1947 satisfactionem

53 1964 113 1991 σθαι
128 1973 135 1979 ·
159 1964 231 1992 ἀλλὰ
245 1965 293 1992 καὶ
309 1965 355 1992 τοῦ
375 1966 512 1997 είπόντος*
530 1975 540 1991 ‹
559 1966 682 2001 Ἕτοιμοι
708 1967 751 1993 ἀεὶ
776 1976 782 1992 -.

951 1967 967 1993 ii
984 1967 1105 2001 poscenti
1121 1973 1170 1993 vos
1186 1966 1320 1993 rationem
1336 1966 1369 1993 de
1386 1972 1419 1992 ea
1435 1973 1496 2000 quae
1509 1965 1534 1991 in
1550 1964 1624 1992 vobis
1638 1970 1680 1991 est

52 2010 200 2044 ἀπολογίαν
218 2010 298 2037 παντὶ
316 2010 355 2046 τῷ
374 2010 494 2038 αἰτοῦντι
515 2012 587 2046 ὑμᾶς
610 2011 688 2046 λόγον
710 2013 773 2048 περὶ

962 2012 995 2039 ⁷⁸.
1012 2021 1021 2038 ι
1036 2012 1113 2046 Quod
1127 2013 1149 2039 si
1165 2012 1215 2039 sibi
1227 2011 1340 2039 concedi
1356 2011 1475 2045 postulat
1489 2011 1540 2038 hoc
1553 2017 1605 2037 non
1617 2017 1679 2037 esse

51 2056 78 2082 ὲν
90 2057 155 2092 ὑμῖν
169 2057 298 2088 πίστεως.
319 2067 328 2083 ι
347 2057 379 2083 El
399 2057 428 2084 δὲ
447 2057 569 2093 βούλεται
595 2059 676 2091 αὐτὸς
695 2067 780 2094 συγχο

950 2057 1012 2085 tlam
1024 2078 1031 2091 ,
1050 2057 1124 2085 dicat
1135 2065 1187 2092 qua
1204 2062 1292 2085 mente
1305 2057 1372 2088 haec,
1389 2064 1449 2092 qua:
1463 2063 1543 2091 supra
1558 2056 1679 2083 homines

52 2099 110 2125 σθαι
124 2099 162 2135 μὴ
173 2098 244 2126 εἶναι
264 2100 388 2136 πλάσμα,
401 2100 514 2135 λεγέτω,
531 2102 557 2128 τί
573 2102 720 2139 βουλομένη
740 2104 756 2138 ἡ
772 2104 781 2129 ί

969 2109 1088 2137 potestas
1105 2104 1231 2136 voluerit,
1256 2109 1284 2130 ut
1309 2104 1402 2131 divino
1424 2104 1540 2138 quodam
1564 2103 1620 2129 fato
1645 2109 1679 2129 ex

51 2133 194 2180 ἄνθρωπον
213 2145 268 2181 (50)
284 2133 398 2181 δύναμις
412 2133 562 2182 πεποίηκεν
573 2133 669 2175 ’ἔκτοθι
689 2133 739 2184 της
751 2133 776 2175 ¹κ

948 2157 956 2177 ι
973 2150 1046 2177 foras
1061 2150 1193 2178 evolaret.
1211 2150 1239 2177 Si
1251 2150 1314 2181 quid
1326 2150 1398 2177 enim
1415 2149 1530 2184 alicujus
1550 2149 1677 2176 momenti

51 2190 95 2216 τοῦ
115 2191 245 2226 δαιμονίᾳ
258 2191 311 2217 τινὶ
325 2192 407 2228 μοίρᾳ
419 2192 563 2228 διαπτῆναι
577 2201 584 2225 ;
599 2194 630 2220 Et
643 2194 692 2229 μὲν
706 2194 780 2229 γὰρέ

949 2205 1058 2232 tumque
1076 2197 1130 2225 Deo
1157 2198 1184 2224 in
1209 2196 1373 2224 conferendo
1396 2196 1442 2224 illo
1464 2195 1600 2224 Cleomedi
1617 2202 1678 2222 mu-

52 2235 126 2269 λογόν
149 2245 176 2262 τι
204 2237 391 2272 παραστήσει,
414 2238 461 2265 καὶ
486 2237 608 2273 βούλημα
630 2238 698 2265 Θεοῦ
716 2239 781 2271 ἄξιον

952 2251 957 2269 ι
973 2243 1115 2270 censilium
1131 2242 1262 2275 attulerit,
1276 2242 1427 2269 videbimus
1449 2241 1514 2276 quid
1536 2240 1573 2267 illi
1596 2247 1681 2274 oppo-

51 2280 242 2317 δωρησάμενον
265 2282 295 2308 τὺ
316 2282 437 2309 τοιοῦτον
459 2283 499 2318 τῷ
518 2283 681 2320 Κλεομήδει,
697 2285 780 2320 κρινοῐ

948 2288 1009 2316 dum
1024 2289 1078 2316 erit
1092 2298 1098 2315 :
1114 2289 1154 2316 sin
1171 2292 1260 2315 autem
1275 2288 1343 2315 nihil
1357 2289 1455 2315 habeat
1470 2287 1512 2314 vel
1526 2286 1677 2322 probabile,

51 2325 76 2350 τί
93 2326 145 2362 χρὴ
170 2327 262 2360 λέγειν
285 2327 354 2363 πρὸς
371 2328 469 2354 αὐτόν’
485 2330 510 2355 εἰ
533 2328 555 2355 δ’
572 2330 705 2366 ἀπορήσει
729 2331 779 2358 κᾶν

950 2334 964 2361 d
981 2335 1033 2362 hoc
1047 2334 1108 2362 loco
1130 2334 1213 2367 dicat,
1228 2334 1280 2362 hoc
1304 2334 1363 2368 ipso
1382 2333 1454 2369 quod
1470 2332 1570 2360 nullam
1596 2331 1679 2358 ratio-

52 2370 130 2397 Θανόν
142 2380 169 2398 τι
183 2373 224 2403 εἰς
237 2372 283 2399 τὸν
295 2373 377 2399 τόπον
387 2373 613 2409 λέγειν,δηλονότι
621 2375 713 2411 (51)τὺ
723 2376 781 2403 ὅσον

948 2388 955 2407 ι
982 2381 1103 2416 reperire
1127 2385 1225 2415 potest,
1245 2380 1387 2408 historiam
1416 2379 1491 2406 illam
1515 2385 1606 2405 coram
1633 2377 1677 2408 iis.

51 2416 88 2450 τῷ
103 2418 140 2453 μὴ
154 2418 332 2453 εὑρίσκεσθαι
344 2419 434 2453 λόγον,
451 2420 510 2456 ἦτοι
523 2421 702 2457 διαϐαλοῦμεν
715 2424 770 2454 τοῖς

955 2433 1015 2453 eam
1040 2427 1158 2454 nondum
1182 2431 1355 2462 receperunt,
1370 2424 1586 2460 vituperabimus
1601 2427 1630 2451 et
1649 2427 1682 2449 ut

51 2461 97 2508 τὴν
111 2462 149 2498 μὴ
162 2463 406 2499 παραδεξαμένοις,
423 2465 470 2491 καὶ
487 2466 670 2502 ὲγκαλέσομεν
685 2468 718 2503 τῇ
736 2468 780 2494 ioc

952 2480 989 2500 am
1006 2472 1217 2508 redarguemus;
1234 2461 1281 2499 aut
1294 2472 1399 2499 dicetur
1421 2469 1581 2497 daemonium
1596 2467 1681 2502 quod-

52 2505 86 2538 ὦς
98 2508 147 2534 οὐκ
159 2508 266 2544 ἀληθεῖ,
281 2510 298 2545 ἢ
314 2510 452 2546 δαιμόνιόν
467 2519 493 2537 τι
514 2512 636 2548 φήσομεν
651 2514 780 2549 παραπλή

952 2505 1100 2553 imagicas'
1108 2523 1181 2546 artes
1198 2518 1342 2549 imitatum,
1366 2515 1453 2544 oculis
1470 2514 1560 2541 fucum
1581 2513 1681 2540 fecisse

1561 2582 1582 2594 κ

87 2609 306 2649 ἳηιοοιιέλκιίβ.
360 2611 382 2628 ⁸⁵
410 2612 679 2649 Μοιίιι.γῃνιι,46,
701 2613 746 2641 50.
797 2614 816 2630 ⁶¹

952 2635 960 2648 ,
976 2616 1021 2644 19.
1072 2617 1094 2632 ⁸⁷
1111 2616 1196 2649 lbid.,
1210 2617 1255 2644 2|.
1294 2616 1316 2633 "
1330 2616 1401 2644 Psal.
1417 2623 1462 2648 xv,
1481 2615 1508 2642 9.
1559 2613 1581 2630 “
1596 2613 1677 2641 Joan.

52 2651 78 2676 v,
94 2645 141 2672 59.
181 2645 216 2660 “'
234 2645 337 2673 Coloss.
352 2654 390 2677 tv.
406 2647 432 2674 6.
471 2647 493 2663 ⁷⁰
509 2648 516 2675 Ι
532 2648 589 2675 Pet.
606 2655 634 2675 ιιι
649 2648 714 2680 .15.

88 2733 142 2774 (ᾇβ)
169 2735 506 2774 Ἀρι-εσξιολοθιςιιι-μένων.Δ
524 2735 580 2774 SicL
591 2736 670 2774 codd.
690 2735 792 2771 Regius
810 2744 817 2763 ι

948 2735 1166 2774 ἱολη-αδεσιιςΙῘ-ιις
1176 2739 1204 2762 et
1219 2735 1381 2774 Spencerus,
1398 2738 1414 2773 ἠ
1430 2737 1500 2773 ὑπὲρ
1516 2737 1677 2774 ἀνθρώπων.

54 2766 228 2806 Βδεμέειιξὶε,
239 2771 307 2806 altas
322 2766 694 2806 νειόὰνασκολοπιζομένων.
731 2766 756 2806 ’ν

643 2779 694 2797 νων.
731 2766 756 2806 ’ν
803 2805 806 2806 ν
892 2766 996 2806 Μεε,,’ἡ
1012 2771 1082 2806 ὑπὲρ
1094 2766 1247 2806 ἄνθρωπον,
1264 2772 1372 2806 rectius.

89 2803 144 2837 (49)
167 2803 337 2831 Ιίωεσίιείίιιε
354 2805 379 2830 in
399 2803 627 2840 texturetiomnes
642 2813 718 2840 mss..
734 2805 758 2831 εί
776 2805 818 2839 μέε.

949 2803 1155 2839 Η)“Δηλὶγνότιζ
1172 2804 1210 2832 lta
1230 2806 1315 2833 codex
1337 2805 1518 2840 Basileensis;
1534 2807 1602 2835 alias
1614 2814 1678 2834 vero

56 2836 207 2871 Spencerus
225 2843 316 2867 autem
335 2840 412 2874 ἡμῖν,
429 2839 509 2867 male.
522 2839 606 2875 Lego,
618 2840 642 2866 εἰ
658 2839 696 2875 μὴ
712 2836 784 2867 πλάσ

508 2859 509 2865 η
522 2839 606 2875 Lego,
618 2840 642 2866 εἰ
658 2839 696 2875 μὴ
712 2836 835 2875 πλάσμα.
891 2836 1041 2875 δῆλονὸτι,
1053 2840 1144 2868 minus
1159 2841 1237 2868 bene.
