1848 3091
165 105 218 134 965

889 102 952 130 una

1743 98 1786 126 εισι

166 169 229 197 erga
251 161 324 188 illum
339 159 569 196 Astypalaensem
585 169 591 187 :
608 159 715 186 tametsi
733 158 827 186 Celsus
842 158 951 186 videtur

1050 167 1057 190 ;
1081 158 1311 194 ἐπιδεικνυμένοις
1332 157 1427 193 γόησιν
1452 158 1545 193 ἀπάτῃ
1566 156 1624 192 (52)
1650 155 1788 191 ὀφθαλμῶν

166 207 219 235 sibi
243 212 370 241 tanquam
385 214 401 232 e
423 205 527 240 tripode
541 205 743 239 pronttntiasse,
761 205 834 232 illum
859 205 951 232 divino

167 252 281 287 quodam
297 250 352 278 fato
365 251 488 278 evolasse
503 250 576 277 foras
587 257 619 278 ex
634 257 708 277 arca.

200 339 243 365 54.
276 337 366 365 Credo
393 337 520 372 equidem
556 336 630 365 solos
664 336 723 363 illos
757 335 842 363 fuisse
874 335 953 362 Celso

165 382 249 418 469
263 381 397 417 cognitos,
414 389 464 409 nec
477 382 579 409 dixisse
595 390 605 406 ι
624 381 693 408 alios
713 380 867 415 huiusmodi
888 388 953 407 eos—

166 436 220 462 que
234 428 334 455 mullos
351 427 449 454 adduci
472 435 562 463 posse,
583 436 592 453 ι
619 427 670 454 nisi
695 431 725 454 ut
738 427 833 454 volens
854 426 953 453 similia

165 473 291 507 exempla
314 473 457 507 reliquisse
481 474 631 500 videretur.
651 472 749 500 Verum
775 477 846 505 esto,
877 472 954 499 detur

167 519 204 546 illi
217 519 309 554 plures
329 518 355 546 id
370 526 455 553 genus
473 518 557 546 fuisse.
575 519 621 553 qui
642 518 711 545 nihil
730 517 885 552 adjuvarint
904 518 954 544 hu—

167 566 268 597 miues,
283 565 347 599 quid
362 565 458 592 horum
469 565 578 600 quidvis
589 565 623 591 ad
639 572 681 591 res
694 564 757 592 Jesu
772 569 864 598 gestas
880 563 954 598 ejus-

168 618 221 644 que
239 610 384 643 miracula,
397 611 430 637 de
445 611 543 644 quibus
553 611 614 637 fuse
629 609 712 637 loculi
730 609 843 637 sumus?
853 609 955 636 Deinde

168 657 233 690 quia
261 657 489 691 comprehensum
520 659 714 689 mortuumque
740 655 865 688 colimus,
889 655 955 683 ait:

172 710 182 727 ι
206 701 301 728 Simile
315 708 366 728 nos
385 692 527 736 quidpiam
539 701 630 728 facere
644 700 723 728 Getis
737 701 783 735 qui
803 700 954 734 Zamoixin,

169 747 299 774 Cilicibus
313 747 359 781 qui
372 746 666 781 Mopsum,Acarnanis
682 746 955 780 quiAmphilochum,

169 791 307 820 Thebanis
319 793 364 826 qui
380 792 588 826 Amphiaraum,
604 791 819 819 Lebadiensibus
829 792 875 826 qui
889 791 957 819 Tro-

1004 205 1183 241 πεποιηκέναι
1204 205 1252 232 καὶ
1273 204 1338 240 περὶ
1361 203 1406 230 τὴν
1433 203 1657 230 Ἀστυπαλαιέα·
1681 202 1744 237 περὶ
1764 200 1789 229 ὦ

1002 251 1088 278 οίεται
1103 252 1117 277 ὁ
1130 251 1234 282 Κέλσος
1248 251 1288 276 ὅτι
1304 249 1470 286 θεοπρόπιόν
1487 258 1512 275 τι
1526 249 1685 279 ἐθέσπισεν,
1699 248 1736 279 ὼς
1746 249 1791 283 ἄρα

1005 297 1088 332 μοίρᾳ
1098 295 1151 322 τινὶ
1167 295 1293 331 δαιμονίᾳ
1307 295 1404 330 διέπτη
1420 294 1474 321 ἀπὸ
1487 294 1537 329 τῆς
1552 293 1685 320 κιϐωτοῦ.

1046 341 1116 375 Ἐγὼ
1123 342 1172 376 μὲν
1179 340 1226 368 οὖν
1234 340 1301 376 ἡγοῦ
1305 340 1412 376 μαι,ὅτι
1419 340 1529 370 τούτους
1539 340 1639 374 μόνους
1645 337 1791 373 ἡπίστατοό

1003 387 1116 419 Κέλσος·
1132 387 1180 414 καὶ
1195 387 1239 414 ἵνα
1256 387 1320 422 δοκῇ
1337 386 1408 412 ἑκὼν
1425 386 1589 422 παραλιπεῖν
1600 384 1636 410 τὰ
1650 383 1791 418 παραπλή-

1005 441 1060 465 σια,
1076 430 1135 459 εἷπε
1143 433 1183 459 τό·
1199 442 1208 458 t
1225 433 1280 459 Καὶ
1291 432 1387 463 ἄλλους
1397 431 1454 467 ἑχοι
1469 440 1510 463 τις
1526 431 1560 457 ἂν
1574 432 1664 457 εἰπεῖν
1678 430 1792 456 τοιούσδε

1004 479 1139 511 πλείονας.
1162 489 1172 504 ι
1195 479 1284 506 Ἔστω
1298 479 1320 505 δ’
1337 476 1383 505 οὖν
1398 479 1444 504 κα)¹
1459 477 1586 509 δεδόσθω,
1605 477 1729 503 τοιούσδε
1744 476 1792 511 (55)

1005 524 1144 559 γεγονέναι
1153 524 1287 555 πλείονας,
1300 524 1383 559 μηδὲν
1395 523 1569 558 ὼφεληκότας
1581 523 1612 549 τὸ
1625 522 1682 549 τῶν
1695 521 1791 557 ἀνθρὼ-

1005 579 1064 596 πων
1084 570 1171 604 γένος·
1187 570 1213 596 τί
1238 569 1340 595 τούτων
1355 569 1470 595 ἕκαστον
1488 568 1611 604 εὑρεθείη
1634 568 1669 594 ἂν
1685 567 1755 603 πρὸς
1769 567 1793 593 τὸ

1005 614 1052 641 τοῦ
1071 615 1157 650 Ἰησοῦ
1168 614 1246 650 ἔργον
1264 615 1311 641 καὶ
1325 615 1359 641 τὰ
1371 616 1434 650 περὶ
1446 615 1528 641 αὐτοῦ
1551 613 1697 649 παράδοξα
1710 633 1718 643 ,
1736 613 1792 648 περὶ

1006 658 1043 688 ὧν
1059 661 1105 687 ἐπὶ
1127 661 1217 687 πλεῖον
1237 661 1403 696 είρήκαμεν;
1421 661 1498 687 Μετὰ
1513 660 1601 687 ταῦτα
1615 670 1625 686 ‹
1651 659 1792 695 παραπλή-

1007 715 1064 733 σιον
1079 706 1152 741 ἡμᾶς
1166 716 1175 732 ι
1194 706 1280 732 οἴεται
1298 715 1307 731 t
1328 707 1518 742 πεποιηκέναι,
1540 716 1550 732 ι
1571 707 1618 733 τὸν
1635 707 1644 741 (
1660 705 1701 737 ὦς
1719 713 1793 741 φησιν

1006 753 1021 778 ό
1037 752 1140 784 Κέλσος
1150 752 1170 788 ,)
1193 752 1292 778 ἁλόντα
1315 752 1362 778 καὶ
1383 751 1554 779 ἀποθανόντα
1573 751 1791 787 θρησκεύοντας,

1011 807 1021 823 ι
1039 799 1094 829 τοῖς
1111 798 1205 829 Γέταις
1220 797 1328 824 σέϐουσι
1346 797 1392 824 τὸν
1405 797 1539 832 Ζάμολξιν
1551 818 1558 829 ,
1576 797 1624 824 καὶ
1648 796 1740 829 Κίλιξι
1754 796 1793 822 τὸν

169 839 299 874 phonium
315 839 389 866 cultu
406 844 619 874 prosequuntur.
639 849 650 865 ι
662 839 711 867 His
725 847 834 874 quoque
849 847 898 868 nos
912 841 952 867 ab-

1050 845 1110 879 ψον,
1123 845 1170 871 καὶ
1191 844 1339 880 Ἀκαρνᾶσι
1352 843 1397 870 τον
1418 843 1592 878 Ἀμφίλοχον,
1607 842 1657 868 καὶ
1670 841 1792 876 Θηϐαίοις

169 886 252 913 surde
279 893 293 913 ι
318 886 397 914 Celso
421 886 568 914 assimilari
595 887 634 913 sic
657 887 826 914 demonstro.
845 887 864 914 li
883 887 957 914 enim

171 931 270 967 templa
287 936 315 959 et
330 937 434 959 statuas
449 933 558 966 erigunt
576 932 628 959 illis
643 940 713 967 quos
731 933 881 960 recensuit.
897 932 956 961 Nos

171 983 260 1005 autem
278 985 292 1005 a
311 983 403 1005 nostro
419 985 485 1013 erga
497 978 674 1005 Divinitatem
687 978 762 1006 cultu
776 986 821 1005 res
834 979 892 1006 illas
914 986 958 1006 re-

167 1025 279 1060 jieimus
308 1029 337 1051 ιιι
358 1024 446 1059 magis
475 1024 670 1051 convenientes
697 1025 840 1052 daemoniis
865 1025 957 1052 nescio

170 1071 306 1105 quomodo
321 1070 488 1098 consecratis
499 1070 618 1104 quodam
635 1070 662 1097 in
680 1070 758 1104 loco,
781 1078 861 1105 quem
880 1076 959 1099 caste:

170 1116 209 1143 ris
226 1115 414 1150 pnetulerunt,
430 1120 477 1142 aut
492 1116 519 1142 in
538 1122 591 1149 quo
607 1115 828 1143 fixeruntscdem
843 1116 957 1151 quibus-

171 1161 233 1187 dam
250 1160 387 1196 mysteriis
407 1161 498 1188 allecti
510 1166 538 1188 et
552 1161 667 1195 magicis
684 1161 790 1188 artibus
802 1162 934 1189 incantati
949 1170 956 1189 :

171 1210 199 1232 et
208 1205 299 1233 Jesum
317 1205 496 1236 admiramur.
508 1206 553 1240 qui
567 1211 685 1234 mentem
703 1211 824 1234 nostram
835 1207 869 1234 ab
883 1207 957 1234 omni

172 1259 212 1284 re,
225 1259 286 1286 quae
297 1252 346 1279 sub
362 1258 459 1279 sensus
475 1251 559 1284 cadit,
578 1256 607 1279 ut
620 1259 672 1279 non
686 1252 775 1279 solum
787 1253 958 1288 corruptioni

171 1297 301 1329 obnoxia,
317 1297 364 1324 sed
375 1297 457 1324 etiam
468 1297 681 1332 corrumpenda,
696 1303 843 1325 avocatam
867 1299 960 1325 tradu-

172 1343 213 1370 xit
223 1342 255 1369 ad
270 1342 372 1370 cultum
389 1342 445 1369 Deo
467 1341 641 1370 tribuendum
664 1343 740 1377 puris
762 1343 884 1370 moribus
897 1351 960 1378 pre-

172 1389 314 1423 cibusque,
333 1395 401 1423 quas
412 1388 450 1415 illi
466 1388 579 1416 ferimus
594 1395 642 1423 per
659 1395 733 1422 eum,
749 1389 793 1423 qui
808 1388 957 1423 ingenitam

172 1434 244 1462 inter
268 1438 296 1462 et
320 1435 438 1470 genitam
456 1439 582 1462 naturam
607 1434 690 1462 veluti
708 1435 813 1462 medius
826 1454 834 1468 ,
855 1435 889 1461 ad
910 1441 959 1462 nos

173 1479 260 1508 defert
275 1479 364 1508 Patris
378 1479 525 1513 beneficia,
545 1485 573 1507 et
591 1480 743 1507 sacerdotis
760 1487 836 1508 more
852 1484 959 1508 nostras

174 1528 208 1554 ad
223 1535 360 1554 summum
374 1526 456 1554 Deum
476 1527 578 1561 perfert
595 1534 702 1561 preces.

1007 891 1054 918 τὸν
1082 890 1264 926 Ἀμφιάρεων,
1293 890 1341 916 καὶ
1360 889 1501 921 Λεόαδίοις
1523 890 1568 916 τὸν
1593 889 1761 924 Τροφώνιον.
1783 898 1791 913 ι

1008 937 1064 964 Καὶ
1077 938 1106 963 ὲν
1121 937 1225 968 τούτοις
1239 936 1267 962 δὲ
1277 936 1422 971 ἐλέγξομεν
1436 936 1516 962 αὑτὸν
1530 936 1581 962 οὐκ
1596 935 1720 969 εὐλόγως
1729 935 1793 970 ἡμᾶς

1008 982 1178 1018 ὁμοιώσαντα
1203 983 1260 1014 τοῖς
1291 982 1513 1017 προειρημένοις.
1531 982 1563 1008 Οί
1586 981 1636 1016 μὲν
1659 981 1717 1016 γὰρ
1735 980 1795 1010 νεὼς

1009 1028 1056 1055 καὶ
1078 1027 1224 1063 ἀγάλματα
1249 1027 1454 1054 κατεσκεύασαν
1477 1028 1534 1058 τοῖς
1562 1026 1793 1061 κατειλεγμένος-

1009 1073 1089 1109 ἡμεῖς
1101 1073 1139 1105 δὲ,
1154 1074 1204 1108 τὴν
1217 1073 1261 1100 διὰ
1274 1073 1327 1100 τῶν
1345 1073 1472 1100 τοιούτων
1489 1072 1572 1107 τιμὴν
1587 1072 1735 1103 ἀνελόντες
1747 1071 1794 1098 ἀπὺ

1008 1118 1055 1146 τοῦ
1071 1118 1153 1150 θείου,
1171 1118 1218 1154 (ὡς
1241 1118 1414 1154 ἁρμοζόντων
1510 1117 1610 1152 μᾶλλον
1632 1117 1793 1152 δαιμονίοις,

1009 1164 1059 1190 οὐκ
1071 1161 1200 1195 οἵδ’ὄπως
1213 1163 1364 1199 ἱδρυμένοις
1377 1162 1405 1188 έν
1415 1171 1467 1189 τινι
1481 1162 1566 1197 τόπῳ,
1583 1162 1612 1188 ὃν
1624 1162 1686 1197 ἦτοι
1704 1170 1795 1196 προκα-

1009 1208 1242 1244 ταλαμὸἀνουσιν,
1265 1208 1282 1243 ἢ
1300 1208 1344 1234 δια
1365 1216 1445 1234 τινων
1465 1206 1580 1233 τελετῶν
1597 1207 1730 1242 ἀχθέντες
1756 1207 1796 1233 καὶ

1011 1253 1185 1289 μαγγανειῶν
1202 1253 1296 1289 ὥσπερ
1312 1252 1439 1288 οἱκοῦσι·)
1455 1252 1611 1288 τεθήπαμεν
1624 1253 1672 1279 τὸν
1685 1251 1795 1288 Ἰησοῦν,

1010 1299 1056 1325 τὸν
1072 1298 1134 1325 νοῦν
1143 1298 1222 1334 ὴμῶν
1241 1298 1391 1334 μεταθέντα
1407 1297 1461 1324 ἀπὸ
1476 1298 1577 1329 παντὸς
1594 1297 1731 1332 αἰσθητοῦ
1741 1317 1748 1328 ,
1765 1296 1795 1327 ὡς

1009 1344 1040 1370 οὐ
1055 1344 1134 1380 μόνον
1147 1344 1277 1380 φθαρτοῦ,
1290 1343 1357 1370 ἀλλὰ
1373 1344 1421 1370 καὶ
1433 1343 1642 1379 φθαρησομένου
1653 1364 1660 1375 ,
1677 1344 1727 1370 καὶ
1739 1343 1796 1370 ἀνά-

1009 1399 1091 1424 γοντα
1111 1390 1157 1416 ἐπὶ
1177 1390 1226 1426 τὴν
1255 1390 1324 1426 μετὰ
1345 1390 1424 1425 ὀρθοῦ
1446 1390 1505 1425 βίου
1522 1389 1590 1425 πρὸς
1602 1390 1650 1416 τὸν
1670 1390 1720 1416 ἐπὶ
1739 1390 1796 1415 :57.

1010 1435 1076 1462 Θεὸν
1092 1435 1174 1471 τιμὴν
1200 1437 1257 1469 μετ’
1275 1435 1378 1471 εὐχῶν,
1404 1435 1437 1467 ἃς
1454 1435 1631 1471 προσάγομεν
1652 1435 1746 1470 αὐτῷ,
1765 1434 1796 1466 ὡς

1010 1482 1054 1508 διὰ
1068 1481 1168 1517 μεταξὺ
1180 1481 1256 1513 ὄντος
1268 1482 1324 1517 (55)
1340 1482 1390 1517 τῆς
1406 1481 1452 1508 τοῦ
1473 1481 1605 1516 ἀγενήτου
1623 1481 1673 1508 καὶ
1686 1482 1736 1517 τῆς
1751 1481 1796 1508 τῶν

1010 1527 1132 1562 γενητῶν
1151 1527 1259 1554 πάντων
1287 1527 1414 1561 φύσεως,
1436 1527 1483 1554 καὶ
1510 1527 1640 1563 φέροντος
1663 1527 1715 1562 μὲν
1740 1528 1797 1562 ἡμῖν

173 1573 222 1604 τὰς
234 1572 342 1599 ἀπὸτοῦ
356 1572 460 1607 Πατρὸς
471 1572 628 1609 εὐεργεσίας
636 1593 643 1605 ,
655 1573 858 1608 διακομίζοντος
868 1573 889 1599 δ’
901 1573 978 1608 ἡμῶν
990 1573 1090 1610 τρόπον
1108 1573 1258 1609 ἀρχιερέως
1270 1573 1319 1604 τὰς
1330 1573 1413 1609 εὐχὰς
1430 1574 1498 1609 πρὸς
1514 1574 1559 1600 τὸν
1574 1574 1622 1600 ἐπὶ
1640 1575 1711 1600 πᾶσι
1729 1574 1796 1600 Θεὸν.

209 1618 253 1646 55.
271 1618 324 1645 Sed
341 1618 471 1646 adversus
482 1626 544 1645 eum
558 1638 565 1652 ,
583 1619 629 1653 qui
650 1619 744 1646 nescio
756 1626 809 1654 qtta
826 1619 860 1645 de
878 1626 960 1646 causa

174 1666 231 1692 haec
263 1664 341 1694 dicit,
371 1663 466 1690 lubens
492 1664 545 1691 hoc
573 1664 653 1692 modo
681 1672 799 1698 nugarcr
816 1664 878 1692 :An
893 1664 961 1692 nihil

175 1714 238 1738 sunt
254 1710 293 1736 illi
309 1716 378 1744 quos
395 1710 584 1738 enumerasti?
603 1709 712 1736 Nihilne
732 1709 871 1744 egregium
895 1709 962 1737 facit

175 1758 202 1784 itt
219 1757 337 1784 Lebadia
354 1756 538 1792 Trophonius,
557 1756 660 1783 Thebis
671 1756 698 1783 itt
712 1763 762 1783 suo
780 1757 879 1791 templo
893 1757 959 1784 Am-

174 1803 316 1837 phiaraus,
344 1803 371 1830 in
401 1803 557 1830 Acarnania
580 1802 788 1837 Amphilochus,
813 1803 838 1829 in
864 1802 960 1830 Cilicia

174 1847 303 1882 Mopsus?
315 1847 369 1875 Aut
381 1853 460 1875 estne
475 1848 530 1875 illis
547 1847 644 1882 aliquis
665 1848 706 1875 vel
728 1848 842 1880 daemon,
855 1848 896 1874 vel
912 1847 962 1875 he-

174 1901 232 1925 ros,
249 1893 290 1921 rcl
302 1895 380 1926 deus,
395 1895 441 1928 qui
456 1894 604 1928 quidquam
615 1915 622 1926 ,
649 1893 721 1928 quod
739 1894 810 1920 vires
827 1893 961 1920 humanas

175 1945 296 1975 superet,
313 1940 434 1968 efﬁciat?
450 1939 479 1967 Si
493 1940 565 1967 enim
577 1940 679 1967 dixcrit
694 1939 762 1967 nihil
776 1946 837 1967 esse
849 1959 857 1971 ,
871 1946 960 1974 neque

175 1989 324 2014 daemonem
337 2008 344 2020 ,
370 1995 460 2021 neque
479 1986 562 2013 ttllum
582 1993 703 2018 numen;
721 1986 828 2020 aperiat
852 1986 960 2013 tandem

174 2040 235 2068 quae
252 2040 302 2060 sua
320 2033 355 2060 sit
368 2033 504 2060 sententia
517 2052 524 2063 ,
542 2031 706 2066 Epicureum
724 2038 752 2059 se
767 2030 895 2063 fateatur,
912 2030 960 2066 qui

175 2086 265 2113 neque
276 2086 337 2105 cum
356 2077 459 2105 Graecis
473 2077 567 2104 eadem
592 2077 702 2109 sentiat,
721 2083 809 2111 neque
825 2076 961 2103 daemones

174 2128 319 2159 agnoscat,
332 2131 422 2158 neque
440 2123 550 2150 eosdem
564 2130 595 2149 ac
612 2123 649 2149 illi
667 2123 732 2150 deos
748 2127 893 2149 veneretur
909 2130 916 2148 :
933 2126 962 2148 et

174 2170 265 2205 palam
284 2170 331 2196 fiat
348 2177 417 2196 vana
435 2176 495 2196 esse
507 2176 566 2202 quae
578 2168 633 2203 jam
648 2168 717 2195 dixit
727 2173 755 2195 et
770 2173 861 2203 postea
874 2168 962 2195 dictu-

175 2223 223 2243 rus
236 2220 277 2242 est
293 2214 369 2250 quasi
388 2221 452 2242 vera
469 2213 642 2241 credidisset.
666 2213 695 2240 Si
718 2213 791 2240 dicet
810 2218 901 2240 autem
915 2217 962 2240 aut

175 2262 322 2293 daemones,
348 2265 395 2287 aut
417 2261 527 2292 heroas,
549 2264 596 2285 aut
619 2259 684 2285 deos
701 2265 762 2285 esse
773 2265 832 2290 eos,
850 2265 918 2292 quos
934 2258 960 2285 in

175 2306 295 2334 medium
312 2305 444 2340 protulit;
473 2308 568 2332 caveat
593 2310 628 2330 ne
654 2303 716 2330 hinc
733 2302 874 2337 probetur,
889 2302 961 2336 quod

176 2354 288 2382 minime
309 2353 375 2385 vult.
393 2353 447 2380 tale
460 2350 600 2387 quidpiam
615 2349 699 2377 fuisse
715 2349 807 2377 Jcsum
821 2358 829 2382 ;
847 2349 961 2384 proinde

175 2400 298 2435 potuisse
311 2398 405 2426 multis
419 2398 576 2426 hominibus
590 2396 757 2433 persuadere
776 2403 806 2423 se
828 2395 961 2423 divinitus

211 2499 267 2535 (5‘2)
294 2498 413 2532 Ἀπάτη.
433 2498 471 2535 Ita
497 2495 723 2535 cotltl.__Joli_an_us
749 2499 778 2523 et
801 2494 965 2535 Basileensis

174 2536 202 2562 in
215 2531 315 2565 Vtc'xtu,
332 2531 425 2567 sicque
440 2533 494 2558 duo
517 2531 660 2567 Anglicani
684 2532 856 2567 in_m:_trgine
876 2534 962 2567 recte.

175 2571 247 2598 Urdu
270 2563 325 2600 est,
339 2563 475 2604 δαιμόνιόν
494 2575 521 2604 τι
538 2563 629 2604 ἀπάτῃ
650 2563 964 2604 ὀφθαλμῶνπεποιηκέ-

175 2614 219 2632 ναι
237 2599 427 2640 παραπλήσιον
440 2603 495 2640 τοῖς
509 2599 744 2640 ἐπιδεικνυμένοις
755 2599 861 2634 γόησιν.

212 2633 348 2674 (55)’Μεε.
385 2633 516 2665 τοιούσδε.
532 2633 657 2674 impressi
676 2636 802 2674 itttcxtu,
814 2633 961 2664 τοιούτους.

285 2674 455 2700 ΙΙωεοΙιεΙιιιε
470 2673 496 2708 in
511 2677 599 2708 testu.
616 2670 801 2708 ἁρμοζόντως.
906 2702 912 2708 1

213 2705 269 2739 (55)
288 2709 332 2740 Ὡς
345 2707 393 2734 διὰ
408 2707 523 2742 μεταξὺ
537 2705 647 2742 ὄντοςέὲ
657 2705 962 2742 ιιυιεειιειίιιεβιιεριοετ

177 2737 260 2769 batur
272 2737 432 2776 legenduui,
452 2737 539 2776 (Dalii;
557 2737 657 2775 μεταξὺ
672 2739 764 2776 ὖντος,
788 2738 868 2776 male.
887 2737 959 2763 Nihil

181 2778 279 2803 mutari
294 2774 405 2803 necesse
418 2782 468 2803 est.
488 2774 583 2810 Agitur
594 2776 694 2809 quippe
710 2775 742 2810 de
753 2774 880 2810 precibus
894 2778 960 2806 quas

180 2810 320 2838 oderimus
338 2810 392 2838 Deo
420 2820 430 2836 ‹
451 2819 500 2845 per
513 2808 579 2837 cum
604 2808 653 2844 qui
680 2808 764 2836 veluti
787 2808 891 2836 medius
918 2811 959 2834 est

1054 1619 1218 1655 Ἐϐουλόμην
1239 1619 1267 1645 δὲ
1284 1618 1351 1654 πρὸς
1368 1619 1432 1651 τὸν,
1450 1620 1500 1646 οὐκ
1522 1616 1570 1645 οἶδ’
1588 1620 1665 1651 ὅπως
1694 1619 1798 1646 τοιαῦτα

1011 1665 1124 1700 λέγοντα
1138 1666 1251 1693 τοιαῦτά
1268 1675 1328 1692 τινα
1342 1665 1501 1701 πρεπόντως
1517 1666 1592 1701 αὐτῷ
1608 1665 1796 1701 ἀδολεοχῆσαι·

1011 1709 1080 1747 Ἆρ’
1090 1709 1136 1739 οὖν
1153 1711 1228 1738 οὐδέν
1244 1712 1312 1738 είσιν
1328 1708 1401 1738 οὗτοι
1413 1711 1459 1743 οὓς
1482 1711 1649 1744 κατέλεξας,
1667 1712 1719 1738 καὶ
1733 1712 1799 1738 afrie-

1013 1757 1062 1792 μία
1074 1756 1187 1791 δὺναμίς
1200 1758 1273 1784 ἐστιν
1291 1757 1320 1783 ὲν
1340 1756 1458 1792 Λεϐαδίᾳ
1475 1756 1547 1783 κατὰ
1565 1757 1612 1782 τὸν
1636 1756 1797 1791 Τροφώνιον,

1011 1802 1065 1828 οὐδ’
1077 1803 1106 1828 ἐν
1121 1802 1223 1837 Θήϐαις
1240 1802 1304 1838 περὶ
1320 1802 1365 1828 τὸν
1378 1801 1424 1828 τοῦ
1446 1801 1608 1837 Ἀμφιάρεω
1622 1800 1707 1832 νεὼν,
1718 1801 1770 1827 οὐδ’
1777 1801 1799 1826 ἐν

1019 1848 1182 1884 Ἀκαρνανίᾳ
1192 1848 1255 1883 περί
1262 1848 1307 1875 τὸν
1322 1848 1491 1884 Ἀμφίλοχον,
1503 1848 1556 1874 οὐδ’
1571 1848 1600 1874 ὲν
1608 1847 1728 1883 Κιλικία
1745 1847 1800 1881 περὶ

1011 1893 1057 1919 τὸν
1072 1891 1179 1926 Μόψονς
1191 1892 1227 1918 Ἤ
1241 1893 1349 1924 ὲστίτις
1357 1893 1385 1918 ἐν
1393 1893 1448 1924 τοῖς
1464 1891 1595 1923 τοιούτοις
1613 1892 1673 1918 εἴτε
1691 1892 1799 1927 δαίμων,

1012 1939 1068 1965 εἴτε
1080 1938 1164 1973 ἥρως,
1176 1937 1232 1964 εἴτε
1240 1938 1287 1964 καὶ
1298 1937 1368 1969 θεὸς,
1381 1938 1500 1973 ἐνεργῶν
1512 1946 1573 1964 τινα
1586 1937 1704 1973 μείζονα
1713 1938 1731 1972 ἦ
1740 1937 1800 1964 κατὰ

1012 1983 1168 2019 ἄνθρωπον;
1182 1984 1212 2010 Et
1225 1984 1273 2019 μὲν
1286 1983 1339 2018 γάρ
1351 1992 1417 2019 φησι
1436 1984 1519 2019 μηδὲν
1531 1985 1624 2019 ἕτερον
1641 1981 1726 2015 εἶναι,
1742 1987 1801 2018 μήτε

1011 2029 1158 2065 δαιμόνιον,
1173 2030 1240 2066 μήτε
1254 2030 1324 2056 θεῖον
1334 2030 1396 2064 περὶ
1410 2029 1534 2062 τούτους,
1548 2030 1600 2057 κᾶν
1611 2029 1662 2056 νῦν
1675 2030 1802 2065 ὁμολογη-

1013 2077 1086 2103 σάτω
1094 2076 1143 2111 τὴν
1155 2076 1252 2103 ἑαυτοῦ
1266 2076 1389 2111 γνώμην,
1405 2075 1592 2111 Ἐπικούρειος
1602 2075 1652 2107 ὧν,
1662 2078 1714 2103 καὶ
1727 2076 1764 2111 μὴ
1775 2074 1802 2100 τά

1012 2121 1081 2148 αὐτὰ
1094 2123 1151 2154 ταῖς
1168 2119 1280 2157 Ἕλλησι
1305 2121 1421 2158 φρονῶν,
1450 2122 1497 2148 καὶ
1516 2123 1585 2157 μήτε
1607 2121 1746 2157 δαίμονας
1768 2128 1802 2154 γι-

1012 2167 1160 2202 γνώσκων,
1177 2168 1246 2203 μήτε
1260 2167 1310 2195 κᾶν
1335 2168 1373 2200 ὡς
1393 2167 1522 2203 ’Έλληνες
1541 2167 1619 2199 θεοὺς
1638 2168 1742 2194 σέὸωψ
1763 2167 1802 2193 καὶ

1014 2213 1176 2249 ὲλεγχέσθω,
1188 2214 1230 2240 ὅτι
1240 2214 1326 2249 μάτην
1340 2215 1387 2240 καὶ
1403 2213 1438 2240 τὰ
1454 2214 1655 2250 προειρημένα,
1667 2214 1709 2245 ὡς
1720 2222 1802 2249 παρτι-

1014 2258 1158 2294 δεξάμενος
1177 2258 1245 2286 αὐτὰ
1258 2257 1331 2297 εἶναι,
1341 2258 1438 2294 ἀληθῆ,
1456 2259 1579 2294 ἐκόμισε,
1595 2258 1644 2284 καὶ
1661 2258 1699 2284 τὰ
1718 2260 1747 2284 ὲν
1755 2259 1802 2288 toi;

1015 2305 1079 2340 ἑξῆς
1099 2305 1292 2341 ἐπιφερόμενα·
1319 2305 1343 2330 εἰ
1360 2304 1388 2330 δὲ
1405 2305 1487 2339 φήσει
1505 2305 1560 2330 εῐτε
1584 2304 1732 2339 δαίμονας,
1755 2305 1801 2330 εἴτε

1014 2351 1123 2386 ἥρωας,
1137 2351 1191 2376 εἴτε
1207 2350 1255 2376 καὶ
1278 2349 1356 2381 θεοὺς
1372 2348 1428 2384 (56)
1450 2347 1519 2375 εἶναι
1544 2350 1609 2380 τοὺς
1628 2349 1803 2384 κατειλεγμέ-

1015 2404 1076 2427 νους
1086 2416 1092 2428 ,
1111 2396 1215 2431 ὁράτω,
1231 2396 1271 2422 ὅτι
1283 2415 1291 2427 ,
1314 2396 1383 2431 ὅπερ
1395 2395 1425 2421 οὐ
1441 2395 1565 2430 βούλεται
1578 2415 1586 2427 ,
1605 2396 1803 2422 κατασκευάσει

1020 2495 1090 2521 inter
1103 2496 1251 2522 incrcatam
1264 2499 1391 2522 naturam
1408 2499 1437 2521 et
1452 2499 1576 2522 creatam
1590 2502 1597 2522 :
1615 2503 1624 2520 ι
1637 2494 1676 2526 ὼς
1691 2494 1737 2520 διὰ
1758 2502 1801 2528 με·

1017 2530 1084 2562 mea
1095 2531 1171 2561 ὄντος
1188 2530 1238 2564 τῆς
1250 2530 1297 2556 τοῦ
1313 2530 1446 2564 ἀγενήτου
1460 2531 1507 2556 καὶ
1532 2529 1583 2564 τῆς
1605 2529 1662 2555 τῶν
1686 2528 1802 2563 γενητῶν

1018 2565 1126 2591 πάντων
1144 2565 1260 2599 φύσεως.
1274 2566 1325 2592 l‘ro
1337 2565 1470 2599 ὰγενήτου
1494 2569 1521 2591 et
1543 2564 1667 2598 γενητῶν
1684 2567 1757 2597 quod
1771 2564 1802 2589 le-

1017 2602 1091 2634 gitur
1110 2600 1136 2626 in
1149 2601 1228 2627 codd.
1249 2600 1333 2632 llegio
1356 2605 1383 2627 et
1399 2600 1567 2634 Basileensi,
1587 2599 1656 2626 libb.
1672 2599 1740 2625 editi
1758 2599 1801 2623 ba-

1018 2633 1083 2661 hent
1098 2644 1105 2660 :
1119 2635 1267 2668 ἀγεννήτου
1284 2641 1309 2661 et
1320 2633 1469 2668 γεννητῶν.
1493 2634 1594 2661 Ibidem
1610 2640 1711 2659 omnes
1727 2640 1800 2668 mss,

1016 2667 1198 2730 35:33:06
1214 2667 1508 2704 Πατρὸςεὺεργεσίας.
1528 2668 1571 2695 Ab
1592 2668 1710 2695 excusis
1732 2667 1800 2694 libris

1016 2713 1021 2730 ι
1131 2715 1164 2730 .a.

1015 2706 1090 2730 abest
1100 2706 1164 2731 ἀπό.

1051 2740 1106 2802 (ὂὲ)
1122 2740 1223 2768 Omnes
1235 2748 1299 2768 mss.
1314 2740 1392 2771 θεούς
1403 2761 1411 2773 ,
1435 2739 1500 2767 libh.
1519 2740 1612 2767 excusi
1629 2739 1741 2771 θείους,
1757 2738 1799 2764 mi-

1053 2783 1066 2802 s
1100 2783 1159 2802 ene.

1015 2782 1066 2802 nus
1081 2782 1159 2804 bene.
