1848 3091
109 158 163 187 975

705 163 843 192 CONTRA
860 162 997 192 CELSUM
1016 163 1080 191 LIB.
1098 164 1144 192 Ill.

1682 165 1732 194 971

111 220 193 255 ﬁst
209 218 277 247 εἶναι
287 220 353 248 Θεδν
361 222 407 248 καὶ
415 222 477 250 Υξὺν
487 221 566 253 Θεοῦ,
577 218 653 254 οὗτος
661 223 674 249 ὁ
683 223 829 258 Αὐτολόγος
841 223 890 250 seri

982 223 1053 257 alque
1072 222 1170 250 Filium
1191 229 1252 250 esse
1275 223 1414 251 credimus
1431 227 1458 251 et
1478 230 1529 258 pro
1550 229 1625 251 certo
1649 224 1733 252 habe-

113 266 161 292 καὶ
184 266 201 300 ἡ
227 266 373 301 αὐτοσοιρία
389 268 435 294 καὶ
456 268 472 303 ἡ
489 267 684 303 αὐτοαλήθεια’
701 269 732 294 τὺ
755 269 787 304 δὴ
808 268 903 304 θνητὸν

112 310 196 337 αὑτοῦ
225 311 313 347 σῶμα,
329 313 375 339 καὶ
398 313 447 349 τὴν
472 314 642 350 ἀνθρωπίνην
668 315 696 340 ὲν
723 314 797 350 αὐτῷ
814 314 902 350 ψυχὴν

112 357 146 391 τῇ
173 357 240 392 πρὸς
259 357 362 384 ἐκεῖνον
383 358 436 394 (8'2)
460 360 491 385 οὐ
518 360 597 393 μόνον
620 359 755 394 κοινωνίᾳ,
771 359 838 386 ἀλλὰ
856 359 904 386 καὶ

113 401 208 428 ὲνὼσει
223 403 270 429 καὶ
287 404 434 439 ἀνακράσει
446 404 478 431 τά
494 405 609 440 μέγιστά
622 414 710 441 φαμεν
726 406 903 441 προσειληφέ-

113 456 168 478 ναι,
182 449 228 474 καὶ
238 449 287 484 τῆς
297 449 400 476 ἐκείνου
409 449 544 486 θειότητος
557 451 773 486 κεκοινωνηκότα
786 452 825 483 εἰς
837 451 902 478 Θεὸν

115 493 340 529 μεταϐεϐηκέναι.
373 495 434 522 Ἐὰν
465 495 492 521 δέ
513 505 555 528 τις
582 498 739 532 προσκόπτῃ
765 497 812 524 καὶ
838 497 903 532 περὶ

112 539 160 565 τοῦ
184 540 309 576 σώματος
331 542 412 568 αὑτοῦ
435 542 511 568 ταῦθ’
533 543 611 578 ἡμῶν
631 543 773 577 λεγόντων,
791 545 902 579 ἐπιστη-

114 585 190 612 σάτω
202 588 258 618 τοῖς
271 587 323 613 ὑπὸ
336 588 389 614 τῶν
405 588 536 624 Ἑλλήνων
550 589 704 624 λεγομένοις
722 590 785 625 περὶ
801 590 849 625 τῆς
863 590 902 625 τῷ

116 630 174 666 ἰδίῳ
196 631 267 666 λόγῳ
285 633 379 659 ἀποίου
405 633 480 668 ὕλης,
509 635 654 669 ποιότητας
676 635 899 670 ἀμφισχομὲνης,

114 674 210 706 ὁποίας
225 677 239 701 ὁ
258 676 419 712 δημιουργὸς
434 677 555 712 βούλεται
570 679 636 714 αὐτῇ
654 679 828 714 περιτιθέναι,
855 680 901 706 καὶ

115 720 245 753 πολλάκις
256 721 304 752 τὰς
318 723 365 758 μὲν
378 724 512 759 προτέρας
529 724 734 759 ἁποτιθεμὲνης,
745 725 901 761 κρείττονας

114 765 144 792 δὲ
165 767 211 793 καὶ
232 767 375 804 διαφόρους
393 770 652 805 ἀναλαμϐανούσης·
676 772 699 797 εί
716 771 768 807 γὰρ
788 771 851 806 ὑγιῆ
866 772 900 798 τὰ

115 811 239 843 τοιαῦτα,
262 813 288 838 τί
317 812 481 849 θαυμαστὸν,
509 816 558 850 τὴν
585 815 713 850 ποιότητα
730 815 776 842 τοῦ
802 814 899 851 θνητοῦ

115 857 187 884 κατά
204 857 249 884 τὸν
271 859 371 894 Ἰησοῦν
383 859 506 895 σώματος
523 861 580 895 (85)
597 862 707 896 προνοίᾳ.
723 861 788 887 Θεοῦ
805 861 899 897 βουλη-

116 901 219 935 θέντος,
235 904 393 938 μετοιϐαλεϊν
416 907 455 938 εἰς
473 906 591 942 αἰθέριον
604 907 651 934 καὶ
666 907 739 934 θείαν
753 908 900 943 ποιότητα;

152 949 208 985 Οὐχ
222 950 259 981 ὡς
274 951 439 984 διαλεκτικὸς
452 953 499 988 μὲν
514 951 559 979 οὖν
576 951 651 980 εἶπεν
662 954 676 979 ὁ
688 953 801 986 Κέλσος,
816 962 905 990 παρα-

116 993 221 1021 ϐάλλων
237 995 285 1027 τὰς
302 997 473 1032 ἀνθρωπίνας
497 999 542 1024 τοῦ
569 999 655 1035 Ἰησοῦ
678 999 782 1034 σάρκας
800 1000 902 1035 χρυσῷ,

115 1040 164 1066 καὶ
178 1040 298 1076 ἀργύρῳ,
314 1042 361 1068 καὶ
384 1043 458 1078 λίθῳ,
476 1044 516 1070 ὅτι
532 1041 610 1071 αὗται
627 1045 737 1072 ἐκείνων
757 1045 904 1081 φθαρτότε-

117 1094 174 1121 ραι.
188 1087 259 1122 Πρὸς
267 1087 321 1124 γὰρ
331 1088 375 1115 τὸν
386 1089 485 1125 ἀκριὸῆ
494 1090 582 1124 λόγον,
589 1090 643 1116 οὒτ’
654 1091 790 1125 ἄφθαρτον
800 1091 905 1127 ἀφθάρ-

116 1140 164 1158 του
176 1132 386 1169 ἀφθαρτότερον,
403 1134 464 1161 οὔτε
489 1136 608 1171 φθαρτὸν
627 1136 746 1172 φθαρτοῦ
757 1136 904 1172 φθαρτότε-

118 1185 176 1211 ρον.
195 1178 263 1204 Ἀλλ’
286 1180 310 1205 εἰ
333 1179 386 1214 ἄρα.
414 1180 604 1217 φθαρτότερον,
626 1182 700 1217 ὅμως
724 1182 752 1208 δὲ
774 1183 819 1208 καὶ
837 1182 904 1217 πρὸς

115 1222 195 1249 τοῦτο
212 1225 342 1260 φήσομεν,
360 1227 399 1252 ὅτι
413 1227 490 1262 εἴπερ
501 1228 609 1254 δυνατὸν
624 1228 745 1263 ἀμείϐειν
760 1229 904 1264 ποιότητας

114 1269 167 1304 τὴν
194 1271 374 1308 ὑποκειμένην
398 1273 498 1305 πάσαις
525 1275 662 1310 ποιότησιν
690 1274 769 1310 ὓλην·
791 1275 848 1307 πῶς
872 1275 902 1302 οὐ

114 1314 227 1342 δυνατὸν
242 1316 287 1342 καὶ
301 1317 350 1352 τὴν
364 1317 452 1354 σάρκα
463 1318 509 1345 τοῦ
529 1319 613 1354 Ἰησοῦ
626 1319 779 1354 ἁμείψασαν
794 1321 904 1355 ποιότη-

114 1369 168 1393 τας
192 1362 331 1396 γεγονέναι
354 1364 489 1399 τοιαύτην,
504 1365 598 1391 ὁποίαν
627 1365 710 1400 ἐχρῆν
730 1364 859 1402 εἶναιτὴν
875 1367 903 1393 ἐν

115 1407 209 1442 αἰθέρι
223 1409 329 1441 καὶτοῖς
343 1410 469 1446 ἀνωτέρω
484 1410 539 1446 (84)
554 1411 634 1437 αὑτοῦ
649 1412 740 1443 τόποις
763 1412 902 1438 πολιτευο-

117 1453 214 1489 μένην,
244 1455 336 1481 οὐκέτι
360 1456 471 1491 ἔχουσαν
495 1456 529 1482 τὰ
550 1456 598 1491 τῆς
615 1457 747 1492 σαρκικῆς
763 1457 903 1489 ἀσθενείας

117 1498 183 1530 ἴδια,
195 1499 242 1525 καὶ
261 1499 338 1526 ἂτινα
358 1500 513 1536 μιαρώτεροι
529 1500 667 1536 ὠνόμασεν
682 1501 695 1527 ὁ
708 1501 825 1534 Κέλσος
842 1502 902 1528 οὐδὲ

115 1545 197 1572 τοῦτο
217 1545 365 1581 φιλοσόφως
386 1547 479 1573 ποιῶν.
495 1547 531 1574 Τὸ
546 1547 600 1584 γὰρ
619 1548 720 1583 κυρίως
735 1548 831 1584 μιαρὸν
848 1548 902 1575 ἀπὸ

114 1591 216 1624 κακίας
231 1593 348 1619 τοιοῦτόν
361 1594 427 1620 ἐστι.
438 1593 518 1625 Φύσις
529 1593 557 1620 δὲ
572 1593 696 1629 σώματος
712 1594 742 1620 οὐ
758 1594 858 1629 μιαρά-
871 1594 901 1621 οὐ

115 1636 201 1675 γὰρῇ
225 1639 305 1673 φύσις
330 1639 453 1675 σώματός
480 1641 537 1667 ἐστι
552 1640 617 1675 (εδ),
634 1640 663 1666 τὸ
682 1640 838 1674 γεννητικὸν
856 1641 905 1676 τῆς

117 1685 283 1721 μιαρότητος
295 1686 351 1722 ἔχει
376 1687 424 1722 τὴν
446 1686 553 1713 κακίαν.
570 1685 626 1713 Εἶτ’
643 1687 713 1718 ἐπεὶ,
731 1686 905 1722 ὑπειδόμενος

115 1730 168 1766 τὴν
182 1733 246 1767 παρ’
262 1732 339 1768 ἡμῶν
354 1732 508 1766 ἀπολογίαν,
520 1732 594 1767 λέγει
610 1733 736 1768 περὶτῆς
755 1732 905 1768 μεταϐολῆς

115 1776 167 1803 τοῦ
175 1776 298 1812 σώματος
311 1777 402 1810 αὑτοῦ,
411 1779 451 1804 ὅτι
462 1789 471 1804 ‹
483 1779 552 1806 Ἀλλ’
561 1779 726 1814 ἀποθέμενος
733 1778 842 1811 ταύτας,
850 1779 905 1814 ἄρα

115 1821 281 1855 ἓσταιΘεός·
294 1823 320 1850 τί
332 1822 377 1850 οὖν
392 1824 451 1859 οὐχὶ
468 1824 590 1859 μᾶλλονὸ
610 1824 772 1860 Ἀσκληπιὸς
783 1824 830 1851 καὶ
845 1825 904 1851 Διό-

115 1878 209 1901 νυσος,
219 1870 265 1896 καὶ
279 1869 414 1906 Ἡρακλῆς
423 1878 429 1903 ;
438 1871 581 1906 ιφήσομεν·
590 1869 622 1896 Τί
633 1869 788 1905 ’τηλικοῦτον
796 1870 906 1906 Ἀσκλη-

115 1915 220 1951 πιὸς,ῆ
236 1915 369 1948 Διόνυσος,
386 1916 401 1952 ἦ
422 1916 558 1952 Ἡρακλῆς
569 1917 729 1952 εἰργάσαντο
741 1923 748 1947 ;
760 1916 814 1942 Καὶ
829 1916 905 1947 τινας

115 1961 225 1994 ἕξουσιν
237 1961 372 1994 ἀποδεῖξαι
389 1962 581 1997 βελτιωθέντας
593 1963 630 1988 τᾶί
637 1962 689 1997 ἢθη
703 1962 751 1988 καὶ
764 1961 904 1998 κρείττους

115 2009 280 2044 γενομένους
298 2009 350 2036 ἀπὸ
372 2009 425 2036 τῶν
438 2009 525 2043 λόγων
539 2009 585 2035 καὶ
607 2008 653 2035 τοῦ
672 2008 727 2043 βίου
744 2008 843 2040 αὐτῶν,
861 2008 904 2035 ἴνα

116 2054 251 2088 γένωνται
260 2054 334 2086 Geni;
356 2054 458 2086 Πολλὰς
473 2054 526 2089 γὰρ
542 2057 590 2086 τὰς
608 2054 670 2089 περὶ
684 2053 773 2080 αὐτῶν
786 2053 905 2089 εστορίας

116 2100 290 2134 ἀναγνόντες,
303 2100 400 2135 ἴδωμεν
415 2101 438 2127 εἰ
451 2100 634 2135 ὲκαῡάρευσαν
653 2099 706 2126 ἀπὺ
721 2098 902 2133 ἁκολασίας,ἣ

117 2145 238 2177 ἀδικίας,
256 2146 272 2181 ἢ
287 2146 451 2181 ἀφροσύνης,
464 2146 480 2181 ἣ
495 2145 603 2177 δειλίας.
627 2145 681 2171 Καὶ
706 2146 730 2171 εἰ
756 2145 804 2180 μὲν
823 2144 905 2179 μηδὲν

117 2189 244 2225 εὑρεθείη
267 2189 391 2216 τοσοῦτον
412 2189 466 2225 (86)
483 2190 510 2215 ὲν
536 2190 637 2220 αὐτοῖς,
653 2188 760 2224 ἰσχυρὸς
777 2188 810 2215 ἂν
825 2188 867 2222 εἴη
890 2188 905 2214 ὸ

954 275 1028 300 mus,
1042 275 1104 295 eum
1121 275 1182 295 esse
1206 267 1319 295 Verbum
1337 269 1436 303 ipsum,
1460 269 1621 304 sapientiam
1636 269 1733 304 ipsam,

954 312 1040 346 ipsam
1067 311 1209 338 veritatem
1229 320 1236 338 :
1254 312 1368 339 mortale
1393 318 1482 340 autem
1512 313 1570 347 ejus
1593 321 1692 349 corpus
1708 319 1735 341 et.

953 357 1098 384 humanam
1126 365 1187 391 qua:
1214 357 1240 384 in
1265 358 1322 392 ipso
1338 362 1380 384 est
1401 359 1519 385 animam
1537 360 1570 386 ad
1587 361 1732 386 maximam

953 402 1111 437 dignitatem
1125 408 1217 430 evecta
1233 402 1328 435 fuisse,
1342 410 1396 430 non
1408 404 1537 432 societate
1553 410 1656 432 tantum
1673 413 1734 432 cum

952 449 1010 480 illo,
1024 449 1070 476 sed
1098 449 1179 476 etiam
1204 449 1229 476 in
1254 457 1335 476 unum
1349 456 1480 476 concursu
1495 455 1521 477 et
1540 452 1714 485 permistione
1726 473 1734 484 ,

953 494 1032 521 ambo
1061 495 1086 521 in
1114 500 1221 530 partem
1245 500 1340 521 vocula
1368 494 1452 522 fuisse
1475 495 1640 529 divinitatis,
1657 502 1684 525 cl
1707 499 1733 524 in

951 539 1119 566 divinitatem
1134 541 1217 567 fuisse
1229 547 1370 567 conversa.
1384 540 1411 566 Si
1429 548 1508 574 quem
1523 541 1579 569 hzcc
1597 543 1735 571 edendam

952 593 1012 619 quzc
1026 586 1058 612 de
1075 585 1136 612 Jcsu
1159 593 1273 621 corpore
1292 586 1416 618 dicimus,
1438 586 1459 612 is
1484 587 1593 616 Grmcos
1611 590 1735 616 consulat

952 631 986 658 de
1009 632 1135 664 materia,
1160 639 1239 666 quant
1261 631 1358 658 docenl
1375 640 1423 666 per
1437 640 1466 660 se
1482 634 1570 660 omnis
1595 640 1734 668 expertem

956 684 1016 704 esse
1030 677 1183 711 qualitatis;
1195 677 1340 711 qualitates
1359 678 1431 706 indui
1444 680 1648 714 qualescunque
1663 680 1735 708 Deus

954 722 993 748 illi
1021 722 1188 749 circmndare
1212 722 1282 756 vult;
1305 727 1333 750 et
1360 731 1441 759 saepe,
1465 725 1602 759 prioribus
1626 726 1734 760 positis,

952 767 1071 802 potiores
1087 772 1114 794 ct
1129 767 1249 796 diversas
1261 776 1410 807 assumere.
1428 769 1492 802 Qum
1506 770 1615 804 quidem
1630 772 1734 805 opinio,

953 814 976 839 si
998 821 1062 840 sana
1086 818 1136 845 est,
1166 814 1229 848 quid
1253 814 1351 841 mirum
1369 815 1542 849 qualitatem,
1561 824 1613 851 qua
1636 825 1735 852 corpus

950 857 1012 886 Jesu
1035 859 1149 886 mortale
1171 860 1294 886 indutum
1309 865 1376 893 erat,
1395 861 1440 888 Dei
1457 862 1573 889 volentis
1590 863 1734 897 providen-

956 905 1002 935 tia,
1022 905 1048 932 in
1062 907 1206 932 mtheream
1225 906 1400 940 divinamquc
1417 912 1546 935 mutatam
1564 909 1666 936 fuisse?

987 951 1034 978 42.
1060 952 1150 984 Quare
1168 951 1265 979 Celsus
1281 952 1430 980 dialecticze
1445 961 1497 980 non
1514 955 1581 981 satis
1601 955 1735 988 meminit,

955 1003 1016 1023 cum
1033 997 1165 1024 lnunanas
1188 997 1250 1024 Jesu
1275 1005 1372 1025 carnes
1394 1006 1454 1025 cum
1480 1007 1556 1032 auro,
1579 1006 1692 1035 argento
1707 1006 1736 1028 et

955 1042 1044 1076 lapide
1058 1050 1231 1077 comparans,
1241 1043 1279 1069 ait
1290 1050 1387 1070 carnes
1398 1044 1460 1071 illas
1475 1045 1547 1072 hisce
1560 1046 1641 1072 rebus
1651 1044 1734 1073 fuisse

955 1089 1041 1123 magis
1069 1089 1093 1115 in
1122 1089 1324 1123 corruptionem
1349 1098 1509 1125 propcnsas.
1530 1090 1597 1118 Nam
1615 1091 1636 1118 si
1662 1092 1735 1127 loqui

955 1140 1085 1161 acetirate
1112 1135 1247 1167 volumus,
1277 1136 1345 1162 nihil
1372 1136 1579 1171 incorruptibile
1596 1144 1639 1165 est.
1661 1139 1734 1172 quod

954 1180 990 1207 sit
1007 1181 1204 1215 incnrruptihili
1223 1181 1471 1216 incorruptibilius:
1490 1190 1577 1217 neque
1597 1184 1735 1218 corrupti-

957 1226 1009 1254 hile
1024 1227 1228 1261 corruptibilius
1244 1227 1426 1260 corruptibili.
1444 1227 1515 1254 Sane
1533 1235 1596 1256 vero
1611 1229 1647 1256 sit
1660 1229 1735 1264 quid-
1778 1234 1782 1238 ”

955 1273 1026 1307 piam
1054 1273 1080 1299 in
1110 1273 1310 1308 corruptionem
1335 1273 1457 1307 pronius,
1476 1274 1598 1301 dicemus
1621 1279 1734 1302 tamen:

957 1318 985 1345 Si
1011 1319 1131 1345 materia:
1155 1319 1332 1353 qualitatibus
1346 1320 1472 1346 omnibus
1487 1319 1613 1353 subjectae
1634 1322 1735 1349 mutari

955 1364 1058 1398 possint
1078 1363 1225 1398 qualitates
1247 1375 1252 1391 :
1272 1372 1320 1391 cur
1348 1365 1405 1392 ﬁeri
1434 1373 1487 1392 non
1513 1366 1600 1400 potuit
1617 1371 1646 1393 ut
1672 1375 1736 1395 caro

955 1408 1031 1440 Jesu,
1055 1409 1167 1436 mutatis
1187 1409 1374 1443 qualitatibus,
1401 1410 1460 1437 talis
1475 1412 1603 1444 evaserit,
1628 1413 1736 1446 qualem

961 1454 1082 1488 oportuit
1093 1462 1163 1485 esse,
1180 1463 1240 1490 qua:
1256 1456 1282 1482 in
1299 1456 1399 1483 aethere
1413 1464 1445 1483 ac
1462 1457 1529 1484 locis
1543 1457 1644 1485 aethere
1658 1466 1737 1493 supe-

954 1501 1072 1529 rior-ibus
1095 1506 1261 1532 versaretur.
1280 1501 1402 1537 nihilque
1431 1502 1542 1529 haberet
1564 1510 1658 1530 eorum
1677 1511 1738 1537 qua:

954 1547 1066 1574 inﬁrma:
1081 1548 1170 1574 carnis
1186 1548 1294 1582 propria
1309 1552 1382 1581 sunt,
1399 1553 1426 1574 et
1442 1556 1500 1583 rpite
1517 1549 1612 1576 Celsus
1632 1549 1737 1584 impura

954 1599 1034 1620 vocat
1043 1593 1056 1619 2
1068 1593 1124 1626 Qua
1139 1593 1220 1620 etiam
1235 1594 1261 1620 in
1275 1601 1305 1621 re
1316 1599 1412 1628 peccat
1426 1594 1452 1620 in
1466 1594 1641 1630 philosOphiae
1653 1596 1736 1631 leges.

955 1638 1023 1666 Nam
1040 1640 1149 1674 proprie
1171 1640 1240 1674 quod
1257 1639 1393 1674 impurum
1407 1645 1459 1674 est,
1475 1640 1501 1668 id
1515 1641 1603 1668 oritur
1625 1649 1639 1668 a
1660 1642 1736 1670 vitio.

955 1685 1061 1720 lmpura
1077 1690 1167 1713 autem
1186 1693 1238 1713 non
1253 1690 1296 1713 est
1319 1690 1415 1713 natura
1431 1687 1565 1720 corporis.
1581 1686 1640 1714 Non
1654 1687 1737 1721 enim,

955 1739 1008 1766 qua
1035 1735 1130 1757 natura
1159 1737 1288 1764 corporea
1306 1735 1359 1762 est,
1376 1738 1406 1756 ea
1429 1730 1561 1757 malitiam
1574 1731 1738 1766 impuritatis

956 1776 1113 1810 genitricem
1139 1776 1310 1809 conjunelam
1328 1776 1419 1802 habet.
1435 1775 1504 1808 Quia
1530 1783 1596 1803 vero
1613 1781 1738 1804 nostrum

955 1822 1008 1849 hoc
1036 1828 1194 1856 responsura
1220 1820 1272 1847 sibi
1298 1820 1389 1847 datum
1413 1820 1445 1847 iri
1461 1821 1624 1854 suspicatus,
1646 1822 1683 1848 ita
1703 1821 1738 1850 de

956 1866 1001 1893 illa
1021 1866 1143 1899 corporis
1160 1866 1311 1892 mutatione
1339 1865 1459 1899 loquitur
1478 1873 1486 1892 :
1504 1865 1579 1892 «Sed
1611 1866 1737 1900 fortasse,

958 1911 1050 1938 exutis
1062 1910 1114 1937 illis
1131 1909 1317 1944 qualitatibus,
1331 1909 1399 1936 Deus
1416 1909 1530 1941 evadet;
1545 1909 1636 1942 quidni
1656 1909 1739 1944 igitur

955 1957 1044 1991 potius
1056 1955 1241 1989 Aisculapius,
1257 1954 1388 1987 Bacchus,
1402 1954 1554 1981 Hercules?
1573 1963 1582 1980 ι
1594 1961 1687 1988 quaero
1704 1955 1738 1982 ab

956 2004 1002 2030 illo
1024 2002 1089 2037 quid
1115 2006 1217 2029 tantum
1248 2000 1364 2028 fecerint
1393 1999 1578 2035 Eseulaplus,
1605 2000 1737 2033 Bacchus,

955 2048 1094 2075 Hercules.
1121 2048 1226 2081 Ecquos
1261 2045 1363 2073 referre
1390 2051 1513 2079 possunt,
1544 2054 1613 2081 quos
1642 2053 1738 2074 eorum

955 2101 1098 2121 sermOnes
1123 2098 1150 2120 et
1170 2094 1225 2120 vita
1239 2093 1410 2120 correxerint
1427 2096 1454 2118 et.
1472 2092 1599 2119 meliores
1613 2091 1738 2119 reddide-

956 2141 1022 2172 rint,
1039 2145 1068 2167 ut
1086 2140 1112 2167 in
1128 2139 1242 2166 deorum
1261 2146 1374 2166 numero
1393 2138 1455 2165 duci
1471 2137 1604 2165 debeant?
1625 2137 1738 2164 Evolva-

955 2194 1015 2213 nms
1033 2186 1114 2221 igitur
1132 2186 1239 2217 multas,
1256 2192 1314 2219 qua:
1326 2185 1358 2212 de
1370 2184 1423 2211 illis
1439 2183 1549 2218 scripta:
1564 2186 1638 2214 sunt,
1651 2182 1739 2209 histo-

117 2234 169 2262 τοῦ
183 2234 285 2261 Κέλσου
301 2235 387 2269 λόγος,
409 2234 505 2267 ὲξισῶν
516 2234 555 2269 τῷ
584 2234 670 2268 Ἰησοῦ
693 2234 756 2265 τοὺς
777 2241 890 2268 προειρη

986 2241 1016 2259 as
1027 2254 1034 2265 ,
1052 2237 1080 2260 et
1096 2233 1237 2260 videamus
1253 2240 1285 2259 an
1301 2232 1335 2259 ab
1352 2230 1572 2264 intemperantia,
1586 2230 1620 2257 ab
1631 2229 1738 2263 injusti-

121 2280 219 2317 μένους
229 2289 235 2295 ·
252 2282 275 2307 εἰ
286 2281 314 2308 δὲ
327 2281 404 2317 δῆλόν
416 2281 484 2312 ἐστι,
496 2280 545 2307 κᾶν
562 2289 622 2307 τινα
645 2280 759 2315 φέρηται
780 2279 845 2314 περὶ
858 2279 905 2305 αὑ-

117 2325 177 2352 τῶν
192 2325 229 2357 ὡς
248 2326 425 2361 χρηστότερα,
443 2327 484 2352 ὅτι
510 2326 593 2361 μυρία
615 2325 665 2351 ὅσα
682 2324 757 2360 παρὰ
767 2323 812 2350 τὸν
827 2323 906 2359 ὀρθὸν

118 2371 200 2405 λόγον
213 2371 389 2406 πεποιηκέναι
400 2370 637 2405 ἀναγεγραμμένοι
658 2369 726 2403 εἰσίρ
742 2368 800 2400 πῶς
811 2369 851 2395 ἔτι
863 2368 908 2394 εὐ-

119 2417 210 2450 λόγως
222 2416 319 2452 μᾶλλον
336 2415 382 2444 τοῦ
407 2416 492 2452 Ἰησοῦ
509 2416 603 2451 φήσεις
617 2415 715 2446 αὐτοὺς
724 2414 907 2449 ἀποθεμένους

117 2463 152 2489 τὸ
164 2463 260 2498 θνητὸν
273 2463 352 2498 σῶμα
364 2462 501 2497 γεγονέναι
516 2460 592 2492 θεούς
603 2470 610 2494 ;

959 2279 1006 2310 tia,
1021 2287 1034 2305 a
1062 2278 1186 2311 stultitia,
1205 2286 1220 2305 a
1236 2278 1380 2305 timiditate
1397 2276 1457 2312 puri
1474 2280 1501 2304 et
1517 2277 1651 2303 immunes
1664 2276 1739 2302 vixev

957 2324 1022 2351 rint.
1041 2324 1068 2351 Si
1090 2324 1157 2351 nihil
1174 2325 1270 2351 horum
1294 2323 1421 2351 vitiorum
1434 2322 1461 2350 in
1475 2322 1529 2350 illis
1552 2321 1674 2348 invenire
1685 2326 1738 2354 cst,

959 2371 1057 2398 merito
1090 2370 1183 2398 Celsus
1212 2369 1273 2397 illos
1293 2377 1354 2397 cum
1376 2369 1440 2396 Jesu
1461 2368 1608 2396 contulerit
1630 2375 1638 2394 :
1657 2366 1739 2402 475

959 2417 1001 2442 sin
1024 2416 1114 2450 palam
1132 2421 1174 2443 est
1187 2422 1244 2448 eos,
1261 2415 1366 2442 etiamsi
1383 2414 1504 2450 quaedam
1519 2414 1552 2440 de
1575 2413 1641 2447 ipsis
1658 2413 1736 2447 quasi

960 2461 1072 2488 nteliOra
1096 2462 1230 2496 ferantur,
1246 2463 1388 2489 innumera
1414 2466 1503 2486 tamen
1523 2463 1619 2486 contra
1636 2463 1737 2485 rectam

119 2510 258 2536 rationem
268 2509 366 2537 iecisse
379 2509 542 2541 memorari;
558 2508 646 2535 eritne
658 2514 707 2534 cur
722 2507 812 2534 adhuc
826 2507 902 2535 dicas
919 2507 978 2535 illos
995 2510 1094 2544 potius,
1106 2518 1187 2545 quam
1199 2509 1301 2542 Iesum,
1315 2508 1404 2544 posito
1412 2506 1519 2535 mortali
1535 2512 1660 2540 corpore,
1676 2512 1741 2532 eva-

120 2557 192 2583 sisse
209 2557 292 2583 deos?

159 2614 215 2652 (82)
238 2613 406 2652 limSchelius
426 2618 453 2652 et
478 2613 641 2652 Spenccrns,
657 2611 725 2649 πρὸς
738 2612 902 2652 ξκεῖνρ,.οοι1

120 2646 284 2680 ΡΙιῖιοὲίιΙίει,
297 2649 364 2684 πρὸς
380 2646 596 2684 ὲκεῖνονξΡιιιιιο
620 2646 686 2684 post
699 2646 902 2684 eademVPhilo-

121 2684 211 2715 calia.
232 2684 272 2716 είς
295 2682 360 2711 Θεὸν
388 2683 626 2720 μεταϐεϐληκέναι.
651 2682 715 2716 Quae
744 2682 827 2720 lectio_
847 2690 902 2720 non

121 2720 289 2753 spernenda,
298 2727 358 2747 cum
370 2717 519 2754 pi-aasertim
533 2717 602 2746 inira
614 2719 728 2752 legatur,
742 2717 903 2752 μεταϐαλεῖν

122 2754 298 2792 είςῌαίθξριον
317 2755 470 2792 ποιότηταζ
687 2787 692 2792 _
731 2785 738 2792 ε
792 2786 837 2792 ~__
891 2787 903 2792 η

160 2763 164 2784 ῖ
181 2763 239 2781 atus
261 2763 298 2782 ιον
319 2763 458 2791 ποιοτητα.
792 2786 805 2792 υ
891 2787 903 2792 η

160 2790 216 2825 (85)
232 2763 402 2818 ἕωεοιιειίυε
417 2795 443 2817 et
455 2790 618 2824 Spencerus,
629 2787 699 2814 κατὰ
715 2785 746 2813 τὸ
760 2787 904 2825 του-Ἰησοῦ

124 2822 216 2861 σῶμα,
230 2827 276 2852 sed
292 2825 437 2852 Philocalia
454 2822 483 2852 ui
505 2825 531 2851 in
557 2830 650 2851 nostro
664 2828 751 2862 testu.
771 2822 840 2849 Infra
856 2830 904 2849 ea-

124 2862 186 2887 dem
208 2859 364 2890 Philocalia,
378 2859 549 2893 ἀνθρωπίνας
573 2859 619 2885 τοῦ
642 2858 708 2885 Θεου
734 2857 850 2893 σάρκας.
872 2858 906 2888 ΕΙ.

143 2869 186 2887 ειιι
208 2866 364 2890 rmtocalta,
378 2866 549 2890 ἀνθρωπίνας
573 2867 619 2885 τϋυ
642 2866 708 2885 υεου
734 2866 850 2890 σαρκας.

124 2869 186 2887 nem
208 2869 364 2890 rnnocaua,
378 2869 549 2896 ανυρωπινας
573 2869 619 2885 του
642 2869 708 2885 vanu

124 2895 205 2929 paulo
223 2901 292 2930 post,
308 2895 378 2922 κατὰ
391 2895 445 2930 γὰρ
462 2895 507 2921 τὸν
523 2893 625 2929 ἀκριϐῆ
638 2893 725 2928 λόγον.

1742 2548 1748 2574 l

993 2613 1047 2651 (δίε)
1064 2612 1228 2651 Philocalia,
1242 2612 1379 2651 ἀνωτέρω.
1396 2609 1563 2651 liteschelius
1575 2613 1602 2651 et
1618 2609 1740 2651 Spenee-

958 2645 1014 2680 rus,
1029 2645 1167 2675 ἀνωτάτω.
1191 2645 1293 2675 Ibidem
1313 2645 1484 2674 ll'teschelius
1505 2646 1530 2672 in
1548 2650 1623 2672 textu
1646 2645 1738 2677 habet,

956 2683 1051 2724 τάεῇς
1067 2681 1349 2724 impressisti“;
1394 2716 1400 2724 .
1481 2715 1486 2724 .

993 2713 1048 2754 (85)
1067 2713 1151 2758 liecte
1165 2717 1321 2758 Pltiloealia,
1333 2713 1350 2754 ᾖ
1367 2716 1447 2758 φύσις
1456 2715 1581 2758 σώματός
1591 2715 1659 2747 ἐστι,
1670 2715 1740 2758 male

960 2751 1049 2780 autem
1072 2752 1138 2780 alias
1159 2756 1218 2787 post
1239 2751 1482 2786 vocem'cdipatzoq
1511 2752 1619 2777 additur
1646 2751 1742 2787 μιαρό-

1067 2822 1235 2851 Hoeschclius
1253 2827 1280 2851 et
1299 2822 1451 2858 Spenccrus
1465 2820 1493 2848 in
1508 2819 1639 2855 margine,
1651 2818 1740 2848 τοιοῦο

958 2867 1013 2886 τον.
