1848 3091
113 149 168 177 977

707 148 847 176 CONTRA
863 148 1000 176 CELSUM
1020 148 1083 176 LIB.
1102 149 1145 176 ΠΙ.

1676 149 1733 177 9⁷8

113 208 215 244 ἡκέτω.
232 207 349 240 τούτους
363 208 418 244 γὰρ
434 208 525 241 ἀξίους
536 207 582 234 τοῦ
595 207 727 243 σφετέρου
742 207 808 234 θεοῦ
823 207 902 234 αὑτό-

992 217 1006 239 ς,
1025 209 1048 235 is
1065 207 1178 235 ﬁdenter
1192 208 1293 235 veniat.
1310 207 1382 241 Quos
1397 208 1520 235 homines
1531 216 1592 236 cum
1612 217 1661 237 suo
1676 210 1732 237 Deo

113 255 163 282 θεν
176 253 377 290 ὁμολογοῦντες,
393 253 468 288 δῆλοί
489 255 556 280 εἰσιν
566 273 574 285 ,
595 254 635 280 ὅτι
654 254 750 288 μόνους
768 254 829 284 τοὺς
844 253 902 287 ἡλι-

115 299 189 332 θίους
205 299 252 326 καὶ
263 300 386 333 ἀγεννεῖς
402 300 448 325 καὶ
468 299 657 334 ἀναισθήτους,
672 299 719 325 καὶ
738 298 900 334 ἀνδράποδα,

117 345 168 372 καὶ
199 343 310 378 γύναια,
338 344 384 370 καὶ
416 345 557 380 παιδάρια,
593 344 695 371 πείθειν
719 344 839 371 ὲθέλουσί
872 352 902 370 τε

113 391 164 418 καὶ
189 390 331 418 δύνανται·
352 391 431 417 »Καὶ
462 391 529 427 πρὸς
555 391 643 418 ταῦτα
672 391 701 418 δέ
725 399 825 425 φαμεν,
849 391 915 421 ὁτι,η

113 437 209 472 ὥσπερ
224 436 251 463 εί
260 436 367 471 τις(τοῦ
383 436 469 472 Ἰησοῦ
483 437 654 469 διδάσκοντος
675 437 709 462 τὰ
720 436 784 471 περὶ
799 445 904 471 σωφρο-

115 481 210 517 σύνης,
226 482 272 509 καὶ
286 482 423 517 λέγοντος·
438 484 486 515 Ὃς
508 483 554 510 ἐὰν
571 482 692 519 ἐμϐλέψῃ
705 483 813 516 γυναικὶ
835 482 902 517 πρὸς

116 528 145 556 re
168 529 347 565 ἐπιθυμῆσαι,
368 530 416 566 ἤδη
433 530 591 565 ἐμοίχευσεν
604 530 688 565 αὐτὴν
708 531 736 556 ὲν
756 531 788 565 τῇ
806 530 903 565 καρδίᾳ.

114 575 199 601 αὐτοῦ
210 584 217 590 ι
232 572 331 610 ι)ὲώρα
345 575 450 610 ὀλίγους
459 576 512 603 ἀπὸ
522 575 575 602 τῶν
584 576 717 603 τοσούτων
727 577 903 612 Χριστιανοὺς

114 618 187 648 εἶναι
207 621 396 656 νομιζομένους
418 622 573 654 ἀκολάστως
598 621 710 654 ζῶντας,
734 621 904 656 εὐλογώτατα

102 665 168 701 ,μὲν
191 665 224 692 ἂν
240 666 330 697 αὐτοῖς
341 666 462 693 ἐνεκάλει
474 667 549 702 παρὰ
566 667 613 701 τὴν
630 666 716 702 Ἰησοῦ
734 666 820 701 βιοῦσι
833 666 904 692 διδα-

119 711 252 739 σκαλίανθ
267 712 424 746 ἀλογώτατα
443 712 465 739 δ’
481 713 514 740 ἂν
524 713 660 747 ἐποίησεν,
679 713 702 738 εί
715 712 744 738 τὸ
760 712 820 738 κατ’
835 712 905 738 ὲκεί-

120 765 176 784 νων
202 756 326 792 ἔγκλημα
346 757 385 792 τῷ
405 757 476 792 λόγῳ
490 758 661 793 προσῆπτεν·
671 757 756 788 οὓτως
771 757 818 784 ἐὰν
829 757 904 792 εὑρί-

118 810 218 837 σκηται
229 802 335 833 οὐδενὸς
345 800 426 839 ἦττον
443 803 457 829 ὁ
471 802 640 838 Χριστιανῶν
659 802 736 836 λόγος
749 802 795 828 ἐπὶ
811 803 904 836 σοφίαν

117 847 348 883 προκαλούμενος.
360 848 503 883 ὲγκλητέον
519 849 567 884 μὲν
579 848 654 875 ἔσται
673 850 727 880 τοῖς
742 848 904 884 συναγορεύ-

116 901 179 920 ουσι
189 894 222 929 τῇ
237 893 311 928 σφῶν
320 893 433 929 ἀμαθία,
442 895 489 921 καὶ
499 895 623 928 λέγουσιν
633 895 664 920 οὐ
675 894 759 921 ταῦτα
773 895 821 930 μὲν
834 895 905 931 ἅπερ

117 938 133 964 ὁ
150 937 253 969 Κέλσος
276 938 429 973 ἀνέγραψεν
442 938 511 974 (οὐδὲ
534 939 588 974 γὰρ
612 939 697 971 οὕτως
711 939 904 974 ἀναισχύντως,

119 983 174 1011 κᾶν
191 984 294 1010 ιδιῶταί
305 993 377 1016 τινες
390 981 440 1011 ὦσι
464 986 510 1011 καὶ
523 985 646 1021 ἀμαθεῖς,
660 986 782 1020 λέγουσιν
791 987 809 1020 ·)
825 986 905 1021 ἔτερα

118 1029 148 1057 δὲ
169 1029 259 1066 πολλῷ
282 1030 408 1058 ἐλάττονα
431 1031 477 1057 καὶ
492 1031 677 1067 ἀποτρεπτικὰ
694 1031 740 1058 τοῦ
754 1032 846 1058 ἀσκεῖν
859 1041 905 1059 σο-

121 1077 197 1111 φίαν.

156 1123 218 1149 Ὀτι
231 1122 260 1149 δὲ
277 1122 399 1157 βούλεται
415 1124 488 1158 ἡμᾶς
507 1120 575 1149 εἶναι
600 1124 697 1158 σοφοὺς
717 1125 731 1151 ό
747 1124 834 1158 λόγος,
852 1125 906 1151 δει-

120 1166 200 1192 κτέον
211 1167 257 1194 καὶ
270 1167 324 1194 ἀπὸ
334 1167 387 1193 τῶν
399 1167 521 1194 παλαιῶν
535 1169 582 1195 καὶ
601 1169 752 1195 Ἰουδαϊκῶν
774 1170 904 1206 γραμμά-

119 1220 186 1243 των,
200 1211 241 1244 οἷς
257 1213 303 1239 καὶ
321 1213 400 1248 ἡμεῖς
419 1213 558 1249 χρώμεθα,
572 1215 622 1250 οὐχ
637 1212 717 1250 ἦττον
738 1215 766 1241 δὲ
785 1216 831 1241 καὶ
851 1216 906 1242 ἀπὸ

119 1257 177 1284 τῶν
193 1258 261 1294 μετὰ
276 1259 322 1285 τὸν
343 1260 444 1295 Ἰησοῦν
462 1260 629 1295 γραφέντων,
646 1262 693 1287 καὶ
718 1262 746 1287 ὲν
768 1263 826 1293 ταῖς
844 1263 905 1288 Ἐκ-

119 1305 247 1340 κλησίαις
271 1305 349 1332 θείων
369 1304 437 1332 εἶναι
451 1307 681 1342 πεπιστευμένων.
691 1307 906 1343 ’Λναγέγραπται

118 1349 152 1384 δὴ
166 1351 193 1376 ὲν
209 1350 382 1385 πεντηκοστῷ
392 1351 490 1387 ψαλμῷ
500 1353 580 1379 Δαυὶδ
595 1354 623 1379 ὲν
633 1354 665 1388 τῇ
683 1353 750 1389 πρὸς
762 1354 827 1380 Θεὸν
840 1355 905 1390 εὐχῇ

119 1394 208 1428 λέγων
217 1403 224 1410 ’
237 1395 278 1422 Τὰ
296 1396 379 1432 ἄδηλα
396 1397 442 1424 καὶ
456 1398 489 1425 τὰ
502 1398 604 1434 κρύφια
616 1399 663 1434 τῆς
679 1400 772 1434 σοφίας
790 1409 835 1426 σου
846 1401 907 1436 ἐδή-

119 1440 218 1473 λωσάξ
223 1451 277 1477 μοι.
294 1453 303 1468 ι
319 1444 373 1470 Kal.
389 1443 415 1470 εἴ
427 1444 468 1476 τίς
480 1453 512 1478 γε
525 1445 629 1480 ἐντύχοι
644 1447 698 1478 τοῖς
713 1446 845 1482 Ψαλμοῖς,
862 1447 906 1474 εὖ·

122 1495 164 1523 ροι
181 1487 214 1514 ἂν
230 1488 334 1516 πολλῶν
358 1489 446 1523 σοφῶν
466 1490 607 1526 δογμάτων
631 1491 718 1527 πλήρη
738 1492 786 1528 τὴν
806 1492 903 1527 βίϐλον.

120 1533 177 1559 Καὶ
191 1533 313 1569 Σολομὼν
332 1534 386 1570 (95)
399 1535 439 1563 δὲ.
451 1537 512 1563 ἐπεὶ
527 1537 622 1570 σοφίαν
635 1537 743 1573 ᾔτησεν,
757 1539 901 1581 ἀπεδέχθη.
917 1545 939 1576 c

120 1579 179 1606 Kal
202 1580 251 1614 τῆς
276 1581 372 1615 σοφίας
400 1581 482 1608 αὑτοῦ
502 1583 536 1609 τὰ
560 1583 620 1618 ἴχνη
644 1584 716 1610 ἐστὶν
730 1585 826 1616 ἐντοῖς
841 1579 905 1620 συγ-

120 1626 266 1662 γράμμασι
278 1627 424 1664 οεωρῆσαι.
448 1629 566 1664 μεγάλην
583 1629 676 1664 ἔχοντα
694 1631 722 1656 ὲν
741 1630 906 1667 βραχυλογίᾳ.

121 1670 273 1705 περίνοιανσ
288 1673 317 1698 ὲν
333 1669 372 1704 οἷς
387 1672 418 1699 ἂν
433 1673 522 1708 εὕροις
533 1674 615 1700 πολλὰ
630 1674 754 1710 ἐγκώμια
768 1676 816 1710 τῆς
831 1676 905 1710 σοφί-

121 1726 166 1749 ας,
181 1717 226 1745 καὶ
237 1719 420 1754 προτρεπτικὰ
440 1720 503 1756 περὶ
522 1720 568 1746 τοῦ
583 1721 677 1755 σοφίαν
687 1721 742 1748 δεῖν
752 1722 903 1749 ἀναλαὸεἰν.

121 1763 179 1790 Καὶ
198 1763 268 1790 οὕτω
281 1773 313 1798 γε
328 1765 408 1799 σοφὸς
429 1763 463 1800 ἦν
475 1765 608 1801 Σολομὼν,
619 1767 688 1793 ὥστε
703 1777 711 1792 ι
725 1766 773 1802 τὴν
786 1767 906 1802 βασιλίδα

122 1809 210 1841 Σαϐὰ,
232 1810 397 1842 ἀκούσασαν,
421 1811 502 1837 αὐτοῦ
526 1812 556 1839 τὸ
581 1812 665 1848 ὄνομα
694 1814 740 1839 καὶ
766 1813 796 1840 τὸ
821 1813 905 1848 δνομα

122 1855 238 1890 Κυρίου,
253 1855 339 1883 ἐλθεῖν
352 1857 481 1892 πειρᾶσαι
499 1858 578 1884 αὐτὴν
603 1859 631 1885 ἐν
649 1859 823 1893 αἰνίγμασιν·
845 1859 906 1894 ἣτις

121 1901 172 1926 καὶ
194 1901 321 1937 ἑλάληπν
347 1903 420 1938 αὐτῷ
432 1903 520 1930 πάντα
535 1903 585 1930 ὅσα
608 1902 641 1940 ἦν
654 1905 682 1930 ὲν
701 1906 734 1939 τῇ
748 1905 846 1940 καρδίᾳ
859 1906 906 1932 αὺ-

120 1947 184 1981 τῆς.
208 1947 261 1974 Καὶ
284 1948 450 1984 ἀπήγγειλεν
476 1950 543 1985 αὐτῇ
567 1950 690 1986 Σολομὼν
719 1950 821 1982 πάντας
843 1951 905 1983 τοὺς

121 1991 219 2026 λόγους
231 1993 331 2028 αὐτῆς·
344 1995 394 2020 οὐκ
410 1993 444 2030 ἦν
460 1995 538 2029 λόγος
560 1997 772 2033 παρεωραμένος
789 1997 840 2023 ὑπὸ
859 1997 905 2023 τοῦ

122 2037 265 2072 βασιλέως,
282 2039 312 2066 ὃν
334 2040 382 2066 οὑκ
397 2041 562 2076 ἀπήγγειλεν
578 2043 656 2078 αὐτῇ.
676 2043 730 2068 Καὶ
753 2040 805 2068 εἶδε
833 2042 906 2077 βασί-

121 2083 204 2110 λισσα
226 2085 300 2111 Σαϐὰ
321 2086 410 2112 πᾶσαν
430 2087 479 2122 τὴν
501 2088 628 2124 φρόνησιν
651 2088 784 2123 Σολομὼν,
808 2089 852 2114 καὶ
872 2089 906 2115 τὰ

121 2130 186 2156 κατ’
209 2130 305 2157 αὐτόν·
332 2132 379 2158 καὶ
402 2131 429 2165 ἐξ
454 2133 537 2168 αὐτῆς
560 2133 666 2167 ἐγένετο
689 2134 734 2160 καὶ
757 2132 817 2160 εἷπε
838 2134 905 2170 πρὸς

120 2177 172 2203 τὸν
192 2176 321 2211 βασιλέα·
354 2178 468 2214 Ἀληθὴς
496 2180 510 2205 ὁ
535 2179 613 2214 λόγος
639 2180 668 2206 ὃν
691 2181 795 2215 ἤκουσα
823 2181 851 2206 ἐν
871 2182 903 2216 τῇ

120 2223 158 2258 γῇ
178 2231 227 2258 μου
254 2224 317 2260 περὶ
342 2224 389 2250 σοῦ
412 2226 458 2252 καὶ
479 2225 610 2261 περὶτῆς
645 2226 800 2262 φρονήσεώς

122 2268 228 2295 καὶούκ
239 2269 384 2296 ἐπίστευσα
407 2272 459 2302 τοῖς
471 2270 580 2297 λαλοῦσί
599 2280 654 2306 μοι,
669 2272 721 2303 ἓως
734 2272 778 2298 ὅτε
793 2280 909 2307 παρεγθ

121 2315 220 2350 νόμην,
238 2315 283 2341 καὶ
300 2316 453 2350 ἑωράκασιν
465 2318 490 2343 οἱ
507 2317 639 2351 ὀφθαλμοί
652 2318 775 2352 μου.Καὶ
792 2317 845 2344 ἰδοὺ
860 2318 909 2344 οὐκ

121 2361 182 2387 ἔστι
199 2361 290 2393 καθὼς
308 2362 477 2397 ἀπήγγειλάν
493 2372 537 2398 μοι
553 2362 584 2389 τὸ
597 2364 692 2398 ἥμισυ.
713 2363 909 2398 Προστέοεικας

122 2406 220 2441 σοφίαν
258 2408 304 2434 καὶ
337 2408 427 2442 ἀγαθὰ
461 2409 529 2444 πρὸς
561 2409 630 2436 αὐτὰ
662 2410 708 2435 ἐπὶ
737 2410 826 2436 πᾶσαν
860 2409 908 2444 τὴν

121 2453 209 2488 ἀκοὴν
221 2453 254 2488 ἢν
266 2453 378 2488 ἥκουσα.
403 2463 413 2480 t
441 2454 594 2491 Γέγραπται
609 2455 640 2490 δὴ
666 2456 728 2491 περὶ
752 2455 842 2488 αὐτοῦ,
865 2457 908 2482 ὅτι

124 2508 133 2524 ι
155 2499 211 2525 Καὶ
225 2499 307 2526 ἔδωκε
318 2499 418 2535 Κύριος
427 2501 555 2536 φρόνησιν
569 2501 606 2536 τῷ
617 2501 740 2536 Σολομὼν
756 2502 802 2528 καὶ
812 2501 907 2535 σοφίαν

121 2544 223 2580 πολλὴν
247 2545 359 2580 σφόδρα,
386 2546 432 2573 καὶ
456 2546 530 2582 χύμα
553 2547 664 2582 καρδίας
680 2547 716 2579 ὡς
739 2548 756 2582 ὴ
776 2547 866 2582 ἄμμος
888 2548 905 2582 ὴ

122 2591 199 2628 παρὰ
210 2591 259 2627 τὴν
267 2591 411 2619 θάλασσαν·
425 2593 471 2620 καὶ
482 2593 635 2629 ἐπληθύνθη
648 2593 727 2628 σοφία
738 2595 766 2620 ὲν
779 2593 907 2629 Σαλομὼν

122 2637 225 2673 σφόδρα
247 2637 318 2673 ὑπὲρ
341 2637 390 2674 τὴν
411 2638 539 2674 φρόνησιν
562 2639 669 2666 πάντων
686 2638 834 2674 ἀνθρώπων
857 2639 907 2673 ἀρ-

123 2683 220 2718 χαίων.
245 2684 292 2710 καὶ
306 2683 375 2720 ὑπὲρ
399 2684 502 2716 πάντας
526 2685 672 2721 φρονίμους
687 2684 834 2719 Αἰγύπτου,
861 2685 908 2710 καὶ

122 2729 268 2764 ἐσοφίσατο
284 2730 338 2764 (95)
362 2730 432 2767 ὑπὲρ
447 2731 549 2763 πάντας
567 2731 734 2767 ἀνθρώπους,
749 2731 797 2758 καὶ
815 2732 906 2766 ἐσοφί-

840 2235 887 2253 σου
896 2235 903 2242 ⁸

953 254 1049 289 dignos
1070 261 1131 281 esse
1148 254 1197 287 lpSl
1211 245 1359 286 fateantur,
1373 259 1465 289 aperte
1479 255 1620 282 declarant
1635 263 1665 283 se
1680 263 1732 283 nec

952 299 1030 330 velle,
1045 307 1095 326 nec
1107 306 1186 333 posse
1200 299 1249 326 sibi
1264 300 1408 327 conciliare
1421 301 1499 332 alios,
1509 308 1589 335 quant
1606 301 1729 334 stolidos,

953 341 1096 376 ignobiles.
1112 342 1244 376 stupidos,
1259 343 1404 378 mancipia,
1428 345 1601 373 mulierculas
1625 351 1652 373 et
1666 354 1731 381 pue-

953 388 1036 416 rnlos.
1054 397 1064 415 ι
1083 388 1124 415 Ad
1141 396 1201 423 qua:
1215 388 1254 415 sic
1272 391 1431 423 respondeo.
1448 390 1510 417 "me
1526 390 1604 419 Jesus
1617 393 1651 419 de
1666 401 1732 420 conc

954 435 1066 463 tiuentia
1091 436 1169 462 docet
1189 443 1194 460 :
1212 443 1221 461 ι
1244 435 1295 468 Qui
1312 436 1409 463 viderit
1424 436 1563 464 mulierem
1580 438 1613 465 ad
1630 446 1730 466 concu-

953 481 1110 516 piscendum
1131 488 1202 513 eam,
1219 481 1276 515 jam
1298 482 1449 509 moechatus
1464 488 1504 509 est
1517 490 1576 510 eam
1601 483 1627 510 in
1649 486 1731 512 cordo

953 527 1042 554 suo“.
1062 537 1071 553 ι
1088 527 1123 554 At
1139 527 1162 554 si
1178 527 1237 561 quis
1253 527 1355 554 videret
1368 535 1468 561 paucos
1478 535 1511 555 ex
1528 528 1580 556 illis
1595 529 1640 563 qui
1653 530 1733 556 (lhri-

954 573 1035 599 Sllalll
1065 577 1204 606 putantur,
1230 572 1372 599 libidinose
1396 573 1498 606 vivere,
1516 574 1613 601 merito
1623 575 1732 608 quidem

954 618 1007 645 illis
1029 618 1136 645 crimini
1153 623 1241 645 vertat
1264 618 1335 652 quod
1357 618 1435 645 aliter
1455 619 1547 645 vivant
1564 624 1644 653 atque
1655 619 1733 648 Jesus

954 665 1083 698 praecepit
1102 673 1108 690 :
1126 664 1174 691 sed
1192 663 1364 698 iniquissime
1380 663 1472 696 i'aeiat,
1485 665 1506 691 si
1523 664 1625 692 crimen
1640 672 1732 692 eorum

956 710 981 736 iu
1003 709 1152 736 doctrtnatn
1177 709 1357 736 transtulerit.
1373 708 1515 742 Similiter,
1529 717 1590 736 cum
1611 711 1735 738 doctrina

955 754 1173 782 Christianorum
1190 759 1319 789 provocet
1334 755 1366 781 ad
1383 755 1560 789 sapientiam,
1578 756 1734 790 increpandi

956 808 1021 828 sane
1039 805 1101 828 sunt
1119 801 1147 832 ii,
1162 800 1207 834 qui
1225 801 1250 827 in
1270 809 1318 828 sua
1334 803 1484 837 ignorantia
1499 803 1674 837 acquiescunt
1695 803 1735 830 di.

955 850 1087 882 euntque.
1103 852 1155 872 non
1180 845 1288 880 quidem
1304 854 1362 880 quae
1380 846 1476 874 Celsus
1488 847 1540 874 illis
1556 847 1649 874 tribuit
1660 848 1746 879 (nant-

955 889 1160 924 qnantumlibet
1186 890 1320 924 simplices
1347 896 1374 918 ct
1406 891 1491 926 ignari
1524 897 1598 923 sunt,
1623 901 1675 919 non
1701 900 1734 919 co

957 940 1046 962 tamen
1066 936 1240 969 impudentia:
1256 941 1319 963 sunt
1330 937 1476 970 progressi,
1495 942 1525 964 ut
1540 946 1572 964 ea
1586 939 1734 973 dicerent);

955 981 1002 1007 sed
1021 989 1080 1015 qua:
1094 981 1156 1009 licet
1169 981 1282 1014 leviora,
1297 988 1411 1010 avocant
1427 983 1602 1011 nihilominus
1618 991 1632 1010 a
1645 984 1734 1012 studio

955 1027 1103 1061 sapientiae.

990 1114 1035 1141 45,
1053 1114 1111 1141 Jam
1128 1122 1193 1141 vero
1209 1115 1339 1142 doctrinae
1354 1120 1454 1143 nostrae
1477 1121 1596 1143 utentem
1618 1124 1688 1148 esse,
1705 1121 1736 1144 ut

955 1161 1095 1195 sapientia:
1111 1168 1241 1187 navemus
1253 1168 1376 1195 operam,
1388 1161 1557 1195 probandum
1569 1167 1612 1189 est
1626 1169 1689 1189 cum
1701 1170 1735 1189 ex

954 1206 1091 1233 veteribus
1116 1205 1269 1233 Iudaeorum
1300 1206 1440 1239 scripturis
1464 1207 1562 1241 quibus
1574 1213 1601 1234 et
1615 1215 1662 1235 nos
1683 1209 1736 1235 uti-

955 1259 1023 1280 mur.
1051 1257 1105 1279 tum
1126 1259 1158 1278 ex
1183 1253 1216 1279 iis
1232 1259 1291 1286 qua:
1318 1258 1380 1287 post
1404 1253 1496 1280 Jesutn
1524 1254 1633 1288 scriptae
1659 1259 1734 1286 sunt,

955 1304 1075 1332 quasque
1091 1298 1196 1326 divinas
1208 1306 1267 1326 esse
1286 1299 1398 1326 credunt
1413 1299 1548 1326 Ecclesiie.
1562 1298 1600 1326 Ac
1619 1299 1734 1333 primum

957 1343 1039 1370 David
1056 1344 1082 1370 in
1099 1344 1201 1378 psalmo
1219 1344 1446 1379 quinquagesimo
1470 1345 1587 1372 fundens
1604 1346 1636 1372 ad
1651 1345 1734 1372 Deum

955 1397 1048 1425 preces
1067 1398 1073 1416 ε
1091 1399 1100 1415 ι
1120 1388 1235 1422 incerta,
1249 1391 1346 1425 inquit,
1361 1396 1388 1418 et
1403 1391 1509 1418 occulta
1530 1392 1670 1426 sapientia:
1683 1397 1736 1419 tua:

956 1436 1142 1464 manifestasti
1156 1437 1263 1464 mihi".
1281 1447 1290 1463 ι
1307 1438 1344 1464 Ac
1357 1438 1378 1464 si
1400 1439 1461 1472 quis
1477 1438 1594 1473 psalmos
1610 1446 1736 1466 versave-

956 1483 1003 1516 rit,
1021 1483 1119 1510 librutn
1137 1483 1210 1510 hunc
1225 1483 1431 1517 quamplurimis
1447 1484 1616 1518 sapientibus
1633 1493 1735 1519 praece—

957 1529 1009 1562 ptis
1032 1528 1164 1556 refertum
1190 1535 1251 1556 esse
1277 1529 1470 1563 deprehendet.
1484 1529 1612 1556 Salomon
1628 1537 1736 1564 quoque

956 1575 1088 1610 ﬂagitavit
1106 1575 1267 1610 sapientiam
1286 1579 1312 1602 et
1324 1574 1449 1605 obtinuit,
1471 1574 1583 1608 ejusque
1598 1575 1737 1609 sapientiae

957 1622 1070 1656 vestigia
1097 1621 1123 1648 in
1150 1621 1208 1655 ejus
1233 1620 1343 1655 scriptis
1370 1620 1461 1647 videre
1487 1625 1538 1652 est.
1552 1625 1579 1648 et
1592 1628 1736 1655 expressas

957 1667 1052 1702 paucis
1069 1667 1159 1694 verbis
1185 1666 1313 1693 sublimes
1328 1665 1486 1693 sententias.
1501 1665 1558 1693 illic
1571 1667 1662 1694 multis
1678 1666 1737 1693 latt-

960 1713 1036 1740 dibus
1060 1713 1263 1740 animadvertas
1291 1711 1421 1739 celebrari
1449 1713 1621 1747 sapientiam,
1649 1717 1676 1740 et
1701 1714 1735 1740 ad

957 1765 1016 1786 eam
1031 1759 1224 1794 acquirendam
1239 1759 1362 1786 homines
1377 1759 1494 1786 incitari.
1505 1761 1592 1794 Atque
1605 1760 1686 1788 etiatn
1699 1761 1737 1787 sie

956 1805 1062 1840 sapiens
1075 1810 1136 1832 erat
1147 1805 1287 1837 Salomon,
1301 1811 1331 1833 ut
1344 1816 1354 1832 ι
1367 1807 1467 1841 Regina
1483 1806 1562 1837 Saba.
1576 1807 1668 1833 audita
1677 1807 1736 1840 ejus

958 1850 1027 1877 fama
1050 1855 1077 1878 et
1092 1852 1161 1878 fama
1178 1852 1294 1884 Domini,
1306 1853 1411 1879 venerit
1424 1857 1530 1880 tentare
1550 1861 1611 1880 eum
1628 1853 1654 1880 in
1671 1853 1741 1889 teni-_

957 1896 1102 1931 gmatibus.
1116 1897 1149 1924 Et
1164 1898 1252 1924 locuta
1269 1904 1310 1926 est
1324 1900 1347 1925 ei
1362 1899 1487 1926 universa
1502 1907 1561 1933 qua:
1578 1899 1695 1926 habebat
1709 1901 1735 1927 in

958 1944 1040 1970 corde
1057 1952 1117 1971 suo.
1132 1944 1165 1971 Et
1189 1944 1352 1972 doeuiteatn
1380 1945 1506 1972 Salomon
1533 1946 1623 1972 omnia
1655 1947 1734 1973 verba

957 1998 1015 2024 qum
1030 1996 1227 2025 proposuerat:
1243 1999 1295 2018 non
1306 1990 1356 2018 fuit
1369 1999 1468 2022 sermo,
1481 1992 1525 2026 qui
1544 1999 1633 2026 regem
1646 1997 1737 2026 posset

957 2037 1042 2064 latere
1056 2042 1082 2064 et
1099 2045 1151 2064 non
1169 2038 1343 2072 responderet
1359 2037 1393 2064 ei.
1411 2038 1443 2064 Et
1458 2038 1525 2064 vidit
1549 2038 1642 2072 regina
1666 2037 1737 2065 Saba

957 2089 1063 2109 otnnetn
1087 2083 1247 2118 sapientiam
1266 2083 1429 2114 Salomonis,
1444 2091 1591 2118 omnesque
1615 2083 1674 2118 ejus
1697 2084 1737 2110 fa-

957 2129 1071 2156 cultates
1088 2139 1094 2156 :
1119 2134 1147 2156 et
1166 2137 1217 2156 non
1234 2130 1349 2157 habebat
1365 2130 1434 2157 ultra
1464 2131 1601 2165 spiritum,
1618 2130 1739 2164 dixitque

957 2177 990 2202 ad
1011 2184 1100 2210 regem
1118 2185 1126 2203 :
1144 2177 1230 2203 Verus
1245 2181 1288 2204 est
1301 2184 1400 2209 sertno,
1413 2184 1493 2212 quem
1509 2177 1598 2203 audivi
1614 2177 1640 2204 in
1665 2181 1738 2204 terra

959 2230 1016 2249 mea
1027 2223 1071 2249 ide
1093 2227 1118 2249 te
1133 2227 1161 2250 et
1181 2223 1312 2256 sapientia
1327 2227 1387 2255 tua;
1404 2228 1431 2250 et
1447 2230 1499 2249 non
1515 2222 1657 2250 credebam
1676 2231 1740 2250 nar-

959 2269 1080 2295 rantibus
1104 2269 1181 2300 mihi,
1194 2269 1280 2296 donec
1297 2270 1354 2303 ipsa
1370 2270 1430 2297 veni
1444 2274 1471 2296 et
1493 2270 1546 2297 vidi
1561 2270 1647 2297 oculis
1661 2270 1738 2297 meis.

959 2315 990 2341 Et
1013 2321 1076 2341 ecce
1092 2314 1180 2342 Inedia
1205 2323 1269 2348 pars
1284 2314 1350 2341 mihi
1368 2314 1490 2341 nunliata
1510 2323 1562 2342 non
1579 2315 1638 2342 fuit.
1655 2315 1741 2350 Major

957 2364 999 2386 est
1022 2361 1153 2394 sapientia
1168 2365 1194 2386 et
1207 2367 1289 2395 opera
1310 2366 1364 2392 tua,
1383 2368 1462 2395 quant
1489 2368 1579 2387 rumor
1593 2368 1672 2395 quem
1692 2368 1741 2386 au-

959 2406 1042 2432 divi"
1059 2417 1064 2432 ε
1087 2415 1096 2431 ι
1114 2406 1150 2433 De
1165 2407 1259 2434 eodem
1275 2405 1356 2441 477
1376 2413 1439 2440 rege
1460 2406 1560 2440 scripta
1582 2411 1645 2433 sunt
1661 2406 1737 2433 luce:

962 2461 971 2477 ι
998 2452 1073 2479 Dedit
1088 2459 1194 2486 quoque
1216 2451 1285 2479 Deus
1301 2452 1458 2485 sapientiam
1481 2451 1616 2478 Satumoui
1630 2456 1657 2478 et
1674 2460 1739 2486 pru-

960 2499 1078 2525 dentiam
1092 2498 1203 2525 multam
1224 2497 1315 2529 nimis,
1331 2502 1357 2524 et
1373 2497 1539 2524 latitudinem
1555 2497 1646 2524 cordis
1661 2499 1739 2531 quasi

960 2551 1068 2570 arenam
1084 2551 1144 2578 quae
1163 2547 1205 2571 est
1216 2543 1241 2570 in
1255 2543 1345 2570 littore
1366 2543 1463 2570 maris:
1479 2547 1506 2569 et
1516 2543 1685 2576 praecedebat
1697 2552 1740 2570 sa-

960 2590 1060 2625 pientia
1090 2589 1242 2617 Salomonis
1265 2590 1424 2623 sapientiam
1454 2590 1575 2616 omniutn
1600 2589 1738 2616 hominum

960 2636 1121 2670 priscorum,
1141 2638 1168 2660 et
1181 2633 1369 2668 {Egyptiorutn
1388 2634 1623 2667 prudentissimos,
1645 2642 1741 2662 omnes

960 2682 1075 2716 denique
1103 2680 1235 2712 homines,
1257 2681 1404 2714 sapientior
1432 2679 1536 2707 Gethan
1574 2679 1691 2713 Ezarita,
1713 2686 1742 2708 et

961 2726 1054 2757 Emad.
1078 2730 1105 2753 et
1125 2724 1255 2758 Chalcad,
1275 2730 1302 2752 et
1317 2726 1434 2759 Aradab,
1451 2726 1512 2753 ﬁliis
1529 2725 1611 2758 Matii,
1627 2732 1655 2754 et
1681 2732 1741 2755 crat

157 2794 182 2814 ’⁸
197 2794 294 2822 Matth.
305 2803 330 2827 v,
346 2796 393 2824 28.
429 2797 452 2812 "
463 2796 533 2825 Psal.
548 2805 575 2830 ι.
586 2798 612 2825 8.
650 2797 673 2813 ⁷⁸
685 2797 716 2825 lll
729 2797 795 2833 Reg.
808 2805 836 2829 κ,
852 2797 864 2823 l
884 2804 958 2832 seqq.

160 2852 215 2885 (95)
233 2852 378 2890 ΡΙιίΙοξηῙίίι
405 2853 514 2890 tibique,
537 2853 669 2890 Eolopabv,
699 2853 867 2882 llmschelius
878 2859 904 2881 et

124 2887 289 2923 Spencerus,
305 2887 442 2924 Σαλομών.

994 2852 1048 2887 (οι)
1076 2851 1242 2878 llmsehelins
1266 2853 1293 2877 ct
1310 2849 1493 2887 ASpencerusp
1507 2851 1553 2887 καὶ
1580 2851 1625 2887 επὶ
1639 2850 1740 2881 πάντας

957 2885 1102 2924 φρονίμους
1116 2886 1262 2922 Αίγύπτου,
1275 2885 1321 2912 καὶ
1329 2885 1472 2920 ἐσοφίσατο
1484 2885 1553 2921 ὑπὲρ
1561 2885 1663 2917 πάντας
1675 2894 1742 2921 φρο-
