1848 3091
120 121 188 150 381

722 122 861 150 CONTRA
879 123 1017 157 CELSUM
1037 123 1091 152 LIB
1122 124 1165 152 lll.

1696 128 1748 155 982

124 189 136 205 ι
158 181 219 207 Καὶ
227 181 371 217 ἐπαιδεύθη
385 182 504 217 Μωῦσῆς
513 183 543 209 ὲν
556 182 628 218 πάσῃ
639 183 717 218 σοφίᾳ
731 184 895 217 Αἰγυπτίων,

993 185 1032 211 ala
1054 193 1106 212 non
1124 184 1257 219 proﬁcisci
1272 191 1287 211 a
1309 185 1375 219 Deo,
1398 190 1428 213 ut
1441 185 1603 221 praedicabat
1616 208 1623 220 ,
1643 187 1687 213 sed
1704 196 1750 222 pa-
1779 177 1782 181 4

120 225 183 253 Διὰ
198 226 275 254 τοῦτο
293 227 321 253 δὲ
344 227 391 254 καὶ
415 229 444 254 ἐν
459 229 515 259 τοῖς
538 228 687 264 τεραστίοις
706 229 852 262 ὑπενοεῖτο,
881 230 917 266 μή

120 279 199 298 ποτε
214 272 243 298 οὐ
262 272 330 299 κατὰ
346 272 394 309 τὴν
405 273 569 308 ἐπαγγελίαν
580 274 626 300 τοῦ
641 273 731 301 θεόθεν
745 275 822 310 ἥκειν
833 276 918 303 ἐποίει

119 317 213 349 αὐτὰ,
244 317 312 344 ἀλλᾶ
328 319 398 345 κατὰ
415 318 450 345 τὰ
466 319 620 353 Αἰγυπτίων
651 319 808 355 μαθήματα,
837 321 917 356 σοφὸς

119 361 166 388 ὢν
184 363 212 388 ὲν
226 363 327 394 αὐτοῖς.
343 363 460 390 Τοιαῦτα
471 364 525 399 γὰρ
536 364 656 391 ὑπονοῶν
670 365 734 400 περὶ
747 365 828 392 αὑτοῦ
842 367 856 392 ὁ
870 365 918 401 βα-

120 408 230 440 σιλεὺς,
252 409 364 435 ἐκάλεσε
382 410 446 441 τοὺς
463 410 603 442 ὲπαοιδοὺς
619 410 673 437 τῶν
688 411 852 444 Αἰγυπτίων.
870 411 917 437 καὶ

123 463 134 478 ι
153 454 221 486 τοὺς
239 455 367 489 σοφιστὰς
389 456 509 487 καὶτοὺς
525 458 687 492 φαρμακεῖς,
703 466 713 483 ι
729 457 825 488 οἵτινες
837 457 917 492 ἠλέγ-

118 499 233 534 χθησαν
251 501 280 527 τὸ
294 501 370 528 οὐδὲν
385 501 459 534 ὅντες
472 503 509 534 ὠς
522 503 590 538 πρὸς
600 502 649 538 τὴν
663 504 692 530 ὲν
706 503 809 538 Μωῠσῇ
820 502 915 538 σοφίαν

118 546 199 582 ὑπὲρ
217 548 305 573 πᾶσαν
320 547 474 582 Αἰγυπτίων
489 549 595 583 σοφίαν.

159 591 234 618 Ἀλλ’
249 592 323 624 εἰκὸς
339 592 372 619 τὰ
386 593 565 629 γεγραμμένα.
580 594 610 621 ὲν
623 593 740 630 τῇγπρὸς
756 593 916 629 Κορινθίους

118 638 250 675 προτέρᾳ
262 638 301 674 τῷ
313 638 419 674 Παύλῳ,
435 640 473 672 ὼς
488 640 555 676 πρὸς
567 640 698 675 Ἕλληνας
711 640 757 667 καὶ
784 639 853 675 μέγα
865 649 915 674 φυ-

118 685 233 715 σῶντας
253 685 298 711 ἐπὶ
313 686 345 721 τῇ
362 685 502 721 Ἑλληνικῇ
529 686 619 722 σοφίᾳ,
640 686 813 722 κεκινηκέναι
826 686 912 718 τινὰς,

117 730 161 762 ὠς
185 730 232 757 τοῦ
248 731 327 765 λόγου
344 730 380 766 μὴ
396 730 557 768 βουλομένου
580 733 687 767 σοφούς.
703 733 772 759 Ἀλλ’
792 733 913 760 ἀκουέτω

115 777 132 802 ὀ
146 776 187 804 τὰ
200 777 312 803 τοιαῦτα
326 777 453 813 νομίζων,
472 779 522 809 ὅτι,
541 778 633 815 ὥσπερ
647 778 794 805 διαϐάλλων
809 778 912 814 ἀνθρώ-

116 831 193 854 πους
218 822 333 856 φαύλους
353 824 367 849 ὁ
386 823 463 857 λόγος
486 824 566 859 φησὶν
588 824 685 856 αὐτοὺς
701 822 772 851 εἶναι
794 825 823 851 οὐ
848 825 912 860 περὶ

971 230 1037 257 trari
1051 230 1252 264 disciplinarum
1265 230 1488 266 Egyptiacarum
1512 239 1574 266 ope,
1590 232 1686 267 quibus
1701 241 1748 266 ap-

968 279 1054 313 prime
1067 278 1188 305 eruditus
1204 282 1271 305 erat.
1287 278 1343 312 Qua
1362 279 1513 313 suspicione
1525 284 1612 307 motus
1627 286 1683 312 rex,
1702 287 1748 306 ac~

968 324 1079 351 cersivit
1096 324 1280 352 incantatores
1295 324 1447 360 Egyptios,
1467 334 1476 350 ι
1493 325 1628 359 sapientes
1646 330 1674 352 et
1690 332 1749 351 ma—

966 370 1058 398 leficos
1071 370 1105 402 ⁸⁸,
1126 379 1136 396 ι
1152 377 1220 404 quos
1235 370 1309 397 brevi
1324 371 1412 405 patuit
1427 370 1493 397 nihil
1505 375 1563 398 esse
1577 378 1632 406 prae
1645 370 1747 405 Moyse.

967 415 1043 449 cujus
1071 415 1206 450 sapientia
1233 422 1339 442 omnem
1370 415 1557 451 Aigyptiorum
1587 415 1746 451 sapientiam

966 461 1123 496 superabat.

1001 597 1044 623 47.
1060 595 1213 623 Verisimile
1224 599 1276 627 est,
1293 602 1353 629 qua:
1372 594 1469 621 Paulus
1485 594 1511 621 in
1529 594 1621 628 priore
1647 602 1694 621 sua
1711 596 1745 622 ad

965 640 1122 668 Corinthios
1138 640 1172 672 ⁸⁸,
1186 640 1294 667 Graecos
1314 639 1417 667 scilicet
1437 638 1592 666 Graecanica
1612 639 1745 674 sapientia

964 685 1082 718 inﬂatos,
1105 686 1222 720 scripsit,
1241 693 1272 713 ea
1290 686 1409 712 movisse
1425 685 1569 719 quosdam,
1586 689 1617 712 ut
1633 685 1744 720 sapien-

965 734 1005 757 tes
1023 738 1037 757 a
1054 735 1146 766 postra
1164 730 1294 765 religione
1320 730 1427 757 excludi
1445 731 1596 757 crederent.
1623 729 1674 763 Qui
1692 731 1743 758 sibi

965 776 1015 803 hoc
1030 777 1134 804 induxit
1150 777 1175 803 in
1193 777 1323 809 animum,
1342 776 1427 803 discat
1445 777 1669 811 quemadmodum
1690 777 1745 803 illic

964 823 1161 857 reprehendens
1178 822 1315 857 improbos
1333 823 1466 856 homines,
1482 830 1529 850 eos
1549 823 1586 849 ait
1600 823 1745 857 Apestolus

115 868 177 894 τῶν
194 868 296 903 νοητῶν
315 869 361 895 καὶ
380 869 502 904 ἀοράτων
519 871 566 896 καὶ
580 870 696 897 αἰωνίων
716 871 826 904 σοφοὺς,
843 870 897 897 ἀλλι

993 877 1014 895 ιιι
1033 869 1059 896 in
1075 869 1118 896 his
1133 876 1194 896 esse
1217 869 1352 903 sapientes
1376 876 1436 903 quae
1453 869 1536 896 solius
1560 868 1746 903 intelligentia:

116 915 189 950 περὶ
201 915 288 950 μόνων
308 915 362 942 τῶν
382 916 517 951 αἰσθητῶν
534 917 839 952 πραγματευσαμένους,
865 918 910 943 ml.

115 960 147 986 ἐν
173 960 278 992 τούτοις
296 961 330 987 τὰ
356 961 445 988 πάντα
463 962 629 997 τιθεμένους,
653 960 720 989 εἶναι
738 963 834 997 σοφοὺς
862 962 909 989 τοῦ

115 1005 237 1041 κόσμου·
251 1005 321 1032 οὕτω
329 1007 376 1032 καὶ
386 1006 491 1033 πολλῶν
499 1007 583 1034 ὄντων
597 1007 739 1043 δογμάτων
753 1008 801 1044 (4),
817 1007 851 1034 τὰ
860 1008 909 1043 μὲν

115 1051 338 1087 συναγορεύοντα
354 1052 404 1088 ὕλῃ
426 1053 472 1079 καὶ
492 1052 608 1088 σώμασι,
624 1054 670 1080 καὶ
686 1053 772 1080 πάντα
794 1054 909 1088 φασκόν-

114 1105 174 1123 των
186 1094 257 1123 εἷναι
275 1097 387 1133 σώματα
402 1098 436 1124 τὰ
450 1099 660 1134 προηγουμένως
670 1100 849 1135 ύφεστηκότα,
860 1101 907 1127 καὶ

116 1142 207 1177 μηδὲν
227 1143 303 1179 παρὰ
319 1144 403 1170 ταῦτα
423 1141 490 1170 εἶναι
507 1144 580 1176 ἄλλο,
595 1145 649 1171 εἴτε
665 1144 808 1180 λεγόμενον
823 1145 905 1181 ἀόρα-

114 1196 164 1214 τον
182 1188 232 1215 εἴτ’
249 1189 443 1225 ὀνομαζόμενον
460 1190 613 1225 ἀσώματον,
632 1190 713 1226 φησιν
729 1189 796 1217 εἶναι
812 1191 906 1225 σοφίαν

114 1233 164 1260 τοῦ
175 1234 278 1269 κόσμου
287 1236 519 1271 καταργουμένην,
532 1237 578 1263 καὶ
589 1237 792 1272 μωραινομένην
801 1237 848 1272 (5),
860 1238 906 1264 καὶ

114 1279 217 1313 σοφίαν
230 1280 276 1306 τοῦ
293 1281 388 1313 αἰῶνος
397 1282 503 1308 τούτουε
514 1282 548 1309 τὰ
561 1282 589 1309 δὲ
603 1282 778 1318 μετατιθέντα
792 1283 841 1319 τὴν
853 1283 903 1318 ψυ-

114 1325 167 1360 χὴν
180 1325 234 1352 ἀπὸ
248 1326 299 1352 τῶν
311 1327 373 1361 τῇδε
391 1327 558 1363 πραγμάτων
574 1328 620 1354 ἐπὶ
633 1328 681 1364 τὴν
696 1328 771 1364 παρὰ
782 1329 841 1364 Θεῴ
856 1338 905 1364 μα-

114 1372 268 1406 καριότητα
282 1373 329 1399 καὶ
343 1373 390 1408 τὴν
407 1373 574 1409 καλουμένην
590 1374 670 1400 αὑτοῦ
686 1374 830 1409 βασιλείαν,
857 1377 904 1404 καὶ

114 1417 277 1444 διδάσκοντα
297 1420 474 1454 καταφρονεῖν
490 1420 538 1454 μὲν
553 1419 591 1451 ὡς
608 1421 781 1456 προσκαίρων
797 1422 904 1448 πάντων

114 1463 170 1489 τῶν
193 1464 328 1499 αἰσθητῶν
352 1466 398 1492 καὶ
421 1465 604 1501 βλεπομένων,
620 1467 744 1494 σπεύδειν
763 1468 791 1494 δὲ
805 1469 850 1495 ἐπὶ
869 1468 903 1495 τὰ

114 1509 231 1544 ἀόρατα,
248 1511 294 1536 καὶ
311 1513 420 1538 σκοπεῖν
440 1512 473 1538 τὰ
494 1512 531 1548 μὴ
543 1512 704 1547 βλεπόμενα,
720 1513 806 1540 ταῦτά
832 1523 897 1549 φησι

114 1556 216 1590 σοφίαν
230 1555 297 1583 εἶναι
317 1556 394 1584 Θεοῦ.
411 1558 559 1594 Φιλαλήθης
580 1559 602 1584 δ’
619 1558 656 1586 ὢν
673 1560 686 1586 ὁ
703 1559 807 1591 Παῦλός
833 1569 898 1595 φησι

114 1600 181 1636 περί
194 1609 274 1627 τινων
287 1602 315 1628 ὲν
329 1602 441 1638 Ἕλλησι
459 1603 547 1637 σοφῶν
562 1604 590 1629 ὲν
608 1600 648 1635 οἷς
663 1604 848 1639 ἀληθεύουσιν·
863 1605 902 1631 ὅτι

117 1655 126 1671 ι
148 1647 262 1679 Γνόντες
282 1648 327 1673 τὸν
341 1648 417 1679 Θεὸν,
433 1649 481 1683 οὐχ
496 1649 533 1680 ὡς
549 1649 613 1676 Θεὸν
632 1649 770 1682 ἐδόξασαν,
790 1651 806 1686 ἦ
819 1651 903 1686 ηὺχαο

115 1693 260 1727 ρίστησαν.
278 1703 287 1719 ›
305 1694 358 1720 Καὶ
372 1696 504 1730 μαρτυρεῖ
511 1695 608 1726 αὐτοὺς
622 1695 658 1730 (6)
670 1696 900 1730 ὲγνωκέναιΘεόν·

114 1737 191 1772 λέγει.
206 1739 235 1765 δὲ
254 1741 302 1766 καὶ
315 1740 386 1766 τοῦτ’
397 1741 447 1766 οὐκ
462 1740 535 1767 ἀθεεὶ
548 1741 638 1772 αὐτοῖς
658 1742 807 1776 γεγονέναι,
823 1743 851 1768 ὲν
862 1740 902 1775 οἷς

114 1785 218 1819 γράφει
233 1785 272 1812 τό·
293 1795 302 1812 ι
323 1786 350 1812 '0
364 1786 430 1818 Θεὸς
448 1787 503 1821 γὰρ
527 1787 617 1819 αὐτοῖς
633 1788 813 1823 ἐφανέρωσεν⁸
835 1797 843 1813 ι
861 1789 904 1815 αἱ·

113 1830 283 1865 νισσόμενος,
296 1829 382 1866 οἶμαι,
394 1832 457 1863 τοὺς
470 1831 661 1864 ἀναϐαίνοντας
670 1833 722 1858 ἀπὸ
733 1832 786 1859 τῶν
798 1833 902 1868 ὁρατῶν

115 1872 162 1902 ἐπὶ
175 1876 211 1902 τὰ
221 1877 313 1912 νοητὰ,
330 1877 374 1903 ὅτε
389 1878 498 1912 γράφει·
514 1879 554 1905 ὅτι
573 1888 582 1904 ι
601 1878 637 1904 τὰ
650 1879 752 1914 ἀόρατα
767 1878 813 1905 τοῦ
834 1879 901 1905 Θεοῦ

113 1920 168 1946 ἀπὸ
180 1918 293 1952 κτίσεως
305 1921 406 1956 κόσμου
422 1923 478 1953 τοῖς
494 1923 625 1957 ποιήμασι
641 1923 772 1958 νοούμενα
788 1923 902 1959 καθορᾶ-

114 1974 171 1997 ται,
192 1966 208 2001 ἧ
224 1975 252 1992 τε
270 1966 354 1998 ἀΐδιος
369 1968 452 1993 αὐτοῦ
475 1968 588 2004 δύναμις
605 1969 651 1995 καὶ
668 1968 782 2004 θειότης·
807 1970 847 2001 εἰς
871 1969 901 1995 τὸ

115 2009 187 2038 εἶναι
200 2013 297 2044 αὐτοὺς
309 2013 537 2048 ἀναπολογήτους·
557 2014 622 2041 διότι
635 2015 744 2049 γνόντες
767 2015 812 2041 τὸν
824 2015 900 2047 Θεὸν,

116 2059 165 2094 οὺχ
177 2059 215 2091 ὡς
228 2059 293 2086 Θεὸν
305 2059 442 2092 ἐδόξασαν,
457 2060 473 2095 ἢ
487 2060 697 2096 ηὐχαρίστησαν.
714 2070 723 2086 ›

150 2149 228 2184 Τάχα
240 2149 267 2175 δὲ
276 2150 322 2176 καὶ
340 2150 371 2176 ἐκ
382 2149 439 2180 τοῦ,
449 2159 457 2174 ι
468 2149 583 2177 Βλέπετε
595 2150 622 2176 δὲ
636 2151 684 2186 τὴν
703 2151 795 2187 κλῆσιν
812 2152 826 2178 ὑ
831 2151 898 2187 μῶν,

961 920 1034 947 sunt,
1046 922 1105 949 quas
1117 915 1166 942 sub
1182 922 1278 941 sensus
1289 922 1342 941 non
1359 915 1467 946 cadunt,
1480 922 1540 949 quae
1552 920 1652 941 :eterna
1667 919 1743 947 sunt,

959 961 1006 988 sed
1026 968 1086 987 cum
1101 961 1126 987 in
1151 960 1216 987 solis
1232 960 1406 987 sensibilibus
1418 965 1593 994 occupentur,
1613 961 1640 987 in
1656 960 1743 995 iisque

959 1012 1090 1040 reponant
1104 1006 1207 1037 omnia,
1231 1006 1368 1039 sapientes
1387 1013 1446 1032 csse
1461 1005 1540 1039 hujus
1561 1006 1670 1039 mundi;
1702 1006 1742 1033 sic

957 1051 1030 1079 inter
1051 1051 1134 1078 multa
1161 1052 1296 1086 dogmata,
1315 1060 1358 1084 ea,
1374 1058 1433 1086 quae
1447 1052 1566 1079 materia;
1587 1056 1615 1078 et
1635 1052 1742 1086 corpori

957 1097 1172 1131 patrocinantur,
1199 1105 1312 1133 quicque
1337 1105 1391 1130 res,
1416 1098 1498 1125 etiam
1519 1105 1578 1132 quae
1606 1098 1741 1133 praecipue

957 1140 1116 1174 subsistunt,
1130 1150 1277 1177 corporeas
1298 1149 1358 1169 esse
1371 1147 1505 1174 statuunt,
1523 1150 1627 1169 necnon
1642 1147 1741 1177 praeter

957 1187 1001 1213 illa
1018 1187 1085 1214 nihil
1099 1188 1171 1222 quod
1187 1187 1280 1215 oculos
1298 1188 1395 1223 fugiat,
1411 1188 1477 1215 nihil
1491 1188 1682 1222 incorporeum
1692 1190 1740 1215 ad-

956 1235 1078 1266 mittunt,
1092 1233 1126 1260 ab
1137 1234 1196 1268 ipso
1208 1234 1260 1261 diei
1272 1242 1334 1262 esse
1347 1234 1438 1261 tnundi
1459 1234 1618 1269 sapientiam
1632 1235 1738 1262 irritam

955 1279 1065 1311 factam,
1077 1280 1230 1312 evanidam,
1242 1280 1363 1314 stultam,
1376 1285 1404 1308 et
1416 1281 1576 1316 sapientiam
1593 1281 1672 1316 hujus
1689 1289 1740 1308 saa-

955 1325 1026 1357 culi;
1051 1332 1082 1351 ea
1100 1332 1164 1352 vero
1186 1333 1245 1360 quae
1268 1327 1386 1354 animam
1402 1327 1436 1354 ab
1453 1328 1526 1355 hisce
1543 1327 1622 1354 rebus
1636 1327 1668 1354 ad
1692 1327 1738 1354 Dei

955 1369 1147 1398 beatitudinem
1159 1370 1269 1405 ejusque
1283 1380 1394 1407 regnum
1412 1374 1541 1406 evehunt,
1557 1381 1616 1408 qua!
1640 1373 1738 1400 docent

953 1415 1044 1442 omnia
1054 1416 1179 1444 sensibus
1194 1417 1273 1443 obvia
1285 1423 1462 1445 contemnere
1475 1423 1503 1444 ut
1519 1419 1638 1452 peritura
1652 1423 1680 1446 et
1692 1426 1738 1446 cn-

953 1459 1038 1491 duca;
1061 1461 1225 1488 contendere
1246 1469 1311 1489 vero
1324 1463 1356 1489 ad
1369 1471 1411 1495 ea,
1425 1471 1485 1498 qua:
1502 1463 1552 1490 sub
1566 1463 1658 1491 oculos
1683 1471 1738 1490 non

953 1506 1062 1538 cadunt,
1079 1511 1105 1532 et
1121 1507 1299 1541 contemplari
1316 1515 1376 1542 qua!
1396 1516 1449 1536 non
1470 1509 1604 1542 videnturl
1628 1509 1736 1544 sapien.

956 1552 1018 1578 tiam
1037 1552 1084 1579 Dei
1112 1553 1214 1579 vocari.
1231 1553 1297 1580 Cum
1313 1559 1403 1581 autem
1428 1555 1550 1582 veritatis
1569 1560 1675 1582 amator
1700 1556 1735 1583 sit

954 1598 1062 1629 Paulus.
1080 1599 1113 1626 de
1135 1600 1298 1634 quibusdam
1319 1601 1477 1629 Graecorum
1496 1601 1666 1636 sapientibus
1691 1601 1737 1629 ubi

952 1653 1014 1672 vera
1027 1646 1155 1678 sentiunt,
1172 1647 1210 1674 ait
1230 1657 1237 1674 :
1252 1657 1261 1674 ι
1277 1647 1343 1675 Cum
1363 1649 1554 1683 cognovissent
1569 1648 1665 1680 Deum,
1683 1655 1736 1676 non

952 1693 1022 1718 sicut
1035 1692 1119 1720 Deum
1137 1693 1366 1728 glorificaverunt,
1380 1699 1427 1721 aut
1441 1695 1542 1729 gratias
1557 1700 1669 1730 egerunt
1683 1696 1733 1722 ⁸⁷.»

952 1736 986 1764 Et
1001 1742 1113 1764 testatur
1128 1743 1219 1765 notum
1237 1738 1291 1765 illis
1310 1739 1394 1767 fuisse
1410 1739 1493 1766 Deum
1505 1748 1512 1768 :
1526 1741 1597 1774 quod
1612 1748 1662 1768 nec
1677 1741 1737 1769 sine

952 1781 1006 1809 Deo
1018 1782 1071 1809 illis
1088 1784 1233 1819 contigisse
1250 1785 1315 1812 dicit
1337 1786 1379 1812 his
1396 1785 1508 1814 verbis:
1532 1795 1541 1812 ι
1567 1786 1636 1814 Deus
1660 1788 1734 1815 enim

952 1828 1005 1855 illis
1021 1829 1203 1857 manifeslavit
1224 1831 1262 1863 ⁸⁸ς
1293 1841 1302 1857 ι
1321 1832 1496 1859 subindieans
1510 1840 1567 1865 eos,
1591 1834 1618 1860 ni
1645 1834 1733 1867 fallor,

951 1874 996 1907 qui
1012 1881 1027 1899 a
1040 1875 1119 1901 rebus
1131 1876 1270 1909 corporeis
1283 1876 1316 1902 ad
1330 1876 1479 1910 spiritualia
1489 1882 1605 1904 mentem
1614 1877 1732 1912 erigunt,

952 1919 996 1945 tibi
1010 1920 1105 1946 scribit
1121 1929 1127 1946 :
1149 1930 1157 1946 ι
1174 1921 1321 1948 lnvisibilia
1339 1921 1385 1949 Dei
1398 1929 1412 1947 a
1425 1927 1549 1949 creatura
1571 1923 1673 1956 mundi,
1685 1931 1734 1958 per

950 1972 981 1991 ea
1001 1973 1060 2000 quae
1076 1966 1145 1993 facta
1163 1972 1236 2000 sunt,
1249 1968 1384 1995 intellecta
1401 1969 1619 2003 conspiciuntur;
1636 1971 1730 2004 sempi-

951 2016 1026 2038 terna
1041 2019 1148 2046 quoque
1169 2012 1227 2047 ejus
1243 2013 1328 2041 virtus
1352 2019 1379 2042 et
1399 2015 1544 2042 divinitas:
1571 2016 1607 2042 ita
1626 2020 1654 2042 ut
1679 2017 1732 2043 sint

951 2057 1156 2089 inexcusabiles.
1184 2058 1252 2092 Quia
1273 2067 1333 2086 cum
1365 2061 1554 2095 cognovissent
1567 2061 1661 2096 Deum,
1678 2069 1733 2089 non

950 2103 1019 2132 sicut
1038 2103 1120 2130 Deum
1137 2104 1358 2139 gloriﬁcaverunt
1369 2111 1416 2134 aut
1427 2107 1527 2140 gratias
1540 2111 1654 2142 egerunt
1668 2107 1700 2134 ".
1718 2116 1728 2133 ι

985 2147 1029 2175 48.
1072 2148 1198 2176 Fortasse
1235 2150 1317 2177 etiam
1361 2151 1479 2184 opinioni
1523 2159 1642 2185 eorum,
1685 2153 1731 2186 qui

116 2194 235 2229 ἀδελφοὶ,
250 2195 290 2221 ὅτι
303 2196 333 2221 οὑ
347 2195 437 2222 πολλοὶ
453 2196 527 2230 σοφοὶ
542 2196 610 2222 κατὰ
635 2196 736 2233 σάρκα,
759 2198 789 2224 οὐ
806 2197 897 2224 πολλοὶ

993 2194 1031 2229 l9
1047 2195 1191 2226 eruditum,
1209 2201 1254 2222 aut
1271 2196 1432 2230 sapientem,
1451 2201 1497 2224 aut
1514 2198 1674 2232 prudentem
1688 2206 1733 2225 ar-

114 2239 233 2271 δυνατοὶ,
250 2241 280 2266 οὺ
296 2240 387 2267 πολλοὶ
401 2242 536 2275 εὐγενεῖς·
555 2241 622 2268 ἀλλὰ
637 2241 670 2268 τὰ
689 2242 768 2278 μωρὰ
785 2243 831 2269 τοῦ
851 2244 897 2270 κό-

116 2293 182 2320 σμου
199 2285 338 2318 ἐξελέξατο
353 2287 367 2312 ὁ
382 2286 456 2318 Θεὸς,
473 2287 516 2313 ἴνα
537 2287 702 2323 καταισχύνῃ
724 2289 786 2320 τοὺς
801 2289 898 2322 σοφούς

115 2329 162 2364 (7)·
177 2331 226 2357 καὶ
239 2331 273 2358 τὰ
292 2332 374 2366 ἀγενῆ
391 2331 438 2358 καὶ
456 2331 488 2358 τὰ
512 2331 708 2368 ἐξουθενημένα
726 2332 864 2366 ἐξελέξατο
882 2335 896 2360 ὁ

115 2375 188 2408 Θεὸς,
206 2376 253 2403 καὶ
265 2377 298 2403 τὰ
313 2377 349 2412 μὴ
361 2377 433 2408 ὅντα,
449 2377 491 2404 ἵνα
504 2377 536 2404 τὰ
549 2376 612 2403 ὄντα
624 2378 793 2414 καταργήσῃ·
805 2378 848 2405 ἵνα
859 2379 896 2414 μὴ

115 2423 283 2458 καυχήσηται
299 2423 372 2449 πᾶσα
387 2421 454 2458 σὰρξ
467 2422 579 2449 ἐνώπιον
592 2423 684 2450 αὐτοῦ·
705 2433 714 2449 ›
733 2423 896 2459 ἐκινήθησάν

114 2475 183 2498 τινες
197 2467 264 2502 πρὸς
278 2467 308 2494 τὸ
324 2468 423 2494 οἴεσθαι
439 2469 478 2494 ὅτι
491 2468 576 2500 οὐδεὶς
589 2469 800 2505 πεπαιδευμένος
813 2469 830 2504 ἢ
850 2478 896 2496 σο-

146 2534 170 2550 “
186 2535 270 2562 Exod.
286 2543 333 2568 vn,
349 2536 392 2563 10.
427 2536 451 2552 ⁸⁸
464 2536 474 2563 l
486 2536 548 2564 Cor.
563 2545 584 2569 ι,
602 2537 634 2564 18
649 2545 707 2572 seq.

149 2593 187 2627 (4)
202 2593 266 2632 lllss.
282 2600 309 2620 et
319 2593 478 2632 Philoealia.
490 2595 573 2622 ὄντων
588 2596 738 2632 δογμάτων,
755 2598 832 2627 alias.
849 2599 887 2624 ὃν-

116 2634 166 2653 των
180 2628 394 2666 καζιδογμὰτων.
405 2630 488 2657 Paulo
502 2637 561 2664 post
577 2628 745 2658 Htéslrhnlius
761 2638 788 2659 ct
808 2634 895 2666 Spen—

117 2669 202 2702 cerns,
219 2663 268 2699 ὒλῃ
287 2663 333 2702 καὶ
351 2663 465 2702 σώματι.
486 2665 586 2692 Ibidem
609 2675 656 2701 pro
673 2668 759 2693 πάντα
779 2663 894 2702 φασκόν-

115 2703 176 2734 των,
188 2699 245 2734 lego
260 2699 346 2725 πάντα
360 2700 507 2734 φάσκοντα.

150 2732 185 2772 (ξ)
202 2733 264 2760 Mss.
284 2740 310 2760 et
322 2732 480 2772 Philocalia,
496 2736 710 2772 μωραινομένην.
723 2737 893 2765 llmscltelius

117 2769 143 2792 et
152 2767 318 2805 ,ξραμερι-υς,
334 2767 543 2805 μαραινομένηνζ

149 2800 185 2838 (ρ)
200 2800 353 2838 ljhilocalia.
367 2800 473 2836 αὐτούς,
492 2800 567 2835 alias.
581 2806 682 2838 αὐτοῖς.

151 2835 189 2873 ι7)
204 2837 267 2866 Post
283 2846 375 2867 vocum
391 2835 498 2879 σοφούς,
513 2840 539 2867 ιιι
559 2835 703 2869 llmsehelii
720 2847 746 2870 ct
760 2842 891 2877 Spcnceri

760 2538 781 2553 3’
797 2537 876 2567 Rom.
891 2547 910 2572 ι,
927 2539 972 2567 2i.

950 2241 1085 2268 bitrantur
1101 2241 1127 2268 in
1146 2246 1265 2269 nostram
1281 2243 1439 2270 societatem
1461 2251 1513 2270 non
1529 2245 1625 2279 recipi,
1641 2245 1730 2272 locum

949 2286 1054 2314 dederit
1070 2286 1115 2314 hic
1128 2287 1197 2314 alius
1211 2287 1286 2314 Pauli
1304 2288 1380 2320 locus
1397 2298 1403 2316 :
1426 2298 1435 2315 ι
1454 2290 1549 2317 Videte
1568 2296 1658 2318 autem
1682 2299 1730 2318 vo-

949 2331 1084 2358 cationem
1101 2337 1229 2366 vestram,
1244 2333 1355 2367 fratres,
1372 2335 1436 2369 quia
1451 2343 1505 2362 non
1525 2337 1603 2364 multi
1622 2338 1730 2372 sapien-

950 2382 991 2404 tes
1008 2379 1155 2406 secundum
1181 2387 1309 2412 carnem.
1331 2389 1383 2407 non
1409 2382 1486 2409 multi
1509 2387 1649 2417 potentes,
1675 2391 1728 2410 non

951 2424 1026 2454 multi
1044 2425 1164 2457 nobiles;
1186 2427 1233 2453 sed
1260 2434 1319 2461 qua:
1347 2427 1428 2454 stulta
1447 2433 1512 2455 sunt
1534 2428 1626 2455 mundi
1648 2429 1729 2463 elegit

951 2469 1034 2501 Deus,
1047 2476 1074 2497 ut
1087 2471 1233 2498 confundat
1251 2473 1397 2508 sapientes;
1415 2478 1442 2500 et
1457 2473 1583 2508 ignobilia
1598 2475 1689 2501 mundi
1701 2480 1729 2501 et

1009 2540 1032 2556 ⁸⁸
1044 2540 1123 2574 lbid.,
1139 2541 1183 2568 19.
1220 2542 1243 2558 ⁸⁸
1258 2542 1337 2576 lbid.,
1350 2543 1394 2570 20.

947 2600 1111 2639 editionibns
1123 2602 1415 2639 addunturhzneverba
1433 2611 1493 2639 qua:
1505 2604 1624 2632 nncinuli
1640 2605 1729 2632 inclu-

946 2636 1012 2674 dunt
1029 2645 1036 2662 :
1053 2637 1099 2662 καὶ
1115 2636 1148 2674 τὰ
1163 2637 1262 2674 ἀσθενῆ
1284 2637 1330 2674 τοῦ
1348 2636 1449 2674 κόσμου
1461 2639 1599 2672 ἐξελέξατο
1615 2642 1630 2666 ὁ
1651 2640 1726 2673 Θεὸς,

947 2671 1164 2709 ἵνακαταισχύνῃ
1170 2672 1203 2697 τὰ
1217 2671 1323 2709 ἰσχυρά,
1330 2674 1376 2700 sed
1384 2671 1404 2700 a'
1410 2683 1475 2702 mss.
1482 2671 1607 2703 omnibus
1619 2671 1727 2708 absunt,

945 2706 1048 2744 etnideo
1061 2714 1077 2732 e
1092 2706 1165 2744 textu
1185 2706 1342 2744 recidimus,
1359 2711 1483 2742 quamvis
1503 2711 1529 2737 in
1546 2711 1663 2744 vulgatis
1681 2706 1728 2737 Βἰέ

945 2740 1007 2779 bliis
1016 2741 1195 2779 reperiantur.
1210 2741 1270 2779 illo);
1281 2740 1450 2779 llwsehelius
1459 2751 1489 2771 et
1504 2740 1667 2779 SpencErus,
1680 2746 1728 2771 καὶ

943 2775 978 2812 τᾲ
987 2775 1071 2812 ἀγενῆ
1084 2776 1196 2812 κόσμου,
1205 2777 1252 2803 sed
1261 2784 1311 2804 vox
1322 2777 1435 2812 κόσμου,
1447 2788 1462 2806 a
1475 2775 1539 2809 mss.
1547 2785 1573 2808 et
1583 2775 1728 2808 Philoealia

945 2810 1204 2849 abestlpaulopnst
1219 2810 1386 2849 litt-schelius
1404 2819 1431 2841 et
1443 2816 1596 2849 Spencerus
1615 2817 1641 2843 in
1653 2822 1726 2847 mar-

943 2844 1014 2880 gine,
1025 2846 1097 2878 ὅπως
1115 2844 1151 2883 μὴ
1166 2847 1342 2883 καυχήσηται.
