1848 3091
110 156 163 186 975

705 161 843 190 CONTRA
859 161 997 190 CELSUM
1015 161 1080 189 LIB.
1097 162 1143 190 Ill.

1681 163 1730 193 971

111 218 194 254 χῆθεν
209 217 277 245 εἶναι
287 218 353 246 Θεὸν
361 220 407 247 καὶ
414 220 477 248 Υίὺν
486 219 565 252 Θεοῦν
577 217 652 252 οὗτος
660 221 673 247 ὁ
682 221 829 256 Αὐτολὸγος
840 221 899 248 ἐστὶ

982 220 1053 255 tique
1071 220 1170 248 Filium
1191 227 1252 248 esse
1275 221 1414 249 credimus
1431 226 1457 249 et
1478 229 1528 256 pro
1549 227 1625 250 certo
1649 222 1733 250 habeo

113 265 160 290 καὶ
184 264 200 299 ἡ
227 264 373 299 αὑτοσοφία
389 266 434 292 καὶ
455 267 472 302 ἡ
489 265 683 301 αὑτοαλήθεια’
700 267 731 293 τὸ
755 267 787 302 δὴ
808 266 903 302 θνητὸν

112 309 196 335 αὑτοῦ
225 310 313 345 σῶμα,
328 311 375 337 καὶ
398 312 446 348 τὴν
472 312 641 349 ἀνθρωπίνην
667 313 695 338 ὲν
722 312 796 348 αὐτῴ
813 312 902 348 ψυχὴν

112 355 147 389 τῇ
173 354 240 390 πρὸς
259 355 361 383 ἐκεῖνον
383 356 436 392 (82)
460 358 490 384 οὐ
517 358 597 392 μόνον
619 357 753 393 κοινωνίᾳ,
771 357 837 384 ἀλλὰ
856 357 903 383 καὶ

113 400 208 426 ὲνώσει
223 401 270 428 καὶ
286 402 434 438 ἀνακράσει
445 403 477 429 τὰ
494 403 609 438 μέγιστὰ
621 412 709 439 φαμεν
725 403 902 439 προσειληφέ-

113 454 168 476 ναι,
182 447 286 482 καὶτῆς
297 447 400 474 ἐκείνου
409 447 544 484 θειότητος
557 450 772 484 κεκοινωνηκότα
785 451 824 481 εἰς
836 449 902 476 Θεὸν

115 491 339 527 μεταϐεὸηκένοιι.
373 493 434 520 Ἐὰν
465 494 491 519 δέ
513 503 554 526 τις
581 496 738 531 προοκόπτη
764 496 810 522 καὶ
837 495 902 531 περὶ

113 537 160 563 τοῦ
185 538 309 574 σώματος
330 540 412 566 αὑτοῦ
435 540 511 566 ταῦθ’
533 541 611 576 ἡμῶν
631 542 772 576 λεγόντων,
790 543 901 578 ἐπιστη-

115 583 190 610 σάτω
202 586 258 616 τοῖς
272 585 322 611 ὑπὸ
336 586 389 612 τῶν
405 586 536 622 Ἑλλήνων
550 587 703 622 λεγομένοις
721 597 754 614 πε
760 589 785 623 pi.
800 589 848 623 τῆς
862 588 901 624 τῷ

117 628 174 664 ἰδίῳ
196 628 267 664 λόγῳ
285 630 379 657 ἀποίου
404 631 480 666 ὕλης,
508 633 653 667 ποιότητας
675 633 898 669 ἁμφισχομὲνης,

114 672 210 704 ὁποίας
225 674 239 699 ὁ
258 674 419 710 δημιουργὸς
434 675 555 710 βούλεται
569 677 635 712 αὐτῇ
653 677 827 712 περιτιθέναι,
853 679 901 705 καὶ

115 719 246 751 πολλάκις
256 719 305 751 τὰς
318 721 366 756 μὲν
378 722 511 757 προτέρας
529 722 733 758 ἀποτιθεμένης,
745 724 900 759 κρείττονας

114 764 145 790 δὲ
165 765 211 791 καὶ
232 766 375 801 διαφόρους
393 767 651 803 ἀναλαμϐανούσης·
675 771 699 795 ει
715 770 767 806 γὰρ
787 770 850 805 ὑγιῆ
865 770 899 797 τὰ

115 809 239 841 τοιαῦτα,
262 811 288 837 τί
317 810 481 847 θαυμαστὸν,
509 814 557 848 τὴν
584 813 713 849 ποιότητα
729 814 775 840 τοῦ
801 812 898 850 θνητοῦ

115 855 188 882 κατά
203 856 249 882 τὸν
271 857 372 892 Ἰησοῦν
383 857 506 893 σώματος
523 859 579 893 (85)
596 860 707 895 προνοίᾳ.
722 859 787 886 Θεοῦ
805 860 898 896 βουλη-

116 900 219 934 θέντος,
234 903 392 937 μεταῦαλεῖν
416 892 455 936 εἰς
472 892 590 940 αἰθέριον
604 892 651 931 καὶ
665 892 739 932 θείαν
753 892 899 942 multata;
915 892 937 919 Β

153 948 208 982 Οὐχ
222 949 259 980 ὡς
273 949 438 982 διαλεκτικὸς
452 950 499 985 μὲν
513 949 559 978 οὖν
576 949 651 978 εἶπεν
662 952 676 977 ὁ
688 951 801 984 Κέλσος,
815 960 904 988 παρα-

116 991 221 1019 ϐάλλων
236 993 285 1025 τὰς
301 995 472 1031 ἀνθρωπίνας
496 997 542 1023 τοῦ
569 997 655 1032 Ἰησοῦ
677 997 782 1032 σάρκας
800 999 901 1034 χρυσῷ,

115 1038 164 1064 καὶ
177 1038 298 1075 ἀργύρῳ,
313 1041 360 1066 καὶ
383 1041 457 1076 λίθῳ,
475 1042 515 1068 ὅτι
532 1039 609 1069 αὗται
627 1043 737 1069 ἐκείνων
757 1043 904 1079 φθαρτότε-

116 1092 173 1119 ραι.
188 1085 259 1120 Πρὸς
267 1085 320 1122 γὰρ
330 1086 375 1113 τὸν
386 1088 484 1123 ἀκριὸῆ
494 1088 643 1123 λόγον,οΰτ“
654 1089 789 1124 ἄφθαρτον
800 1089 904 1125 ἀφθάρ-

115 1138 163 1156 του
175 1131 385 1168 ἀφθαρτὸτερον,
403 1133 464 1160 οὔτε
489 1134 607 1170 φθαρτὸν
626 1134 746 1170 φθαρτοῦ
757 1134 904 1170 φθαρτότε-

117 1183 175 1210 ρον.
194 1176 263 1202 Ἀλλ’
285 1178 309 1203 εὶ
332 1177 385 1213 ἄρα
413 1179 604 1215 φθαρτὸτερον,
626 1181 700 1215 ὅμως
723 1180 752 1207 δὲ
774 1181 819 1207 καὶ
837 1181 904 1215 πρὸς

115 1221 195 1248 τοῦτο
211 1224 342 1258 φήσομεν,
359 1225 399 1251 ὃτι
413 1225 490 1261 εἴπερ
501 1226 609 1252 δυνατὸν
624 1227 746 1262 ἀμείὸειν
760 1227 903 1263 ποιότητας

114 1267 167 1302 τὴν
194 1269 374 1306 ὑποκειμένην
398 1271 498 1304 πάσαις
524 1273 662 1308 ποιότησιν
689 1273 769 1308 ὓλην·
791 1273 848 1305 πῶς
872 1273 902 1300 οὒ

114 1313 227 1340 δυνατὸν
241 1315 287 1341 καὶ
301 1315 349 1351 τὴν
363 1316 452 1352 σάρκα
463 1316 508 1343 τοῦ
529 1317 612 1352 ’1ησοῦ
625 1317 779 1352 ὰμείψασαν
794 1319 903 1354 ποιότη-

114 1367 167 1391 τας
192 1361 330 1394 γεγονέναι
354 1362 488 1398 τοιαύτην,
504 1363 598 1389 ὁποίαν
627 1363 710 1399 ἐχρῆν
730 1362 859 1400 εἶναιτὴν
874 1365 903 1391 ἐν

115 1406 208 1441 αἰθέρι
223 1408 328 1440 καὶτοῖς
342 1409 469 1444 ἀνωτέρω
483 1409 538 1444 (84)
553 1409 634 1436 αὑτοῦ
649 1410 740 1441 τόποις
763 1410 902 1437 πολιτευο-

117 1452 214 1488 μένην,
243 1453 336 1480 οὐκέτι
360 1454 471 1489 ἔχουσαν
494 1454 528 1481 τὰ
549 1455 598 1489 τῆς
615 1455 747 1491 σαρκικῆς
763 1455 902 1487 ἀσθενείας

116 1496 182 1528 ἴδια,
195 1497 242 1523 καὶ
261 1497 338 1524 ἅτινα
357 1498 512 1535 μιαρώτεροι
528 1499 667 1535 ὠνόμασεν
681 1500 695 1525 ὁ
707 1499 825 1532 Κέλσος
841 1500 902 1526 οὐδὲ

115 1543 197 1570 τοῦτο
216 1543 365 1578 φιλοσόφως
386 1546 478 1572 ποιῶν.
495 1546 531 1572 Τὸ
546 1547 599 1582 γὰρ
619 1547 720 1582 κυρίως
735 1546 831 1582 μιαρὸν
847 1546 901 1573 ἀπὸ

115 1589 216 1622 κακίας
230 1590 347 1618 τοιοῦτόν
360 1592 426 1618 ἐστι.
437 1591 518 1623 Φύσις
529 1592 556 1618 δὲ
572 1592 695 1628 σώματος
712 1593 742 1618 οὐ
757 1592 857 1628 μιαρά·
871 1592 900 1619 οὐ

115 1634 200 1673 γὰρῇ
225 1637 305 1671 φύσις
330 1637 453 1673 σώματός
480 1639 538 1665 ἐστι
552 1638 616 1674 (85),
633 1638 662 1665 τὸ
681 1638 837 1673 γεννητικὸν
856 1639 904 1674 τῆς

118 1683 283 1719 μιαρότητος
296 1684 351 1720 ἔχει
376 1685 424 1720 τὴν
446 1685 553 1712 κακίαν.
570 1683 626 1711 Εἶτ’
643 1685 713 1718 ἐπεὶ,
731 1685 904 1720 ὑπειδόμενος

115 1728 168 1764 τὴν
182 1731 246 1765 παρ’
262 1730 338 1766 ἡμῶν
354 1730 508 1765 ἀπολογίαν,
520 1731 594 1765 λέγει
610 1732 674 1766 περὶ
685 1731 735 1766 τῆς
754 1731 905 1766 μεταϐολῆς

116 1774 166 1800 τοῦ
175 1774 298 1810 σώματος
311 1776 402 1809 αὑτοῦ,
411 1777 451 1803 ὅτι
462 1787 471 1802 ς
483 1777 553 1804 Ἀλλ’
561 1777 726 1812 ἀποθέμενος
732 1777 841 1810 ταύτας,
850 1777 904 1812 ἄρα

115 1819 281 1853 ἓσταιΘε6ς’
294 1822 320 1848 τί
332 1820 377 1848 οὖν
392 1822 451 1857 οὐχὶ
468 1822 590 1857 μᾶλλονὸ
610 1822 771 1858 Ἀσκληπιὸς
783 1823 829 1849 καὶ
844 1823 904 1849 Διό-

115 1875 208 1899 νυσος,
218 1868 265 1894 καὶ
279 1868 414 1904 Ἡρακλῆς
423 1877 429 1901 ;
437 1869 581 1904 »φήσομεψ
590 1868 622 1894 Τί
633 1868 787 1903 τηλικοῦτον
795 1869 905 1904 Ἀσκλη-

116 1914 220 1949 πιὸς,ῆ
236 1913 369 1946 Διόνυσος,
386 1914 401 1950 ἣ
422 1914 559 1950 Ἡρακλῆς
570 1915 729 1950 εἰργάσαντο
741 1922 747 1946 ;
760 1914 814 1940 Καὶ
828 1914 904 1945 τίνας

116 1959 224 1992 ἕξουσιν
237 1959 372 1993 ἀποδεῖξαι
389 1960 581 1995 βελτιωθέντας
594 1961 629 1986 edi
638 1960 689 1996 ἤθη
703 1960 751 1986 καὶ
764 1959 903 1996 κρείττους

116 2007 280 2042 γενομένους
298 2007 350 2035 ἀπὸ
372 2007 426 2034 τῶν
439 2007 526 2042 λόγων
539 2007 586 2033 καὶ
607 2007 653 2033 τοῦ
672 2006 727 2042 βίον
744 2006 842 2038 αὐτῶν,
861 2006 904 2033 ἵνα

116 2053 250 2087 γένωνται
260 2053 334 2084 Θεοί;
356 2052 458 2084 Πολλὰς
473 2053 526 2088 γὰρ
542 2055 590 2084 τὰς
609 2052 671 2087 περὶ
685 2051 773 2078 αὐτῶν
786 2052 904 2087 ἱστορίας

117 2099 290 2132 ἀναγνόντες,
303 2099 400 2134 ἴδωμεν
415 2100 438 2126 εἰ
451 2098 634 2133 ἐκαθάρευσαν
653 2097 706 2124 ἀπὸ
721 2096 902 2131 ἁκο).ασίας,ἢ

117 2143 237 2175 ἀδικίας,
256 2144 451 2180 ῆάφροσύνης,
464 2144 480 2179 ἢ
495 2144 603 2175 δειλίας.
627 2143 682 2169 Καὶ
706 2144 730 2169 εἰ
756 2143 804 2178 μὲν
823 2142 904 2178 μηδὲν

118 2187 244 2224 εὑρεθείη
267 2188 391 2214 τοσοῦτον
412 2188 466 2224 (86)
482 2188 510 2213 ὲν
536 2188 637 2218 αὐτοῖς,
654 2186 761 2222 ἰσχυρὸς
777 2186 810 2213 ἂν
825 2186 866 2220 εἴη
890 2186 904 2212 ὁ

954 273 1027 298 mus,
1042 273 1103 293 eum
1121 273 1182 292 esse
1206 265 1319 293 Verbum
1337 267 1435 302 ipsum,
1459 267 1621 302 sapientiam
1636 268 1732 302 ipsam,

953 310 1040 344 ipsam
1066 309 1209 336 veritatem
1229 318 1236 336 :
1254 311 1368 337 mortale
1393 316 1481 338 autem
1512 312 1570 345 ejus
1593 319 1691 347 corpus
1708 318 1735 339 et.

952 354 1098 382 huntanam
1125 362 1187 390 qua:
1214 355 1240 381 in
1265 356 1322 389 ipso
1338 360 1380 383 est
1401 357 1518 383 animam
1537 358 1570 384 ad
1587 359 1732 385 maximam

953 400 1111 435 dignitatem
1124 406 1216 428 evecta
1233 400 1328 434 fuisse,
1342 409 1395 428 tton
1408 402 1537 430 societate
1553 408 1656 430 tantum
1673 411 1733 431 cum

952 446 1009 478 illo,
1024 447 1070 474 sed
1097 447 1178 474 etiant
1204 447 1229 474 in
1254 455 1334 474 unum
1349 454 1480 474 concursu
1495 453 1521 475 et
1539 450 1714 484 permistionc
1725 471 1733 482 ,

952 492 1032 519 ambo
1060 493 1085 519 itt
1113 498 1221 528 partem
1245 498 1340 519 vocata
1367 492 1451 520 fuisse
1475 494 1640 527 divinitatis,
1657 501 1683 523 et
1707 497 1732 523 itt

951 537 1119 564 divinitatem
1134 539 1216 565 fuisse
1229 545 1370 565 conversa.
1384 538 1411 564 Si
1429 546 1508 572 quem
1523 540 1579 567 hate
1597 541 1735 570 oliendam

951 591 1012 618 quae
1025 584 1057 610 de
1074 583 1136 610 Iesu
1159 591 1273 619 corpore
1291 584 1416 616 dicimus,
1437 584 1458 610 is
1485 584 1593 614 Grmcos
1611 588 1735 614 consulat.

951 629 984 656 de
1008 630 1135 662 materia,
1160 637 1239 664 quam
1261 630 1358 657 docent
1375 638 1422 665 per
1436 638 1466 658 se
1482 633 1570 658 omnis
1595 638 1733 667 expertem

956 682 1016 702 esse
1030 675 1182 710 qualitatis;
1195 676 1339 710 qualitates
1358 676 1431 704 indui
1444 677 1648 712 qualescunque
1662 678 1734 706 Deus

953 720 993 747 illi
1020 721 1188 747 circumdare
1211 721 1282 754 vult;
1306 726 1332 748 et
1360 729 1441 757 smpe,
1466 723 1602 757 prioribus
1625 725 1733 758 positis,

951 766 1071 800 potiores
1087 771 1113 792 et
1128 766 1248 795 diversas
1261 774 1410 805 assumere.
1427 768 1491 800 Qum
1505 769 1615 803 quidem
1630 770 1733 803 opinio,

953 812 975 838 si
997 819 1062 838 sana
1086 817 1136 844 est,
1166 813 1229 846 qtttd
1253 812 1351 839 mirum
1369 813 1541 848 qualitatem,
1561 822 1612 849 qua
1635 823 1735 850 corpus

950 856 1011 884 Jesu
1035 858 1149 884 mortale
1171 858 1294 884 indutum
1309 863 1376 891 erat,
1395 859 1439 886 Dei
1456 860 1572 887 volentis
1589 862 1734 895 providen-

955 903 1001 934 tia.
1021 903 1047 930 in
1062 905 1206 931 atthereatn
1225 905 1400 939 divinantque
1417 911 1546 933 mutatam
1564 907 1666 934 fuisse?

987 949 1033 976 42.
1059 950 1149 983 Quare
1167 949 1265 977 Celsus
1281 950 1430 978 dialectica:
1444 960 1497 978 non
1514 953 1580 979 satis
1601 953 1735 986 meminit,

954 1002 1015 1021 Clllll
1033 996 1165 1023 humanas
1187 995 1250 1023 Jesu
1274 1004 1372 1024 carnes
1394 1005 1454 1023 Cllln
1480 1005 1556 1031 alll‘O,
1579 1004 1692 1033 argento
1706 1004 1735 1026 et

955 1040 1044 1075 lapide
1057 1048 1231 1075 comparans,
1241 1041 1278 1068 ait
1290 1049 1387 1068 carnes
1398 1042 1459 1069 illas
1474 1043 1547 1070 hisce
1559 1044 1640 1071 rebus
1651 1043 1734 1072 fuisse

955 1088 1041 1122 magis
1068 1088 1093 1114 in
1122 1088 1324 1122 corruptiouent
1349 1096 1509 1123 propensus.
1529 1089 1597 1116 Nam
1614 1089 1636 1117 si
1661 1090 1735 1125 loqui

955 1138 1084 1160 accurate
1112 1133 1246 1165 volumus,
1277 1134 1344 1161 nihil
1372 1135 1579 1169 incorruptibile
1596 1142 1638 1163 est
1661 1137 1734 1170 quod

954 1178 990 1205 sit
1006 1179 1203 1213 incurrttptibili
1223 1179 1470 1214 incorruptibilitts:
1489 1188 1577 1216 neque
1597 1183 1735 1217 corrupti-

956 1224 1009 1251 ltile
1024 1225 1228 1260 corruptibilius
1244 1225 1425 1258 corruptibili.
1443 1225 1515 1253 Sane
1532 1233 1596 1254 vero
1611 1227 1646 1254 sit
1660 1228 1735 1262 quid-
1778 1233 1781 1236 '

955 1271 1025 1305 piant
1053 1271 1080 1297 itt
1109 1272 1310 1306 corruptionem
1334 1271 1457 1306 pronius,
1476 1272 1597 1300 dicemus
1621 1277 1734 1301 tamen:

957 1316 985 1343 Si
1011 1317 1130 1343 materiae
1155 1317 1331 1350 qualitatibus
1345 1318 1472 1345 omttibus
1487 1318 1613 1352 subjectae
1634 1320 1735 1347 mutari

954 1363 1057 1396 possint
1078 1362 1224 1396 qualitates
1247 1372 1252 1390 :
1272 1370 1320 1389 cur
1347 1362 1404 1390 fieri
1434 1372 1487 1391 non
1513 1365 1599 1399 potuit
1616 1370 1646 1392 ut
1672 1373 1736 1393 caro

954 1406 1030 1438 Jesu,
1055 1407 1167 1434 mutatis
1186 1407 1374 1441 qualitatibus,
1400 1408 1460 1436 talis
1474 1410 1603 1442 evaserit,
1627 1411 1735 1445 qualem

960 1452 1081 1486 oportuit
1092 1460 1163 1484 esse,
1180 1461 1240 1488 qua:
1255 1454 1282 1480 in
1299 1454 1399 1481 :ethere
1413 1462 1445 1481 ac
1462 1455 1528 1482 locis
1542 1456 1644 1483 aethere
1658 1464 1737 1491 supe-

953 1499 1072 1527 rior-ibus
1095 1504 1261 1531 versaretur,
1279 1499 1402 1535 nihilque
1430 1501 1542 1527 haberet
1564 1508 1657 1528 eorunt
1676 1509 1738 1536 quae

953 1545 1065 1572 inlirntze
1081 1546 1170 1572 carnis
1185 1546 1293 1580 propria
1308 1551 1382 1579 sunt,
1399 1551 1425 1573 et
1441 1554 1500 1581 qua:
1517 1546 1611 1574 Celsus
1632 1547 1736 1582 impura

953 1591 1055 1618 meat?
1067 1591 1124 1624 Qua
1139 1592 1220 1619 etiam
1235 1592 1260 1618 in
1275 1599 1304 1619 re
1316 1597 1411 1627 peccat
1426 1593 1451 1619 in
1465 1593 1641 1628 philosophia:
1653 1594 1736 1629 leges.

954 1636 1022 1664 Nam
1039 1639 1148 1672 proprie
1170 1638 1239 1673 quod
1256 1638 1393 1673 impurum
1407 1643 1458 1672 est,
1475 1638 1501 1666 id
1514 1639 1603 1666 oritur
1625 1647 1639 1666 a
1660 1640 1735 1668 vitio.

954 1684 1061 1719 lmpura
1076 1688 1166 1711 autem
1186 1692 1238 1711 tton
1253 1688 1295 1711 est
1318 1688 1414 1711 natura
1431 1685 1564 1719 corporis.
1580 1684 1639 1712 Non
1653 1685 1736 1719 enim,

954 1737 1007 1764 qtta
1034 1734 1130 1756 natura
1158 1736 1287 1762 corporea
1305 1734 1358 1760 est.
1375 1736 1406 1755 ca
1428 1729 1738 1764 ntalttiamimpuritatis

955 1774 1112 1809 genitricem
1139 1774 1309 1807 conjunctam
1327 1774 1418 1800 habet.
1435 1773 1503 1806 Quia
1530 1781 1595 1801 vero
1613 1780 1737 1802 nostrum

955 1820 1007 1847 hoc
1035 1826 1194 1854 responsum
1219 1818 1271 1845 sibi
1298 1819 1389 1845 dattttn
1412 1819 1444 1845 iri
1461 1818 1624 1852 suspicattts,
1646 1820 1682 1846 ita
1703 1819 1738 1848 de

955 1865 1000 1891 illa
1021 1864 1142 1897 corporis
1160 1864 1311 1890 mutatione
1339 1863 1458 1897 loquitur
1478 1871 1486 1890 :
1503 1863 1578 1890 «Sed
1610 1864 1737 1898 fortasse,

957 1910 1049 1936 exutis
1062 1908 1114 1935 illis
1130 1907 1316 1942 qualitatibus,
1331 1907 1399 1934 Deus
1415 1907 1529 1939 evadet;
1544 1907 1636 1941 quidni
1656 1907 1739 1942 igitur

955 1956 1044 1990 potius
1055 1953 1240 1988 Esculapius,
1257 1953 1388 1985 Bacchus,
1401 1952 1554 1979 llercules?
1572 1962 1581 1978 ι
1594 1959 1687 1986 quaero
1704 1953 1738 1980 ab

956 2002 1001 2028 illo
1024 2001 1088 2035 quid
1114 2004 1217 2028 tantum
1247 1998 1364 2026 fecerint.
1393 1998 1578 2033 Aiseulaplus,
1605 1998 1737 2030 Bacchus,

955 2045 1093 2073 llercules.
1120 2046 1226 2079 Ecqttos
1260 2043 1362 2071 referre
1389 2049 1513 2077 possunt,
1543 2051 1613 2079 quos
1642 2051 1737 2071 eorum

955 2099 1098 2120 sermones
1122 2095 1149 2119 et
1170 2092 1224 2118 vita
1239 2091 1409 2119 correxerint
1426 2094 1454 2117 et
1471 2089 1598 2117 meliores
1613 2089 1738 2117 reddide‘

955 2139 1022 2170 rint,
1038 2144 1067 2165 ut
1084 2139 1112 2165 in
1128 2138 1241 2165 deorttm
1261 2144 1373 2164 nuntero
1392 2136 1453 2163 dttei
1470 2135 1603 2163 debeant?
1625 2135 1738 2162 Evolva-

955 2192 1015 2211 ntns
1032 2184 1114 2219 igitur
1131 2184 1239 2215 multas,
1255 2191 1314 2218 qua:
1325 2183 1358 2210 de
1370 2182 1423 2210 illis
1439 2181 1548 2216 scriptae
1563 2184 1638 2212 sunt,
1650 2180 1738 2207 ltisto-

117 2233 167 2260 τοῦ
182 2233 285 2260 Κέλσου
301 2233 387 2268 λόγος,
409 2232 504 2265 ὲξισῶν
516 2232 555 2267 τῷ
584 2232 670 2266 ’1ησοῦ
694 2231 756 2263 τοὺς
777 2239 903 2266 προειρη-

985 2239 1015 2257 as
1026 2251 1033 2263 ,
1052 2235 1079 2257 et
1095 2231 1236 2258 videamus
1252 2239 1284 2257 an
1301 2231 1334 2257 ab
1351 2228 1572 2262 intemperantia,
1585 2228 1620 2255 ab
1631 2227 1739 2261 injusti-

121 2279 219 2315 μένους
229 2287 235 2294 ·
251 2280 275 2306 εἰ
286 2279 314 2306 δὲ
327 2279 404 2315 δῆλον
416 2280 483 2311 ἐστι,
495 2279 545 2306 κᾶν
562 2287 622 2305 τινα
645 2278 759 2313 φέρηται
780 2277 845 2312 περὶ
858 2278 905 2302 αὑ-

117 2324 177 2350 τῶν
192 2324 229 2355 ὡς
248 2324 425 2359 χρηστότερα,
443 2325 483 2351 ὅτι
511 2324 593 2359 μυρία
615 2324 665 2349 ὅσα
682 2323 757 2358 παρὰ
768 2322 812 2348 τὸν
826 2321 905 2357 ὀρθὸν

119 2369 200 2403 λόγον
213 2369 389 2404 πεποιηκέναι
400 2368 637 2403 ἀναγεγραμμένοι
657 2367 710 2393 εἰσί
719 2375 725 2382 ·
741 2366 800 2398 πῶς
811 2366 852 2393 ἔτι
863 2367 907 2392 sit-

119 2415 209 2448 λόγως
221 2415 319 2449 μᾶλλον
336 2414 382 2442 τοῦ
406 2414 492 2450 Ἰησοῦ
509 2415 603 2449 φήσεις
617 2413 714 2444 αὐτοὺς
724 2412 907 2447 ἀποθεμένους

118 2461 151 2487 τὸ
163 2460 260 2496 θνητὸν
273 2461 352 2496 σῶμα
364 2460 501 2495 γεγονέναι
516 2459 611 2492 Θεούς;

119 2508 257 2534 rationem
268 2507 366 2535 fecisse
379 2508 542 2540 memorari;
558 2506 646 2534 eritne
658 2513 707 2532 cur
722 2505 811 2532 adhuc
826 2506 902 2533 dicas

119 2555 142 2581 si
147 2561 192 2581 sse
209 2555 292 2581 deos?

159 2611 215 2648 (82)
238 2612 406 2639 llwseltelius
427 2616 453 2638 et
478 2611 640 2648 Spettcerns,
657 2609 724 2646 πρὸς
738 2610 902 2648 ἐκεῖνοάρά

119 2645 284 2679 Philocalia,
297 2648 365 2683 πρὸς
380 2645 595 2683 ἐκεῖνονξ-Ρειιιιο
620 2645 686 2683 post
698 2645 902 2683 eadettt_Philo-

121 2683 211 2714 calia,
232 2683 272 2714 εις
295 2680 361 2710 Θεὸν
388 2681 626 2718 μεταϐεϐληκέναι.
651 2680 716 2714 Quae
743 2681 827 2718 lectio_
847 2689 901 2718 non

121 2719 358 2751 sperttentla,cum
371 2715 520 2752 praesertim
533 2715 602 2744 infra
613 2717 727 2751 legatur,
741 2715 903 2750 μεταϐαλεῖν

121 2754 163 2784 είς
175 2752 299 2789 καίθέριον
319 2753 458 2789 ποιότητα.

180 2761 239 2779 αιοε
261 2761 299 2780 ιον
319 2761 458 2789 ποιοτητα.
792 2785 804 2790 _
891 2786 902 2790 _

170 2788 216 2821 83)
232 2761 402 2816 ﬁtescltelius
417 2793 443 2815 et
455 2788 618 2822 Spencertts,
629 2786 699 2813 κατὰ
714 2784 745 2812 τὺ
760 2786 904 2822 τουγἸησου

124 2821 216 2852 σῶμα,
229 2825 277 2849 sed
293 2823 437 2850 Pltilocalia
454 2821 483 2850 ut
506 2823 532 2849 itt
558 2828 650 2849 nostro
664 2825 751 2848 textu.
771 2821 840 2847 Infra
856 2829 904 2848 ea-

124 2855 185 2894 detit
208 2857 370 2894 Philocalia,
379 2857 549 2894 ἀνθρωπίνας
574 2857 619 2894 τοιξ
638 2855 708 2894 θεοῦ
733 2856 850 2892 σάρκας.
872 2856 906 2886 Et

125 2893 205 2926 paulo
224 2899 293 2928 post,
309 2893 378 2920 κατὰ
391 2891 444 2928 γὰρ
463 2893 508 2919 τὸν
524 2892 625 2927 ἁκριὸῆ
638 2891 724 2926 λόγον.

958 2278 1005 2308 tia,
1020 2285 1035 2304 a
1061 2277 1186 2309 stultitia,
1205 2283 1219 2303 a
1236 2276 1379 2303 timiditate
1396 2275 1456 2310 puri
1473 2279 1501 2302 et
1516 2275 1651 2301 immunes
1664 2273 1739 2300 vixe~

957 2323 1022 2350 rint.
1041 2322 1067 2349 Si
1090 2322 1156 2349 nihil
1174 2323 1270 2349 ltorum
1293 2322 1420 2349 vitiorum
1434 2320 1460 2348 in
1475 2320 1529 2348 illis
1551 2320 1674 2347 invenire
1685 2324 1738 2352 est,

959 2369 1058 2396 merito
1090 2369 1183 2396 Celsus
1212 2368 1272 2396 illos
1292 2376 1353 2395 cum
1375 2367 1439 2395 Jesu
1461 2366 1607 2394 contulerit
1630 2374 1638 2392 :
1657 2364 1739 2401 475

960 2416 1001 2441 sin
1024 2414 1114 2448 palam
1131 2419 1174 2441 est
1187 2421 1244 2446 eos,
1261 2414 1365 2441 etiamsi
1382 2412 1503 2448 quadam
1518 2413 1551 2438 de
1575 2411 1640 2445 ipsis
1657 2411 1735 2446 quasi

960 2459 1072 2486 meliora
1096 2460 1229 2495 ferantur,
1246 2461 1387 2488 innumera
1413 2464 1503 2485 tattten
1522 2461 1618 2483 contra
1636 2461 1737 2483 rectam

919 2506 978 2533 illos
996 2507 1093 2542 potius,
1106 2516 1187 2544 quam
1198 2508 1300 2541 Jesum,
1315 2507 1403 2543 posito
1412 2505 1518 2534 mortali
1534 2510 1660 2539 corpore,
1675 2510 1723 2530 eva
1733 2518 1745 2550 -‘

993 2611 1047 2647 (84)
1065 2610 1222 2647 Pltitocalia,
1242 2610 1379 2647 ἀνωτέρω.
1396 2608 1562 2647 liceschelius
1574 2612 1602 2635 et
1617 2607 1740 2647 Spence-

958 2643 1014 2678 rus,
1029 2643 1167 2673 ἀνωτάτω.
1191 2643 1292 2673 Ibidem
1312 2643 1483 2672 ll'teschelius
1504 2645 1529 2671 itt
1547 2648 1622 2671 textu
1646 2643 1737 2675 habet,

956 2681 991 2708 τὰ
1003 2681 1051 2716 τῆς
1069 2681 1167 2716 σαρκὸς
1186 2680 1336 2716 ἀσθενείας.

993 2711 1048 2752 (85)
1067 2711 1151 2752 Recte
1159 2711 1320 2747 ’Philocalia,
1367 2714 1446 2752 φύσις
1455 2713 1579 2752 σώματος
1590 2714 1658 2746 ἐστι,
1669 2713 1740 2752 male

959 2749 1049 2779 autem
1072 2751 1138 2778 alias
1159 2755 1218 2785 post
1239 2749 1481 2784 νοοειιι”σώματος
1510 2749 1618 2776 additur
1646 2749 1742 2786 μιαρό-

957 2795 1046 2813 ττττος.

1067 2820 1235 2850 lla-schelius
1253 2826 1280 2850 et
1298 2821 1450 2856 Spenccrus
1464 2818 1492 2846 in
1507 2818 1639 2853 margine,
1650 2817 1739 2846 τοιοῦο

959 2865 1003 2884 τον
1007 2877 1012 2884 .
