1848 3091
107 147 162 176 97⁵1

701 146 840 174 CONTRA
856 146 994 174 CELSUM
1013 146 1076 174 LIB.
1095 147 1138 174 ill.

1670 147 1726 175 978

108 206 209 243 ἡκέτω.
226 205 343 238 τούτους
357 206 412 242 γὰρ
427 206 518 240 ἀξίους
529 205 576 233 τοῦ
589 205 720 241 σφετέρου
735 205 801 232 Θεοῦ
817 205 896 232 αὑτό-

985 215 1000 236 ς.
1019 207 1042 233 is
1059 205 1172 233 ﬁdenter
1186 206 1286 233 veniat.
1303 206 1375 240 Quos
1391 206 1514 234 homines
1525 214 1586 234 cum
1605 214 1654 235 suo
1669 208 1725 235 beo

109 253 157 280 θεν
170 251 370 288 ὁμολογοῦντες,
387 251 461 286 δῆλοί
482 253 567 283 εἰσιν,
588 252 629 278 ὅτι
648 251 743 287 μόνους
761 251 823 282 τοὺς
837 251 895 285 ἠλι-

109 298 183 331 θίους
199 297 245 324 καὶ
256 298 380 331 ἀγεννεῖς
395 298 441 324 καὶ
461 297 650 332 ἀναισθήτους,
666 297 712 323 καὶ
731 297 893 332 ἀνδράποδα,

111 343 162 370 καὶ
194 341 303 376 γύναια,
331 342 377 369 καὶ
410 343 550 379 παιδάρια,
585 342 688 369 πείθειν
713 342 832 369 ὲθέλουσί
865 350 896 368 τε

109 389 158 416 καὶ
183 389 324 416 δύνανται·
346 389 425 415 »Καὶ
455 390 522 426 προς
549 389 636 416 ταῦτα
665 389 694 416 δὲ
719 397 818 424 φαμεν,
843 389 909 419 ὅτι,

108 435 203 470 ὥσπερ
218 434 244 461 εἰ
254 434 361 469 τις(τοῦ
377 434 462 470 Ἰησοῦ
476 435 648 467 διδάσκοντος
669 435 703 461 τὰ
714 434 777 470 περὶ
793 442 897 469 σωφρο-

110 479 204 515 σύνης,
219 481 265 507 καὶ
279 480 416 515 λέγοντος·
431 482 479 513 Ὃς
501 481 548 508 ὲὰν
565 480 685 517 ἐμϐλέψῃ
698 481 807 515 γυναικὶ
828 480 896 515 πρὸς

111 526 139 554 τὺ
162 527 340 563 ἐπιθυμῆσαι,
361 527 410 564 ἤδη
427 528 585 563 ἐμοίχευσεν
597 529 682 564 αὐτὴν
701 529 730 554 ἐν
749 529 781 563 τῇ
799 528 897 563 καρδίᾳ.

108 573 193 599 αὑτοῦ
204 581 211 588 ·
226 570 324 608 »)ὲώρα
338 574 444 608 ὀλίγους
453 574 506 601 ἀπὸ
515 574 569 601 τῶν
578 574 710 601 τοσούτων
720 575 896 610 Χριστιανοὺς

108 615 180 645 εἶναι
200 619 390 654 νομιζομένους
411 620 567 652 ἀκολάστως
591 619 704 652 ζῶντας,
727 619 896 654 εὐλογώτατα

97 663 161 699 Δμὲν
184 663 218 690 ἂν
233 664 324 696 αὐτοῖς
335 664 456 691 ἐνεκάλει
468 665 543 700 παρὰ
559 665 607 700 τὴν
624 664 710 700 Ἰησοῦ
727 664 813 699 βιοῦσι
826 664 898 690 διδα-

113 709 245 736 σκαλίαν·
261 709 418 744 ἀλογώτατα
436 710 458 736 δ’
475 710 507 737 ἂν
518 711 653 745 ἐποίησεν,
672 711 695 737 εί
709 710 738 737 τὸ
754 710 812 736 κατ’
828 710 898 737 ὲκεί-

114 763 169 782 νων
195 754 320 790 ἔγκλημα
340 755 378 790 τῷ
399 755 469 790 λόγῳ
484 756 654 791 προσῆπτεν·
665 755 749 786 οὕτως
765 755 811 781 ἐὰν
823 754 897 790 εὑρί-

112 807 212 835 σκηται
222 800 329 831 οὐδενὸς
339 798 420 836 ἧττον
436 801 450 826 ὁ
465 801 633 836 Χριστιανῶν
652 800 729 834 λόγος
742 800 789 826 ἐπὶ
804 801 898 834 σοφίαν

111 845 342 881 προκαλούμενος,
353 846 496 881 ἐγκλητέον
513 847 560 882 μὲν
573 846 648 874 ἔσται
666 848 720 878 τοῖς
736 847 898 882 συναγορεύ-

111 900 172 918 ουσι
183 892 216 927 τῇ
231 891 305 926 σφῶν
314 891 426 927 ἀμαθία,
436 893 482 919 καὶ
493 893 616 926 λέγουσιν
627 893 657 919 οὺ
668 892 752 919 ταῦτα
767 893 814 927 μὲν
827 893 898 929 ἅπερ

111 937 126 962 ό
143 935 246 967 Κέλσος
269 936 422 971 ἀνέγραψεν
435 936 504 972 (οὐδὲ
527 938 581 972 γὰρ
605 937 690 969 οὕτως
704 938 897 973 ἀναισχύντως,

113 981 167 1009 κᾶν
185 981 288 1008 ῑδιῶταί
299 991 370 1014 τινες
383 979 433 1009 ὦσι
458 984 504 1009 καὶ
517 983 639 1019 ἀμαθεῖς,
653 984 803 1018 λέγουσιν·)
819 984 899 1020 ἕτερα

112 1027 142 1054 δὲ
163 1027 253 1064 πολλῷ
275 1028 402 1056 ἐλάττονα
424 1029 471 1055 καὶ
486 1029 670 1065 ἀποτρεπτικά
688 1029 733 1056 τοῦ
747 1030 839 1056 ἀσκεῖν
853 1039 898 1057 σο-

115 1075 190 1109 φίαν.

150 1121 212 1147 Ὀτι
225 1120 254 1147 δὲ
271 1120 392 1155 βούλεται
409 1121 482 1156 ἡμᾶς
500 1118 569 1147 εἶναι
593 1122 690 1156 σοφοὺς
710 1123 724 1148 ὁ
740 1122 827 1156 λόγος,
845 1123 899 1149 δει-

114 1164 193 1191 κτέον
205 1165 250 1192 καὶ
264 1165 317 1192 ἀπὸ
327 1165 380 1191 τῶν
393 1165 515 1192 παλαιῶν
528 1166 575 1193 καὶ
595 1167 746 1193 Ἰουδαϊκῶν
767 1168 898 1204 γραμμά-

114 1218 180 1241 των,
194 1209 235 1242 οἷς
251 1211 297 1237 καὶ
315 1211 394 1246 ἡμεῖς
413 1211 552 1247 χρώμεθα,
565 1213 615 1247 οὐχ
630 1210 710 1248 ἦττον
732 1213 760 1239 δὲ
779 1214 824 1239 καὶ
845 1214 899 1240 ἀπὸ

114 1255 171 1282 τῶν
187 1256 254 1292 μετὰ
270 1257 316 1283 τὸν
337 1257 438 1293 Ἰησοῦν
456 1258 623 1293 γραφέντων,
639 1260 686 1286 καὶ
712 1260 740 1285 ὲν
762 1261 820 1291 ταῖς
837 1260 898 1286 Ἐκ-

114 1303 240 1338 κλησίαις
264 1302 343 1330 θείων
363 1302 431 1330 εἶναι
445 1305 675 1340 πεπιστευμένων.
685 1306 899 1341 ’Λναγέγραπτοιι

113 1347 147 1382 δὴ
160 1349 187 1374 ὲν
203 1348 376 1384 πεντηκοστῷ
386 1349 484 1386 ψαλμῷ
494 1351 574 1377 Δαυὶδ
588 1352 617 1377 ὲν
627 1352 659 1386 τῇ
676 1351 743 1387 πρὸς
756 1352 821 1379 Θεὸν
834 1353 898 1388 εὐχῇ

113 1392 202 1426 λέγων
211 1401 218 1408 ο
231 1394 272 1421 Τά
290 1394 373 1430 ﬁn}:
390 1395 436 1422 καὶ
450 1396 483 1422 τὰ
496 1396 597 1432 κρύφια
610 1397 657 1432 τῆς
673 1398 766 1432 σοφίας
784 1407 829 1425 σου
840 1399 900 1434 ἐδή-

114 1438 270 1475 λωσάξμοι.
288 1450 297 1466 ι
313 1441 367 1468 Καὶ
383 1441 409 1467 εἴ
420 1443 462 1473 τίς
474 1451 505 1476 γε
518 1443 622 1479 ἐντύχοι
638 1445 692 1476 τοῖς
706 1445 839 1480 Ψαλμοῖς,
855 1445 900 1472 εὖ·

117 1493 158 1520 ροι
175 1485 207 1512 ἄν
224 1486 328 1513 πολλῶν
352 1487 440 1521 σοφῶν
459 1487 600 1524 δογμάτων
624 1489 712 1525 πλήρη
732 1490 779 1526 τὴν
799 1491 897 1525 βίϐλον,

115 1531 171 1557 Καὶ
185 1531 307 1567 Σολομὼν
325 1532 380 1568 (95)
393 1533 433 1561 δὲ.
445 1534 505 1561 ἐπεὶ
521 1535 616 1568 σοφίαν
629 1536 736 1571 ᾔτησεν,
751 1537 894 1573 ἀπεδέχθη.
911 1544 932 1574 c

115 1577 173 1604 Καὶ
196 1578 244 1612 τῆς
270 1579 366 1613 σοφίας
394 1580 475 1606 αὐτοῦ
495 1581 530 1607 τὰ
554 1581 614 1616 ἴχνη
638 1582 710 1608 ἐστὶν
724 1583 819 1614 ἐντοῖς
834 1577 898 1618 συγ-

115 1623 260 1659 γράμμασι
272 1625 417 1663 θεωρῆσαι,
442 1626 560 1661 μεγάλην
577 1627 670 1662 ἔχοντα
687 1628 716 1654 ἑν
735 1628 899 1664 βραχυλογίᾳ

116 1668 267 1703 περίνοιαν·
283 1671 311 1696 ὲν
327 1668 367 1702 οἷς
380 1671 413 1697 ἂν
427 1671 516 1706 εὕροις
527 1672 609 1698 πολλὰ
624 1672 748 1708 ἐγκώμια
762 1674 809 1708 τῆς
825 1674 899 1708 σοφί-

115 1724 159 1747 ας,
174 1716 220 1743 καὶ
231 1717 414 1752 προτρεπτικὰ
433 1718 497 1753 περὶ
516 1717 562 1744 τοῦ
577 1718 670 1753 σοφίαν
681 1719 736 1745 δεῖν
746 1720 896 1746 ἀναλαϐεῖν.

115 1761 173 1788 Καὶ
192 1762 261 1789 οὕτω
275 1771 306 1797 γε
322 1763 401 1796 σοφὸς
423 1761 456 1798 ἦν
468 1763 602 1799 Σολομὼν,
613 1764 682 1791 ὥστε
696 1775 705 1790 ι
719 1765 767 1800 τὴν
779 1765 900 1800 βασιλίδα

117 1807 203 1839 Σαϐὰ,
226 1809 391 1840 ἀκούσασαν,
415 1808 496 1836 αὑτοῦ
519 1810 549 1836 τὸ
575 1810 658 1846 ὄνομα
688 1812 734 1837 καὶ
759 1811 789 1838 τὸ
814 1811 899 1846 ὄνομα.

117 1853 232 1888 Κυρίου,
247 1853 333 1881 ἐλθεῖν
346 1856 474 1890 πειρᾶσαι
492 1856 572 1882 αὐτὸν
596 1857 625 1882 ἐν
643 1857 816 1891 αἰνίγμασιν*
839 1858 899 1892 ἥτις

116 1899 165 1924 καὶ
187 1899 316 1935 ἐλάλησεν
341 1901 413 1936 αύτῴ
426 1901 513 1928 πάντα
528 1902 578 1928 ὅσα
602 1900 634 1938 ἦν
647 1903 675 1928 ὲν
695 1904 727 1937 τῇ
741 1903 839 1938 καρδία
852 1903 900 1930 αύ-

115 1945 177 1978 τῆς.
201 1945 254 1971 Καὶ
278 1947 444 1982 ἀπήγγειλεν
470 1948 537 1983 αὑτῇ
560 1948 683 1983 Σολομὼν
712 1948 814 1980 πάντας
836 1949 899 1981 τοὺς

116 1989 212 2024 λόγους
225 1991 324 2026 αὐτῆς·
337 1993 387 2018 οὐκ
404 1991 438 2028 ἢν
454 1993 531 2027 λόγος
554 1995 765 2031 -παρεωραμένος
782 1995 833 2021 ὑπὸ
853 1995 899 2021 τοῦ

117 2035 259 2070 βασιλέως,
276 2037 306 2064 ὃν
327 2038 376 2064 οὐκ
391 2039 556 2074 ἀπήγγειλεν
571 2041 650 2075 αὐτῇ.
670 2041 724 2066 Καὶ
747 2038 799 2066 εἶδε
826 2039 900 2075 βασί-

116 2081 197 2108 λισσα
220 2083 293 2110 Σαῦά
315 2084 404 2110 πᾶσαν
424 2085 473 2120 τὴν
495 2086 621 2121 φρόνησιν
645 2086 778 2121 Σολομὼν,
801 2086 846 2112 κοιλ⁸
865 2086 900 2113 τὰ

116 2128 179 2154 κατ’
202 2128 299 2155 αὐτόν’
326 2130 373 2156 καὶ
395 2129 423 2163 ἐξ
447 2130 531 2166 αὐτῆς
554 2131 660 2165 ἐγένετο
683 2132 728 2158 καὶ
751 2130 811 2158 εἷπε
832 2133 899 2167 πρὸς

115 2175 165 2201 τὸν
185 2174 314 2210 βασιλέα·
348 2176 461 2212 ’Λληθὴς
490 2178 504 2203 ὁ
529 2177 606 2211 λόγος
633 2178 661 2204 ὃν
685 2178 789 2213 ἥκουσα
816 2180 845 2204 ὲν
864 2180 897 2214 τῇ

115 2222 151 2256 γῇ
171 2229 220 2256 μου
247 2222 311 2257 περὶ
336 2222 382 2248 σοῦ
406 2223 452 2249 καὶ
473 2223 604 2258 περὶτῆς
639 2223 794 2259 φρονήσεώς

116 2267 164 2293 καὶ
171 2267 222 2293 οὐκ
232 2267 378 2294 ἐπίστευσα
400 2270 453 2300 τοῖς
465 2268 574 2295 λαλοῦσι
593 2277 647 2304 μοι,
663 2270 714 2301 ἕως
728 2270 772 2296 ὅτε
787 2278 903 2305 παρεγε-

115 2313 213 2348 νόμην,
231 2314 277 2340 καὶ
294 2314 447 2347 ἑωράκασιν
459 2316 483 2341 οἰ
501 2315 633 2350 ὀφθαλμοί
645 2315 769 2350 μου.Καὶ
786 2315 839 2341 ἰδοὺ
853 2316 902 2342 οὒκ

115 2358 175 2385 ἐστι
192 2359 283 2391 καθὼς
302 2360 470 2396 ἀπήγγειλάν
486 2369 530 2396 μοι
547 2361 577 2388 τὸ
590 2362 686 2396 ἥμισυ.
706 2361 902 2396 Πρωτέοεικας

116 2405 214 2440 σοφίαν
251 2405 298 2432 καὶ
331 2405 420 2440 ἀγαθὰ
455 2407 522 2442 πρὸς
554 2407 623 2434 αὐτὰ
656 2408 701 2433 ἐπὶ
731 2408 819 2433 πᾶσαν
853 2407 902 2441 τὴν

115 2451 202 2486 ἀκοὴν
215 2451 248 2486 ἢν
260 2451 371 2486 ἥκουσα.
397 2461 406 2478 ι
434 2452 587 2489 Γέγραπται
602 2453 634 2488 δὴ
660 2453 722 2489 περὶ
745 2453 836 2486 αὐτοῦ,
859 2454 901 2480 ὅτι

117 2506 127 2522 ι
148 2497 204 2523 Καὶ
219 2496 300 2524 ἔδωκε
312 2497 412 2533 Κύριος
420 2499 548 2534 φρόνησιν
562 2499 600 2534 τῷ
610 2499 734 2534 Σολομὼν
750 2499 795 2526 καὶ
805 2499 900 2533 σοφίαν

114 2542 217 2578 πολλὴν
241 2543 352 2578 σφόδρα,
378 2544 426 2570 καὶ
450 2544 523 2580 χύμα
547 2545 658 2580 καρδίας
673 2545 710 2576 ὡς
733 2546 749 2580 ή
770 2545 860 2580 ἄμμος
882 2546 899 2580 ἡ

115 2589 193 2625 παρὰ
203 2589 252 2624 τὴν
261 2589 405 2617 θάλασσαν·
418 2591 464 2618 καὶ
476 2591 629 2627 ἐπληθύνθη
642 2591 720 2626 σοφία
731 2593 759 2618 ὲν
772 2590 900 2627 Σαλομὼν

115 2635 219 2670 σφόδρα
242 2635 311 2671 ὑπὲρ
335 2635 383 2672 τὴν
404 2637 532 2673 φρόνησιν
556 2637 662 2664 πάντων
680 2636 828 2672 ἀνθρώπων
850 2637 900 2671 ἀρ-

115 2681 213 2716 χαίων,
239 2681 286 2708 καὶ
300 2682 369 2718 ὑπὲρ
392 2683 496 2714 πάντας
519 2683 666 2719 φρονίμους
681 2682 828 2717 Αἰγύπτου,
855 2683 901 2709 καὶ

114 2727 262 2761 ὲσοφίσατο
277 2727 331 2763 (94)
356 2728 425 2765 ὑπὲρ
441 2729 544 2761 πάντας
560 2729 728 2766 ἀνθρώπους,
743 2729 790 2757 καὶ
808 2730 899 2764 ἐσοφί-

833 2233 881 2251 σου
890 2233 897 2240 ⁶

946 252 1042 287 dignos
1064 259 1125 279 esse
1141 251 1190 286 ipst
1208 251 1353 284 fateantur,
1367 258 1459 287 aperte
1473 252 1613 281 declarant
1629 261 1659 281 se
1674 261 1725 280 nec

945 297 1023 328 velle,
1038 305 1089 324 nec
1101 304 1179 331 posse
1194 297 1243 324 sibi
1258 298 1402 325 conciliare
1415 299 1492 330 alios,
1503 306 1582 334 quam
1600 299 1722 332 stolidos,

947 339 1090 374 ignobiles.
1106 341 1238 374 stupidos,
1253 341 1398 376 mancipia,
1421 343 1594 371 mulierculas
1618 350 1645 372 et
1660 352 1725 379 pue-

946 386 1029 413 rulos.
1048 395 1058 413 ›
1077 386 1117 413 Ad
1135 394 1194 421 qua:
1209 387 1248 413 sic
1266 389 1425 421 respondeo.
1442 388 1504 416 Haec
1519 388 1598 418 Jesus
1611 391 1644 417 de
1659 399 1725 418 con-

947 433 1059 461 tinentia
1085 435 1162 460 docet
1182 442 1188 459 :
1205 441 1215 459 ι
1238 433 1288 467 Qui
1306 434 1402 461 viderit
1418 435 1556 462 mulierem
1573 436 1606 463 ad
1623 444 1724 464 concu-

946 480 1104 514 piscendum
1125 486 1196 511 eam,
1213 479 1269 513 jam
1291 480 1443 507 mmehatus
1458 486 1498 507 est
1510 489 1569 508 eam
1594 482 1620 508 in
1642 484 1724 511 corde

947 525 1035 552 suo“.
1055 535 1064 551 ι
1082 526 1117 552 At
1133 525 1155 552 si
1171 525 1231 559 quis
1246 525 1350 552 videret
1361 533 1461 559 paucos
1472 533 1504 552 ex
1522 526 1574 553 illis
1588 528 1633 561 qui
1647 528 1726 554 ()hri-

948 571 1029 597 stiani
1059 575 1198 604 putantur,
1224 569 1366 597 libidinose
1390 570 1492 604 vivere,
1509 572 1606 599 merito
1616 573 1725 606 quidem

948 616 1001 643 illis
1022 615 1129 643 crimini
1146 620 1235 643 vertat
1258 616 1329 650 quod
1351 616 1429 643 aliter
1448 617 1539 643 vivant
1557 623 1638 651 atque
1649 617 1727 645 Jcsus

948 663 1077 696 prxcepit
1095 671 1102 688 :
1120 662 1168 689 sed
1185 661 1358 696 iniquissime
1373 661 1465 693 faciat,
1478 662 1500 689 si
1516 662 1619 690 crimen
1633 670 1726 690 eorum

949 708 975 734 in
997 708 1145 734 doctrinam
1171 707 1351 734 transtulerit.
1367 707 1509 740 Similiter,
1523 715 1584 735 cum
1605 709 1729 736 doctrina

949 752 1166 780 Christianorum
1183 757 1313 787 provocet
1327 753 1359 779 ad
1377 753 1553 787 sapientiam,
1571 755 1728 788 increpandi

949 806 1015 825 sane
1032 803 1095 826 sunt
1113 799 1140 830 ii,
1155 798 1201 833 qui
1218 799 1244 826 in
1264 807 1311 826 sua
1328 800 1478 834 ignorantia
1492 801 1668 835 acquiescunt
1689 801 1729 828 (ἰῆς

949 848 1080 879 euntque.
1096 850 1148 870 non
1174 843 1282 878 quidem
1298 852 1356 878 quae
1373 844 1469 872 Celsus
1482 845 1534 872 illis
1549 846 1642 872 tribuit
1654 846 1739 878 (nam.

949 888 1153 922 quantumlibet
1179 888 1314 922 simplices
1341 894 1368 916 et
1400 890 1484 924 ignari
1517 895 1592 921 sunt,
1616 899 1668 917 non
1695 898 1728 918 co

951 938 1039 960 tamen
1060 934 1234 967 impudentia:
1250 939 1312 960 suttt
1324 936 1469 968 progressi,
1489 940 1518 962 ut
1534 943 1565 962 ea
1580 937 1727 971 dicerent);

949 979 995 1006 sed
1015 987 1074 1013 qua:
1087 979 1150 1006 licet
1162 979 1275 1013 leviora,
1291 986 1404 1008 avocant
1420 982 1596 1009 nihilominus
1612 989 1627 1008 a
1638 982 1728 1010 studio

948 1024 1097 1060 sapientiae.

984 1112 1028 1139 45.
1046 1111 1105 1139 1am
1121 1121 1187 1139 vero
1203 1113 1332 1140 doctrinae
1348 1118 1447 1141 nostra;
1471 1119 1590 1142 mentem
1612 1122 1682 1146 esse,
1699 1119 1729 1142 ut

948 1159 1089 1193 sapientia:
1105 1166 1235 1185 navemus
1247 1166 1369 1193 cperant,
1382 1159 1551 1193 probandum
1563 1165 1605 1186 est
1619 1167 1682 1188 cum
1695 1168 1728 1187 ex

948 1204 1085 1231 veteribus
1109 1203 1262 1231 Judrorum
1293 1204 1433 1237 scripturis
1457 1205 1556 1239 quibus
1568 1211 1594 1232 et
1608 1213 1656 1233 nos
1677 1206 1730 1233 uti—

949 1257 1017 1279 mur,
1044 1255 1098 1277 tum
1120 1257 1152 1276 ex
1177 1251 1210 1276 iis
1225 1258 1285 1284 qua:
1312 1257 1373 1285 post
1397 1251 1489 1279 Iesum
1518 1252 1626 1286 scriptze
1653 1257 1727 1284 sunt,

949 1303 1069 1330 quasque
1085 1296 1190 1324 divinas
1201 1304 1261 1324 esse
1280 1297 1392 1324 credunt
1406 1297 1541 1324 Ecclesize.
1555 1297 1594 1324 Ac
1612 1297 1728 1331 primum

951 1341 1033 1368 David
1049 1342 1075 1368 in
1092 1342 1194 1376 psalmo
1212 1342 1439 1377 quinquagesimo
1464 1343 1580 1370 fundens
1598 1344 1630 1370 ad
1644 1343 1728 1370 Deum

949 1395 1042 1422 preces
1060 1395 1067 1414 :
1084 1397 1094 1413 ι
1114 1386 1229 1420 incerta,
1243 1389 1340 1423 inquit,
1355 1394 1381 1416 et
1397 1389 1502 1416 occulta
1524 1390 1664 1424 sapientiae
1677 1395 1729 1417 tua:

949 1434 1136 1462 manifestasti
1149 1435 1215 1462 mihi
1223 1435 1257 1462 ⁷⁸.
1275 1445 1284 1462 ι
1301 1436 1338 1462 Ac
1351 1436 1372 1462 si
1394 1437 1454 1470 quis
1470 1436 1588 1471 psalmos
1604 1444 1729 1464 versave-

950 1481 997 1514 rit,
1015 1481 1112 1508 librum
1131 1481 1204 1508 hunc
1219 1481 1424 1516 quamplurimis
1440 1482 1610 1516 sapientibus
1627 1491 1729 1517 praece-

950 1527 1002 1560 ptis
1026 1526 1157 1554 refertum
1184 1534 1245 1554 esse
1270 1527 1464 1562 deprehendet.
1478 1527 1605 1554 Salomon
1621 1535 1730 1562 quoque

949 1573 1081 1608 ﬂagitavit
1099 1573 1260 1608 sapientiam
1279 1577 1306 1600 et
1317 1572 1443 1603 obtinuit,
1464 1572 1577 1606 ejusque
1592 1574 1730 1606 sapientiae

951 1619 1063 1654 vestigia
1090 1619 1116 1646 in
1143 1619 1201 1653 ejus
1226 1618 1336 1653 scriptis
1364 1618 1455 1645 videre
1480 1623 1531 1650 est,
1546 1623 1572 1646 et
1586 1627 1730 1653 expressas

950 1665 1046 1700 paucis
1062 1665 1153 1692 verbis
1179 1664 1307 1691 sublimes
1321 1664 1480 1691 sententias.
1494 1663 1552 1691 Illic
1565 1665 1656 1692 multis
1672 1664 1730 1691 latt-

953 1711 1030 1738 dibus
1054 1711 1256 1738 animadvertas
1285 1710 1415 1737 celebrari
1442 1711 1614 1745 sapientiam,
1642 1716 1669 1738 et
1695 1712 1728 1738 all

950 1763 1010 1784 eam
1024 1758 1217 1791 acquirendam
1232 1757 1356 1784 lintnines
1371 1757 1487 1784 incitari.
1499 1759 1586 1792 Atque
1599 1758 1679 1786 etiatn
1692 1759 1730 1785 sic

950 1803 1056 1837 sapiens
1068 1808 1129 1830 erat
1140 1803 1280 1835 Salomon,
1295 1809 1324 1831 ut
1338 1814 1347 1830 ι
1360 1804 1461 1839 Regina
1476 1803 1556 1835 Saba,
1570 1805 1662 1832 audita
1671 1805 1729 1839 ejus

951 1848 1021 1876 fama
1044 1853 1070 1876 ct
1085 1849 1155 1876 fama
1172 1850 1404 1882 Domini,venerit
1417 1855 1523 1878 tentare
1544 1859 1604 1878 eum
1622 1852 1648 1878 in
1665 1851 1729 1878 teni-

950 1894 1096 1929 gtnatibus.
1109 1895 1143 1922 Et
1158 1896 1245 1922 locuta
1263 1902 1303 1924 est
1317 1898 1340 1923 ei
1355 1898 1481 1924 universa
1495 1905 1555 1931 qua:
1572 1897 1688 1924 habebat
1703 1899 1728 1924 in

951 1942 1034 1968 corde
1051 1950 1110 1969 suo.
1126 1942 1159 1969 Et
1183 1942 1346 1970 docuiteam
1373 1944 1500 1970 Salomon
1527 1944 1617 1970 omnia
1648 1945 1728 1971 verba

951 1996 1009 2022 qum
1024 1994 1201 2023 proposuerat
1214 1998 1220 2016 :
1237 1997 1288 2016 non
1300 1988 1349 2016 fuit
1363 1997 1462 2020 sermo,
1474 1990 1519 2024 qui
1537 1997 1626 2023 regem
1640 1994 1730 2024 posset

951 2035 1036 2062 latere
1049 2040 1076 2061 et
1093 2043 1145 2062 non
1162 2036 1336 2070 responderet
1352 2035 1386 2062 ei.
1405 2036 1437 2062 Et
1452 2036 1519 2062 vidit
1543 2036 1635 2070 regina
1660 2036 1731 2063 Saba

950 2087 1056 2107 onmem
1081 2081 1240 2115 sapientiam
1259 2081 1422 2112 Salomonis,
1438 2089 1585 2116 omnesque
1609 2081 1667 2116 ejus
1690 2081 1731 2108 fa-

951 2127 1064 2154 cultates
1082 2137 1087 2154 :
1113 2132 1140 2154 et
1159 2135 1211 2154 non
1227 2128 1342 2155 trahebat
1359 2128 1427 2155 ultra
1458 2128 1594 2163 spiritum,
1612 2128 1732 2162 dixitque

951 2174 984 2200 ad
1005 2182 1094 2207 regem
1112 2183 1119 2201 :
1138 2174 1223 2201 Verus
1239 2179 1281 2202 est
1295 2182 1394 2206 sermo,
1407 2182 1487 2209 quem
1502 2175 1591 2202 audivi
1608 2175 1634 2202 in
1658 2179 1732 2202 terra

952 2227 1010 2247 mea
1021 2220 1064 2247 de
1086 2224 1112 2247 te
1127 2225 1154 2248 et
1174 2221 1305 2254 sapientia
1321 2225 1381 2253 tua;
1398 2227 1425 2248 et
1441 2228 1492 2247 non
1509 2221 1651 2248 credebam
1669 2229 1734 2248 nar-

952 2267 1074 2293 rantibus
1098 2267 1175 2298 mihi,
1188 2267 1274 2294 donec
1290 2268 1348 2301 ipsa
1364 2268 1423 2295 veni
1437 2272 1464 2294 et
1487 2268 1540 2295 vidi
1554 2267 1640 2295 oculis
1654 2268 1731 2295 meis.

952 2312 983 2338 Et
1007 2320 1069 2338 ecce
1086 2312 1173 2339 Inedia
1199 2320 1262 2346 pars
1278 2313 1344 2339 mihi
1362 2313 1484 2340 nuntiata
1504 2321 1556 2340 non
1572 2313 1631 2340 fuit.
1648 2313 1734 2347 Major

951 2363 993 2384 est
1015 2359 1147 2392 sapientia
1162 2363 1188 2384 ct
1200 2366 1283 2393 opera
1303 2363 1358 2390 tua,
1376 2366 1456 2393 quam
1482 2366 1573 2385 rumor
1586 2366 1666 2393 quem
1685 2366 1734 2384 au-

952 2404 1035 2430 divi"
1053 2415 1058 2430 ε
1081 2413 1090 2429 ι
1107 2404 1144 2431 De
1159 2404 1253 2432 eodem
1269 2404 1349 2439 477
1370 2411 1432 2438 rege
1453 2404 1553 2438 scripta
1575 2409 1638 2431 sunt
1655 2404 1730 2431 lucc:

956 2459 965 2475 ι
992 2450 1067 2477 Dedit
1082 2457 1187 2484 quoque
1210 2449 1279 2476 Deus
1294 2450 1451 2483 sapientiam
1474 2449 1610 2476 Salomoni
1624 2454 1651 2476 et
1668 2458 1732 2484 pru-

954 2497 1071 2523 dentiam
1086 2496 1196 2523 multam
1218 2495 1309 2526 nimis,
1324 2500 1351 2522 et
1366 2495 1533 2521 latitudinem
1549 2495 1640 2522 cordis
1655 2497 1732 2529 quasi

954 2548 1063 2568 arenam
1078 2549 1137 2576 qua:
1157 2546 1198 2569 est
1210 2541 1235 2568 in
1248 2541 1339 2569 littore
1359 2541 1457 2568 maris:
1472 2545 1499 2567 ct
1510 2541 1678 2574 praecedebat
1691 2550 1734 2568 sa-

954 2588 1053 2623 pientia
1083 2587 1235 2615 Salomonis
1259 2588 1417 2620 sapientiam
1447 2587 1568 2614 onmium
1593 2587 1732 2614 hominum

953 2634 1114 2668 priscorum,
1135 2636 1162 2658 et
1175 2630 1362 2666 Egyptiornm
1381 2631 1616 2665 prudentissimos,
1638 2640 1734 2659 omnes

954 2680 1069 2714 denique
1096 2678 1228 2710 homines,
1251 2678 1398 2711 sapientior
1426 2677 1529 2705 Gethan
1567 2678 1685 2712 Ezarita,
1707 2684 1735 2706 et

954 2724 1047 2755 Emad,
1071 2728 1099 2751 et
1118 2722 1248 2756 Chalcad,
1269 2728 1295 2750 et
1310 2723 1428 2756 Aradab,
1444 2723 1506 2750 ﬁliis
1523 2723 1605 2756 Madi,
1621 2729 1648 2752 et
1675 2730 1734 2753 crat

151 2792 176 2811 ’⁸
192 2792 288 2820 Matth.
299 2801 324 2824 ν,
340 2793 386 2822 28.
423 2795 445 2810 "
457 2794 526 2823 Psal.
541 2803 568 2828 1.,
579 2796 606 2824 8.
643 2795 667 2812 ⁷⁸
678 2795 710 2823 Ill
722 2795 788 2832 Reg.
801 2803 828 2828 κ,
846 2795 857 2822 1
877 2802 952 2830 seqq.

155 2850 210 2881 (95)
228 2849 372 2888 PhiIOEalia
399 2851 507 2888 ubique,
530 2852 662 2888 Samium.
693 2852 860 2880 llmschelius
872 2858 898 2880 et

115 2884 284 2920 Spencerus,
299 2884 436 2921 Σαλομὼν.

987 2850 1041 2885 (9t)
1069 2849 1236 2885 llmschelius
1259 2851 1286 2874 et
1303 2847 1546 2885 ASVpeneernstxai
1573 2849 1618 2885 ἐπὶ
1632 2848 1734 2879 πάντας

950 2883 1095 2922 φρονίμους
1110 2884 1256 2919 Αἰγύπτου,
1268 2883 1465 2918 καὶὲσοφίσατο
1478 2883 1546 2918 ὑπὲρ
1555 2883 1657 2914 πάντας
1668 2892 1735 2919 φρο-
