1848 3091
31 147 80 175 989

33 262 41 278 ι
58 250 182 286 Ὀρῶμέν
203 258 254 275 που
275 249 321 276 καὶ
337 249 400 281 τοὺς
414 250 442 275 ὲν
458 250 517 280 ταῖς
538 249 650 285 ἀγοραῖς
664 249 812 285 ἐπιῤῥητό-

31 305 95 324 τατα
115 295 351 330 ἐπιδεικνυμένους
372 295 419 321 καὶ¹
437 294 609 330 ἀγείροντας’
624 304 632 320 ι
648 296 672 321 εὶ
687 296 723 330 μὴ
741 295 813 322 ἄντι-

31 349 95 377 κρυς
109 340 214 374 ψευδῶς
227 339 343 375 εἴρηται,
371 340 417 366 καὶ
443 340 575 375 ἀνομοίως
599 340 810 375 παραϐέϐληται.

31 386 146 417 Τούτους
164 385 197 419 δὴ
213 382 253 416 οἷς
270 385 342 420 ἡμᾶς
357 385 371 410 ὁ
385 384 488 416 Κέλσος
501 386 599 420 ὁμοιοῖ,
620 395 628 410 ι
638 387 693 417 τοῖς
708 387 736 412 ὲν
755 387 813 418 ταῖς

33 431 143 466 ἀγοραῖς
158 430 192 456 τὰ
209 430 406 466 ἐπιρῤητότατα
423 431 653 466 ἐπιδεικνυμένοις
674 431 721 458 καὶ
737 431 813 465 ἀγεί-

33 485 115 512 ρουσι,
130 485 139 501 ι
155 475 235 510 φησὶν
256 484 264 500 ι
277 476 315 506 εἰς
333 475 380 510 μὲν
400 475 536 511 φρονίμων
558 476 663 511 ἀνδρῶν
686 475 814 510 σύλλογον

32 523 79 549 οὐκ
101 522 134 548 ἄν
158 529 222 547 ποτε
243 520 397 556 παρελθεῖν,
419 521 472 547 οὐδ’
488 522 516 547 ὲν
533 521 638 553 τούτοις
656 521 690 548 τὰ
711 522 813 548 ἑαυτῶν

33 567 202 602 κατα-τολμᾷν
218 566 272 601 (Ξὸ)
288 566 482 592 ἐπιδεικνύειν·
499 566 562 593 ἔνθα
575 567 598 593 δ’
611 567 644 594 ἂν
660 567 743 603 ὁρῶσι
757 576 814 602 μει-

34 613 121 648 pium,
139 613 186 639 καὶ
199 612 356 646 οἰκοτρίϐων
369 611 455 647 ὄχλον,
471 613 517 638 καὶ
532 613 681 648 ἀνθρώπων
695 614 814 649 ἀνοήτων

32 659 131 694 ὅμιλον,
145 668 154 683 ι
173 657 288 684 ἐνταῦθα
302 656 472 692 ὠθουμένους
498 656 529 684 τὲ
539 659 585 684 καὶ
607 658 813 695 καλλωπιζομέ-

32 713 98 734 νους.
120 704 176 730 Καί
200 704 227 729 ἐν
250 702 336 738 τούτῳ
353 702 428 729 οὐδὲν
442 703 505 730 ἄλλο
520 703 604 729 ποιῶν
617 703 632 738 ἢ
643 704 813 740 λοιδορούμε-

32 757 72 780 νος
85 750 151 784 ἡμῖν
163 747 359 783 παραπλησίως
372 749 431 780 ταῖς
447 749 475 774 ὲν
490 750 549 780 ταῖς
564 750 679 785 τριόδοις
693 750 812 785 γυναιξὶ,

33 794 128 821 σκοπὸν
160 792 284 828 ἐχούσαις
311 792 341 819 τὸ
364 793 456 825 κακῶς
484 794 599 829 ἀλλήλας
632 796 685 831 (24)
712 796 810 830 λέγειν,

39 842 128 876 Ἡμεῖς
139 840 203 876 γὰρ,
221 841 268 875 ὅση
280 840 402 875 δύναμις,
419 841 505 868 πάντα
521 842 674 877 πράττομεν
691 843 758 878 ὑπὲρ
766 842 812 869 τοῦ

34 889 170 924 φρονίμων
187 887 289 923 ἀνδρῶν
311 887 435 922 γενέσθαι
449 888 493 914 τὸν
517 888 643 923 σύλλογον
658 890 735 924 ἡμῶν
745 898 751 905 ·
766 891 812 917 καὶ
829 882 849 908 Β

33 936 63 962 τὰ
87 936 114 961 ἐν
135 936 202 970 ἡμῖν
228 934 343 969 μάλιστα
368 933 437 960 καλὰ
453 934 498 960 καὶ
518 933 576 960 θεῖα
594 935 653 961 τότε
672 936 813 971 τολμῶμεν

35 983 60 1007 ὲν
83 982 138 1013 τοῖς
162 981 228 1016 πρὸς
244 982 274 1007 τὸ
296 982 385 1007 κοινοι·
402 980 533 1013 διαλόγοις
550 979 642 1016 φέρειν
664 981 703 1012 εἰς
722 981 812 1016 μέσον,

35 1028 68 1053 ἰτ¹
89 1027 259 1063 εὐποροῦμεν
284 1026 400 1053 συνετῶν
422 1026 581 1061 ἀκροατῶν·
604 1026 814 1062 ἀποκρύπτομεν

34 1074 59 1101 δὲ
73 1075 118 1101 καὶ
133 1074 356 1110 παρασιωπῶμεν
373 1073 406 1100 τὰ
426 1073 569 1108 βαθύτερα,
586 1073 653 1099 ἐπὰν
666 1073 814 1100 ἁπλουστέ-

41 1129 98 1155 ρους
117 1120 262 1156 θεωρῶμεν
282 1120 336 1155 (“273)
351 1120 413 1151 τοὺς
431 1119 641 1154 συνερχομένους
659 1121 704 1146 καὶ
722 1120 814 1156 δεομέ-

35 1175 90 1197 νους
108 1166 195 1200 λόγων
210 1165 346 1202 τροπικῶς
362 1164 568 1200 ὀνομαζομένων
581 1165 660 1199 γάλα.

67 1213 222 1246 Γέγραπται
234 1212 286 1247 γὰρ
307 1210 381 1246 παρὰ
397 1210 436 1245 τῷ
455 1210 552 1246 Παύλῳ
567 1211 644 1246 ἡμῶν
658 1211 813 1246 Κορινθίοις

36 1257 232 1288 ὲτιστέλλοντι,
260 1257 370 1291 Ἕλλησι
402 1256 469 1291 μὲν,
497 1256 526 1282 ού
553 1256 766 1292 κεκαθαρμένοις
785 1257 814 1283 δέ

36 1304 118 1329 tto-tit
134 1303 187 1338 ἤθη
215 1303 287 1338 (‘20)'
307 1312 315 1328 ι
328 1302 398 1329 Γάλα
414 1302 485 1337 ὑμᾶς
509 1303 630 1334 ἐπότισα,
650 1303 680 1328 ού
704 1302 812 1337 βρῶμα·

37 1348 106 1374 οΰπω
120 1349 175 1384 γὰρ
191 1347 336 1374 ἐδύνασθε·
353 1347 408 1374 ἀλλ’
425 1347 484 1374 οὐδὲ
508 1347 547 1374 ἔτι
568 1347 614 1374 νῦν
633 1348 759 1374 δύνασθε·
775 1349 814 1374 ἔτι

37 1393 86 1428 γὰρ
104 1394 230 1430 σαρκικοί
256 1394 327 1419 ἐστε.
348 1393 433 1419 Ὅπου
459 1393 513 1428 γὰρ
538 1394 566 1419 ἐν
591 1394 654 1428 ὑμῖν
676 1392 755 1428 ζῆλος
767 1394 814 1420 καὶ

37 1440 99 1474 ἔρις,
113 1441 173 1475 οὐχὶ
190 1440 313 1475 σαρκικοί
337 1440 408 1471 ἐστε,
426 1439 472 1465 καὶ
489 1439 559 1465 κατὰ
573 1439 713 1475 ἄνθρωπον
738 1448 814 1475 περι-

38 1486 155 1517 πατεῖτες
168 1495 176 1510 ι
201 1485 228 1510 Ὁ
247 1485 268 1511 δ’
286 1485 374 1516 αὐτὸς,
400 1484 578 1519 ἐπιστάμενος
605 1485 652 1519 μέν
671 1493 732 1511 τινα.
754 1493 815 1520 τρο-

38 1531 86 1566 φὴν
101 1529 169 1557 εἶναι
187 1530 354 1566 τελειοτέραν
367 1530 421 1566 (27)
436 1530 533 1566 ψυχῆς,
550 1531 582 1557 τὰ
595 1531 622 1557 δὲ
638 1531 691 1556 τῶν
706 1533 813 1565 εἰσαγο-

40 1577 120 1611 μένων
135 1576 355 1612 παραϐάλλεσθαι
372 1576 486 1610 γάλακτι
499 1576 610 1611 νηπίων,
633 1586 668 1612 φη
676 1576 716 1602 πί·
736 1586 744 1602 ‹
758 1577 812 1603 Καὶ

38 1623 161 1656 γεγόνατε
184 1623 278 1658 χρείαν
294 1622 399 1657 ἔχοντες
420 1623 562 1656 γάλακτος,
577 1623 607 1649 οὺ
627 1623 736 1658 στερεᾶς
752 1631 814 1658 τρο-

39 1669 97 1703 φῆς.
117 1669 174 1699 Πᾶς
193 1668 247 1703 γὰρ
268 1669 281 1694 ὀ
305 1668 423 1703 μετέχων
450 1667 583 1701 γάλακτος
603 1667 713 1703 ἄπειρος
735 1669 813 1702 λόγου

38 1713 219 1748 δικαιοσύνης·
244 1714 336 1748 νήπιος
358 1714 411 1749 γάρ
431 1715 503 1740 ἐστι’
529 1713 637 1740 τελείων
656 1714 684 1740 δέ
707 1715 779 1741 ζεστιν
797 1716 813 1750 ἡ

40 1760 132 1795 στερεὰ
154 1759 250 1795 τροφὴ,
264 1760 317 1786 τῶν
332 1760 375 1787 διὰ
391 1760 440 1795 τὴν
459 1760 514 1792 ἕξιν
525 1759 558 1786 τὰ
579 1760 742 1796 αἰσθητήρια
770 1769 816 1794 γε-

39 1806 214 1841 γνμναομένα
241 1803 354 1840 ἐχόντων
377 1806 444 1841 πρὸς
465 1806 598 1842 διάκρισιν
621 1806 702 1832 καλοῦ
719 1815 748 1832 τε
771 1807 816 1833 καὶ

39 1851 129 1877 κακοῦ.
145 1860 154 1876 ι
172 1848 234 1886 Ἆρ’
250 1848 295 1877 οὖν
312 1852 336 1877 οἱ
360 1850 463 1883 τούτοις
492 1851 529 1883 ὡς
552 1850 640 1882 καλῶς
665 1851 817 1886 εἰρημένοις

40 1897 207 1928 πιστεύοντες
226 1896 384 1923 ὑπολάϐοιεν
406 1897 460 1932 (98)
479 1897 510 1924 ἂν
530 1898 563 1924 τὰ
579 1897 648 1925 καλὰ
667 1897 712 1924 τοῦ
727 1898 816 1932 λόγου,

70 1945 93 1960 ’⁵
107 1945 115 1971 l
130 1945 194 1972 Cor.
212 1953 251 1977 tu,
263 1945 292 1972 2.
342 1946 365 1961 ⁹⁶
379 1945 462 1972 Hebr.
475 1954 501 1978 ν,
518 1946 551 1972 12
564 1954 640 1980 seqq.

40 1993 200 2027 Epictetum,
215 2001 299 2028 agens
314 1993 346 2020 de
363 1993 572 2025 Fortunatiano,
589 1994 718 2027 episcopo
733 1995 818 2020 Assu-

41 2030 133 2059 ritano,
151 2036 230 2062 quem
245 2029 310 2055 dicit
331 2038 340 2054 ι
352 2034 411 2062 post
425 2036 533 2063 gravem
547 2029 650 2062 lapsura
664 2030 748 2056 ruinae
763 2037 818 2056 sua:

41 2071 86 2096 pro
110 2065 215 2098 integro
232 2072 303 2090 nunc
328 2071 408 2098 agere
430 2064 508 2097 velle,
525 2069 551 2089 et
567 2065 749 2098 episcopatum
766 2065 816 2092 sibi

41 2099 178 2125 vindicare
206 2099 338 2132 cmpisse;
354 2109 362 2124 ι
381 2104 408 2126 et
423 2099 502 2133 patilo
523 2104 599 2132 post:
629 2100 739 2125 «Audet
765 2100 817 2126 sibi

42 2133 126 2160 adhuc
140 2134 334 2166 sacerdotium,
345 2135 415 2167 quod
428 2134 557 2166 prodidit,
571 2134 728 2167 vindicare;
740 2135 818 2168 quasi

41 2173 99 2199 post
116 2176 179 2195 aras
196 2168 296 2194 diaboli
316 2170 446 2195 accedere
463 2169 496 2194 ad
516 2168 602 2194 altare
623 2169 667 2195 Dei
687 2169 727 2196 fas
749 2169 793 2196 sit.
809 2178 818 2194 ι

42 2201 121 2236 quue
143 2209 258 2230 conatus
270 2208 320 2233 est.
339 2208 430 2238 spreto
445 2203 561 2230 Cornelii
579 2211 652 2238 papa:
668 2203 820 2234 interdicto.

623 145 762 174 CONTRA
781 145 917 173 CELSUM
937 145 1000 173 LIB.
1021 145 1064 173 Ill.

64 206 135 240 Ὅρα
150 205 182 241 δὴ
194 204 262 240 μετὰ
275 203 360 231 ταῦτα
370 204 400 230 τὺ
415 203 466 230 ὑπὸ
480 203 525 230 τοῦ
535 203 637 230 Κέλσου
651 204 810 239 λεγόμενον·
827 207 849 235 Α

1589 145 1641 172 990

898 204 942 232 52.
958 204 1035 231 Nune
1052 204 1112 230 vide
1127 209 1215 230 annon
1234 203 1344 231 evidens
1366 203 1535 231 mendacium
1558 204 1594 231 sit
1614 209 1642 233 et

865 258 955 277 rerum
985 248 1228 276 dissimillimarum
1253 249 1422 282 comparatio
1449 249 1476 276 in
1499 250 1542 277 his
1569 249 1641 278 Celsi

864 296 954 322 verbis
971 304 978 322 :
996 304 1005 321 ι
1020 295 1145 322 Videmus
1158 293 1250 328 utique
1265 299 1292 321 et
1307 295 1367 321 illos
1378 296 1423 329 qui
1441 295 1467 322 in
1483 295 1542 323 foro
1556 295 1641 323 scele-

864 347 938 368 ratas
955 345 981 368 et
996 340 1184 369 circulatorias
1210 349 1273 368 suas
1299 347 1372 369 artes
1395 347 1543 370 ostentant.
1558 351 1566 367 ι
1585 341 1641 369 llos

864 390 954 411 autem
986 394 995 410 ε
1011 385 1056 419 qui
1090 385 1116 411 in
1140 384 1206 412 foris
1227 386 1376 413 sceleratas
1400 391 1427 413 et
1449 386 1642 414 circulatorias

864 430 982 464 ineptias
998 434 1168 460 ostentant.)
1191 436 1217 458 et
1241 431 1402 465 quibuscum
1430 440 1478 459 nos
1503 436 1642 467 comparat

863 477 967 509 Celsus,
986 477 1024 503 ait
1043 485 1051 501 ι
1064 484 1200 510 nunquam
1218 482 1316 504 malum
1341 478 1415 504 adire
1438 479 1554 505 virorum
1579 486 1643 512 pru-

864 523 996 555 dentium,
1010 530 1058 549 nec
1071 522 1106 549 ibi
1122 523 1221 549 audere
1238 530 1285 549 sua
1301 523 1461 555 venditare;
1481 529 1508 550 at
1523 523 1638 550 ubicun-

864 575 917 602 que
941 567 1177 601 adolescentulos,
1200 568 1322 595 servulos
1344 572 1371 595 et
1394 568 1484 595 fatuos
1512 569 1641 596 collectus

865 611 1118 643 animadverterint,
1137 619 1170 638 eo
1194 619 1223 638 se
1245 613 1371 645 ingerere
1397 620 1544 647 eorumque
1567 614 1644 647 plau-

864 664 923 684 sum
952 658 1092 692 aucupari.
1106 667 1115 682 ι
1145 657 1195 684 Ubi
1217 658 1283 685 nihil
1310 660 1366 693 agit
1389 659 1495 691 Celsus,
1517 667 1596 693 quam
1614 663 1643 686 ut

864 703 942 729 nobis
970 703 1124 734 maledicat,
1147 703 1243 730 similis
1278 704 1457 735 mulierculis,
1479 712 1538 739 quae
1563 713 1592 731 se
1616 706 1642 731 in

864 749 991 782 compitis
1021 750 1123 776 mutuis
1151 747 1282 776 conviciis
1308 756 1511 777 conseclautur.
1537 751 1643 778 Etenim

865 803 923 827 nos,
940 800 1072 830 quantttm
1096 803 1247 830 possumus,
1263 796 1378 823 facimus
1398 798 1501 828 ontuia,
1515 802 1543 824 ut
1558 803 1645 824 ccctus

864 847 955 869 noster
966 847 1071 869 constet
1083 843 1261 876 prudentibus
1277 843 1448 876 hominibus;
1462 848 1488 870 et
1501 851 1560 877 qua:
1572 846 1644 878 apud

865 896 913 914 nos
928 888 1047 914 maxime
1064 887 1175 922 pulchra
1186 892 1213 914 et
1227 888 1316 914 divina
1341 893 1414 920 sunt,
1435 896 1465 915 ea
1482 893 1538 915 tum
1561 891 1644 916 aude-

866 940 924 959 mus
941 933 966 959 in
990 933 1167 959 concionihus
1187 934 1305 967 publicis
1326 933 1448 966 proferre
1465 934 1490 961 in
1514 935 1643 965 medium.

864 984 926 1004 cum
952 982 1050 1011 pra-sto
1076 982 1117 1004 est
1138 977 1346 1012 intelligentium
1373 979 1525 1005 auditorum
1545 980 1644 1014 copia:

867 1024 1008 1050 areaniora
1031 1028 1122 1050 autetu
1141 1024 1252 1050 silentio
1266 1025 1510 1057 praetermittimus,
1523 1033 1582 1051 cum
1599 1026 1644 1059 qui

865 1068 977 1095 audiunt
989 1068 1168 1104 simpliciores
1184 1069 1261 1096 nobis
1277 1070 1404 1097 videntur
1417 1075 1443 1098 et
1459 1078 1527 1105 opus
1541 1071 1644 1098 habere

865 1115 1046 1147 sermonibus,
1060 1116 1105 1150 qui
1122 1117 1310 1151 metapltorico
1337 1117 1414 1144 lactis
1437 1118 1546 1144 nomine
1574 1118 1646 1145 desi-

864 1165 993 1193 guantur.

900 1205 944 1233 53.
966 1206 1000 1233 Et
1021 1214 1087 1234 sane
1110 1206 1211 1234 Paulus
1243 1213 1335 1235 noster
1358 1209 1481 1236 scribens
1495 1209 1527 1236 ad
1548 1209 1645 1236 Cerin-

866 1252 947 1284 thios.
966 1252 1075 1280 Gnaeos
1097 1254 1217 1287 quidem,
1237 1255 1284 1282 sed
1308 1256 1426 1282 nondmu
1441 1256 1560 1290 purgatis
1589 1263 1648 1282 ino-

865 1300 951 1330 ribns,
973 1299 1053 1326 ait“
1068 1298 1121 1326 Luc
1144 1302 1220 1328 vobis
1243 1310 1336 1336 petunt
1363 1302 1433 1334 dedi,
1455 1309 1506 1328 non
1534 1308 1645 1334 escam;

865 1347 983 1372 nondum
1013 1347 1086 1373 euitn
1114 1348 1260 1382 poteratis;
1290 1348 1336 1374 sed
1371 1355 1421 1374 nec
1447 1355 1517 1374 nunc
1537 1348 1646 1380 quidem

866 1393 996 1426 potestis;
1009 1393 1096 1420 adhuc
1113 1394 1185 1420 enim
1208 1393 1332 1420 carnales
1345 1393 1422 1421 estis.
1433 1392 1500 1420 Cum
1515 1393 1587 1419 enim
1611 1393 1648 1419 sit

866 1438 938 1464 inter
950 1445 998 1465 vos
1019 1439 1094 1466 zelus
1106 1438 1284 1466 etcontentio
1298 1459 1304 1470 ,
1319 1447 1409 1465 nonne
1426 1438 1551 1465 carnales
1567 1438 1645 1471 estis,

865 1488 893 1511 et
916 1485 1065 1511 secundum
1082 1485 1217 1511 hominem
1241 1484 1460 1511 ambulatis"?i
1484 1484 1542 1518 Ipse
1564 1485 1646 1511 etiam

867 1539 919 1557 non
936 1531 1043 1558 nescius
1067 1532 1211 1565 quemdam
1237 1532 1333 1558 auium:
1353 1531 1441 1558 cibum
1467 1538 1527 1558 esse
1559 1530 1648 1566 perfe-

865 1577 987 1607 ctiorem,
1012 1582 1037 1604 et
1053 1585 1148 1604 recens
1181 1577 1349 1604 initiatorum
1377 1577 1465 1603 cibum
1489 1585 1550 1604 cum
1579 1576 1649 1603 lacte

867 1623 1033 1657 comparari,
1045 1623 1084 1650 sic
1096 1623 1236 1657 loquitur:
1254 1632 1263 1648 (
1274 1622 1348 1649 Facti
1363 1623 1438 1655 estis,
1455 1623 1552 1657 quibus
1578 1622 1649 1649 lacte

866 1676 934 1703 opus
950 1670 995 1702 sil,
1013 1677 1065 1696 non
1089 1670 1175 1696 solido
1194 1669 1264 1696 cibo.
1284 1669 1379 1695 Omnis
1408 1669 1478 1695 enim
1497 1669 1541 1703 qui
1568 1668 1648 1695 lactis

868 1718 910 1741 est
922 1715 1068 1750 particeps,
1088 1723 1185 1749 expers
1199 1720 1240 1743 est
1256 1715 1389 1742 sermonis
1405 1715 1531 1749 justitim;
1547 1722 1648 1748 parvu-

869 1760 910 1787 lus
930 1760 1001 1787 enim
1017 1765 1067 1788 est.
1083 1760 1265 1788 Periectorum
1280 1767 1368 1788 autem
1387 1765 1428 1788 est
1443 1761 1544 1788 sulitlus
1560 1760 1647 1793 cibus,

869 1815 975 1840 eorum,
991 1808 1037 1842 qui
1062 1815 1110 1841 pro
1137 1809 1334 1836 consuetudine
1358 1808 1520 1835 exercitatos
1548 1807 1649 1833 habent

870 1861 966 1882 sensus
982 1853 1014 1879 ad
1033 1852 1222 1880 discretionem
1239 1853 1302 1880 boui
1328 1862 1360 1881 ac
1391 1854 1452 1880 mali
1465 1853 1497 1879 ³⁸.
1514 1862 1523 1878 ο
1542 1853 1583 1879 An
1601 1852 1649 1885 qui

872 1900 929 1927 luce
947 1905 976 1926 ut
992 1899 1105 1934 pulchre
1121 1899 1192 1926 dicta
1204 1899 1328 1932 credunt,
1343 1900 1475 1933 suspicari
1489 1903 1588 1933 queant
1599 1904 1648 1924 no-

871 1995 898 2022 iu
916 1993 997 2019 Deum
1013 2000 1041 2019 se
1057 1991 1243 2024 hlasphemum
1257 1997 1282 2018 et
1296 1991 1454 2018 idololatria:
1468 1991 1559 2019 libello
1583 1997 1649 2018 con-

872 2029 1033 2056 taminatum
1062 2027 1171 2059 agnovit
1186 2033 1193 2052 :
1209 2027 1311 2052 tDeum
1344 2028 1503 2059 deprecans,
1533 2032 1560 2053 et
1581 2025 1649 2052 satis

871 2064 1022 2098 gratulans,
1038 2062 1059 2088 si
1076 2062 1126 2088 sibi
1143 2061 1183 2098 vel
1200 2061 1268 2098 laico
1290 2062 1493 2098 couuuunicare
1508 2061 1649 2098 continge-

874 2096 923 2126 i-et.
933 2108 977 2123 μ-
990 2097 1114 2123 tFrustra
1128 2096 1220 2128 tales,»
1231 2097 1317 2130 inquit
1327 2097 1488 2132 Cyprianus,
1500 2097 1651 2132 «episcopao

874 2139 929 2160 tum
946 2132 997 2159 sibi
1016 2139 1148 2166 usurpare
1166 2136 1298 2158 conantur
1313 2140 1319 2156 :
1335 2139 1396 2158 eum
1424 2131 1596 2157 manifestum
1613 2131 1649 2156 sit

874 2168 1005 2201 ejusmodi
1025 2167 1147 2194 homines
1163 2174 1212 2192 nec
1227 2166 1353 2192 Ecclesim
1368 2166 1467 2193 Christi
1485 2173 1562 2200 posse
1577 2173 1647 2200 prte-

875 2211 945 2234 esse,
966 2210 1015 2229 nec
1038 2202 1092 2228 Deo
1109 2201 1242 2228 sacriﬁcia
1265 2201 1364 2228 oll'crre
1385 2202 1499 2233 debere;
1521 2201 1649 2232 maxime,

43 2244 93 2277 quo
112 2239 227 2265 vetitum
244 2241 316 2277 ‘_era_t
341 2236 486 2277 cpiscopus
513 2236 601 2277 lapsus
614 2236 618 2238 ’
630 2238 741 2277 ulterius
768 2238 819 2266 frui
837 2236 859 2264 D
874 2246 934 2266 cum
961 2237 1124 2277 jampridem
1142 2236 1294 2267 uobiscum,
1309 2241 1341 2277 et_
1360 2244 1420 2262 cum
1452 2237 1578 2276 erunibus
1591 2243 1650 2276 orn-

43 2273 208 2307 episcopatu.
225 2282 234 2298 ι
249 2273 324 2300 llnde
340 2279 365 2299 et
380 2274 465 2307 ipsam
480 2274 587 2300 venisse
601 2273 780 2307 perspicimus
792 2279 817 2301 et

44 2309 175 2342 credimus
193 2308 225 2334 de
251 2308 297 2334 Dei
317 2308 504 2342 exploratione
530 2316 681 2338 censuram,
700 2316 733 2334 ne
750 2309 819 2342 apud

44 2341 124 2369 altare
136 2343 289 2370 consistere
306 2348 333 2369 et
348 2341 522 2370 contrectare
537 2343 648 2369 ulterius
662 2341 819 2377 persevcra-

45 2382 102 2413 rent
120 2378 250 2413 pudorem
274 2378 389 2409 incesti,
414 2378 493 2405 ﬁdem
520 2379 615 2412 perlidi
630 2399 637 2410 ,
663 2379 818 2413 religionem

45 2411 166 2444 profani.
184 2412 275 2439 divina
305 2413 423 2445 terreni,
450 2411 544 2440 sancta
573 2411 732 2445 sacrilegi.)
753 2414 820 2441 Vide

45 2447 242 2483 cpistolaut67,
260 2447 293 2473 ad
311 2447 479 2481 Stephanum
502 2448 535 2475 de
550 2448 703 2480 Martiano;
721 2453 747 2475 et
760 2449 820 2483 epi-

45 2482 140 2518 stolam
160 2481 209 2518 52,
229 2482 262 2509 ad
285 2482 482 2518 Antonianum,
505 2484 550 2510 ubi
579 2483 667 2510 obiter
690 2481 820 2518 agens-de

46 2515 191 2553 Trophimo
203 2517 261 2544 Ιιωο
271 2517 367 2553 habet,
381 2526 388 2544 :
403 2527 412 2543 ι
425 2516 554 2545 Tractatn
587 2526 659 2553 ergo
681 2515 736 2545 illic
758 2526 820 2545 cum

46 2551 151 2585 collegis
168 2551 293 2587 plurimis
309 2552 411 2583 habito,
426 2559 567 2586 susceptus
582 2551 819 2587 est'Trophimus;

46 2593 90 2619 pro
111 2595 164 2620 quo
185 2586 373 2614 satisfaciebat
392 2587 504 2614 fratrum
522 2588 633 2619 reditus,
651 2593 678 2615 et
692 2586 819 2615 restituta

46 2622 189 2650 multorum
218 2624 292 2650 salus
306 2633 314 2650 :
329 2623 369 2649 sic
384 2626 473 2649 tamen
500 2624 635 2650 admissus
651 2628 693 2650 est
707 2623 821 2657 Trophi-

47 2663 119 2693 Inus.
135 2663 164 2684 ut
184 2659 271 2685 laicus
295 2659 486 2692 communicet,
503 2666 568 2690 non,
588 2659 737 2685 secundmn
750 2658 821 2693 quod

47 2692 78 2716 ad
90 2697 115 2718 te
131 2692 310 2728 malignorum
328 2695 425 2721 littera:
441 2693 620 2728 pertulerunt,
639 2695 716 2727 quasi
732 2694 820 2720 locum

48 2729 192 2763 sacerdotis
218 2733 340 2762 usurpet.
353 2737 362 2754 ι
389 2728 461 2755 Idem
484 2729 598 2763 epistola
615 2728 660 2761 68,
679 2729 822 2763 rescripsit

48 2761 78 2798 uti
99 2764 202 2798 clerum
235 2767 262 2790 et
282 2761 374 2797 plebes
398 2761 588 2798 Hispaniarum
611 2765 643 2791 de
664 2761 780 2790 Basilide
796 2767 823 2790 et

50 2793 166 2834 Martiale
181 2793 315 2834 episcopis
328 2806 334 2824 :
348 2793 461 2834 quorum
477 2799 520 2826 hic
532 2806 561 2826 se
575 2798 714 2834 gentilium
734 2799 822 2832 turpia

49 2832 167 2869 convivia
182 2831 384 2868 frequentasse,
398 2838 427 2860 ct
438 2831 589 2861 Christum'
602 2835 672 2869 apud
690 2831 821 2868 procura-

51 2869 133 2893 torem
150 2867 325 2896 duceuhriutn
356 2869 500 2905 negavisse
514 2867 756 2902 contestatus’est;
776 2869 822 2897 ille

873 2275 937 2300 nino
962 2272 1096 2306 episcopis
1119 2272 1146 2298 in
1178 2276 1234 2297 luto
1261 2272 1361 2297 mundo
1389 2272 1554 2303 constitutis,
1569 2271 1649 2297 etiant

870 2307 1016 2335 Cornelius
1044 2307 1146 2341 collega
1181 2312 1283 2337 noster,
1316 2307 1444 2333 sacerdos
1472 2307 1600 2340 pacilicus
1619 2313 1651 2332 ac

868 2343 966 2377 justus,
981 2347 1007 2369 et
1024 2342 1156 2376 martyrio
1173 2349 1281 2377 quoque
1302 2342 1459 2374 dignatione
1475 2341 1580 2367 Domini
1598 2341 1648 2366 Ιιυ-

871 2384 994 2407 noratus,
1012 2377 1163 2403 decreverit
1183 2376 1313 2410 ejusmodi
1337 2377 1459 2403 homines
1471 2377 1503 2402 ad
1515 2376 1649 2410 pwuiteu-

872 2413 935 2439 tiam
961 2412 1070 2446 quidem
1090 2412 1221 2449 agendam
1246 2419 1327 2445 pusxc
1349 2411 1475 2449 admitti;
1491 2411 1524 2436 ab
1538 2410 1650 2449 ordina-

871 2448 943 2474 tione
959 2445 1047 2473 autem
1072 2445 1138 2474 cle’ri
1156 2451 1236 2480 atque
1258 2446 1420 2473 sacerdotali
1441 2447 1542 2472 honore
1559 2445 1652 2478 prohi-

870 2483 937 2510 beri.
952 2492 960 2507 )
976 2482 1105 2508 Sps-scen.

908 2517 962 2557 (ἐξ)
988 2517 1157 2557 Philpcalia,‘
1173 2516 1323 2552 προελθεῖν.
1354 2515 1414 2543 Οὐδ’
1444 2514 1474 2540 ὲν
1498 2512 1603 2544 τούτοις
1616 2513 1651 2539 τὰ

870 2551 976 2580 ἑαυτῶν
990 2551 1060 2578 καλὰ
1073 2552 1184 2588 τολμᾷν.

921 2588 964 2622 26)
980 2588 1057 2614 Lihb.
1072 2584 1163 2614 excusi
1179 2589 1204 2614 in
1221 2586 1354 2621 margine.
1366 2584 1524 2622 ἀλλήλους..-
1589 2617 1604 2622 __

917 2617 963 2658 255
984 2623 1076 2650 Ἐπὰν
1091 2617 1316 2656 ἁπλουστέροῦς
1330 2617 1489 2655 θεωρὼμεν.
1505 2619 1564 2658 [hec
1589 2617 1651 2658 licet

872 2652 1040 2687 necessaria.
1059 2658 1085 2683 iu
1104 2652 1249 2684 llwschelii
1274 2652 1310 2683 etv
1329 2652 1460 2690 Spe-liceri
1486 2652 1650 2682 editionibus

871 2693 1071 2723 desiderantur,
1082 2693 1128 2718 sed
1139 2692 1294 2726 supplentur
1307 2700 1321 2718 e
1334 2691 1493 2718 Philoculia.

920 2729 965 2762 ς26)
981 2727 1146 2754 Ιίωδοὶιειίυε
1157 2728 1182 2753 iu
1191 2731 1282 2762 textu,
1297 2726 1356 2762 ἔθη.

920 2761 966 2797 ⁴27)
983 2763 1142 2793 Philocalia,
1158 2761 1337 2797 τελειοτέρας.

920 2766 954 2790 ‘27
983 2766 1142 2793 Philocalla,
1158 2766 1337 2797 τελειοτερας.

909 2766 966 2835 issi
981 2798 1098 2835 Philum,
1119 2797 1354 2835 uArtoitapéiévotav;
1368 2795 1526 2835 Bpherellus
1541 2793 1652 2835 _mavult

872 2835 901 2863 in
914 2830 1025 2868 passivo
1039 2830 1214 2862 ὑπολαϐεῖενξ
1228 2837 1254 2859 ιιι
1270 2833 1303 2859 ad
1325 2831 1495 2868 Christianos
1508 2830 1650 2868 referatur,

874 2875 900 2897 et
915 2865 995 2904 paulo
1005 2874 1065 2903 post
1080 2876 1127 2903 pro
1142 2868 1329 2903 λεχθήσεσθαι,
1349 2866 1439 2894 mallet
1451 2865 1584 2898 λέξεσθαι.
