1848 3091
34 137 58 165 l3

588 137 724 166 CONTRA
743 138 880 167 CELSUM
899 139 963 166 LIB.
980 139 1025 167 ΠΙ.

1559 139 1610 166 991

50 195 121 222 Ἐπεὶ
138 194 161 221 δ’
178 195 334 231 ὲνηδόμενος
354 194 392 231 τῷ
407 196 461 222 τῶν
482 195 542 223 καθ’
553 182 629 232 ἡμῶν
643 196 779 232 λοιδοριῶν

869 197 909 225 55.
925 196 977 224 Sed
993 197 1056 232 quia
1070 197 1121 229 hoc
1134 196 1337 224 maledictorum
1353 203 1452 232 genere
1466 197 1610 224 admodum

34 239 76 274 εγῳ
90 239 239 275 προσέθηκε
252 241 298 266 καὶ
316 240 405 274 ἕτερα,
420 241 496 276 φέρε,
513 242 558 268 καὶ
576 241 659 268 ταῦτα
670 242 781 277 ἐκθέμε-

33 294 55 316 ›ι,
70 284 165 319 ἴδωμεν
177 284 288 320 πότερον
302 285 457 320 Χριστιανοὶ
475 286 670 322 ἀσχημονοῦσιν
683 288 698 322 ἦ
711 287 779 313 Κέλ-

33 338 52 361 ις
67 329 109 355 ἐπὶ
122 330 177 360 τοῖς
190 329 352 363 λεγομένοις,
371 330 400 361 ὃς
414 339 504 366 φησιν·
521 340 530 355 ι
551 330 672 366 Ὀρῶμεν
687 331 718 367 δὴ
735 334 781 358 καὶ

33 376 75 403 ατὰ
89 376 137 407 τὰς
149 375 216 407 ιδίας
226 375 313 407 οἰκίας
332 377 503 412 ὲριουργοὺς,
520 376 567 403 καὶ
584 377 762 412 σκυτοτόμους
772 397 780 409 ,

33 424 53 449 ιὶ
66 424 182 456 κναφεῐς,
197 422 244 449 καὶ
258 423 320 454 τοὺς
345 423 588 454 ἁπαιδευτοτατους
609 424 663 458 (56)
687 433 716 450 τε
735 425 781 450 καὶ

33 468 226 504 γροικοτὰτους,
248 469 368 496 ἐναντίον
391 469 439 504 μὲν
458 469 511 496 τῶν
529 470 719 506 πρεσϐυτέρων
735 471 781 496 καὶ

33 515 152 552 ρονιμωτέ
156 523 209 550 ρων
217 514 351 541 δεσποτῶν
360 515 435 541 οὐδὲν
444 515 608 549 φθέγγεσθαι
615 516 779 551 τολμῶντας·

33 561 111 587 τειδὶιν
127 561 156 588 δὲ
177 561 231 588 τῶν
251 560 352 588 παίδων
376 560 428 595 ἰδίᾳ
445 561 578 588 λάϐωνται
603 561 649 587 καὶ
665 562 781 596 γυναίων

33 606 83 632 ινῶν
99 606 145 632 σὺν
159 606 249 637 αὐτοῖς
264 606 393 640 ἀνοήτων,
408 605 609 642 θαυμάσι’ἇττα
625 607 780 639 διεξιόντας,

33 661 45 684 ς
58 653 85 678 οὐ
103 652 154 687 χρὴ
166 652 307 687 προσέχειν
321 651 360 687 τῷ
371 653 454 688 πατρὶ
468 652 514 679 καὶ
531 654 586 684 τοῖς
602 652 779 684 διδασκάλοις,

33 698 80 732 ,τίσι
91 699 117 725 δὲ
129 697 277 725 πείθεσθαι’
296 698 342 724 καὶ
356 698 418 729 τοὺς
431 698 479 733 μέν
493 707 525 732 γε
542 698 633 733 ληρεῖν
647 699 692 725 καὶ
712 699 780 724 ἁπο-

33 745 137 779 λήκτους
150 742 230 776 εἶναι,
245 745 291 770 καὶ
303 745 384 779 μηδὲν
399 743 437 779 τῷ
451 745 506 770 ὄντι
520 744 600 771 καλὸν
619 745 684 779 μήτε
702 743 781 770 ίδέναι

34 790 74 823 ﬁt:
88 788 214 815 δύνασθαι
222 790 318 820 ποιεῖν,
326 789 413 820 ὖΟλοις
425 791 511 820 κενοῖς
522 789 577 823 (57)
587 789 748 824 προκατειλη
753 798 783 824 μ-

34 832 109 863 ένους’
123 834 191 866 σφᾶς
207 831 235 858 δὲ
251 833 344 867 μόνους
361 833 433 863 ὅπως
444 833 483 859 δεῖ
493 833 540 869 ζῇν
556 834 724 860 ἐπίστασθαι·
737 834 783 860 καὶ

34 878 143 909 ναὺτοῐς
166 878 191 904 οἱ
215 879 308 910 παῖδες
324 878 483 909 πείθωνται,
511 879 659 914 μακαρίους
684 880 781 912 αὐτοὺς
798 887 816 913 Β

34 923 119 953 testim.
136 925 183 950 καὶ
195 924 240 951 τὸν
250 922 321 951 οἶκον
333 925 489 959 ἀποφαίνειν
503 925 654 960 εὐδαίμονα.
666 926 720 952 Καὶ
727 926 784 960 ἅμα

34 969 135 1002 Ξγοντες,
149 969 196 997 ἐὰν
209 970 282 996 ἴδωσί
294 979 354 996 τινα
368 969 498 1004 παριόντα
511 970 564 996 τῶν
582 970 702 1002 παιδείας
711 970 783 997 διδα-

34 1015 109 1042 ιιαλων
125 1015 170 1042 καὶ
186 1016 395 1051 φρονιμωτέρων
412 1016 428 1051 ἢ
443 1016 489 1042 καὶ
505 1016 585 1042 αὑτὸν
601 1016 646 1042 τὸν
661 1015 764 1051 πατέρα
774 1036 781 1047 ,

33 1062 35 1086 ξ
49 1061 93 1096 μὲν
108 1061 295 1097 εὐλαϐέστεροι
313 1063 401 1088 αὐτῶν
417 1062 555 1097 διέτρεσαν
570 1062 634 1097 (58)·
657 1062 681 1088 οἱ
692 1061 713 1088 δ’
730 1063 783 1089 ἰτα-

34 1107 119 1142 ώτεροι
136 1108 199 1139 τοὺς
213 1107 310 1139 παῖδας
331 1107 488 1143 ἀφηνιὰζειν
504 1108 653 1144 ἐπαίρουσι,
669 1108 780 1134 τοιαῦτα

35 1152 199 1187 ιθυρίζοντες,
222 1154 259 1185 ὡς
277 1154 408 1189 παρόντος
431 1154 479 1189 μὲν
494 1154 538 1180 τοῦ
554 1153 654 1189 πατρὸς
668 1154 715 1180 καὶ
729 1153 782 1179 τῶν

33 1198 168 1226 δασκάλων
185 1199 260 1225 οὐδὲν
279 1200 355 1226 αὐτοὶ
370 1200 541 1235 ἐθελήσουσιν
556 1200 621 1234 (59),
634 1199 694 1225 οὐδὲ
708 1199 784 1234 δυνή-

33 1252 96 1270 ῠνται
109 1246 164 1276 τοῖς
185 1245 278 1272 παισὶν
298 1245 457 1281 ἑρμηνεύειν
479 1245 588 1279 ἀγαθόν’
606 1244 784 1282 ὲκτρὲπεσῦαι

33 1289 61 1323 Ξιρ
70 1290 113 1326 τὴν
123 1291 236 1318 ἐκείνων
244 1290 404 1327 ἀϐελτηρίαν
415 1292 460 1318 καὶ
472 1291 626 1326 σκαιότητα,
637 1290 723 1325 πάντη
733 1290 785 1316 διε-

33 1335 181 1371 Θαρμένων,
203 1336 249 1362 καὶ
267 1336 362 1372 πόρρω
382 1336 479 1368 κακίας
497 1336 628 1371 ἡκόντων,
647 1335 693 1362 καὶ
713 1335 782 1369 σφᾶς

33 1380 182 1412 ολαζόντων·
199 1383 223 1409 ει
239 1381 268 1408 δὲ
283 1381 392 1413 θέλοιεν,
412 1382 507 1417 χρῆναι
523 1382 619 1413 αὐτοὺς
634 1381 784 1416 ἀφεμένους

33 1426 55 1451 ῑῦ
67 1426 165 1463 πατρὸς
177 1436 208 1454 τε
224 1428 270 1453 καί
286 1426 339 1453 τῶν
363 1426 538 1458 διδασκάλων,
567 1427 634 1454 ἱέναι
658 1426 706 1453 σὺν
731 1427 785 1456 τοῖς

830 242 989 274 delectatus,
1006 241 1106 268 addidit
1119 245 1146 267 et
1157 241 1227 273 alia;
1244 248 1292 276 age
1308 245 1338 268 et
1353 241 1393 268 his
1412 240 1495 277 m
1509 250 1611 269 memo-

831 288 912 320 ratis,
929 287 1066 314 videamus
1083 288 1134 313 utri
1155 286 1214 320 plus
1232 287 1371 314 dedecoris
1387 287 1512 320 aﬂeraut,
1529 287 1611 314 Chri-

830 334 979 360 stianorum
992 334 1126 366 societati,
1145 340 1177 359 an
1192 332 1282 360 Celso.
1300 332 1346 359 Sic
1367 333 1454 360 isteu
1468 333 1498 359 Et
1516 333 1542 360 in
1556 334 1611 367 pri-

831 379 900 406 vatis
916 379 1017 406 aedibus
1031 379 1123 405 videre
1141 383 1182 405 est
1201 377 1331 410 lauiﬁces,
1353 382 1469 410 sutores,
1485 378 1610 412 fullones,

830 424 1060 456 imperitissimum
1079 430 1211 457 quemque
1236 428 1263 448 et
1287 422 1493 449 rusticissimum
1512 431 1606 450 coram

831 468 983 496 senioribus
998 473 1025 495 et
1038 467 1258 502 prudentioribus
1287 467 1528 500 patribusl‘amilias
1544 469 1611 496 nihil

831 515 931 542 audere
954 514 1076 548 proloqui
1095 522 1100 540 :
1117 513 1161 540 ubi
1185 520 1250 539 vero
1271 520 1394 540 seorsum
1418 515 1488 540 nacti
1511 514 1612 540 fuerint

832 568 929 594 pueros
941 565 969 587 et
984 560 1155 587 mulierculas
1171 567 1246 594 taque
1260 567 1291 586 ac
1304 560 1352 593 ipsi
1371 559 1510 592 imperitas
1520 579 1528 591 ρ
1543 560 1611 587 mira

831 607 951 641 qua-dam
967 606 1120 639 disserunt;
1144 614 1196 632 non
1214 605 1362 632 audiendos
1381 613 1442 632 esse
1461 610 1564 639 patrem
1585 610 1613 632 et

832 657 1020 687 praeceptores,
1037 653 1087 680 sibi
1104 661 1162 680 esse
1179 653 1359 684 credendum;
1383 653 1443 680 illos
1458 653 1574 680 delirare
1586 658 1614 680 et

833 704 922 725 mente
935 706 995 725 esse
1007 704 1108 733 captos,
1126 700 1192 726 nihil
1208 707 1270 726 vere
1286 699 1392 725 honesti
1407 704 1452 725 aut
1464 699 1555 725 videre
1567 705 1614 726 aut

835 745 924 771 facere
938 752 1018 778 posse
1036 745 1113 779 nugis
1130 745 1254 772 inanibus
1269 749 1481 780 prmoccupatos,
1497 753 1527 772 se
1541 745 1613 771 solos

834 791 903 818 scire
920 791 1054 824 Quomodo
1070 792 1160 818 vivere
1172 796 1315 824 oporteat;
1336 792 1357 818 si
1377 792 1456 818 dictis
1468 791 1615 824 adjnngant

833 836 922 869 fiderit,
936 836 1026 863 felices
1045 836 1102 863 fore
1121 842 1256 871 totamque
1272 836 1413 863 familiam.
1431 836 1537 863 Interea
1550 837 1613 863 dum

834 882 888 908 lucc
900 881 1056 915 loquuntur,
1076 882 1098 908 si
1109 882 1199 908 vident
1216 881 1332 916 aliquem
1346 889 1378 908 ex
1391 880 1613 916 praeceptoribus,

838 935 869 954 ex
889 927 1109 961 prudentioribus
1121 932 1165 954 aut
1189 931 1292 961 patrem
1307 926 1392 961 ipsum
1405 927 1546 958 accedere,
1567 925 1613 960 qui

836 973 984 1000 timidiores
1001 973 1101 1004 sunt,ii
1118 972 1267 999 tremefacti
1287 973 1386 1004 silent;
1407 972 1453 999 sed
1469 971 1616 999 ferociores

835 1017 925 1051 pueris
939 1023 1066 1044 auctores
1080 1023 1154 1049 sunt,
1175 1023 1204 1044 ut
1224 1017 1345 1044 habenas
1368 1017 1517 1049 excutiant,
1538 1017 1614 1043 insu-

833 1067 993 1096 surrautque
1011 1062 1043 1089 ad
1065 1070 1144 1089 aures
1164 1070 1194 1089 se
1216 1070 1265 1089 nec
1282 1070 1361 1096 posse
1387 1070 1436 1089 nec
1461 1062 1529 1089 velle
1551 1061 1613 1093 illis,

832 1109 1006 1143 praesentibus
1021 1113 1098 1142 patre
1117 1113 1144 1135 et
1157 1108 1376 1143 przeceptoribus.
1389 1107 1534 1142 quidquam
1550 1107 1613 1134 boni

832 1154 980 1188 explicare;
997 1155 1115 1181 aversari
1133 1162 1162 1181 se
1176 1154 1318 1181 stultitiam
1330 1160 1357 1181 et
1370 1154 1501 1181 saevitiam
1518 1155 1614 1181 hormu

834 1200 970 1227 hominum
989 1201 1154 1234 perditorum
1169 1206 1197 1228 ct
1211 1207 1331 1228 extrema
1355 1201 1474 1235 nequitia
1490 1201 1617 1235 prtedito-

834 1253 903 1277 rum,
920 1246 964 1278 qui
979 1246 1051 1280 ipsos
1067 1247 1191 1280 punit-ent
1204 1255 1211 1279 ;
1228 1247 1274 1273 sed
1289 1247 1311 1273 si
1325 1247 1389 1280 quid
1404 1247 1511 1274 discere
1522 1247 1615 1280 velint,

834 1295 968 1325 oportere,
990 1296 1028 1324 ut,
1057 1292 1157 1319 relictis
1181 1297 1255 1326 patre
1268 1297 1295 1319 et
1311 1293 1533 1327 prmceptorihus,
1552 1297 1617 1320 eaut

834 1344 894 1363 cum
911 1338 1076 1365 tnulierculis
1095 1343 1123 1365 et
1133 1339 1269 1365 sodalibus
1281 1339 1307 1365 in
1321 1339 1449 1366 conclave
1462 1340 1616 1372 mulierum,

836 1383 918 1417 autin
931 1384 1061 1410 sutoriatn
1076 1385 1272 1417 ollicinam,aut
1287 1385 1313 1411 in
1327 1385 1478 1418 fulloniam,
1495 1386 1530 1412 ibi
1544 1386 1616 1420 quod

838 1428 986 1461 perfectum
1007 1435 1048 1457 est
1060 1431 1190 1457 edocendi
1208 1439 1215 1456 :
1233 1435 1313 1464 atque
1325 1430 1364 1457 sic
1379 1431 1552 1466 persuadent.
1569 1441 1578 1456 ι

33 1473 133 1505 υναίοις,
146 1473 192 1499 καὶ
199 1475 254 1505 τοῖς
265 1472 446 1509 συμπαίζουσι
459 1472 620 1508 παιδαρίοις,
634 1473 674 1503 εἰς
686 1472 734 1508 τὴν
746 1476 945 1508 γυναικωνῖτιν,
962 1476 978 1511 ἢ
995 1477 1025 1503 τὸ
1040 1478 1174 1509 σκυτεῐον,
1189 1477 1205 1512 ἢ
1222 1477 1252 1503 τὸ
1267 1478 1404 1512 κναφεῖον,
1421 1477 1464 1504 ἵνα
1479 1477 1508 1503 τὸ
1518 1476 1618 1504 τέλειον

33 1519 114 1546 ὶόωσι·
131 1520 176 1547 καὶ
189 1519 274 1546 ταῦτα
289 1519 410 1554 λέγοντες
422 1519 558 1546 πείθουσιν
573 1519 637 1554 (40).
652 1528 662 1544 ι

46 1593 110 1628 Ὅρα
121 1592 152 1629 δὴ
167 1593 216 1619 κα¹ι
230 1594 259 1619 ἐν
274 1592 376 1624 τούτοις
392 1592 451 1619 τίνα
467 1592 565 1628 τρόπον
576 1591 710 1628 διασύρων
721 1592 783 1623 τοὺς
798 1595 818 1623 c

35 1640 72 1674 αρ’
85 1641 147 1674 ἡμῖν
167 1639 340 1671 διδάσκοντας
359 1639 404 1666 τὸν
424 1639 520 1672 λόγον,
540 1638 588 1664 καὶ
605 1638 650 1664 ἐπὶ
669 1637 712 1664 τὸν
733 1637 787 1664 τῶν

34 1691 73 1711 λων
88 1685 251 1722 δημιουργὸν
262 1686 342 1711 παντὶ
354 1685 444 1720 τρόπῳ
457 1685 505 1720 τὴν
515 1683 602 1720 ψυχὴν
617 1684 787 1715 ἀναϐιϐάζειν

35 1731 202 1766 ειρωμὲνους,
224 1731 405 1767 παριστάντας
423 1731 450 1758 δὲ
467 1731 513 1757 καὶ
533 1730 570 1762 ὠς
594 1730 646 1766 χρὴ
663 1730 712 1766 μὲν
734 1730 788 1757 τῶν

34 1775 140 1811 ἱσοητῶν
160 1777 208 1802 καὶ
224 1776 396 1812 προσκαίρων
419 1776 465 1802 καὶ
485 1775 656 1810 βλεπομένων
680 1775 788 1801 πάντων

34 1822 196 1856 ιταφρονεῐν,
207 1821 294 1847 πάντα
310 1820 337 1847 δὲ
352 1821 479 1856 πράττειν
494 1821 562 1856 ὑπὲρ
579 1819 624 1846 τοῦ
636 1821 725 1854 τυχεῖν
738 1819 790 1853 τῆς

34 1864 55 1890 :ﬁ
73 1865 138 1892 Θεοῦ
153 1866 306 1897 κοινωνίας,
327 1866 374 1892 καὶ
386 1866 435 1901 τῆς
456 1866 509 1892 τῶν
528 1865 628 1900 νοητῶν
643 1865 688 1891 καὶ
705 1866 787 1900 ἀορά-

33 1920 62 1938 ων
74 1911 198 1947 θεωρίας,
209 1912 255 1938 καὶ
265 1912 400 1947 μακαρίας
414 1911 480 1947 μετὰ
492 1911 556 1938 Θεοῦ
566 1911 612 1938 καὶ
623 1911 675 1937 τῶν
683 1911 788 1937 οἰκείων

33 1956 55 1981 νῦ
73 1956 138 1983 Θεοῦ
151 1956 320 1991 διεξαγωγῆς
333 1957 399 1992 (Ill),
419 1957 583 1993 παραϐάλλει
606 1957 702 1988 αὐτοὺς
720 1957 790 1983 κατὰ

33 2001 58 2033 lt;
69 2002 156 2034 οἰκίας
170 2003 330 2037 ἐριουργοῖς,
351 2003 397 2028 καὶ
406 2003 461 2034 τοῖς
483 2002 664 2037 σκυτοτόμοις,
677 2002 721 2028 καὶ
734 2004 789 2034 τοῖς

33 2047 149 2080 ικαςεῦσι,
166 2048 277 2078 καὶτοῖς
293 2048 494 2083 ἁγροικοτάτοις
506 2047 559 2074 τῶν
575 2047 789 2083 ἁνΟρώπων,ὲπὶ

33 2092 44 2119 '1
54 2093 141 2126 φαῦλα
152 2093 382 2129 προκαλουμένοις
393 2094 488 2126 παῖδας
501 2095 598 2129 κομιόη
610 2095 732 2130 νηπίους,
744 2095 790 2121 καὶ

33 2138 115 2170 ύναια,
127 2139 160 2165 ἵν’
173 2139 309 2166 ἀποστῶσι
328 2140 376 2175 μὲν
388 2140 489 2175 πατρὸς
501 2141 547 2166 καὶ
558 2139 731 2172 διδασκάλων,
744 2140 791 2167 αὑ-

33 2186 64 2216 )ῐς
79 2185 106 2211 δὲ
121 2185 250 2211 ἕπωνται.
264 2185 341 2217 Τίνος
352 2185 405 2221 γὰρ
421 2185 523 2220 πατρὸς
540 2186 738 2221 σωφρονοῦντος
749 2206 755 2218 ,
772 2186 789 2221 ἢ

33 2230 87 2257 [νων
95 2230 261 2257 διδασκάλων
277 2231 425 2266 σεμνότερα
433 2231 617 2262 διδασκόντων,
635 2231 790 2265 ἁςειστῶμεν

33 2276 72 2307 οὺς
79 2277 175 2309 παῖδας
184 2276 272 2303 καὶτὰ
279 2277 375 2311 γύναια
386 2277 585 2313 παραστησάτω
598 2278 611 2304 ὁ
627 2277 736 2309 Κέλσος,
746 2277 791 2303 καὶ

33 2323 252 2359 ντιπαραϐαλέτω
269 2323 314 2349 ἐπὶ
330 2323 383 2350 τῶν
398 2323 562 2359 προσιόντων
578 2323 617 2359 τῷ
630 2323 701 2358 λόγῳ
714 2323 790 2358 ἡμῶν

34 2368 110 2395 αίόων
143 2369 192 2396 καὶ
207 2369 334 2403 γυναίων,
356 2369 457 2404 πότερα
476 2369 552 2400 τίνας
572 2369 626 2404 (42)
644 2366 681 2395 ὧν
694 2369 790 2404 ἤκουον

49 2473 102 2508 (56)
119 2474 166 2502 Sic
186 2481 250 2502 mss.
274 2478 301 2500 et
313 2472 472 2504 Philocalia,
487 2472 554 2499 alias
571 2481 644 2504 vero,
659 2471 788 2499 ἀπαιδεύ-

34 2515 80 2539 ους.

48 2554 102 2589 (57)
121 2542 212 2582 Codex
226 2554 399 2585 Basileensis,
409 2555 504 2585 κενοῖς.
519 2553 603 2586 Alias,
618 2554 730 2584 καινοῖς,
744 2553 790 2579 mi-

36 2597 63 2615 us
77 2588 155 2616 bene.
168 2589 251 2616 Paulo
269 2593 329 2624 post
342 2588 498 2617 Bolterellu's
513 2589 685 2615 scribendum
700 2593 788 2622 putat,

34 2626 157 2658 τιοφανεῖν
169 2624 323 2660 εὐδαίμονα.

50 2671 102 2704 (58)
118 2670 288 2705 Διέτρεσαν.
314 2670 351 2698 Ita
375 2670 453 2697 codd.
473 2669 607 2701 Vaticani,
626 2669 742 2704 Regius,
764 2673 792 2695 et

34 2707 177 2739 ,nglicanus
195 2706 297 2740 primus
309 2725 317 2738 ,
341 2705 433 2738 sicque
446 2704 520 2740 libb;
538 2705 660 2740 impressi
678 2705 702 2740 in
718 2711 790 2729 Inar-

35 2740 84 2771 ine,
108 2749 134 2768 et
156 2739 200 2768 est
209 2741 323 2776 genuina
339 2741 429 2767 lectio.
442 2739 639 2776 Sic_llomerus,
652 2739 791 2776 διέτρεσαν

34 2775 117 2806 mai;
131 2774 222 2807 ἇλλοςῖ
242 2775 409 2803 llueschelius
431 2780 460 2801 et
484 2774 636 2810 Spcncerus
662 2774 689 2801 in
706 2778 790 2805 textu,

33 2811 65 2835 ιέτ
71 2811 164 2845 ρειᾷαν.

50 2857 103 2893 (59)
127 2857 355 2892 Ἐθελήσουσιν.
369 2857 466 2885 Guielo
487 2857 593 2884 videtur
606 2854 786 2886 SCribcudum,

870 1592 913 1619 56.
934 1592 965 1619 Et
979 1592 1024 1619 hic
1039 1592 1100 1620 vide
1115 1592 1212 1627 quibus
1228 1593 1353 1620 doctores
1372 1597 1482 1620 nostros
1501 1593 1619 1622 lacessat

838 1638 965 1673 injuriis:
982 1639 1026 1673 qui
1051 1643 1139 1666 tamen
1161 1640 1248 1666 modis
1261 1639 1387 1667 omnibus
1406 1645 1538 1666 conantur
1558 1641 1618 1667 ani-

838 1692 908 1710 mam
927 1686 959 1711 ad
985 1692 1074 1711 rerum
1099 1685 1219 1712 omnitun
1237 1686 1403 1712 conditorem
1428 1687 1554 1717 evehere,
1572 1687 1618 1721 qui

838 1731 935 1756 docent
950 1731 1164 1758 contemnendas
1183 1738 1243 1758 esse
1262 1738 1305 1757 res
1329 1730 1452 1757 sensibus
1472 1731 1619 1765 subjectas,

838 1776 955 1802 caducas
970 1781 997 1802 ct
1017 1783 1076 1809 quae
1090 1775 1235 1807 videntur;
1252 1775 1371 1809 nihilque.
1391 1783 1442 1802 non
1455 1775 1618 1807 faciendum,

838 1825 867 1847 ut
890 1826 1061 1855 comparetur
1081 1820 1124 1847 illa
1145 1829 1205 1846 eum
1232 1820 1286 1847 Deo
1303 1821 1429 1852 societas,
1449 1821 1474 1846 in
1490 1828 1544 1855 qua
1560 1828 1620 1855 qua:

839 1873 935 1893 sensus
958 1871 1087 1900 superant
1111 1873 1187 1893 meus
1215 1871 1308 1893 nostra
1335 1866 1574 1900 contemplabitur,
1593 1871 1620 1892 et

839 1913 916 1941 beata
932 1921 991 1939 cum
1009 1913 1063 1939 Deo
1075 1913 1223 1947 amicisque
1242 1912 1300 1946 ejus
1317 1912 1369 1938 vita
1391 1911 1573 1946 perfruentur.
1587 1911 1617 1938 lli

839 1963 900 1986 sunt
913 1958 1027 1990 scilicet,
1044 1966 1111 1992 quos
1122 1958 1159 1984 ait
1169 1958 1263 1985 Celsus
1279 1957 1382 1984 similes
1404 1957 1528 1990 lanificis,
1545 1962 1620 1984 suto-

839 2006 923 2036 ribus,
939 2005 1086 2031 fullonibus
1102 2010 1128 2031 et
1149 2004 1286 2031 hominum
1303 2004 1498 2034 rusticissirnis,
1520 2003 1566 2037 qui
1586 2003 1619 2029 ad

840 2050 907 2077 mala
923 2049 1051 2084 puerulos
1073 2053 1099 2075 et
1127 2048 1299 2074 mulierculas
1313 2048 1441 2082 instigant
1459 2051 1618 2081 urgentque,

840 2100 878 2128 nt,
896 2101 971 2130 patre
984 2099 1010 2121 et
1025 2093 1233 2128 prmceptorihus
1246 2093 1379 2124 dimissis,
1395 2101 1424 2120 se
1440 2093 1472 2119 ad
1490 2093 1562 2126 ipsos
1575 2099 1622 2126 ap-

841 2141 940 2174 plicent
950 2144 977 2166 el
991 2139 1148 2174 adiungant.
1162 2138 1264 2165 lndicet.
1275 2145 1340 2172 ergo
1353 2138 1478 2172 quisnam
1497 2137 1532 2164 sit
1545 2142 1621 2170 pater

840 2186 885 2212 ille
903 2185 1019 2219 sapiens.
1037 2190 1082 2212 aut
1095 2185 1203 2219 quinam
1218 2185 1272 2211 sint
1291 2184 1330 2211 illi
1352 2184 1473 2219 magistri
1493 2184 1600 2211 virtutis
1612 2204 1620 2215 ,

843 2240 857 2258 ιι
879 2231 976 2265 quibus
1001 2238 1098 2264 pueros
1122 2235 1150 2258 et
1175 2229 1348 2258 mulierculas
1365 2230 1576 2261 abduxerimus;
1594 2233 1622 2256 et

808 2267 828 2294 ί)
843 2276 985 2303 conferens
999 2283 1059 2309 qua:
1084 2276 1211 2303 docemus
1227 2282 1324 2310 pueros
1347 2279 1374 2301 et
1391 2274 1562 2302 niulierculas
1577 2281 1623 2300 no-

843 2328 928 2349 stram
943 2322 1093 2350 doctrinam
1110 2321 1247 2356 amplexos
1268 2328 1329 2347 cum
1352 2321 1384 2346 iis
1398 2328 1458 2354 qua:
1474 2324 1537 2346 ante
1554 2320 1622 2346 didi-

845 2371 947 2400 cerant,
973 2367 1053 2402 485
1070 2368 1196 2394 ostendat
1218 2375 1266 2394 eos
1289 2366 1322 2393 ab
1339 2366 1459 2392 honestis
1475 2365 1621 2399 probisque

842 2472 1026 2508 ὲκολήσουσιν.
1041 2471 1096 2506 Ego
1108 2470 1175 2498 nihil
1188 2469 1285 2497 mutari
1298 2468 1390 2496 velim.

879 2527 933 2589 {30)
952 2527 1015 2554 Mss.
1033 2527 1188 2559 Πείθωσιν,
1215 2525 1383 2552 llmschelius
1407 2529 1434 2552 et
1459 2523 1618 2558 Speucerus.

881 2572 888 2589 ι
906 2571 990 2589 ουσιν,

843 2571 876 2588 πε
881 2571 990 2589 ιυουσιν,

878 2618 933 2654 (Μ)
952 2616 1144 2654 Διεξατιωγῇς.
1161 2616 1313 2643 Bohcrellus
1325 2620 1417 2644 censet
1434 2615 1528 2642 melius
1554 2613 1621 2640 forte

843 2652 894 2690 legi
911 2652 988 2688 posse
1000 2652 1144 2686 διαγωγῆς.

881 2710 938 2746 (A2)
958 2711 1071 2743 Πότερα
1085 2709 1178 2746 τινας,
1193 2713 1247 2746 etc.
1263 2707 1335 2746 Lego
1346 2715 1406 2734 cum
1420 2707 1513 2746 eodem
1536 2706 1624 2746 Βοιω-

845 2742 933 2777 τειι.›,’
949 2742 1050 2780 πότερα
1066 2744 1136 2770 τίνα.
1150 2749 1206 2780 etc.
1221 2742 1320 2780 Quieto
1344 2748 1431 2780 autem
1449 2742 1621 2780 S(:l‘tl)9l:|(l(tln

845 2776 995 2812 videbatur,
1015 2776 1115 2814 ποτερα
1129 2779 1203 2814 τίνας
1216 2777 1378 2814 μάφιστῷμεν
1395 2777 1449 2814 τῶν
1466 2776 1621 2814 ἡμετέρων,

844 2814 880 2842 ὧν
894 2811 1001 2851 ἤκουον.
1015 2811 1114 2851 Ibidem
1130 2811 1305 2851 pt-i_)§z)c§io_v1
1315 2812 1481 2851 litescliclius
1496 2816 1522 2838 et
1537 2811 1624 2844 Speu-

844 2847 923 2879 ceru's
938 2850 1036 2878 habent
1048 2850 1073 2876 in
1089 2849 1219 2883 margine,
1237 2847 1388 2882 βελτιόνων.
