1848 3091
146 121 201 150 381

736 122 876 150 CONTRA
893 123 1031 156 CELSUM
1050 123 1105 150 LIB
1136 123 1179 151 lll.

1710 127 1762 154 982

149 190 159 205 ι
177 181 232 207 Καὶ
241 181 385 217 ἐπαιδεύθη
399 182 518 217 Μωῦσῆς
528 183 557 209 ὲν
570 182 642 218 πάσῃ
653 183 731 218 σοφίᾳ
745 183 909 217 Αἰγυπτίων,

1008 184 1047 210 ila
1068 192 1120 211 non
1138 183 1271 218 proﬂcisCi
1286 190 1300 210 a
1323 184 1388 218 Deo,
1412 188 1442 212 ut
1455 184 1617 219 praedicabat
1630 207 1637 218 ,
1657 186 1701 212 sed
1718 195 1764 220 pa-
1794 176 1796 178 ⁷

145 226 197 253 Διὰ
211 226 288 253 τοῦτο
307 227 335 254 δὲ.
358 228 405 254 καὶ
429 229 458 254 ἐν
473 229 530 260 τοῖς
552 228 701 264 τεραστίοις
721 229 866 261 ὑπενοεῖτο,
895 229 931 265 μή

145 280 214 298 ποτε
228 273 257 298 οὺ
276 272 344 299 κατὰ
359 272 408 310 τὴν
419 273 583 308 ἐπαγγελίαν
595 274 641 300 τοῦ
655 273 746 301 θεόθεν
759 275 836 310 ἥκειν
847 275 932 302 ἐποίει

144 317 226 350 αὐτὰ,
258 318 326 344 ἀλλὰ
342 319 412 346 κατὰ
429 318 464 345 τὰ
480 319 634 353 Αἰγυπτίων
665 319 823 355 μαθήματα,
851 321 932 355 σοφὸς

144 362 184 389 ὢν
198 363 226 388 ὲν
240 363 341 394 αὐτοῖς.
357 363 474 390 Τοιαῦτα
485 364 538 399 γὰρ
550 363 670 390 ὑπονοῶν
684 364 748 400 περὶ
761 364 843 391 αὐτοῦ
856 366 870 392 ὁ
885 365 932 400 βα-

145 408 245 440 σιλεὺς,
266 409 379 435 ἐκάλεσε
396 410 460 441 τοὺς
477 410 617 441 ἐπαοιδοὺς
633 409 687 436 τῶν
702 411 867 444 Αίγυπτίων.
884 411 931 437 καὶ

147 463 158 479 α
173 454 235 486 τοὺς
253 454 381 489 σοφιστὰς
403 456 524 487 καὶτοὺς
539 457 702 492 φαρμακεῖς,
718 465 728 483 ι
743 456 839 488 οἵτινες
852 456 931 491 ἠλέγ-

143 500 248 535 χθησαν
265 501 294 527 τὸ
308 501 384 528 οὐδὲν
399 501 473 534 ὄντες
486 502 523 534 ὡς
536 503 604 538 πρὸς
615 502 663 538 τὴν
678 503 706 529 ὲν
720 503 824 538 Μωῡσῇ
834 501 930 537 σοφίαν

143 547 214 582 ὑπὲρ
231 548 319 573 πᾶσαν
334 547 489 582 Αἰγυπτίων
504 548 609 583 σοφίαν.

179 591 248 618 Ἀλλ’
264 592 337 624 εἰκὸς
353 592 387 619 τὰ
400 594 579 629 γεγραμμένα
595 594 625 620 ὲν
638 593 755 629 τῇγπρὸς
770 593 930 629 Κορινθίους

142 639 265 676 προτέρᾳ
277 638 315 674 τῷ
327 639 434 674 Παύλῳ,
450 640 488 671 ὡς
503 640 569 676 πρὸς
582 639 712 676 Ἕλληνας
725 640 772 666 καὶ
799 639 868 675 μέγα
880 648 929 674 φυ-

143 685 247 716 σῶν-τας
267 685 313 711 ἐπὶ
328 686 360 721 τῇ
376 684 517 721 Ἑλληνικῇ
544 686 634 722 σοφίᾳ,
655 686 827 722 κεκινηκέναι
840 685 926 718 τινὰς,

141 731 180 763 ὼς
201 730 247 757 τοῦ
262 730 342 765 λόγου
358 731 394 766 μὴ
411 730 572 767 βουλομένου
594 732 701 768 σοφούς.
718 732 786 759 Ἀλλ’
806 732 928 759 ἀκουέτω

139 778 155 803 ὁ
167 777 202 804 τὰ
216 777 326 803 τοιαῦτα
340 777 468 813 νομίζων,
487 778 537 809 ὅτι,
556 778 648 814 ὥσπερ
661 778 809 805 διαϐάλλων
824 777 927 813 ἀνθρώ-

139 831 208 854 πους
232 822 347 856 φαύλους
367 824 381 849 ὁ
401 823 478 857 λόγος
501 823 580 858 φησὶν
602 824 699 855 αὐτοὺς
716 821 786 851 εἶναι
808 824 838 850 οὐ
863 825 926 859 περὶ

138 868 194 894 τῶν
209 868 311 904 νοητῶν
329 869 375 895 καὶ
394 869 516 904 ἀοράτων
534 870 581 896 καὶ
595 870 711 896 αἰωνίων
731 871 841 904 σοφοὺς,
858 869 925 896 ἀλλὰ
942 859 961 885 Β

139 915 204 951 περὶ
216 915 303 950 μόνων
323 915 376 942 τῶν
397 915 531 950 αἰσθητῶν
549 916 854 952 πραγματευσαμένους,
879 917 925 943 ml.

137 960 167 987 ἐν
190 959 293 992 τούτοις
311 961 345 987 τὰ
370 961 459 988 πάντα
478 961 644 997 τιθεμένους,
667 959 735 988 εἶναι
753 962 849 996 σοφοὺς
877 962 924 988 τοῦ

137 1005 252 1041 κόσμου’
266 1005 390 1032 οὕτωκαὶ
401 1006 597 1034 πολλῶνὸντων
612 1007 753 1042 δογμάτων
768 1007 816 1043 (4),
832 1007 866 1033 τὰ
875 1007 924 1042 μὲν

137 1051 353 1087 συναγορεύοντα
369 1052 418 1088 ὕλῃ
441 1053 487 1079 καὶ
507 1052 623 1088 σώμασι,
639 1053 685 1079 καὶ
700 1053 788 1079 πάντα
809 1053 924 1087 φασκόν-

136 1105 191 1123 των
201 1094 271 1123 εἶναι
290 1097 402 1133 σώματα
417 1098 450 1124 τὰ
465 1099 674 1134 προηγουμένως
685 1099 864 1134 ὑφεστηκότα,
876 1100 922 1126 καὶ

137 1142 222 1177 μηδὲν
242 1143 318 1179 παρὰ
334 1143 418 1170 ταῦτα
438 1141 506 1170 εἶναι
522 1143 594 1176 ἄλλο,
610 1144 663 1170 εἴτε
680 1143 823 1179 λεγόμενον
838 1144 921 1180 ἀόρα-

135 1196 181 1214 τον
198 1188 246 1215 εἴτ’
263 1189 458 1225 ὀνομαζόμενον
475 1189 628 1225 ἀσώματον,
647 1190 728 1226 φησὶν
744 1188 811 1216 εἶναι
827 1190 921 1224 σοφίαν

135 1233 182 1260 τοῦ
191 1234 293 1269 κόσμου
302 1236 534 1271 καταργουμένην,
547 1236 593 1262 καὶ
604 1236 807 1272 μωραινομένην
815 1236 863 1271 (ὅ),
875 1237 921 1263 καὶ

136 1279 232 1314 σοφίαν
245 1280 290 1306 τοῦ
308 1281 403 1313 αἰῶνος
412 1282 518 1308 τούτου*
529 1281 563 1308 τὰ
576 1282 604 1308 δὲ
618 1282 793 1317 μετατιθέντα
808 1282 856 1318 τὴν
869 1283 919 1317 ψυ-

134 1325 184 1360 χὴν
196 1326 249 1352 ἀπὸ
263 1326 314 1353 τῶν
326 1327 388 1362 τῇδε
406 1327 574 1363 πραγμάτων
589 1328 636 1354 επὶ
647 1327 696 1363 τὴν
711 1328 786 1364 παρὰ
797 1328 856 1363 Θεῷ
871 1338 920 1363 μα-

134 1372 284 1407 καριότητα
297 1373 344 1399 καὶ
359 1373 405 1408 τὴν
422 1373 589 1408 καλουμένην
605 1373 685 1400 αὐτοῦ
701 1374 845 1408 βασιλείαν,
873 1376 919 1402 καὶ

134 1417 293 1444 διδάσκοντα
312 1420 489 1454 καταφρονεῖν
505 1420 553 1454 μὲν
569 1418 606 1451 ὡς
623 1419 796 1455 προσκαίρων
812 1421 919 1448 πάντων

134 1464 188 1490 τῶν
208 1464 344 1499 αἰσθητῶν
368 1466 413 1491 καὶ
436 1465 618 1501 βλεπομένων,
636 1466 759 1493 σπεύδειν
777 1467 806 1493 δὲ
820 1468 865 1494 ἐπὶ
885 1468 919 1494 τὰ

133 1509 246 1545 ἀόρατα,
264 1511 310 1536 καὶ
326 1512 436 1537 σκοπεῖν
455 1512 488 1538 τὰ
510 1511 546 1547 μὴ
558 1512 719 1547 βλεπόμενα,
735 1513 821 1540 ταῦτά
848 1522 913 1548 φησι

134 1556 232 1590 σοφίαν
245 1555 312 1583 εἶναι
332 1557 409 1584 Θεοῦ.
426 1557 574 1594 Φιλαλήθης
595 1558 617 1584 δ’
634 1557 671 1585 ὢν
688 1559 701 1585 ὁ
718 1559 822 1591 Παῦλός
848 1568 914 1594 φησι

133 1600 197 1636 περί
210 1609 289 1628 τινων
302 1602 330 1628 ὲν
345 1602 456 1638 Ἕλλησι
474 1603 562 1636 σοφῶν
577 1603 604 1629 ἐν
623 1600 663 1634 οἷς
678 1603 863 1638 ἀληθεύουσιν·
879 1604 918 1631 ὅτι

135 1656 145 1672 α
166 1647 277 1678 Γνόντες
297 1648 343 1674 τὸν
357 1648 432 1679 Θεὸν,
448 1648 496 1683 οὐχ
511 1649 549 1680 ὡς
564 1649 629 1675 Θεὸν
647 1649 786 1681 ἐδόξασαν,
805 1650 821 1685 ἢ
835 1650 919 1685 ηὐχα-

133 1693 275 1727 ρίστησαν.
293 1703 302 1719 ι
320 1694 374 1720 Καὶ
387 1695 519 1729 μαρτυρεῖ
526 1695 623 1726 αὐτοὺς
637 1695 672 1730 (6)
685 1695 832 1730 ἐγνωκέναι
841 1696 916 1722 Θεόνο

131 1738 207 1772 λέγει
222 1739 250 1765 δὲ
270 1740 317 1767 καὶ
330 1739 401 1766 τοῦτ’
413 1741 462 1767 οὐκ
477 1740 550 1766 ἀθεεὶ
563 1741 653 1772 αὐτοῖς
673 1741 823 1775 γεγονέναι,
838 1742 866 1768 ἐν
878 1739 918 1774 οἷς

131 1785 233 1819 γράφει
248 1785 288 1812 τό-
309 1795 318 1811 ε
338 1787 366 1812 Ὀ
380 1786 445 1818 Θεὸς
464 1787 518 1821 γὰρ
542 1787 632 1818 αὐτοῖς
649 1788 828 1822 ἐφανέρωσεν·
850 1797 859 1812 ι
877 1789 919 1814 αἱ-

130 1830 298 1865 νισσόμενος,
312 1829 397 1866 οἶμαι,
409 1832 473 1863 τοὺς
486 1831 676 1864 ἀναϐαίνοντας
685 1832 738 1858 ἀπὸ
749 1832 802 1858 τῶν
813 1832 917 1867 ὁρατῶν

130 1872 180 1902 εει
192 1876 226 1902 τὰ
237 1876 328 1912 νοητὰ,
346 1877 389 1903 ὅτε
405 1877 514 1912 γράψει’
529 1878 570 1904 ὃτι
589 1887 598 1903 t
617 1877 652 1904 τὰ
666 1878 768 1913 ἀόρατα
782 1878 828 1904 τοῦ
849 1878 917 1904 Θεοῦ

130 1920 186 1946 ἀπὸ
197 1920 308 1952 κτίσεως
320 1921 421 1956 κόσμου
438 1923 494 1953 τοῖς
509 1922 641 1957 ποιήμασι
657 1922 787 1956 νοούμενα
804 1922 918 1958 καθορᾶ-

129 1974 189 1997 ται,
208 1966 224 2001 ἥ
239 1974 268 1992 τε
285 1966 369 1998 ἀΐδιος
385 1967 467 1993 αὑτοῦ
491 1967 604 2003 δύναμις
620 1968 667 1995 καὶ
684 1968 797 2004 θειότης
823 1969 863 2000 εἰς
887 1969 917 1995 τὸ

131 2009 203 2038 εἶναι
216 2013 313 2044 αὐτοὺς
325 2013 552 2048 ἀναπολογήτους·
573 2014 637 2040 διότι
651 2014 760 2048 γνόντες
782 2014 827 2040 τὸν
840 2014 915 2046 Θεὸν,

131 2059 183 2094 οὐχ
194 2059 231 2091 ὡς
244 2059 309 2086 Θεὸν
321 2059 458 2092 ἐδόξασαν,
473 2060 489 2095 ἢ
503 2059 713 2096 ηὐχαρίστησαν.
729 2069 739 2085 ι

926 1533 948 1561 C

168 2149 244 2184 Τάχα
256 2149 284 2176 δὲ
292 2150 338 2176 καὶ
356 2150 387 2176 ὲκ
398 2149 454 2180 τοῦ,
465 2159 473 2174 ε
483 2149 599 2176 Βλέπετε
611 2150 638 2175 δὲ
652 2150 700 2185 τὴν
719 2150 812 2186 κλῆσιν
828 2151 914 2186 ὑμῶν,

985 230 1051 257 trari
1065 229 1266 263 disciplinarum
1279 228 1502 264 Egyptincarum
1526 238 1588 265 ope,
1604 231 1700 265 quibus
1715 239 1762 265 up-

983 278 1068 312 prime
1081 278 1202 305 eruditus
1218 281 1285 304 erat.
1301 277 1357 311 Qua
1376 278 1528 312 suspicione
1539 282 1626 305 motus
1642 285 1698 310 rex,
1715 285 1762 304 ac-

982 323 1094 350 cersivit
1110 323 1293 350 incautatores
1309 323 1461 359 Egyptios,
1481 333 1490 349 ι
1507 324 1642 358 sapientes
1660 328 1688 350 et
1704 331 1762 350 ma-

981 369 1072 397 leﬁcos
1086 369 1120 402 ",
1140 379 1150 395 ι
1166 377 1234 403 quos
1249 369 1323 396 brevi
1338 369 1426 404 patuit
1441 369 1507 396 nihil
1518 374 1578 396 esse
1591 377 1647 404 pra:
1659 368 1760 404 Moyse,

981 414 1057 449 cujus
1085 414 1220 449 sapientia
1246 421 1353 441 omnem
1383 414 1572 449 Egyptiorum
1602 414 1761 450 sapientiam

980 461 1137 495 superabat.

1015 596 1058 622 l7.
1074 594 1227 622 Verisimile
1239 598 1290 627 est,
1307 601 1366 628 qua:
1386 593 1483 620 Paulus
1500 593 1526 620 in
1543 593 1636 627 priore
1662 601 1709 620 sua
1726 594 1759 621 ad

979 639 1136 667 Corinthios
1152 639 1186 671 ³⁸,
1200 639 1309 666 Graecos
1327 638 1431 666 scilicet
1451 637 1607 665 Grarcanica
1626 638 1759 673 sapientia

978 684 1096 717 inﬂatos,
1118 685 1236 720 scripsit,
1255 693 1286 712 ea
1304 685 1424 711 movisse
1440 684 1583 718 quosdam,
1601 688 1631 711 nt
1647 684 1758 718 sapien-

979 734 1019 757 tes
1038 737 1051 756 a
1069 734 1160 765 postra
1179 729 1308 764 religione
1334 729 1441 756 excludi
1459 730 1610 756 crederent.
1637 728 1688 762 Qui
1706 729 1758 756 sibi

979 775 1030 802 hoc
1045 776 1149 803 induxit
1163 776 1189 802 in
1207 776 1337 808 animum,
1356 775 1442 803 discat
1459 776 1684 810 quemadmodum
1704 776 1759 802 illic

978 822 1176 856 reprehendens
1193 821 1330 856 improbos
1348 821 1481 854 homines,
1497 829 1544 849 eos
1563 822 1601 848 ait
1614 821 1759 856 Apestolus

976 875 1028 895 non
1048 868 1074 895 iu
1090 868 1132 895 his
1148 875 1209 895 esse
1232 868 1367 902 sapientes
1390 875 1450 902 quae
1467 868 1550 895 solius
1575 867 1760 902 intelligentia:

975 920 1049 947 sunt,
1061 921 1120 948 quae
1131 914 1180 941 sub
1197 921 1292 940 sensus
1304 921 1357 940 non
1373 913 1482 945 eadunt,
1495 921 1555 948 quae
1567 918 1666 940 aeterna
1682 917 1757 946 sunt,

974 960 1020 988 sed
1040 967 1100 986 cum
1115 960 1141 986 in
1165 959 1231 986 solis
1247 959 1420 986 scnsibilibus
1432 963 1608 992 occupentur,
1628 959 1655 986 in
1671 959 1758 994 iisque

975 1005 1221 1040 reponantomnia,
1246 1005 1382 1038 sapientes
1401 1011 1461 1031 esse
1476 1004 1554 1038 hujus
1576 1004 1684 1038 mundi;
1716 1005 1756 1031 sic

972 1051 1044 1078 inter
1066 1050 1148 1078 multa
1175 1051 1311 1085 dogmata,
1330 1059 1373 1082 ea,
1389 1057 1448 1085 quae
1462 1051 1580 1077 materizn
1602 1054 1630 1077 et
1649 1051 1756 1084 corpori

972 1096 1187 1130 patrocinantur,
1213 1104 1326 1132 quaeque
1352 1104 1406 1128 res,
1431 1097 1512 1123 etiam
1534 1104 1593 1130 qum
1620 1096 1755 1132 prtccipue

972 1139 1131 1173 subsistunt,
1144 1149 1292 1176 corporeas
1313 1148 1373 1168 esse
1386 1145 1520 1173 statuunt,
1537 1149 1641 1168 necnon
1657 1146 1755 1176 praeter

972 1186 1017 1212 illa
1033 1186 1100 1213 nillil
1114 1187 1186 1221 quod
1202 1187 1295 1214 octtlos
1313 1187 1410 1222 fugiat,
1425 1187 1491 1214 nihil
1507 1187 1696 1221 incorporeum
1707 1188 1755 1214 atl-

971 1234 1093 1265 xnittunt,
1107 1232 1141 1259 ab
1153 1233 1211 1267 ipso
1222 1233 1275 1260 dici
1287 1241 1348 1260 esse
1361 1233 1453 1260 tnundi
1474 1233 1633 1267 sapientiam
1647 1234 1753 1261 irritam

970 1278 1080 1310 factam,
1092 1279 1245 1311 evanidam,
1257 1280 1378 1313 stultam,
1391 1285 1418 1307 et
1431 1280 1591 1314 sapientiam
1607 1280 1687 1315 hujus
1704 1288 1755 1307 saa-

970 1323 1042 1356 culi;
1066 1331 1097 1350 ea
1115 1331 1178 1351 vero
1201 1332 1261 1359 quae,
1283 1326 1401 1353 animam
1417 1326 1450 1352 ab
1468 1326 1541 1353 hisce
1557 1326 1637 1353 rebus
1650 1326 1683 1353 ad
1707 1326 1754 1353 Dei

969 1369 1162 1396 beatitudinem
1174 1369 1285 1404 ejusque
1298 1379 1409 1406 regnum
1427 1373 1557 1404 evehunt,
1572 1379 1632 1407 qua!
1655 1372 1753 1400 docent

969 1414 1059 1441 omnia
1069 1415 1195 1442 sensibus
1210 1415 1288 1442 obvia
1300 1422 1477 1444 contemnere
1489 1422 1518 1444 ut
1534 1418 1653 1451 peritura
1667 1422 1695 1444 et
1707 1425 1753 1444 cu-

968 1458 1053 1490 duca;
1076 1460 1240 1487 contendere
1261 1468 1325 1488 vero
1339 1462 1372 1488 ad
1384 1469 1426 1494 ea,
1440 1469 1500 1496 quae
1517 1461 1567 1489 sub
1580 1462 1673 1490 oculos
1698 1469 1752 1489 non

969 1505 1077 1537 cadunt,
1094 1509 1121 1531 et
1137 1506 1315 1540 contemplari
1331 1514 1390 1541 qua:
1411 1515 1464 1535 non
1485 1508 1619 1541 videntur,
1644 1508 1752 1543 sapien.

971 1551 1034 1576 tiam
1053 1551 1099 1578 Dei
1128 1551 1229 1578 vocari.
1246 1552 1311 1578 Cum
1328 1557 1418 1580 autem
1443 1554 1565 1581 veritatis
1584 1558 1690 1581 amator
1715 1555 1750 1581 sit

969 1597 1078 1629 Paulus,
1096 1599 1130 1625 de
1151 1599 1313 1633 quibusdam
1335 1599 1492 1628 Graecorum
1511 1600 1681 1635 sapientibus
1706 1600 1752 1628 ubi

968 1652 1030 1671 vera
1042 1645 1170 1678 sentiunt,
1187 1647 1226 1673 ait
1246 1656 1252 1674 :
1267 1657 1276 1672 ι
1292 1647 1358 1674 Cum
1378 1647 1569 1682 cognovissent
1585 1647 1680 1679 Deum,
1698 1654 1751 1674 non

967 1692 1037 1718 sicut
1050 1691 1135 1719 Deum
1153 1692 1381 1726 gloriﬁcaverunt,
1395 1698 1442 1720 aut
1456 1694 1557 1728 gratias
1572 1699 1684 1729 egerunt
1698 1694 1748 1721 ⁸⁷.»

968 1735 1001 1763 Et
1016 1741 1129 1764 testatur
1143 1742 1235 1764 notqu
1252 1737 1306 1764 illis
1326 1737 1409 1765 fuisse
1426 1738 1527 1766 Deum:
1542 1740 1613 1773 quod
1628 1747 1677 1767 nec
1692 1740 1752 1767 sine

967 1780 1022 1808 Deo
1033 1781 1086 1809 illis
1103 1783 1248 1818 contigisse
1265 1784 1331 1816 dicit
1352 1785 1394 1811 his
1411 1784 1502 1811 verbis
1517 1796 1523 1812 ;
1547 1794 1557 1810 ι
1583 1785 1652 1813 Deus
1676 1787 1749 1813 enim

967 1827 1021 1855 illis
1037 1828 1218 1856 manilcslavit
1240 1830 1278 1862 ἐς
1309 1840 1318 1856 ι
1336 1830 1511 1858 subindicans
1526 1839 1582 1863 eos,
1607 1833 1633 1858 ni
1660 1833 1749 1865 fallor,

967 1873 1012 1906 qui
1028 1881 1043 1899 a
1055 1874 1134 1901 rebus
1146 1875 1286 1908 corporeis
1298 1875 1331 1901 ad
1346 1875 1494 1909 spiritualia
1505 1880 1620 1902 mentem
1629 1876 1748 1911 erigunt,

967 1918 1012 1945 ubi
1026 1919 1121 1946 scribit
1136 1928 1142 1945 :
1164 1929 1172 1945 ‹
1191 1920 1337 1947 luvisihilia
1355 1920 1400 1947 Dei
1413 1927 1428 1946 a
1440 1926 1565 1948 creatura
1586 1922 1688 1954 mundi,
1701 1930 1750 1957 per

966 1971 996 1990 ea
1016 1972 1076 1999 quae
1092 1965 1162 1992 facta
1179 1971 1252 1999 sunt,
1264 1967 1400 1994 intellecta
1417 1967 1634 2001 conspiciuntur;
1651 1969 1745 2002 sempi-

967 2015 1042 2036 terna
1057 2018 1163 2044 quoque
1185 2011 1243 2045 eius
1259 2012 1344 2040 virtus
1368 2018 1395 2040 et
1415 2013 1559 2040 divinitas:
1587 2014 1622 2040 ita
1641 2019 1669 2041 ut
1694 2015 1748 2042 sint

967 2056 1173 2089 inexcusabiles.
1200 2057 1268 2091 Quia
1289 2066 1349 2085 cum
1381 2059 1569 2093 cognovissent
1582 2059 1676 2094 Deum,
1693 2067 1749 2088 non.

966 2102 1035 2130 sicut
1053 2102 1136 2128 Demn
1153 2103 1373 2137 gloriﬁcaverunt
1385 2110 1432 2133 aut
1443 2106 1543 2140 gratias
1556 2110 1669 2140 egerunt
1683 2106 1715 2133 ".
1734 2115 1743 2131 ι

1001 2146 1045 2174 48.
1087 2146 1213 2174 Fortasse
1251 2149 1332 2175 etiam
1377 2150 1495 2184 opinioni
1539 2158 1658 2183 eorum,
1700 2151 1746 2185 qui

129 2195 251 2230 ἀδελφοὶ,
266 2195 306 2221 ὅτι
320 2195 350 2221 οὐ
363 2195 453 2222 πολλοὶ
468 2195 543 2230 σοφοὶ
558 2195 626 2222 κατὰ
651 2196 752 2232 σάρκα,
775 2197 806 2223 οὐ
823 2196 914 2223 πολλοὶ
931 2204 951 2231 D
1064 2194 1207 2225 ετιιάίιυῐηο
1224 2199 1270 2220 3'"-
1287 2195 1448 2229 Sal’lcnlel“,
1466 2200 1513 2223 θυι
1529 2197 1689 2230 ΡιἮάθηῑθπὶ
1703 2204 1748 2223 επ·

127 2241 249 2271 δυνατοὶ,
267 2241 296 2266 οὺ
312 2240 403 2267 πολλοὶ
417 2241 552 2275 εὐγενεῖς·
571 2241 638 2268 ἀλλά
653 2241 686 2267 τὰ
705 2241 784 2278 μωρὰ
801 2242 848 2268 τοῦ
867 2243 913 2270 κό-

129 2294 200 2321 σμου
216 2285 354 2318 ἐξελέξατο
369 2287 383 2312 ὁ
398 2286 472 2318 Θεὸς,
489 2287 532 2313 ἵνα
553 2287 718 2323 καταισχύνῃ
740 2288 802 2319 τοὺς
818 2287 914 2322 σοφούς

128 2331 180 2365 (7)⁶
195 2331 242 2357 καὶ
256 2331 289 2358 τὰ
308 2332 390 2367 ἀγενῆ
407 2331 454 2358 καὶ
472 2331 504 2358 τὰ
528 2331 724 2368 ἐξουθενημένα
743 2332 881 2365 ἐξελέξατο
898 2333 913 2359 ὁ

127 2377 206 2408 Θεὸς,
223 2377 270 2403 καὶ
281 2377 315 2403 τὰ
329 2377 365 2412 μὴ
378 2377 449 2409 ὅντα,
465 2377 508 2403 ἵνα
519 2376 552 2403 τὰ
566 2376 628 2403 ὄντα
640 2378 809 2414 καταργήσῃ·
822 2377 864 2404 ἵνα
875 2378 912 2413 μὴ

127 2423 300 2458 καυχήσηται
315 2423 389 2449 πᾶσα
403 2421 470 2458 σὰρξ
483 2422 595 2449 ἐνώπιον
609 2422 700 2449 αὐτοῦ·
721 2433 730 2449 ι
749 2422 912 2458 ἐκινήθησάν

126 2476 200 2498 τινες
214 2467 281 2503 πρὸς
294 2467 324 2494 τὸ
340 2468 439 2494 οἴεσθαι
455 2469 494 2494 ὅτι
508 2468 593 2499 οὐδεὶς
606 2468 817 2504 πεπαιδευμένος
830 2468 846 2502 ἦ
867 2477 912 2495 σο-

162 2535 187 2552 "
204 2535 286 2562 Exod.
303 2543 349 2568 vn,
366 2535 408 2562 10.
443 2536 467 2552 ⁸⁸
481 2536 564 2563 lCor.
579 2545 600 2569 ι,
618 2537 650 2564 l8
666 2544 724 2571 seq.

164 2593 204 2627 (ι)
218 2593 282 2631 Mss.
299 2600 326 2620 et
336 2593 494 2631 Philoealia.
506 2595 590 2622 ὄντων
605 2596 755 2631 δογμάτων,
772 2597 849 2626 alias.
866 2598 903 2623 ὂψ

128 2636 183 2654 των
197 2628 411 2666 καιλδογμάτων.
421 2630 504 2657 Paulo
518 2637 578 2663 post
593 2628 761 2658 negemus
778 2637 804 2658 et
825 2633 912 2666 Speli-

128 2671 218 2701 cerus,
236 2663 285 2699 ὕλῃ
304 2667 350 2701 καὶ
368 2663 482 2701 σώματι.
503 2665 602 2692 Ibidem
626 2675 673 2700 pro
689 2667 777 2693 πάντα
796 2663 911 2701 φασκόν-

126 2706 193 2728 των,
205 2699 261 2731 legu
276 2699 363 2725 πάντα
377 2700 524 2733 φάσκοντα.

165 2732 202 2772 (ξ)
219 2733 280 2760 Mss.
300 2741 327 2761 et
339 2732 498 2772 Philocaliu,
513 2736 726 2772 μωραινομένην.
740 2735 909 2764 llmschelius

126 2771 158 2794 et
168 2768 335 2805 §pencerus,
350 2768 560 2805 μαραινομένηνέ

163 2801 202 2838 (ρ)
217 2801 370 2838 l’hilocalia.
384 2801 490 2836 αὐτούς,
509 2801 584 2835 alias,
598 2806 699 2838 αὐτοῖς.

165 2837 206 2874 ι7)
221 2837 284 2867 Post
300 2847 392 2867 vocum
407 2839 515 2874 σοφούς,
530 2840 556 2867 in
576 2837 720 2869 llmscliclii
737 2845 763 2869 ct
777 2841 908 2876 Speuceri

777 2537 798 2552 ⁸⁷
814 2537 893 2566 Rom.
908 2545 927 2571 ι,
944 2538 988 2565 2|.

966 2240 1101 2266 bitrantur
1117 2239 1143 2265 in
1161 2244 1281 2267 nostram
1297 2241 1455 2269 societatem
1476 2250 1528 2269 non
1544 2243 1640 2278 recipi,
1657 2244 1745 2270 locum

965 2285 1070 2312 dederit
1087 2285 1131 2312 hic
1144 2285 1213 2312 alius
1227 2285 1302 2312 Pauli
1320 2287 1395 2318 locus
1413 2297 1419 2314 :
1442 2297 1451 2314 (
1469 2289 1565 2315 Videte
1583 2294 1674 2316 autem
1697 2297 1746 2316 vo-

965 2331 1099 2357 cationem
1117 2335 1245 2365 vestram,
1260 2331 1370 2365 fratres,
1387 2334 1451 2368 quia
1466 2342 1520 2361 non
1541 2336 1619 2362 multi
1637 2336 1745 2370 sapien-

967 2381 1007 2404 tes
1024 2377 1171 2405 secundum
1197 2385 1325 2410 carnem.
1346 2387 1399 2405 non
1425 2380 1502 2407 multi
1525 2386 1664 2415 potentes,
1691 2390 1744 2408 non

967 2423 1042 2451 multi
1060 2424 1180 2456 nobiles;
1202 2425 1249 2452 sed
1276 2432 1335 2459 qua:
1363 2425 1444 2453 stulta
1463 2431 1528 2453 sunt
1550 2427 1642 2454 mundi
1664 2427 1744 2462 elegit

967 2468 1050 2500 Deus,
1063 2475 1090 2496 ut
1104 2470 1250 2497 confundat
1267 2472 1413 2507 sapientes;
1431 2476 1458 2498 et
1472 2471 1599 2507 ignobilia
1614 2473 1704 2500 mundi
1716 2478 1745 2500 et

1026 2538 1049 2554 ⁸³
1061 2538 1139 2572 lbid.,
1155 2540 1199 2567 19.
1237 2541 1259 2557 ⁸⁸
1274 2541 1353 2575 Ibid.,
1366 2541 1411 2569 20.

963 2599 1128 2637 editionihus
1140 2601 1340 2637 addunturlnec
1352 2603 1431 2629 verba
1449 2610 1509 2637 quae
1522 2603 1640 2631 uncinuli
1656 2604 1745 2631 inclu-

963 2634 1029 2673 dunt
1045 2643 1052 2660 2
1070 2635 1116 2660 καὶ
1131 2635 1165 2673 τὰ
1179 2636 1279 2673 ἀσθενῆ
1300 2637 1346 2673 τοῦ
1364 2634 1465 2673 κόσμου
1477 2637 1615 2670 ἐξελέξατο
1632 2640 1646 2665 ὁ
1667 2639 1743 2672 Θεὸς,

963 2669 1220 2708 ἵνακαταισχύνῃτὰ
1234 2669 1339 2708 ἰσχυρά,
1347 2673 1393 2699 sed
1400 2669 1623 2701 a'mss.omnibus
1635 2669 1743 2708 absunt,

962 2705 1064 2743 etideo
1078 2713 1094 2731 e
1109 2705 1182 2743 textu
1201 2705 1358 2743 recidimus,
1375 2710 1500 2742 quamvis
1520 2709 1545 2735 itt
1563 2710 1679 2743 vulgatis
1697 2705 1744 2736 Bi;

962 2739 1024 2778 bliis
1033 2740 1212 2778 reperiantur.
1227 2741 1286 2778 illo);
1298 2739 1466 2771 llmschelius
1476 2750 1505 2771 et
1521 2739 1683 2778 SpencErus,
1696 2745 1745 2771 καὶ

960 2774 995 2812 τᾷ.
1004 2775 1088 2812 ἀγενῆ
1100 2775 1213 2812 κᾴσμου,
1222 2776 1268 2812 sed
1278 2784 1327 2803 vox
1340 2778 1451 2812 κόσμου,
1464 2787 1479 2806 a
1492 2774 1590 2809 mssast
1599 2774 1744 2807 Philoealia

962 2809 1221 2849 abestLPaulopost
1235 2809 1403 2849 Hirscheliu's
1421 2819 1448 2841 et
1461 2816 1613 2849 Spencerus
1632 2816 1658 2842 in
1670 2822 1743 2847 tua;-

960 2843 1031 2879 gine,
1042 2845 1114 2877 ὅπως
1131 2843 1168 2882 μῆ
1183 2846 1359 2882 καυχήσηται.
