1848 3091
203 125 256 154 987

926 122 1086 152 ORIGENIS

1790 113 1837 141 938

215 185 285 212 Ἀλλ’
300 186 360 213 οὔτε
383 184 495 215 Κέλσος,
523 184 584 210 οὗτε
603 193 644 216 τις
666 183 721 210 τῶν
741 183 775 209 τὰ
794 182 863 210 αὐτὰ
884 182 939 218 (16)
956 180 1127 218 φρονούντων
1155 177 1303 214 ἐγκαλοῦσι
1324 179 1397 209 τοϊς,
1424 176 1494 203 κατὰ.
1515 175 1547 202 τὺ
1563 173 1735 210 φαινόμενον
1748 172 1838 202 αὐτοῖς

209 230 407 267 φιλάνθρωπον,
421 230 524 258 κινοῦσι
537 230 632 264 λόγους
654 230 700 256 καὶ
722 229 790 266 πρὸς
807 229 870 260 τοὺς
891 229 1040 260 ἰδιωτικοὺς
1049 227 1160 262 δήμους.

245 277 289 303 51.
305 265 339 302 At
356 275 379 301 si
407 275 518 302 minime
534 275 659 310 culpandi
685 265 750 301 sunt
774 274 813 301 illi
839 273 886 308 qui
908 273 934 300 id
950 273 989 300 fa-

1078 272 1108 298 Εἰ
1130 271 1152 297 δ’
1181 270 1280 297 ἐκεῖνοι
1303 269 1353 296 οὐκ
1383 269 1510 304 ἐγκλητοι
1537 266 1620 294 τοῦτο
1647 265 1835 302 πράττοντες,

208 323 298 353 ciunt;
314 322 455 348 videamus
482 328 572 348 annon
591 321 678 354 magis
705 325 733 347 et
758 320 812 346 illis
839 319 937 346 melius
956 318 990 345 ad

209 369 380 396 honestatem
397 372 544 401 provocem
557 366 717 394 Christiani.
733 365 774 392 llli
794 365 867 393 enim
883 363 991 399 publice

208 414 292 441 verba
309 413 443 440 facientes
458 411 624 446 philosophi,
635 418 688 438 non
704 411 821 445 seligunt
835 409 990 441 auditores,

209 461 256 488 sed
284 464 355 486 astat
380 458 505 493 quisquis
521 457 579 484 vult
600 462 628 484 et
644 456 730 483 audit.
759 455 909 483 Christiani
926 462 991 482 vero

208 511 272 533 ante
295 504 388 532 omnia
402 508 557 539 pertentant
574 503 662 537 quoad
679 502 743 529 licet
766 502 871 528 animas
896 508 990 528 eorum

208 553 254 587 qui
271 552 344 586 ipsos
371 550 466 577 audire
484 549 606 583 cupiunt,
627 553 654 575 et
673 548 798 582 privatim
828 547 888 575 illas
905 546 992 574 infor-

208 601 300 630 mant;
316 601 397 630 atque
413 603 473 622 cum
497 595 636 621 auditores
655 594 704 625 illi.
721 599 870 629 antequam
887 593 913 620 in
930 599 991 620 cm-

208 647 265 670 tum
282 642 472 673 admittantur,
490 641 557 667 satis
573 641 599 666 in
614 640 750 667 voluntate
767 641 881 666 honeste
895 639 991 666 viven-

208 689 234 716 di
248 688 396 723 profecisse
409 688 548 720 videnlur,
566 692 630 713 tunc
647 687 756 713 tandem
770 686 830 713 illos
847 686 994 720 recipiunt,

208 735 346 762 distinctis
370 733 523 766 ordinibus,
551 733 636 759 altero
657 740 750 759 eorum
775 733 820 766 qui
839 739 935 759 recens
950 732 993 759 in~

209 785 352 815 coeperunt
369 787 508 814 nuperque
525 779 638 806 admissi
665 784 739 811 sunt,
752 779 865 806 necdum
883 779 992 814 symbo-

208 827 264 854 lum
287 826 486 860 puriticationis
506 830 690 859 acceperunt;
709 825 796 852 altero
818 832 923 856 eorum.
940 825 987 859 qui

208 881 257 908 pro
270 872 374 899 viribus
388 879 417 899 se
432 871 643 906 comprobarunt
660 871 686 898 id
699 871 801 898 habere
813 871 991 906 propositum,

209 923 238 946 ιιι
254 918 319 945 nihil
338 917 439 949 velint,
456 917 511 944 nisi
527 925 585 951 qua:
608 916 773 944 Christianis
788 916 922 951 placeant.
939 916 993 944 Hos

1043 317 1139 353 ἴδωμεν
1153 317 1178 343 εἰ
1202 317 1239 352 μὴ
1262 316 1420 352 Χριστιανοὶ
1433 314 1534 350 μᾶλλον
1548 314 1596 340 καὶ
1610 312 1720 339 τούτων
1735 311 1836 346 βέλτιον

1042 363 1132 398 πλήθη
1149 362 1197 390 ἐπὶ
1216 361 1418 396 καλοκάγαθίαν
1433 359 1645 396 προκαλοῦνται.
1667 358 1701 384 Οῐ
1720 358 1769 392 μὲν
1785 357 1835 391 γὰρ

1041 408 1158 443 δημοσίᾳ
1169 408 1354 443 διαλεγόμενοι
1368 406 1506 442 φιλόσοφοι
1523 406 1553 431 οὑ
1570 403 1762 439 φιλοκρινοῦσι
1777 404 1837 434 τοις

1041 454 1204 486 ἀκούοντας,
1229 454 1285 480 ἀλλ’
1308 455 1322 480 ὁ
1346 453 1505 489 βουλόμενος
1528 452 1630 487 ἕστηκε
1654 450 1705 476 καὶ
1732 449 1834 476 ἀκούει.

1041 501 1197 536 Χριστιανοὶ
1208 499 1264 535 (17)
1277 500 1316 530 δὲ,
1334 499 1406 526 κατὰ
1425 499 1456 525 τὸ
1476 497 1588 524 δυνατὸν
1612 497 1721 527 αὐτοῖς,
1739 495 1836 530 ’προίει-

1042 547 1200 578 σανίσαντες
1220 547 1273 573 τῶν
1296 545 1404 572 ἀκούειν
1420 545 1493 580 σφῶν
1516 543 1690 580 βουλομένων
1714 542 1764 573 τὰς
1788 542 1836 575 ψ)-

1042 591 1101 628 χὰς,
1112 592 1158 618 καὶ
1171 593 1231 619 κατ’
1247 591 1313 618 ἰδίαν
1329 590 1420 622 αὐτοῖς
1433 591 1652 626 προεπᾲσαντες,
1670 589 1743 615 ἐπὰν
1754 587 1835 613 δοκῶ-

1043 645 1084 663 σιν
1099 636 1242 672 αὐτάρκως
1259 638 1283 663 oi
1298 636 1440 672 ἀκροαταὶ,
1455 635 1519 671 πρὶν
1533 636 1573 666 εἰς
1589 635 1621 661 τὸ
1637 634 1733 660 κοινὸν
1752 633 1835 659 εἰσελ-

1043 682 1108 714 θεῖν,
1129 682 1319 709 ἐπιδεδωκέναι
1341 682 1409 717 πρὸς
1430 681 1460 708 τὸ
1483 681 1571 707 θέλειν
1587 679 1680 711 καλῶς
1698 679 1834 714 βιοῦν-τὸ

1042 727 1166 762 τηνικάδε
1176 728 1231 763 (18)
1244 728 1341 759 αὐτοὺς
1357 727 1519 761 εἰσάγουσιν,
1538 727 1592 761 ἰδία
1603 726 1654 762 μὲν
1671 727 1833 761 ποιήσαντες

1041 774 1134 808 τάγμα
1148 773 1202 800 τῶν
1218 773 1280 809 ἄρτι
1300 773 1469 809 ἀρχομένων,
1492 773 1540 799 ’καὶ
1560 772 1766 807 εἰσαγομένων.
1793 773 1836 798 καὶ

1043 819 1149 845 οὐδέπω
1165 819 1195 845 τδ
1212 818 1344 854 σύμϐολον
1365 818 1412 845 τοῦ
1436 818 1664 854 ἀποκεκαθάρθαι
1692 819 1837 853 ἀνειληςό-

1041 874 1095 892 των
1105 874 1111 881 ·
1128 865 1220 900 ἕτερον
1232 864 1259 891 δὲ
1275 865 1306 891 τὸ
1317 865 1371 892 τῶν
1384 865 1454 891 κατὰ
1464 865 1494 891 τὸ
1506 864 1619 891 δυνατὸν
1634 865 1836 900 παραπήγ-

1042 920 1095 937 των
1108 911 1213 938 ἑαυτῶν
1231 910 1282 946 τὴν
1301 911 1468 946 προαίρεσιν,
1487 911 1536 937 οὐκ
1558 910 1622 937 ἄλλο
1634 919 1662 936 τι
1679 910 1835 945 βούλεσθαι,

208 965 281 992 inter
295 964 406 999 quidam
422 964 564 990 constituti
590 967 663 994 sunt,
680 963 726 997 qui
741 963 768 989 in
787 963 870 989 vitam
890 967 917 989 et
934 970 989 989 mo-

1082 957 1116 983 τὰ
1136 957 1310 993 Χριστιανοῖς
1331 956 1477 984 δοκοῦντα·
1493 958 1558 992 παρ’
1575 954 1616 988 οἷς
1635 957 1692 983 εἰσί
1706 965 1781 987 τινες
1794 965 1834 982 τε-

209 1018 253 1038 res
280 1018 386 1042 eorum,
411 1003 456 1044 qui
483 1009 674 1042 admittuntur,
694 1009 846 1043 inquirant,
862 1013 891 1035 ut
907 1009 992 1035 scele-

209 1065 268 1084 rum
281 1057 335 1084 reis
350 1056 519 1083 inlerdicant
533 1055 605 1082 aditu
631 1055 656 1082 in
673 1063 750 1082 suum
772 1063 915 1082 commune
929 1063 993 1082 con-

207 1103 318 1135 cilium;
350 1103 457 1129 illorum
485 1107 573 1129 autem
605 1102 751 1129 dissimiles
768 1109 799 1128 ex
818 1101 909 1128 anitno
936 1109 993 1127 am-

208 1148 291 1184 plexi,
316 1149 442 1175 meliores
459 1148 485 1174 in
503 1147 623 1181 singulos
645 1147 704 1174 dies
728 1147 857 1174 elliciant.
873 1147 910 1173 Ea
927 1153 992 1173 vero

208 1199 251 1222 est
265 1195 362 1230 agendi
382 1195 450 1221 ratio
471 1194 498 1220 in
517 1201 564 1220 cos
578 1194 623 1227 qui
643 1198 757 1228 peccant
774 1198 801 1220 et
815 1194 932 1220 maxime
946 1193 992 1227 qui

208 1240 312 1268 libidini
332 1247 361 1267 se
377 1240 490 1272 dedunt,
511 1245 539 1266 ut
558 1239 619 1266 illos
635 1246 649 1265 a
671 1246 720 1266 suo
731 1244 802 1266 coalu
819 1238 991 1273 prohibeant.

207 1287 296 1320 Atque
320 1286 345 1313 hi
364 1290 437 1318 sunt,
456 1292 523 1319 quos
539 1285 578 1312 ait
594 1284 687 1312 Celsus
705 1292 765 1312 esse
780 1285 886 1312 similes
902 1286 993 1312 circu-

209 1333 344 1360 latoribus
363 1332 452 1365 inepte
474 1331 501 1357 in
530 1331 590 1357 foro
604 1330 779 1365 uagantibus.
797 1331 836 1358 Ac
852 1331 990 1366 Pythago-

207 1386 317 1406 reorum
338 1377 446 1412 quidem
465 1376 619 1403 vcncranda
649 1377 754 1408 schola,
769 1381 892 1404 mortuos
910 1385 991 1412 repu-

209 1430 269 1451 tans
303 1431 358 1450 sua:
389 1423 522 1450 doctrinte
547 1423 712 1456 desertores,
736 1423 789 1450 illis
815 1424 992 1451 construebat

207 1470 372 1504 cenotapbia
387 1478 394 1495 :
408 1469 536 1496 similiter
548 1468 697 1495 Christiani
720 1474 750 1495 ut
762 1469 882 1503 perditos
891 1473 918 1496 et
937 1469 992 1496 Deo

210 1521 330 1543 mortuos
354 1515 446 1548 lugent
474 1522 520 1540 eos
544 1514 589 1548 qui
615 1513 728 1540 libidine
753 1519 800 1540 aut
824 1514 920 1550 quovis
938 1514 992 1541 alio

209 1562 325 1589 crimine
339 1560 433 1593 dejecti
452 1564 532 1590 sunt;
551 1559 659 1586 eosdem
675 1567 740 1586 vero
759 1551 865 1592 quiasi’e
877 1560 991 1586 mortuis

209 1605 345 1631 excitatos
360 1604 473 1634 ducunt,
490 1603 511 1630 si
528 1611 588 1630 eam
604 1611 709 1630 morum
725 1603 900 1630 mutationetn
919 1603 989 1631 fece-

210 1650 274 1679 rint,
289 1648 365 1682 cujus
382 1648 452 1675 ratio
467 1648 559 1675 haberi
583 1648 698 1680 debeat;
713 1648 817 1674 tardius
837 1653 928 1674 tamen
942 1648 990 1675 ad-

212 1695 361 1721 mittuntur
377 1701 456 1728 quam
484 1694 528 1728 qui
551 1694 638 1728 primo
665 1693 851 1728 recipiuntur:
867 1698 896 1720 et
910 1693 991 1729 482

213 1742 278 1776 quia
299 1746 358 1775 post
375 1740 522 1775 professa”:
535 1740 691 1773 religionem
708 1739 773 1774 lapsi
786 1745 859 1770 sunt,
872 1741 906 1767 ab
918 1740 992 1766 omni

209 1788 322 1822 posthac
352 1787 483 1822 dignitate
508 1793 535 1814 et
560 1787 723 1821 pt'mfectura
750 1786 778 1813 in
805 1786 924 1813 Ecclesia
943 1785 990 1814 Dei

207 1840 346 1861 arcentur.

244 1941 298 1976 (16)
328 1941 483 1974 Philocalia,
503 1942 538 1969 τὰ
561 1942 640 1973 αὑτά,
667 1946 750 1968 recte.
779 1941 864 1973 Alias,
891 1941 985 1968 ταῦτα.

207 1977 308 2004 Ibidem
337 1977 648 2012 1³Ιιίιοο.,ἐγκοιλέσουσι
673 1978 738 2008 τοῖς,
768 1982 833 2009 etc.,
861 1981 888 2003 et
910 1977 989 2012 paulo

208 2018 279 2046 post.
296 2012 399 2039 κινοῦσι
415 2012 502 2046 λόγον.

244 2048 298 2082 (17)
316 2048 484 2080 Χριστιανοὶ
500 2048 543 2077 δέ,
560 2052 612 2075 etc.
628 2047 691 2073 llaec
708 2047 873 2074 articulatim
897 2048 993 2075 distin-

207 2087 306 2116 cteque
319 2084 388 2108 llll'l:l
406 2088 469 2108 stunt
484 2084 518 2109 ab
530 2083 646 2117 Origene
662 2091 667 2108 :
682 2087 709 2108 at
724 2083 827 2115 plenius
843 2083 992 2115 intelliges,

208 2117 231 2144 si
250 2117 323 2151 legas
339 2117 474 2144 .lnstinutn
491 2119 516 2143 in
532 2119 583 2143 line
596 2118 729 2150 Ana/agite
741 2118 876 2152 secundae,
889 2122 916 2145 et
928 2118 995 2145 'l‘er-

210 2152 364 2183 tullianuin,
385 2161 445 2186 cap.
460 2153 494 2180 59
510 2153 618 2185 Apolog.
637 2153 769 2180 Sreacen.

245 2187 299 2221 (18)
317 2187 473 2223 Ι)ΙιίνΙ‹›(;;ινΙίιι,
488 2187 680 2223 τατηνικαῦτα.

1043 1003 1177 1038 ταγμέμοι
1193 1002 1260 1038 πρὸς
1278 1003 1308 1029 τὸ
1325 1002 1513 1036 φιλοπευστεῖν
1531 1003 1594 1034 τοὺς
1618 1002 1709 1037 βίους,
1727 1003 1776 1029 καὶ
1791 1004 1835 1033 τὰς

1043 1048 1154 1083 ἀγωγὰς
1174 1049 1227 1076 τῶν
1247 1049 1420 1084 προσιόντων,
1440 1049 1482 1074 ἵνα
1495 1049 1559 1080 τοὺς
1583 1048 1633 1084 μὲν
1648 1049 1685 1075 τὰ
1701 1049 1834 1085 ἐπίρῤιςτα

1043 1097 1211 1131 πράττοντας
1231 1095 1442 1122 ἀποκωλύσωσιν
1459 1095 1538 1128 ἥκειν
1561 1095 1608 1122 ἐπὶ
1620 1094 1669 1121 τὸν
1682 1095 1778 1121 κοινὸν
1793 1096 1835 1121 αὖ·

1042 1142 1096 1170 τῶν
1114 1142 1249 1176 σύλλογον,
1263 1142 1325 1172 τοὺς
1338 1141 1365 1167 δὲ
1379 1141 1415 1177 μὴ
1430 1140 1567 1172 τοιούτους
1582 1140 1632 1176 ὅλῃ
1650 1141 1730 1176 ψυχῇ
1744 1140 1835 1167 amr}:-

1043 1189 1160 1224 χόμενοι,
1182 1188 1301 1224 βελτίους
1315 1187 1449 1223 ὁσημέραι
1473 1187 1735 1219 κατασκευάζουσιν.
1751 1188 1802 1213 Οἴα
1816 1187 1835 1213 δ’

1043 1235 1114 1261 ἐστὶν
1131 1235 1221 1266 αὐτοῖς
1238 1233 1332 1269 ἀγωγὴ
1346 1233 1392 1259 καὶ
1407 1232 1470 1269 περὶ
1482 1233 1710 1268 ἁμαρτανόντων,
1726 1234 1776 1260 καὶ
1790 1235 1835 1269 μά-

1042 1281 1119 1308 λιστα
1139 1281 1193 1307 τῶν
1214 1280 1461 1307 ἀκολασταινόντων
1483 1279 1537 1314 (19)
1551 1299 1558 1311 ,
1580 1279 1628 1310 οὓς
1649 1279 1835 1306 ἀπελαῦνουςι

1041 1328 1088 1354 τοῦ
1109 1326 1198 1353 κοινοῦ
1223 1327 1247 1352 οἱ
1263 1325 1334 1352 κατὰ
1355 1325 1400 1351 τὸν
1414 1325 1517 1351 Κέλσον
1529 1324 1726 1360 παραπλήσιοι
1742 1327 1798 1357 τοῖς
1812 1327 1835 1351 ἐν

1041 1375 1100 1405 ταῖς
1113 1373 1224 1408 ἀγοραῖς
1245 1372 1278 1398 τὰ
1298 1371 1500 1407 ὲπιῤῥητότατοι
1521 1370 1774 1406 ἐπιδεικνυμένοις.
1786 1372 1834 1398 Καὶ

1041 1419 1072 1445 τὸ
1091 1419 1140 1454 μὲν
1161 1419 1215 1445 τῶν
1240 1417 1432 1452 Πυθαγορείων
1459 1416 1556 1452 σεμνὸν
1571 1416 1768 1443 διδασκαλεῖον
1785 1417 1834 1451 (Ξῡ)

1042 1464 1187 1498 κενοτάφια
1211 1463 1265 1490 τῶν
1294 1464 1469 1490 ἀποστάντων
1494 1463 1545 1498 τῆς
1574 1462 1652 1497 σφῶν
1677 1463 1835 1496 φιλοσοφίας

1041 1509 1413 1545 κατεσκεύαζε,λογιζ6μενον
1429 1509 1543 1544 νεκροὺς
1559 1509 1660 1540 αὐτοὺς
1674 1509 1833 1543 γεγοπιὰ-αι·

1041 1555 1112 1583 οὗτοι
1129 1556 1156 1582 δὲ
1166 1557 1203 1588 ὡς
1220 1556 1392 1587 ἀπολωλότας
1405 1555 1452 1582 καὶ
1465 1554 1633 1590 τεθνηκότας
1643 1554 1682 1589 τῷ
1697 1554 1761 1589 Θεῷ
1779 1555 1835 1585 τοὶς

1041 1604 1086 1629 ὑπ’
1105 1602 1247 1636 ἀσελγείας
1267 1602 1283 1637 ῆ
1299 1610 1370 1633 τινος
1386 1601 1487 1628 ἀτόπου
1503 1601 1711 1635 νενικημένους,
1739 1601 1779 1632 ὡς
1796 1610 1833 1626 νι-

1045 1650 1128 1684 κροὺς
1146 1648 1289 1675 πενθοῦσι·
1305 1649 1352 1675 καὶ
1367 1648 1404 1679 ὠς
1421 1648 1453 1674 ὲκ
1468 1647 1574 1682 νεκρῶν
1589 1648 1776 1679 ἀναστάντας,
1794 1648 1834 1673 ὲὲν

1045 1695 1181 1729 ἀξιόλογον
1194 1695 1362 1728 ὲνδείξωνται
1379 1694 1434 1729 (21)
1457 1694 1619 1730 μεταϐολὴν,
1629 1694 1723 1729 χρόνῳ
1737 1694 1834 1720 πλείονι

1042 1741 1095 1768 τῶν
1114 1742 1173 1767 κατ’
1188 1741 1275 1776 ἀρχὰς
1289 1740 1472 1775 εἰσαγομένων
1498 1740 1612 1775 ὕστερόν
1625 1748 1692 1766 ποτε
1708 1741 1834 1776 προσίεν-

1040 1796 1100 1814 ται·
1116 1788 1154 1819 εἰς
1166 1787 1292 1822 οὐδεμίαν
1305 1786 1391 1822 ἀρχὴν
1410 1786 1465 1821 (9‘2)
1480 1787 1525 1812 καὶ
1548 1787 1719 1821 προστασὶαν
1733 1787 1784 1822 τῆς
1797 1787 1835 1812 λε-

1041 1833 1325 1868 γομένηςἘκκλησίας
1335 1833 1381 1859 τοῦ
1391 1832 1458 1859 Θεοῦ
1472 1831 1669 1866 καταλέγοντες
1686 1833 1754 1864 τοὺς
1770 1833 1834 1867 φθά-

1048 1891 1154 1915 σαντας,
1171 1883 1238 1918 μετὰ
1248 1883 1278 1910 τὺ
1285 1882 1510 1919 προσεληλυθέναι
1525 1882 1650 1918 τῷλόγῳ,
1663 1882 1833 1908 ἐπταικέναι.

1042 1943 1156 1971 accedit.
1173 1943 1265 1970 11ι18ῖ11
1284 1944 1362 1976 epist.
1376 1944 1419 1975 62,
1436 1943 1468 1969 ad
1488 1942 1679 1977 Pomponium,
1696 1942 1829 1977 devirgi-

1043 1979 1123 2005 nibns
1139 1987 1145 2005 :
1163 1988 1172 2003 ‹
1186 1979 1217 2005 Et
1234 1979 1336 2005 idcirco
1355 1978 1476 2005 consulte
1491 1983 1515 2004 et
1530 1986 1591 2004 cum
1611 1977 1708 2011 vigore
1726 1976 1828 2007 fecisti,

1045 2014 1129 2040 frater
1143 2013 1316 2045 charissime,
1335 2013 1494 2040 abstinendo
1517 2013 1674 2043 diaconum,
1693 2012 1743 2045 qui
1772 2019 1831 2037 cum

1046 2048 1150 2082 virgine
1169 2056 1239 2082 srepe
1262 2049 1377 2076 mansit:
1391 2049 1436 2075 sed
1449 2053 1476 2074 ct
1492 2053 1616 2077 canet-os,
1629 2048 1675 2080 qui
1691 2054 1756 2073 cum
1775 2046 1829 2072 vir-

1047 2083 1154 2117 ginibus
1172 2083 1288 2110 dormire
1303 2087 1513 2110 consueverunt.
1539 2083 1615 2115 Quod
1643 2082 1665 2108 si
1694 2082 1833 2115 pceniten-

1048 2119 1113 2144 tiam
1130 2117 1208 2152 hujus
1225 2117 1311 2144 illiciti
1337 2118 1497 2145 concubitus
1513 2118 1554 2144 sui
1570 2118 1687 2151 egerint,
1711 2123 1740 2143 et
1769 2124 1785 2142 τι
1808 2123 1833 2142 se

1049 2153 1165 2180 invicem
1183 2153 1362 2179 recesserint:
1382 2153 1561 2186 inspicianlur
1580 2152 1690 2178 interim
1713 2152 1833 2186 virgines

1050 2189 1084 2215 al)
1099 2188 1291 2215 obstetricibus
1307 2188 1466 2222 diligenter:
1482 2193 1519 2219 et,
1535 2188 1556 2213 si
1576 2187 1698 2221 virgines
1716 2187 1832 2213 inventa:

243 2213 298 2257 (19)
317 2222 370 2248 Καὶ
390 2213 522 2256 μάλιστα
548 2213 609 2248 ἓῶνν
629 2213 922 2254 ὰκγὸνίασταινόντων,
937 2227 989 2251 etc.

1079 2224 1159 2254 crint,
1173 2213 1289 2256 accepta,
1301 2213 1550 2250 conlinnnicatioiie
1564 2222 1598 2248 ad
1616 2213 1774 2248 Ecclesia“:
1791 2223 1834 2246 ad-

208 2257 335 2288 Tertnll.,
365 2258 412 2284 lib.
439 2266 456 2284 Il
485 2259 524 2285 Ad
559 2265 677 2289 uxorem,
695 2266 754 2291 cap.
772 2258 808 2284 ὃς
828 2267 837 2283 ε
853 2258 913 2286 llmc
929 2267 989 2286 eum

208 2294 246 2320 ita
272 2293 335 2323 sint,
355 2292 459 2323 fideles,
476 2293 617 2328 gentilium
635 2293 808 2320 matrimonia
829 2295 989 2326 Subenntes,

208 2328 295 2361 stupri
312 2336 371 2354 reos
388 2335 449 2354 esse
463 2333 580 2358 constat,
598 2333 624 2354 et
640 2329 771 2354 arcendos
784 2329 817 2354 ab
831 2329 902 2355 omni
916 2337 990 2355 corti-

209 2363 394 2390 tnunicatione
410 2363 599 2391 fraternitatis.
612 2370 643 2389 ex
658 2363 755 2389 litteris
767 2364 887 2398 Apostoli
901 2364 993 2390 dicen-

210 2399 256 2429 tis,
271 2406 331 2424 cum
349 2399 480 2430 ejusmodi
498 2406 547 2424 nco
565 2398 653 2423 cibum
669 2398 776 2431 quidem
794 2399 964 2425 suutcndttm.
979 2408 989 2425 ι

208 2432 281 2459 Idem
297 2434 321 2459 in
339 2434 408 2460 libro
422 2433 459 2459 De
470 2433 610 2466 pudicitia,
623 2440 682 2465 cap.
698 2432 714 2458 4
733 2441 740 2459 :
756 2442 764 2457 ι
777 2433 839 2460 Ideo
850 2441 932 2467 penes
945 2441 992 2460 nos

208 2467 322 2495 occultae
349 2476 458 2502 quoque
486 2467 702 2503 conjunctimtes,
719 2467 744 2493 id
773 2473 823 2500 est,
841 2476 891 2494 non
917 2469 992 2503 prius

208 2504 278 2537 apud
296 2500 443 2530 Ecclesiain
459 2502 598 2536 professa),
614 2500 691 2534 juxta
708 2503 851 2529 moecbiam
866 2508 893 2530 et
908 2500 992 2530 forni-

209 2538 346 2565 calioneui
358 2538 474 2571 jndicari
491 2537 692 2571 periclitantur.
709 2537 763 2564 Nec
778 2539 840 2564 itide
859 2543 992 2566 conserta:

208 2574 322 2600 obtentu
341 2573 504 2599 matrimonii
529 2572 632 2598 crimen
656 2572 776 2598 cludanl.
799 2573 928 2608 Reliquas
941 2581 990 2599 au-

210 2612 263 2635 tent
290 2608 432 2634 libidinum
452 2608 537 2634 furias
562 2607 660 2642 impias
684 2608 753 2634 etin
777 2615 891 2641 cel-pora
916 2614 943 2635 et
965 2608 991 2634 in

209 2651 302 2677 sexus,
318 2643 386 2669 ultra
401 2643 462 2676 jura
477 2649 588 2671 naturae.
603 2649 655 2668 ιιοιι
674 2643 753 2669 modo
773 2643 878 2675 litnine,
897 2651 990 2670 verum

210 2679 284 2704 onmi
312 2679 442 2705 Ecclesiae
467 2683 537 2704 tecto
556 2677 838 2711 submovemus;quia
860 2686 913 2704 non
929 2683 993 2704 sunt

211 2713 319 2745 delicta,
336 2714 381 2740 sed
407 2718 539 2740 monstra.
554 2722 563 2738 ι
578 2712 660 2743 ldetn,
679 2713 704 2739 in
722 2712 843 2746 Apolog.,
857 2720 919 2746 cap.
937 2713 990 2745 59;

209 2748 338 2783 (jyprian.
354 2749 434 2783 epist.
449 2748 493 2780 58,
508 2749 540 2774 ad
558 2746 728 2783 Caldoniunt,
749 2747 941 2783 llcrculanunt,
960 2749 993 2774 de

211 2781 380 2810 Felicissimo
402 2784 561 2810 abstinendo
577 2791 583 2809 :
600 2790 609 2806 ι
624 2782 657 2808 Ut
671 2781 824 2809 abstentdin
841 2791 869 2810 se
885 2791 898 2808 a
915 2783 992 2810 nobis

212 2817 297 2852 sciat;
313 2819 421 2851 quando
437 2819 470 2844 ad
486 2818 594 2844 fraudes
617 2817 674 2850 ejus
695 2822 721 2842 et
738 2817 858 2851 rupinas,
872 2826 939 2852 quas
953 2818 992 2844 di-

213 2851 303 2879 lucida
316 2852 429 2880 veritate
443 2853 627 2888 cognovimus,
646 2852 770 2880 adulterii
786 2853 868 2881 etiam
882 2851 990 2882 crimen

1042 2259 1195 2285 mittantur.
1215 2258 1270 2285 Hac
1291 2263 1378 2285 tamen
1394 2257 1625 2287 iutcrminatione,
1638 2257 1702 2283 utsi
1723 2256 1759 2282 ad
1776 2264 1833 2283 eos-

1043 2294 1102 2321 detn
1131 2293 1265 2319 masculos
1289 2293 1461 2327 postmodum
1491 2299 1610 2318 reversa:
1636 2291 1760 2321 fuerint,
1790 2297 1833 2316 aut

1043 2330 1064 2354 si
1087 2336 1148 2354 cuin
1173 2329 1266 2354 iisdem
1296 2329 1321 2354 in
1348 2335 1400 2353 una
1418 2327 1508 2358 domo,
1523 2332 1550 2353 et
1564 2327 1615 2353 sub
1630 2327 1729 2352 eodem
1751 2331 1830 2354 tecto.

1043 2363 1122 2389 simul
1138 2364 1330 2393 habitaverint,
1342 2362 1466 2396 graviore
1481 2370 1595 2388 censura
1613 2361 1776 2396 ejirianlnr,
1787 2369 1832 2387 nec

1044 2399 1071 2424 in
1089 2398 1234 2425 Ecclesium
1247 2395 1419 2431 postmodum
1435 2397 1517 2423 facile
1532 2397 1714 2429 recipiantur.
1740 2395 1769 2422 Si
1787 2404 1832 2422 au-

1043 2438 1096 2459 tem
1114 2433 1146 2460 de
1165 2433 1204 2459 eis
1217 2433 1304 2467 aliqua
1319 2437 1444 2465 corrupta
1461 2432 1544 2458 fuerit
1564 2432 1752 2465 deprehensa,
1771 2435 1832 2464 agat

1043 2468 1230 2502 paenitentiam
1250 2466 1355 2501 plenam
1370 2468 1450 2501 :quia
1476 2475 1535 2501 quae
1551 2467 1602 2493 hoc
1618 2466 1728 2493 crimen
1747 2467 1831 2502 admi-

1043 2501 1091 2535 Sit,
1106 2511 1159 2530 non
1175 2503 1276 2536 mariti,
1300 2503 1347 2530 sed
1375 2503 1487 2533 Christi,
1504 2502 1625 2528 adultera
1641 2507 1704 2534 est;
1718 2506 1748 2528 et
1764 2501 1831 2530 ideo,

1042 2538 1262 2570 a’stintatojuslo
1284 2543 1413 2572 tempore,
1433 2542 1539 2571 postea,
1560 2536 1771 2572 exhomologesi
1792 2535 1830 2572 fa-

1044 2579 1098 2604 cta,
1114 2573 1145 2599 ad
1171 2573 1319 2599 Ecclesium
1337 2570 1442 2602 redeat,
1457 2583 1467 2598 ι
1486 2577 1538 2600 etc.
1556 2571 1697 2598 Samum.
1710 2586 1747 2592 -—
1759 2570 1828 2597 inira

1042 2607 1201 2638 Philocalia,
1218 2608 1241 2634 οἱ
1258 2608 1328 2634 κατὰ
1342 2607 1377 2634 τὰ
1390 2607 1493 2634 Κέλσου
1509 2606 1712 2641 παραπλήσιοι.

1078 2643 1133 2678 ('20)
1149 2642 1374 2669 Διδασκαλεῖοιν.
1387 2643 1433 2669 Sic
1449 2642 1652 2678 t'ecleromnitto
1665 2641 1830 2678 l’hilocalia;

1043 2676 1110 2704 alias
1125 2676 1196 2703 inale
1217 2678 1396 2709 διδασκάλων,
1414 2686 1475 2704 nam
1497 2676 1671 2703 διδασκάλων
1704 2677 1773 2703 idem
1789 2682 1828 2701 est

1043 2712 1285 2749 quodiiﬁaxtpav,
1315 2712 1455 2748 prtemium
1480 2720 1577 2749 nempe
1602 2713 1686 2749 quod
1702 2712 1826 2749 magistro

1043 2745 1172 2775 doctrina:
1198 2745 1322 2775 noinine’
1336 2748 1469 2775 redditur.
1496 2745 1568 2779 Mos,
1588 2747 1753 2781 κενοτάφια.
1767 2745 1827 2772 Vide

1043 2783 1235 2810 adnotationes
1246 2785 1279 2810 ad
1297 2783 1343 2810 lib.
1359 2791 1388 2814 ιι,
1408 2791 1482 2810 mini.
1499 2783 1542 2809 12.

1079 2818 1136 2850 (21)
1149 2817 1215 2844 Cod.
1233 2818 1333 2852 Regius
1345 2823 1370 2845 et
1388 2818 1558 2846 Basileensis.
1577 2816 1775 2852 ἐπιδείξωνται.

1079 2848 1133 2889 (‘22)
1148 2854 1198 2889 Εἰς
1214 2848 1467 2890 οὑδέμᾶινὰρχήν,
1479 2858 1532 2883 etc.
1545 2853 1631 2889 Cypr.
1647 2851 1782 2888 t-pist.tis',
1796 2848 1825 2875 δέ
