1848 3091
34 148 82 176 5‘89

34 264 41 279 l
59 252 187 288 Ὀρῶμέν
208 260 259 277 που
280 251 327 278 καὶ
343 251 406 283 τοὺς
419 252 448 277 ὲν
464 252 524 282 ταῖς
544 251 656 287 ἀγοραῖς
670 251 818 287 ὲπιρῤητὸ-

34 307 99 326 τατα
120 297 356 332 ἐπιδεικνυμένους
378 297 424 323 καὶ
443 296 615 332 ἀγείροντας
629 307 638 322 ›
653 298 677 323 εἰ
693 298 729 332 μὴ
747 297 819 324 ἅντι-

34 352 100 379 κρυς
114 342 219 377 ψευδῶς
232 341 349 377 εἴρηται,
377 342 423 368 καὶ
448 342 581 376 ἀνομοίως
604 342 817 377 παραϐέϐληται.

34 388 151 419 Τούτους
169 386 202 421 δὴ
218 384 258 418 οἶς
276 388 348 422 ἡμᾶς
363 387 377 412 ὁ
391 386 494 418 Κέλσος
507 388 605 422 ὁμοιοῖ,
625 397 633 412 ι
644 389 698 419 τοῖς
713 389 742 414 ὲν
761 389 819 420 ταῖς

34 433 148 467 ἀγοραῖς
164 431 197 458 τὰ
214 432 412 468 ἐπιρῤητότατα
429 433 659 468 ἐπιδεικνυμένοις
679 433 727 460 καὶ
742 433 819 467 ἀγεί-

34 487 120 514 ρουσι,
135 487 144 503 ι
160 477 241 512 φησιν
261 486 270 501 ι
282 478 321 508 εἰς
339 477 386 512 μὲν
405 477 541 513 φρονίμων
564 477 669 513 ἀνδρῶν
692 478 820 512 σύλλογον

34 525 82 550 οὐκ
106 524 140 550 ἄν
164 531 228 549 ποτε
248 522 403 557 παρελθεῖν,
425 523 478 549 οὐδ’
493 524 521 549 ὲν
539 523 644 555 τούτοις
661 523 696 550 τὰ
716 524 819 550 ἑαυτῶν

34 569 208 603 κατατολμᾷν
224 567 277 603 (25)
294 568 487 594 ἐπιδεικνύειν
505 568 568 595 ἔνθα
582 569 604 595 δ’
617 569 649 595 ἂν
666 569 749 605 ὁρῶσι
763 578 820 604 μει-

35 615 127 650 ράκια,
146 615 192 641 καὶ
205 614 362 649 οἰκοτρίϐων
374 613 461 649 ὄχλον,
477 615 523 640 καὶ
537 614 687 650 ἀνθρώπων
700 617 820 651 ἀνοήτων

34 660 137 696 ὅμιλον,
151 670 160 685 ι
178 659 293 687 ἐνταῦθα
307 658 478 694 ὠθουμένους
503 658 535 686 τέ
545 661 590 686 καὶ
613 661 819 697 καλλωπιζομέ-

34 715 103 737 νους.
127 705 182 732 Καὶ
205 706 233 731 ἐν
256 704 341 739 τούτῳ
359 704 434 731 οὐδὲν
448 704 510 731 ἄλλο
525 705 609 731 ποιῶν
622 705 637 741 ἢ
649 705 819 742 λοιδορούμε-

34 759 76 782 νος
89 751 157 786 ἡμῖν
169 749 364 785 παραπλησίως
377 751 436 782 ταῖς
452 751 480 776 έν
496 753 554 782 ταῖς
569 751 684 787 τριόδοις
699 752 817 786 γυναιξὶ,

35 796 135 822 σκοπὸν
166 795 290 830 ἐχούσαις
316 794 346 820 τὺ
370 795 461 827 κακῶς
489 796 605 830 ἀλλήλας
637 797 691 832 (κέ)
718 798 816 832 λέγειν.

41 843 135 878 Ἡμεῖς
145 842 209 878 γὰρ,
227 842 274 877 ὅση
286 841 408 877 δύναμις,
424 843 510 869 πάντα
527 844 679 879 πράττομεν
696 844 818 880 ύπὲρτοῦ

36 892 175 926 φρονίμων
192 889 295 925 ἀνδρῶν
317 889 441 924 γενέσθαι
455 890 499 916 τὸν
523 890 649 925 σύλλογον
663 892 740 927 ἡμῶν
751 900 757 906 ·
772 893 818 919 καὶ
835 884 855 910 Β

35 938 67 963 τὰ
92 939 120 963 ἐν
142 938 207 972 ἡμῖν
234 936 349 971 μάλιστα
374 935 442 962 καλὰ
458 936 504 962 καὶ⁸
523 935 582 962 θεῖα
600 937 659 963 τότε
677 938 819 972 τολμῶμεν

37 984 63 1009 ὲν
88 983 144 1015 τοῖς
168 983 234 1018 πρδς
250 983 280 1009 τὸ
301 984 390 1009 κοινὸς
408 982 538 1015 διαλόγοις
555 981 647 1017 φέρειν
669 984 708 1014 εἰς
727 983 817 1018 μέσον,

37 1030 72 1055 ὅτ’
93 1029 264 1064 εὐποροῦμεν
289 1027 406 1055 συνετῶν
428 1028 587 1063 ἀκροατῶν·
609 1029 819 1064 ἀποκρύπτομεν

37 1077 63 1103 δὲ
78 1078 123 1103 καὶ
139 1076 362 1112 παρασιωπῶμεν
378 1075 411 1102 τὰ
431 1075 575 1110 βαθύτερα,
591 1075 659 1102 ἐπὰν
672 1075 820 1102 ἁπλουστέ-

44 1131 104 1157 ρους
122 1122 268 1158 θεωρῶμεν
287 1122 342 1157 (Ξὸ)
357 1122 418 1152 τοὺς
437 1121 647 1156 συνερχομένους
664 1122 710 1148 καὶ
728 1122 819 1158 δεομέ-

38 1177 95 1199 νους
113 1168 201 1202 λόγων
215 1167 351 1203 τροπικῶς
367 1166 574 1201 ὀνομαζομένων
587 1167 666 1201 γάλα.

71 1215 227 1248 Γέγραπται
239 1213 292 1248 γὰρ
312 1212 387 1248 παρὰ
403 1212 441 1247 τῷ
460 1212 557 1247 Παύλῳ
573 1213 650 1248 ἡμῶν
664 1213 818 1248 Κορινθίοις

39 1259 238 1290 ἐπιστέλλοντι,
266 1258 375 1293 Ἕλλησι
407 1258 474 1293 μὲν,
502 1258 531 1284 ού
559 1257 772 1294 κεκαθαρμένοις
791 1259 820 1285 δέ

40 1314 79 1331 πω
91 1305 123 1331 τὰ
140 1305 193 1340 ἤθη
220 1305 292 1340 (‘26)'
312 1314 320 1330 ι
333 1304 404 1331 Γάλα
419 1304 490 1339 ὑμᾶς
515 1305 635 1336 ἐπότισα,
656 1305 685 1330 ού
710 1304 818 1340 βρῶμα·

39 1350 111 1376 οὔπω
126 1351 181 1386 γὰρ
196 1349 340 1376 ἐδύνασθε·
359 1349 413 1375 ἀλλ’
430 1349 489 1375 οὐδὲ
513 1349 552 1375 ἔτι
573 1349 619 1376 νῦν
639 1350 764 1376 δύνασθε·
781 1351 820 1376 ἔτι

39 1395 90 1431 γὰρ
109 1395 235 1432 σαρκικοί
261 1396 332 1421 ἐστε.
352 1396 438 1421 Ὅπου
465 1395 518 1430 γὰρ
543 1395 571 1421 ὲν
597 1395 661 1430 ὑμῖν
682 1394 760 1430 ζῆλος
773 1396 820 1422 καὶ

40 1443 104 1477 ἔρις,
118 1443 179 1477 οὐχὶ
195 1441 318 1477 σαρκικοί
343 1443 414 1473 ἐστε,
431 1442 477 1467 καὶ
494 1441 565 1467 κατὰ
578 1441 719 1477 ἄνθρωπον
744 1450 820 1477 περι-

40 1488 162 1519 πατεῖτες
175 1497 183 1512 ι
206 1487 234 1512 '0
252 1487 273 1513 δ’
291 1487 380 1518 αὐτὸς,
405 1486 583 1521 ἐπιστάμενος
610 1486 658 1521 μέν
676 1495 738 1513 τινα
759 1495 821 1522 τρο‹

41 1533 91 1568 φὴν
105 1531 176 1559 εἶναι
193 1532 359 1568 τελειοτέραν
372 1533 426 1568 (:27)
441 1532 539 1567 ψυχῆς,
555 1533 588 1559 τὰ
600 1533 627 1559 δὲ
644 1533 696 1559 τῶν
711 1534 819 1567 εἰσαγο-

43 1579 125 1614 μένων
139 1578 360 1614 παραϐάλλεσθαι
377 1578 491 1612 γάλακτι
504 1578 616 1613 νηπίων,
638 1588 674 1614 φη
682 1578 722 1604 πίη
741 1588 750 1604 ‹
763 1579 817 1605 Καὶ

41 1625 167 1659 γεγόνατε
190 1625 283 1660 χρείαν
299 1624 404 1659 ἔχοντες
425 1625 567 1659 γάλακτος,
583 1625 612 1651 ού
632 1626 742 1660 στερεᾶς
758 1633 820 1660 τρο-

42 1671 101 1705 φῆς.
121 1671 180 1701 Πᾶς
199 1670 252 1705 γὰρ
273 1671 286 1696 ὁ
311 1670 428 1704 μετέχων
456 1670 588 1704 γάλακτος
608 1669 718 1705 ἄπειρος
740 1671 819 1704 λόγου

41 1715 224 1750 δικαιοσύνης·
250 1716 341 1750 νήπιος
363 1716 416 1751 γάρ
436 1717 508 1742 ἐστι·
534 1715 642 1742 τελείων
662 1716 689 1742 δὲ
713 1717 784 1743 ἐστιν
803 1718 819 1752 ή

43 1762 136 1798 στερεὰ
160 1761 255 1797 τροφὴ,
270 1761 323 1788 τῶν
337 1762 380 1788 διὰ
397 1763 446 1797 τὴν
464 1761 519 1794 ἕξιν
531 1761 564 1788 τὰ
584 1762 747 1798 αἰσθητήρια
775 1771 821 1797 γε-

42 1808 219 1842 γυμνασμένα
246 1806 360 1842 ἐχόντων
382 1808 450 1844 πρὸς
470 1808 603 1844 διάκρισιν
626 1809 708 1834 καλοῦ
725 1818 753 1834 τε
776 1810 822 1835 καὶ

43 1853 133 1879 κακοῦ.
151 1862 160 1878 ι
177 1851 239 1888 τΑρ*
255 1851 300 1879 οὖν
318 1854 341 1879 ol
366 1852 469 1885 τούτοις
498 1853 534 1884 ὡς
557 1853 646 1884 καλῶς
671 1853 822 1888 εἰρημένοις

43 1899 212 1930 πιστεύοντες
231 1898 389 1925 ὑπολάϐοιεν
412 1899 466 1934 (‘28)
484 1899 516 1926 ἂν
536 1900 569 1926 τὰ
585 1899 654 1927 καλὰ
672 1899 718 1926 τοῦ
733 1900 822 1934 λόγου,

75 1947 97 1963 ⁸⁸
112 1947 120 1973 l
134 1947 199 1974 Cor.
217 1955 257 1979 nt,
269 1947 297 1974 Ξ.
348 1947 370 1963 "
384 1947 467 1975 llebr.
480 1956 506 1980 ν,
523 1948 557 1974 12
569 1956 646 1982 seqq.

44 1995 204 2029 Epictetum.
220 2003 304 2030 agens
319 1995 352 2022 de
367 1995 578 2027 Fortunatiano,
595 1996 723 2029 episcopo
739 1997 823 2023 Assu-

45 2032 138 2061 ritanoI
155 2039 235 2064 quem
251 2031 316 2057 dicit
336 2040 345 2055 ι
357 2036 416 2064 post
431 2038 538 2065 gravem
552 2031 656 2065 lapsum
670 2032 753 2058 ruinae
768 2039 824 2058 suae

46 2073 91 2098 pro
115 2067 220 2100 integro
237 2074 308 2092 nunc
333 2073 414 2100 agere
435 2066 513 2099 velle,
530 2071 556 2091 ct
572 2067 755 2100 episcopatum
772 2067 822 2093 sibi

45 2101 183 2127 vindicare
211 2101 344 2134 cmpissc;
359 2111 368 2126 ι
387 2107 413 2127 et
428 2101 507 2134 paulo
529 2106 605 2134 post:
635 2102 744 2128 «Audet
771 2101 822 2128 sibi

47 2135 131 2162 adhuc
145 2136 340 2168 sacerdotium,
351 2137 420 2169 quod
433 2136 562 2168 prodidit,
577 2136 734 2168 vindicare;
746 2137 824 2169 quasi

45 2175 104 2201 post
121 2178 184 2197 aras
201 2170 302 2196 diaboli
321 2172 452 2197 accedere
469 2171 501 2197 ad
521 2170 607 2197 altare
628 2171 673 2197 Dei
692 2170 732 2198 l'as
755 2171 799 2198 sit.
814 2181 823 2196 ι

46 2203 126 2238 quue
148 2211 264 2232 conatus
276 2210 326 2235 est,
344 2210 435 2240 spreto
450 2205 566 2232 Cornelii
585 2213 658 2240 papa:
674 2206 826 2236 interdicto.

629 147 767 176 CONTRA
787 147 923 175 CELSUM
943 147 1005 175 LIB.
1027 147 1070 176 lll.

65 207 141 242 ’Ὀρα
156 206 186 243 δὴ
199 205 267 242 μετὰ
281 206 365 233 ταῦτα
376 206 406 232 τὺ
421 205 472 232 me
485 205 530 232 τοῦ
541 205 643 232 Κέλσου
657 206 816 241 λεγόμενον
833 209 854 237 Α

1595 148 1646 175 990

903 207 947 234 52.
964 206 1040 234 Nunc
1059 207 1117 233 \‘ide
1133 211 1221 232 annon
1240 205 1350 233 evidens
1372 206 1541 233 mendacium
1564 207 1600 234 sit
1619 211 1647 235 et

872 260 961 279 rerum
990 251 1234 279 dissimillimarum
1259 252 1428 285 comparatio
1454 252 1481 278 in
1505 252 1548 279 his
1574 252 1646 280 Celsi

870 298 960 325 verbis
978 306 984 324 :
1002 307 1011 323 ‹
1026 297 1150 324 Videmus
1163 295 1256 331 utique
1271 301 1297 323 et
1313 297 1372 324 illos
1384 298 1428 331 qui
1447 297 1473 324 in
1488 297 1548 325 foro
1561 299 1646 325 scele-

870 350 943 370 ratas
961 348 987 370 et
1002 343 1190 371 circulatorias
1216 351 1279 370 snas
1305 349 1378 371 artes
1401 349 1549 372 ostentant.
1563 354 1572 370 ›
1591 343 1647 371 llos

870 393 960 413 autem
992 396 1000 412 ι
1017 387 1062 421 qui
1096 387 1121 413 in
1145 386 1212 414 foris
1232 388 1382 416 sceleratas
1406 393 1433 416 et
1455 389 1647 416 circulatorias

870 432 987 466 ineptias
1004 437 1174 463 ostentant.)
1196 438 1223 460 et
1246 434 1407 467 quibuscum
1435 442 1484 462 nos
1508 439 1648 469 comparat

869 479 973 511 Celsus,
992 479 1029 505 ait
1049 487 1205 512 (nunquam
1224 484 1322 506 ctutum
1347 480 1421 507 adire
1444 481 1560 507 virorum
1584 488 1648 515 prit-

869 526 1002 556 dentium,
1016 532 1063 551 nec
1078 524 1112 551 ibi
1128 525 1227 551 audere
1243 533 1291 551 sua
1307 526 1466 558 venditare;
1486 531 1514 552 at
1528 526 1643 552 ubicun«

869 577 922 604 que
947 570 1183 603 adolescentulos,
1205 570 1327 597 servulos
1349 575 1376 597 et
1399 570 1489 597 fatuos
1517 571 1646 598 collectos

871 613 1124 645 animadverterint,
1142 621 1176 640 eo
1200 621 1228 640 se
1251 615 1377 648 ingerere
1403 622 1550 650 eorumque
1573 616 1649 650 plau-

870 666 929 685 sum
958 660 1098 694 aucnpari.
1112 669 1121 685 ι
1150 659 1200 686 Ubi
1222 660 1289 687 nihil
1316 662 1372 695 agit
1394 661 1500 693 (ielsns.
1523 669 1602 695 quam
1619 665 1649 688 ut

870 705 948 732 nobis
976 705 1129 737 maledicat,
1153 705 1248 732 similis
1283 707 1462 738 mulierculis,
1484 715 1543 741 quae
1569 715 1598 734 se
1622 708 1648 734 in

869 751 996 785 compitis
1028 752 1129 778 mutuis
1156 750 1287 778 conviciis
1314 759 1516 780 consectantur.
1542 753 1648 780 Etenim

870 805 929 829 nos,
946 802 1076 832 quantum
1101 805 1253 832 possumus,
1269 798 1383 825 facimus
1404 801 1506 831 omnia,
1521 805 1549 826 ut
1563 805 1650 826 costus

870 849 961 871 noster
972 849 1077 871 constet
1088 845 1267 878 prudentibus
1282 845 1454 878 hominibus;
1468 851 1494 872 et
1507 853 1566 879 qua:
1578 848 1649 880 apud

871 898 919 916 nos
933 890 1053 916 maxime
1070 890 1180 924 pulchra
1192 895 1219 916 et
1233 890 1322 916 divina
1347 895 1420 922 sunt,
1441 898 1471 918 ea
1488 896 1543 917 tum
1567 893 1649 919 ande—

871 942 930 961 nius
947 935 972 961 in
995 935 1173 961 conciouibos
1192 936 1311 970 publicis
1332 935 1453 968 proferre
1471 937 1496 963 in
1520 937 1649 968 medium,

870 986 932 1006 cum
957 984 1055 1013 praesto
1082 984 1123 1006 est
1143 979 1351 1015 intelligentiam
1379 982 1530 1008 auditorum
1551 983 1649 1017 copia:

872 1026 1014 1052 arcaniora
1036 1030 1127 1051 autem
1147 1025 1258 1052 silentio
1272 1028 1516 1060 pratermittimus,
1528 1035 1588 1053 cum
1605 1029 1649 1061 qui

871 1071 983 1097 audiunt
994 1071 1173 1106 simpliciores
1189 1071 1267 1098 nobis
1282 1073 1410 1099 videntur
1423 1077 1449 1100 et
1464 1081 1532 1108 opus
1547 1074 1650 1100 habere

870 1117 1052 1149 sermonibus,
1066 1118 1110 1152 qui
1128 1119 1316 1153 metaphorico
1342 1119 1420 1147 lactis
1443 1121 1552 1147 nomine
1580 1121 1651 1148 desi-

870 1167 999 1196 guuntur.

905 1208 950 1235 55.
972 1208 1005 1235 Et
1027 1217 1092 1236 sane
1116 1209 1217 1236 Paulus
1248 1215 1341 1238 noster
1364 1211 1486 1238 scribens
1500 1211 1532 1238 ad
1554 1211 1651 1239 Corin-

872 1254 953 1287 thios,
971 1255 1081 1282 Grmcos
1102 1257 1223 1289 quidem,
1243 1258 1290 1284 sed
1313 1258 1432 1285 nondum
1447 1258 1566 1293 purgatis
1594 1265 1653 1284 mo—

871 1302 956 1333 ribus.
978 1301 1058 1328 aitu
1073 1300 1126 1328 Lac
1150 1304 1226 1331 vobis
1248 1312 1341 1338 potant
1368 1305 1439 1336 dedi,
1460 1312 1512 1330 non
1539 1311 1650 1337 escam;

871 1349 988 1374 noudtun
1019 1350 1091 1376 enim
1119 1351 1266 1384 poteratis;
1295 1350 1342 1377 sed
1376 1357 1426 1376 nec
1452 1357 1522 1376 mine
1543 1350 1651 1383 quidem

871 1395 1001 1428 potestis;
1014 1395 1102 1422 adhuc
1118 1396 1190 1422 enim
1213 1395 1338 1422 carnales
1350 1396 1428 1423 estis.
1439 1394 1505 1422 Cum
1521 1396 1592 1421 enim
1616 1396 1653 1421 sit

871 1440 943 1467 inter
955 1447 1003 1467 vos
1024 1441 1099 1467 zclos
1111 1446 1138 1467 et
1149 1441 1289 1468 contentio
1304 1462 1310 1472 .
1325 1449 1415 1468 nonne
1432 1441 1557 1468 carnales
1573 1440 1651 1473 estis,

871 1490 898 1512 et
922 1487 1070 1513 secundum
1087 1487 1223 1514 hominem
1246 1487 1465 1514 ambulatis"?»
1490 1486 1548 1521 lpse
1568 1487 1651 1514 etiam

872 1540 924 1559 non
942 1534 1048 1560 nescius
1073 1534 1216 1568 quemdam
1243 1534 1339 1560 animae
1359 1534 1447 1560 cibum
1473 1541 1532 1560 esse
1564 1532 1654 1568 perfe-

871 1579 993 1609 ctiurem,
1017 1585 1043 1606 et
1058 1587 1154 1606 recens
1187 1579 1355 1606 initiatorum
1383 1580 1471 1605 cibum
1494 1587 1555 1606 cum
1585 1578 1655 1605 laete

872 1625 1038 1659 comparari,
1051 1626 1089 1652 sic
1102 1625 1242 1659 loquitur:
1260 1625 1354 1652 (Facti
1368 1625 1443 1657 estis,
1460 1625 1558 1659 quibus
1583 1624 1654 1651 lacte

872 1678 940 1704 opus
956 1672 1000 1703 sit,
1018 1679 1071 1698 non
1095 1672 1181 1699 solido
1199 1672 1269 1698 cibo.
1290 1671 1385 1698 Omnis
1413 1672 1483 1697 enim
1503 1672 1546 1705 qni
1574 1670 1654 1697 lactis

873 1720 915 1743 est
927 1717 1074 1752 particeps,
1094 1725 1190 1751 expers
1204 1722 1246 1745 est
1261 1718 1394 1745 sermonis
1410 1717 1537 1751 justitiic;
1553 1724 1653 1751 parvu-

875 1762 916 1789 lus
936 1763 1007 1789 enim
1022 1767 1073 1791 est.
1088 1763 1271 1790 Perfectornm
1286 1769 1373 1790 autem
1392 1768 1433 1790 est.
1448 1763 1549 1790 solidus
1565 1763 1653 1795 cibus,

875 1817 980 1842 eorum,
997 1810 1042 1844 qui
1068 1817 1116 1843 pro
1142 1811 1339 1838 consuetudine
1363 1810 1526 1837 exercitatos
1553 1809 1654 1835 habent

876 1863 972 1883 sensus
987 1855 1020 1881 ad
1038 1855 1228 1882 discretionem
1245 1856 1308 1882 boni
1334 1864 1365 1883 ac
1396 1856 1457 1882 mali
1470 1856 1503 1881 ⁹³.
1520 1865 1529 1880 ι
1548 1856 1589 1881 Au
1606 1855 1654 1888 qui

877 1902 935 1929 haec
952 1907 982 1928 ut
997 1901 1111 1935 pulchre
1127 1901 1197 1928 dicta
1209 1902 1334 1935 credunt,
1348 1902 1481 1936 suspicari
1494 1905 1593 1936 queant
1605 1907 1654 1927 no—

876 1997 904 2023 in
922 1995 1003 2021 Deum
1019 2002 1047 2021 se
1062 1993 1248 2026 hlasphemum
1262 1999 1287 2020 et
1302 1993 1459 2020 idololatria:
1473 1993 1564 2021 libello
1588 2000 1655 2020 con-

877 2031 1038 2058 taminatum
1067 2030 1176 2061 agnovit
1191 2036 1199 2054 :
1214 2037 1223 2053 ι
1237 2030 1317 2055 Deum
1349 2030 1508 2062 deprecans,
1539 2035 1565 2055 et
1586 2028 1654 2055 satis

877 2065 1028 2100 gratulans,
1044 2063 1065 2089 si
1081 2064 1132 2090 sibi
1148 2063 1188 2100 vel
1205 2063 1273 2100 laico
1295 2065 1498 2090 cumiunnicare
1514 2064 1654 2100 continge-

879 2098 929 2127 ret.
938 2110 983 2125 r—
995 2099 1120 2125 «Frustra
1133 2098 1225 2130 tales,»
1236 2099 1322 2132 inquit
1333 2100 1493 2134 Cyprianus.
1505 2099 1656 2132 tepiscopa-

879 2141 935 2162 tum
952 2134 1002 2161 sibi
1021 2141 1154 2167 usurpare
1171 2137 1303 2159 conantur
1319 2142 1325 2159 :
1340 2133 1401 2160 cum
1429 2134 1602 2160 manifestum
1618 2133 1654 2158 sit

879 2170 1010 2203 ejusmodi
1030 2169 1152 2196 homines
1168 2176 1217 2194 nec
1232 2168 1358 2194 Ecclesia:
1373 2169 1473 2195 Christi
1490 2176 1568 2202 posse
1583 2175 1653 2202 prae-

880 2202 951 2236 esse,
972 2212 1021 2231 nec
1044 2204 1097 2229 Deo
1114 2203 1247 2229 sacrilicia
1270 2202 1369 2230 offerre
1390 2205 1504 2236 debere;
1526 2204 1654 2235 maxime,

48 2246 97 2279 quo
116 2241 232 2268 vetitum
249 2243 321 2279 ’.ει-ιιι
346 2238 491 2279 episcopos
518 2238 606 2279 lapsos
619 2238 747 2279 Voltei-ius
773 2240 825 2267 Ιίνιιί
843 2238 864 2266 D
879 2248 939 2267 cum
966 2238 1129 2279 jampridem
1146 2238 1300 2268 nobiscum,
1314 2243 1347 2279 οι.
1365 2246 1425 2264 cum
1457 2239 1583 2279 o‘inni'bus
1596 2246 1656 2278 oin-

48 2275 214 2309 episcopatu.
231 2284 239 2300 ι
255 2275 330 2301 llnde
345 2282 371 2302 et
386 2276 471 2309 ipsam
486 2276 592 2302 venisse
607 2275 786 2309 perspicimus
797 2281 823 2302 ct

49 2310 180 2336 Credimus
198 2310 231 2336 de
256 2310 303 2336 Dei
323 2310 509 2344 exploratione
536 2318 687 2340 censuram,
705 2319 738 2336 ne
756 2312 824 2344 apud

49 2343 129 2371 altare
141 2345 295 2372 Consisterc
311 2350 338 2371 et
354 2343 527 2373 contrectare
542 2345 654 2372 ulterius
667 2343 824 2379 persevcra-

50 2384 106 2415 rcnt
125 2381 256 2415 pudorem
279 2380 395 2411 incesti,
420 2380 499 2407 fidem
526 2381 621 2414 perﬁdi
635 2401 642 2412 ,
669 2381 824 2415 religionem

50 2414 171 2446 profani.
189 2414 281 2441 divina
310 2415 429 2447 terreni,
456 2421 549 2443 sancta
578 2414 737 2448 sacrilegi.)
759 2416 826 2443 Vide

50 2449 248 2485 epistolamiti'l,
266 2449 299 2476 ad
317 2450 485 2484 Stephanum
508 2450 540 2477 de
555 2450 708 2482 Martiano;
726 2455 753 2477 et
766 2451 825 2485 epi-

50 2484 143 2520 S_lolam
165 2484 214 2520 52,
234 2485 267 2511 ad
291 2485 488 2520 Διιιοιιὶιιιιιιιιι,
511 2486 555 2512 υι›ι
584 2485 673 2512 obiter
695 2484 826 2520 agens’de

51 2517 197 2555 Tr‘opliimo
209 2519 266 2546 lucc
276 2520 373 2555 habet
387 2528 394 2546 :
409 2529 418 2545 ι
431 2519 560 2547 Tractatu
593 2528 665 2555 ergo
687 2517 742 2547 illic
764 2528 825 2547 cum

51 2553 156 2588 collegis
173 2554 298 2589 plurimis
314 2554 416 2586 habito,
432 2561 572 2588 susceptus
588 2553 824 2589 est'Trophimns;

51 2595 96 2621 pro
116 2597 170 2622 quo
191 2588 379 2616 satisfaciehat
398 2589 510 2617 fratrum
527 2590 639 2621 reditus,
656 2595 684 2617 et
698 2588 825 2617 restituta

51 2624 194 2652 multorum
224 2626 298 2652 salus
312 2635 320 2653 :
335 2625 374 2651 sic
389 2628 479 2652 tamen
505 2626 640 2652 admissus
656 2630 698 2652 est.
712 2625 826 2659 Trophi-

52 2665 124 2690 lnus,
139 2665 169 2686 ut
188 2661 277 2687 laicus
300 2661 491 2694 communicet,
509 2668 573 2692 non,
594 2661 743 2688 secundum
755 2660 827 2695 quod

53 2694 83 2719 ad
95 2699 119 2720 te
135 2695 316 2730 malignorum
334 2696 430 2723 littera:
447 2696 626 2730 pertulerunt,
644 2697 721 2729 quasi
737 2694 825 2723 loeum

53 2731 197 2765 sacerdotis
223 2736 368 2765 usurpet.»
395 2730 467 2758 Idem
490 2731 604 2765 epistola
621 2730 666 2763 68,
684 2731 828 2765 rescripsit

54 2763 84 2800 ξιξ]
104 2767 207 2792 clerum
240 2769 268 2792 et
288 2763 379 2800 plebes
404 2763 594 2800 Hispaniarum
617 2766 648 2793 de
670 2763 786 2792 Basilide
801 2769 829 2793 et

55 2796 171 2836 Martiale
186 2796 339 2836 episcopis:
354 2796 467 2835 quorum
482 2801 526 2828 hic
537 2809 567 2828 se
581 2801 719 2836 gentilium
740 2801 828 2834 turpia

55 2835 171 2861 convivio
187 2834 390 2870 frequentasse,
404 2840 432 2863 et
444 2834 593 2863 Christunf
607 2837 677 2871 apud
695 2843 827 2870 procura-

57 2871 137 2896 torem
154 2870 331 2899 ducenarium
361 2871 505 2907 negavisse
519 2870 687 2899 contestatus
703 2876 741 2899 est
754 2879 762 2904 ;
781 2871 828 2898 ille

879 2277 942 2302 nino
967 2273 1101 2308 episcopis
1124 2274 1151 2299 in
1183 2278 1239 2298 toto
1267 2274 1366 2298 mundo
1394 2274 1559 2305 constitutis,
1574 2273 1654 2300 etiam

875 2309 1021 2337 Cornelius
1050 2308 1151 2342 collega
1187 2313 1288 2338 noster.
1321 2309 1449 2335 sacerdos
1477 2309 1605 2341 paciﬁcus
1624 2315 1655 2334 ac

873 2344 972 2379 justus,
987 2349 1013 2370 et
1029 2343 1161 2378 martyrio
1178 2350 1286 2379 quoque
1307 2343 1464 2379 dignatione
1480 2343 1589 2379 Domini
1603 2343 1653 2369 ho-

877 2377 1000 2409 noratus.
1018 2377 1168 2405 decreverit
1189 2377 1318 2412 ejusmodi
1342 2378 1464 2404 homines
1475 2379 1508 2403 ad
1520 2378 1654 2412 poeniten-

877 2415 940 2441 tiam
966 2414 1075 2448 quidem
1097 2413 1226 2448 agendam
1251 2420 1332 2447 posse
1358 2413 1480 2443 admitti;
1496 2413 1529 2438 ab
1544 2412 1655 2448 ordina-

877 2449 949 2476 tione
965 2447 1052 2474 antem
1078 2447 1144 2475 cleri
1162 2453 1242 2482 atque
1264 2447 1425 2475 sacerdotali
1446 2449 1547 2474 honore
1564 2447 1657 2481 prohi-

875 2484 943 2511 beri.
957 2494 966 2509 ι
982 2484 1111 2510 Srsacsn.

913 2519 968 2559 (ἐξ)
994 2519 1163 2559 Philoc:ilia,_
1179 2518 1329 2554 προελθεῖν.
1359 2517 1420 2544 Οὐδ’
1449 2517 1479 2542 ὲν
1504 2515 1608 2547 τούτοις
1622 2516 1656 2542 τὰ

876 2553 981 2582 ἑαυτῶν
996 2553 1065 2580 καλά
1079 2554 1189 2590 τολμᾷν.

926 2590 970 2625 24)
985 2590 1062 2615 Lihb.
1077 2587 1169 2625 ext-ita
1184 2591 1210 2616 in
1227 2588 1359 2625 margine.
1372 2587 1529 2625 ἀλλ-ἥλους.“
1594 2619 1610 2625 __

926 2590 957 2615 24
985 2590 1062 2615 Lihb.
1077 2592 1169 2615 exuisi
1184 2591 1210 2616 in
1227 2590 1359 2623 margine.
1372 2590 1510 2623 ἀλλήλους.

913 2590 970 2660 £25;
989 2624 1081 2652 Ἐπὰν
1096 2624 1321 2658 ἁπλουστέρους
1336 2623 1495 2658 θεωρώμεν,
1510 2622 1569 2660 ῌιῐιε
1594 2619 1656 2660 licet

878 2655 1045 2689 necessaria,
1065 2660 1090 2685 in
1109 2655 1254 2686 Hmsrhclii
1280 2655 1315 2686 et?
1335 2655 1466 2694 Spe-necti
1491 2655 1656 2685 editiouibus

877 2695 1076 2725 desiderantur,
1087 2695 1134 2720 sed
1144 2695 1300 2729 supplentur
1313 2703 1327 2721 e
1340 2694 1498 2722 [’ltilocalia.

915 2730 971 2766 (‘26)
987 2729 1152 2766 tlteschelius
1163 2730 1287 2766 intexto,
1303 2729 1362 2765 ἕθη.

925 2764 971 2800 27)
989 2765 1147 2795 Philocalia,
1164 2764 1342 2800 τελειοτέρας.

925 2768 959 2792 ‘27
989 2768 1147 2795 Philocalia,
1164 2768 1342 2800 τελειοτέρας.

915 2768 971 2837 ἱὲΒζ
987 2801 1103 2837 Philum,
1125 2799 1359 2837 Quoiapﬁa'tvotev;
1374 2799 1531 2837 Boherellus
1547 2796 1657 2837 _mavult

879 2837 906 2864 in
920 2834 1030 2870 passivo
1044 2835 1215 2864 ὑπολαὸεῖεν,
1234 2840 1260 2861 ut
1276 2836 1309 2861 ad
1330 2834 1500 2870 Christianos
1514 2834 1656 2866 referatur,

880 2877 906 2899 et
920 2869 1000 2906 paulo
1011 2875 1070 2906 post
1085 2879 1132 2906 pro
1148 2870 1334 2906 λεχθήσεσθαι,
1354 2869 1444 2898 mallet
1457 2869 1590 2902 λέξεσθαι.

962 2731 971 2837 ξ
