1848 3091
25 132 102 160 1001⁴

622 129 760 158 CONTRA
780 128 917 156 CELSUM
938 129 1000 155 LIB.
1022 129 1065 157 Ill.

1576 127 1650 156 1009

23 189 166 224 κλήματα,
180 188 303 224 ἐπιφέρει
313 185 353 219 οἷς
363 188 504 224 ὠνόμασεν
514 189 665 225 ἀνθρώποις
681 189 804 224 μιαρωτά

897 188 980 215 cndas
1000 188 1144 214 illuminat.
1171 187 1247 220 Quod
1262 187 1310 219 ait,
1327 192 1355 215 ιιι
1371 187 1572 216 accusationem
1588 195 1646 215 am-

23 243 82 263 τοις
106 234 148 264 τὸ,
175 244 184 259 ε
198 235 278 266 Τίνας
299 234 395 265 ἄλλους
416 234 612 270 προκηρύττων
635 234 734 269 λῃστὴς
748 234 812 260 ἐκά-

23 283 105 312 λεσες
118 290 127 306 ι
149 281 195 308 καὶ
213 280 280 316 πρὸς
291 280 369 307 τοῦτο
383 281 514 316 φήσομεν,
527 282 567 308 ὅτι
581 280 680 317 λῃστὴς
693 280 749 315 (58)
763 280 812 315 μὲν

23 326 88 357 τοὺς
114 325 249 357 τοιούτους
267 325 352 358 καλεῖ,
382 325 521 361 χρώμενος
537 325 625 352 αὐτῶν
642 327 673 361 τῇ
697 325 813 360 πονηρίᾳ

23 371 87 398 κατ’
105 370 254 406 ἀνθρώπων
277 371 324 402 οὓς
349 370 469 406 φονεύειν
495 372 542 398 καὶ
565 371 646 406 συλᾷν
676 371 813 406 βούλονται

23 417 82 451 (59)
93 425 100 431 -
128 416 288 452 Χριστιανὸς
299 416 337 447 δὲ,
362 416 412 444 κᾶν
430 416 499 452 καλῇ
516 417 562 448 οὓς
577 417 591 443 ό
607 416 706 452 λῃστὴς
726 417 811 447 καλεῖ,

23 461 154 498 διάφορον
170 462 264 497 κλῆσιν
281 463 378 494 αὐτοὺς
403 462 497 489 καλεῖ·
519 462 551 488 ἶν’
567 462 657 488 αὑτῶν
676 462 813 498 καταδήσῃ

23 508 59 533 τὰ
71 507 216 543 τραύματα
235 507 274 543 τῷ
296 508 376 543 λόγῳ,
392 509 437 535 καὶ
451 508 547 545 ἐπιχέῃ
559 510 593 544 τῇ
610 508 812 546 φλεγμαινούση

23 554 53 578 ἐν
68 555 163 585 κακοῖς
176 553 247 589 ψυχῇ
263 553 297 580 τὰ
306 554 360 580 ἀπὸ
370 554 417 580 τοῦ
431 554 509 588 λόγου
526 554 667 589 φάρμακα,
683 554 813 588 ἀνάλογον

23 600 100 633 οἴνῳ,
128 599 174 624 καὶ
191 599 280 634 ἐλαίῳ,
298 600 343 626 καὶ
369 599 536 635 μαλάγματι,
563 600 609 626 καὶ
633 602 688 631 τοῖς
713 600 813 633 λοιποῖς

23 645 80 671 ἀπὸ
99 645 224 680 ἰατρικῆς
239 645 326 681 ψυχῆς
411 646 587 682 βοηθήμασιν.

58 689 129 718 Εἶτα
154 692 328 726 συκοφαντῶν
351 691 384 718 τὰ
405 693 561 728 προτροπῆς
577 693 656 720 ἕνεκα
680 693 812 729 εἰρημένα

23 738 72 764 καὶ
89 739 269 774 γεγραμμένα
293 739 342 774 τῆς
359 739 426 774 πρὸς
444 740 508 771 τοὺς
523 739 614 771 κακῶς
639 739 811 775 βεϐιωκότας,

23 787 72 812 καὶ
94 786 227 813 καλοῦντα
251 785 349 817 αὐτοὺς
373 786 418 812 ἐπὶ
443 786 585 821 μετάνοιαν
607 786 653 812 καὶ
673 786 812 821 διόρθωσιν

23 835 74 868 τῆς
87 834 177 869 ψυχῆς
202 833 299 867 αὐτῶν,
334 834 414 868 φησιν
438 834 511 869 ἡμᾶς
529 833 628 866 λέγειν,
651 833 706 864 τοῖς
722 833 811 868 ἁμαρ-

23 880 122 911 τωλοῖς
138 889 147 905 ι
162 879 320 914 πεπέμφθαι
333 879 378 906 τὸν
392 880 467 906 Θεόν.
482 889 490 904 ι
509 880 618 914 Ὅμοιον
632 879 660 905 δὲ
675 879 721 905 καὶ
736 879 814 905 τοῦτο

23 927 110 957 ποιεῖ,
137 926 174 957 ὡς
198 927 222 952 εἰ
247 925 366 952 ἐνεκάλει
381 926 445 957 τισὶ,
465 925 573 959 λέγουσι
587 924 630 951 διὰ
644 925 705 956 τοὺς
721 925 814 956 κακῶς

23 971 168 1004 διάγοντας
182 973 210 997 ὲν
224 972 256 1006 τῇ
272 971 348 997 πόλει
373 970 530 1005 πεπέμφθαι
554 970 605 996 ὑπὸ
629 969 815 1005 φιλανθρωπο-

23 1017 108 1043 τάτου
125 1017 254 1051 βασιλέως
277 1017 322 1043 τὸν
343 1017 443 1052 ἰατρόν.
465 1015 606 1050 Ἐπέμφθη
622 1013 667 1042 οὖν
681 1015 746 1048 Θεὸς
762 1016 813 1041 Λό-

23 1071 83 1096 γος,
101 1062 169 1090 καθὸ
193 1064 240 1098 μὲν
256 1063 356 1098 ἰατρὸς,
379 1064 435 1094 τοῖς
449 1061 631 1097 ἁμαρτωλοῖς,
655 1061 721 1088 καθὸ
734 1061 763 1088 δὲ
777 1061 814 1087 δι-

23 1109 158 1141 δάσκαλος
178 1108 257 1136 θείων
275 1109 440 1145 μυστηρίων,
467 1109 523 1139 τοῖς
548 1108 598 1143 ήδη
624 1107 752 1143 καθαροῖς
768 1108 814 1134 καὶ

23 1155 127 1190 μηκέτι
151 1155 361 1190 ἁμαρτάνουσιν.
384 1155 413 1182 '0
438 1155 466 1181 δὲ
488 1154 601 1186 Κέλσος,
615 1154 700 1180 ταῦτα
717 1153 754 1190 μὴ
767 1154 812 1180 δι)-

23 1201 117 1236 νηθεὶς
136 1201 279 1237 διακρῖναι,
302 1202 341 1236 (οὐ
356 1201 409 1237 γὰρ
436 1200 571 1236 ήὸουλήθη
599 1200 813 1236 φιλομαθῆσαιοὶ

23 1247 90 1282 φησι
103 1255 111 1262 ’
137 1257 145 1272 ι
158 1247 190 1273 Τί
213 1247 250 1278 δὲ,
265 1249 321 1278 τοῖς
335 1247 536 1282 ἀναμαρτήτοις
549 1247 599 1272 οὐκ
620 1245 763 1282 answer};
780 1246 812 1272 Τί

23 1293 112 1319 κακόν
135 1293 193 1319 ἐστι
208 1293 238 1320 τὸ
255 1294 291 1329 μὴ
306 1293 494 1328 ἡμαρτηκέναι
507 1301 514 1325 ;
539 1293 592 1319 Καὶ
606 1292 673 1328 πρὸς
689 1291 767 1318 τοῦτο
783 1291 812 1318 δέ

23 1347 127 1373 φαμεν,
153 1339 204 1369 ὅτι,
229 1339 260 1364 El
286 1338 334 1373 μὲν
349 1339 556 1374 ἀναμαρτήτους
573 1337 646 1371 λέγει
669 1338 733 1369 τοὺς
761 1345 812 1373 μηο

23 1383 81 1409 κέτι
100 1383 316 1418 ἁμαρτάνοντας,
341 1382 469 1418 ἐπέμφθη
495 1383 542 1410 καὶ
557 1383 660 1414 τούτοις
680 1384 694 1409 ὸ
717 1383 812 1418 Σωτὴρ

23 1430 36 1462 il;
42 1428 103 1462 μῶν
126 1428 237 1463 Ἰησοῦς,
262 1429 319 1455 ἀλλ’
336 1429 385 1456 οὐκ
403 1428 511 1464 ίατρὸς·
527 1430 550 1455 εἰ
573 1429 601 1455 δὲ
614 1429 812 1464 ἀναμαρτήτοις

23 1475 77 1505 τοῖς
97 1473 165 1509 μηδὲ
183 1474 290 1500 πώποτε
313 1474 509 1510 ἡμαρτηκόσιν,
526 1474 566 1509 (οὺ
578 1474 631 1509 γὰρ
649 1473 812 1501 διεστείλατο

23 1520 50 1545 ἐν
66 1520 102 1554 τῇ
117 1518 212 1545 ἑαυτοῦ
228 1518 327 1554 λέξει
340 1519 466 1554 ἐροῦμεν,
482 1520 522 1546 ὅτι
538 1519 666 1546 ἀδύνατον
685 1517 752 1546 εἶναι
766 1519 811 1546 οὖ-

24 1574 75 1597 τως
87 1565 232 1601 ἄνθρωπον
249 1565 447 1600 ἀναμάρτητον.
473 1564 558 1591 Τοῦτο
573 1565 602 1592 δέ
615 1573 714 1600 φαμεν,
730 1565 812 1597 ὑπεξ-

25 1612 184 1648 ιιρουμένου
202 1610 247 1638 τοῦ
273 1611 342 1638 κατὰ
363 1612 408 1638 τὸν
427 1611 530 1646 Ἰησοῦν
554 1611 696 1646 νοουμένου
710 1611 812 1646 ἀνθρὼ-

26 1666 84 1689 mou,
113 1657 142 1688 ὅς
159 1657 317 1692 «ἁμαρτίαν
342 1657 391 1683 οὐκ
418 1657 538 1691 ἐποίησε.
555 1667 564 1682 ι
592 1656 759 1692 Κακούργως
779 1657 810 1692 δή

27 1711 106 1738 ιτησιν
121 1703 135 1729 ὁ
151 1702 253 1734 Κέλσος
277 1703 340 1737 περὶ
360 1702 446 1738 ἡμῶν,
471 1703 508 1734 ὼς
524 1702 554 1738 δὴ
577 1703 744 1736 φασκόντων,
771 1703 811 1729 ὅτι

28 1758 31 1774 ι
47 1748 101 1774 Τὸν
128 1748 178 1783 μὲν
195 1748 294 1778 ἄδικον,
318 1747 364 1774 ἐὰν
389 1747 470 1774 αὐτὸν
485 1747 536 1774 ὑπὸ
553 1747 703 1783 μοχθηρίας
715 1756 810 1775 ταπει-

29 1793 107 1829 νώσῃ,
122 1791 227 1825 δέξεται
249 1794 264 1819 ὸ
276 1793 341 1825 Θεός
352 1802 359 1808 ·
375 1793 421 1819 τὸν
436 1793 464 1819 δὲ
484 1793 597 1824 δίκαιον,
614 1793 661 1820 ἐὰν
677 1794 734 1828 μετ’
748 1794 812 1828 ἀρε-

30 1839 69 1874 ῖῆς
86 1841 134 1866 ἀπ’
151 1840 237 1875 ἀρχῆς
256 1839 312 1866 ἄνω
326 1840 393 1875 πρὸς
409 1841 490 1866 αὐτὸν
507 1840 601 1875 βλέπῃ,
620 1839 713 1867 τοῦτον
730 1841 758 1866 οὺ
774 1840 811 1866 δέ·

31 1886 107 1917 ξεται.
122 1895 132 1910 ι
157 1885 296 1911 Ἀδύνατον
313 1886 368 1921 γάρ
390 1893 478 1921 φαμεν
503 1883 571 1912 εἶναι
588 1885 728 1920 ἄνθρωπον
753 1886 810 1920 μετ’

32 1932 123 1967 ιρετῆς
137 1931 186 1958 ἀπ’
203 1932 290 1967 ἀρχῆς
305 1931 372 1967 πρὸς
387 1932 432 1957 τὸν
447 1931 512 1957 Θεὸν
533 1931 588 1958 ἄνω
605 1931 722 1965 βλέπειν.
752 1931 810 1957 Κα-

33 1977 83 2003 εἱαν
105 1977 163 2012 γὰρ
180 1977 343 2011 ὑφίστασθαι
358 1977 503 2011 ἀναγκαῖον
526 1976 632 2012 πρῶτον
657 1977 686 2002 ἐν
707 1975 812 2012 ἀνθρώ-

34 2031 82 2054 ποις
98 2022 168 2058 (61).
192 2023 266 2048 Καθὸ
280 2024 326 2049 καὶ
340 2024 355 2049 6
369 2023 473 2055 Παῦλος
489 2023 577 2058 λέγει·
600 2033 609 2048 ι
627 2022 770 2057 Ἐλθούσης
782 2022 810 2048 δὲ

35 2069 68 2103 ἧς
82 2068 206 2103 ἐντολῆς,
218 2069 235 2104 ὴ
247 2070 365 2104 ἁμαρτία
375 2069 428 2104 (6:2)
439 2068 579 2105 ἀνέζησεν,
594 2069 648 2103 ἐγὼ
663 2069 691 2096 δὲ
707 2069 810 2096 ἀπέθα-

36 2122 72 2140 ον.
86 2124 95 2140 ι
121 2114 203 2141 Ἀλλὰ
217 2115 263 2141 καὶ
286 2115 316 2141 οὐ
330 2115 490 2150 διδάσκομεν
505 2115 569 2150 περὶ
588 2114 634 2141 τοῦ
651 2114 754 2145 ἀδίκου,
770 2115 810 2140 ὅτι

39 2160 158 2196 Ιἑταρκες
179 2160 252 2195 αὐτῷ
273 2161 304 2187 τὸ
317 2161 361 2187 διὰ
376 2161 425 2197 τὴν
441 2161 589 2197 μοχθηρίαν
608 2160 702 2187 ἑαυτὸν
715 2169 811 2186 ταπει-

38 2206 81 2231 οὖν
95 2206 166 2241 πρὸς
183 2206 213 2232 τὸ
228 2206 353 2242 δεχθῆναι
368 2207 420 2233 ὑπὸ
434 2207 480 2233 τοῦ
503 2206 587 2233 Θεοῦ·
604 2206 671 2237 ἀλλ’,
696 2206 743 2232 ἐὰν
761 2207 809 2241 μὲν
825 2215 847 2243 D

39 2252 64 2277 πὶ
78 2254 136 2283 τοῖς
150 2251 293 2287 προτέροις
307 2252 401 2278 ἑαυτοῦ
419 2253 577 2286 καταγνοὺς,
601 2251 749 2286 πορεύηται
764 2260 808 2279 ηα-

40 2297 110 2328 τινος
127 2298 172 2323 ἐπ’
187 2297 308 2330 ἐκείνοις,
332 2299 378 2324 καὶ¹
390 2298 594 2334 κεκοσμημένος
609 2298 656 2324 ἐπὶ
677 2299 732 2329 τοῖς
745 2298 806 2324 διυ-

41 2343 118 2378 ἓροις,
133 2343 228 2370 τοῦτον
242 2344 421 2380 παραδέξεται
436 2346 450 2371 ὁ
460 2345 535 2376 Θεός.

54 2387 129 2419 Εἶτα,
149 2390 187 2424 μὴ
200 2389 267 2416 νοῶν
276 2389 333 2421 πῶς
346 2390 452 2426 εἴρηται
465 2390 506 2421 τὸ,
525 2400 535 2416 ι
554 2391 613 2423 Πᾶς
627 2392 642 2418 ό
654 2390 728 2426 ὑψῶν
744 2391 806 2417 ἐαυ-

43 2442 63 2459 iv
77 2435 312 2470 ταπεινωθήσεται
323 2444 330 2451 ’
351 2445 361 2462 ι
381 2437 448 2472 μηδὲ
465 2437 516 2463 κᾶν
533 2437 587 2464 ἀπὸ
601 2437 648 2472 τοῦ
665 2436 807 2467 Πλάτωνος

44 2479 162 2518 δαχθεὶς,
186 2468 233 2507 ὃτι-
253 2490 262 2505 ι
285 2481 314 2507 ’0
331 2468 470 2513 καλίιξκαὶ
484 2482 585 2516 ἀγαθὸς
600 2468 746 2517 πδρεύεται
760 2489 807 2506 τα-

53 2537 64 2553 ⁸
79 2538 86 2563 l
99 2536 161 2564 Pet.
177 2545 207 2568 ιι,
218 2536 264 2564 ‘22.
301 2537 312 2552 ⁹
327 2537 407 2565 Rom.
419 2545 468 2570 vn,
480 2538 507 2566 9.
545 2539 567 2574 ‘l°
583 2538 675 2567 llatlb.
694 2546 768 2568 mn.
788 2535 833 2564 l2.

55 2605 296 2642 (58)ﬂmscbelius
313 2609 340 2632 et
362 2607 530 2642 Spcncerns.
548 2604 780 2642 incensum;
794 2613 801 2637 ;

47 2640 65 2666 t‘.
78 2641 146 2676 πρὸς
157 2639 236 2666 τούτο
244 2640 381 2677 φήσομεν,
399 2641 439 2667 ὃτι
451 2639 627 2677 λῃστάς,ἰιιε.
648 2640 701 2668 Sed
721 2640 801 2669 :odex

48 2675 184 2702 isilcensis
201 2680 229 2701 ut
243 2675 269 2701 in
284 2680 377 2702 nostro
391 2675 475 2702 textu.

55 2710 112 2745 (59)
137 2711 310 2737 Βούλονται.
341 2710 431 2737 Malim
457 2719 516 2737 cum
541 2709 691 2742 Bolterello,
714 2709 803 2745 βούλε-

49 2752 62 2771 ει

49 2764 109 2814 ’ἱὶςιη
135 2780 251 2815 Ψυχῆς.
286 2780 401 2808 Omnino
424 2781 606 2813 scribendum,
632 2779 738 2815 τέχνης,
760 2779 801 2806 Vel

51 2823 96 2849 ης,
113 2816 155 2842 vol
170 2817 235 2849 quiti
254 2815 354 2842 simile.

55 2851 109 2885 (6|)
129 2850 243 2877 Κακίαν
254 2851 307 2885 γὰρ
323 2851 502 2885 ὑφίστασθαι
517 2851 677 2886 ἀναγκαῖον
688 2849 803 2885 πρῶτον

178 2895 314 2925 Ριτιιοι.
339 2895 397 2925 Gn.
422 2896 478 2926 Xl.

866 234 966 267 plilicet
987 243 993 260 :
1017 242 1026 259 l
1041 233 1146 268 Ecquos
1168 233 1236 261 alios
1251 240 1360 262 vocaret
1380 234 1469 261 latro?
1485 244 1494 260 ι
1524 234 1646 268 Respon-

864 280 959 307 demus
972 286 986 306 a
1004 279 1109 306 latrone
1125 279 1215 307 vocari
1232 279 1360 310 latrones.
1387 281 1457 314 quod
1475 279 1582 307 illorum
1598 288 1645 307 nc-

865 324 950 358 quitia
968 329 1058 352 utatur
1073 328 1167 351 contra
1194 324 1317 352 homines
1332 333 1400 360 quos
1416 327 1570 354 interﬁcere
1590 326 1646 352 vnlt

863 374 891 396 et
904 369 1039 403 spoliare;
1062 370 1231 398 Christianos
1253 378 1327 401 vero,
1351 372 1400 398 etsi
1418 373 1525 399 eosdem
1548 377 1644 399 vocent

865 421 896 441 ac
911 414 991 446 latro.
1019 415 1074 442 alio
1088 419 1177 442 tamen
1194 423 1290 442 vocare
1317 416 1446 447 consilio;
1472 417 1598 444 nimirum
1615 421 1645 443 ut

865 460 986 486 doctrina
1015 460 1126 488 vulnera
1152 468 1246 487 eorum
1269 461 1397 495 obligent,
1423 466 1449 488 ct
1475 462 1501 488 in
1526 462 1644 488 animant

865 505 1038 540 cupiditatum
1063 505 1194 532 incendiis
1218 505 1408 533 inﬂammatam
1437 507 1577 534 infundant
1598 515 1642 535 re-

866 551 964 582 tnedia,
980 558 1040 585 qum
1064 551 1140 582 vino,
1164 551 1236 583 oleo,
1252 551 1366 586 aliisque
1383 552 1562 586 respondeant
1579 552 1645 580 leni-

866 596 964 623 mentis
978 603 1038 630 qua:
1051 596 1146 624 medici
1161 597 1320 631 corporibus
1337 597 1490 624 admovent.

900 682 944 709 6'2.
960 682 1028 709 Tum
1044 682 1147 715 Celsus,
1171 690 1230 717 quae
1255 683 1326 710 dicta
1343 687 1369 709 et
1385 683 1485 717 scripta
1499 687 1562 710 sunt
1583 683 1646 710 bor-

866 727 955 754 tanuis
976 727 1045 755 male
1069 729 1220 755 viventibus
1246 727 1429 762 vocandisque
1454 727 1486 755 ad
1512 729 1648 763 paeniten—

866 774 932 801 tiam
948 779 975 802 et
991 775 1087 802 anima:
1102 782 1157 802 suae
1171 775 1399 805 emendationem,
1417 774 1526 807 indigne
1542 775 1642 802 calaut-

865 822 952 854 nians,
963 821 1001 849 ait
1013 822 1106 849 dicere
1122 829 1182 854 nos,
1199 833 1209 847 ι
1222 821 1333 848 missum
1347 823 1379 848 ad
1395 828 1550 855 peccatores
1562 823 1646 850 fuisse

831 867 850 892 lt
865 866 981 894 Deum.»
1005 867 1080 900 Quod
1098 867 1208 901 perinde
1225 867 1290 894 facit
1313 875 1345 894 ac
1364 868 1386 895 si
1410 867 1571 902 quibusdam
1592 869 1645 895 cri-

866 912 930 938 mini
945 912 1066 944 duceret,
1083 913 1152 947 quod
1172 913 1305 940 medicmn
1321 914 1354 941 ab
1370 914 1565 942 humanissimo
1583 921 1645 949 rege

864 960 897 984 ad
915 959 1007 985 urbem
1022 963 1131 992 propter
1141 966 1199 989 eos,
1215 958 1260 992 qui
1279 959 1380 987 morbis
1394 960 1560 993 laborabant,
1576 961 1644 989 mis—

864 1012 922 1030 sum
936 1011 997 1030 esse
1022 1003 1197 1031 afﬁrmarent.
1226 1004 1321 1033 Missus
1337 1006 1419 1040 igitur
1434 1012 1476 1034 est
1491 1006 1562 1034 Deus
1577 1006 1645 1034 Ver-

865 1049 926 1075 butn
949 1049 983 1076 ad
1007 1053 1164 1083 peccatores
1191 1055 1318 1084 tanquam
1346 1052 1484 1085 medicus;
1511 1053 1559 1080 sed
1586 1057 1643 1080 tan-

864 1103 944 1129 quam
970 1095 1120 1122 divinorum
1145 1097 1336 1130 mysteriorum
1362 1097 1455 1124 doctor
1470 1098 1502 1124 ad
1519 1106 1577 1130 eos,
1596 1099 1641 1133 qni

863 1141 943 1168 elutis
961 1141 1082 1175 pristinis
1107 1141 1234 1175 peccatis,
1252 1142 1277 1168 in
1292 1149 1322 1168 ea
1343 1142 1399 1175 jam
1414 1151 1466 1170 non
1486 1144 1646 1171 relabuntur

839 1191 841 1198 ‘
863 1186 989 1221 amplius.
1004 1188 1039 1214 At
1055 1186 1161 1220 Celsus,
1185 1187 1264 1221 hujus
1284 1188 1448 1216 discriminis
1464 1190 1584 1224 ignarus,
1601 1195 1643 1217 ut-

863 1237 925 1266 pote
941 1233 1011 1267 quod
1024 1233 1168 1267 exquirere
1181 1233 1276 1265 noluit,
1301 1239 1378 1269 rogat
1393 1243 1400 1261 :
1420 1235 1492 1262 (Cur
1507 1244 1557 1262 non
1577 1236 1643 1263 mis-

864 1285 909 1305 sus
927 1283 969 1305 est
986 1279 1020 1306 ad
1043 1279 1175 1305 immunes
1202 1286 1216 1306 a
1233 1280 1369 1314 peccatis?
1393 1280 1461 1314 Quid
1489 1281 1587 1308 malum
1603 1285 1643 1309 est

862 1331 915 1350 non
936 1325 1101 1359 peccasse?»
1125 1325 1166 1352 Ad
1186 1326 1237 1353 hoc
1264 1326 1380 1352 dicimus
1400 1335 1407 1352 :
1426 1326 1454 1352 Si
1477 1334 1525 1361 per
1544 1328 1641 1353 immu-

861 1377 911 1397 nvs
924 1377 938 1397 tt
953 1371 1073 1405 peccatis
1090 1370 1231 1406 intelligar
1243 1372 1289 1406 qui
1314 1379 1366 1398 non
1386 1372 1500 1406 amplius
1517 1377 1641 1406 peccant,

862 1417 987 1444 Salvator
1000 1423 1092 1444 noster
1114 1419 1147 1445 ad
1159 1424 1204 1444 eos
1221 1418 1318 1445 missus
1334 1423 1386 1451 est,
1406 1419 1452 1446 sed
1469 1427 1522 1446 non
1536 1424 1565 1446 ut
1584 1427 1641 1447 me-

862 1465 952 1496 dicus;
978 1465 1019 1490 sin
1044 1467 1133 1490 autent
1163 1471 1210 1491 eos
1233 1464 1277 1498 qui
1304 1471 1439 1499 nunquam
1465 1471 1642 1499 peccaverunt

862 1510 960 1545 (neque
978 1511 1048 1537 enim
1077 1510 1134 1537 haec
1157 1509 1214 1543 cjus
1239 1509 1318 1537 verba
1340 1515 1431 1545 aperte
1452 1511 1641 1546 dietingnunt),

864 1556 1030 1590 impossibile
1042 1559 1083 1583 est
1099 1557 1235 1583 hominem
1248 1564 1309 1584 esse
1325 1559 1371 1592 qui
1397 1565 1534 1592 nunquam
1549 1565 1644 1592 pecca-

863 1608 942 1635 verit,
956 1608 1070 1638 excepto
1092 1607 1181 1629 tamen
1199 1603 1309 1631 homine
1323 1610 1337 1629 a
1352 1603 1416 1631 Jesu
1431 1609 1579 1639 assumpto,
1597 1607 1642 1640 qui

861 1650 942 1676 homo
969 1657 978 1672 I
989 1653 1128 1683 peccatum
1146 1655 1199 1675 non
1219 1648 1281 1675 fecit
1292 1649 1313 1675 ⁸.
1327 1658 1336 1674 ι
1352 1649 1474 1684 Improbe
1490 1651 1570 1677 etiam
1595 1659 1644 1678 no-

861 1695 902 1722 bis
916 1696 986 1722 hanc
1000 1695 1121 1729 assignat
1135 1696 1297 1722 sententiam
1312 1705 1319 1722 :
1334 1705 1343 1721 ι
1354 1695 1481 1729 lnjustum
1503 1704 1517 1723 a
1533 1697 1585 1724 Deo
1601 1705 1645 1725 re-

860 1745 967 1774 ceptum
987 1740 1030 1772 iri,
1048 1740 1070 1767 si
1085 1747 1114 1767 se
1127 1741 1162 1766 de
1175 1740 1294 1774 nequitia
1313 1747 1362 1767 sua
1381 1741 1580 1774 humiliaverit,;
1597 1744 1644 1770 Ini-

861 1786 934 1812 nitne
951 1791 1041 1813 autem
1054 1786 1168 1820 justum,
1183 1787 1205 1812 si
1221 1785 1366 1813 virtutibus
1377 1790 1490 1813 ornatus
1505 1787 1537 1813 ab
1553 1787 1641 1820 initio,

861 1833 892 1858 ad
906 1833 979 1858 illum
1002 1832 1094 1859 oculos
1119 1831 1272 1859 tetenderit.
1287 1841 1297 1858 ι
1325 1831 1474 1860 Censemus
1494 1834 1566 1860 enim
1584 1834 1640 1861 ﬁeri

861 1886 913 1904 non
941 1884 1028 1912 posse,
1055 1882 1084 1903 ut
1108 1877 1188 1904 homo
1209 1877 1354 1904 virtutibus
1377 1884 1490 1905 ornatus
1516 1879 1550 1906 ab
1564 1879 1640 1906 initio

860 1922 893 1948 ad
908 1922 990 1948 Dento
1005 1921 1097 1948 oculos
1110 1922 1205 1956 erigat.
1220 1921 1339 1948 Primum
1351 1923 1423 1950 enim
1441 1923 1466 1950 in
1487 1924 1641 1952 hominibus

860 1973 999 2001 peccatum
1024 1966 1085 2000 poni
1104 1973 1214 1993 necesse
1235 1971 1286 1999 cst.
1304 1967 1410 1995 dicente
1427 1968 1510 1995 Paulo
1527 1978 1534 1996 :
1552 1979 1561 1995 ι
1573 1969 1639 1996 Cum

860 2014 979 2040 venisset
1003 2013 1170 2044 mandatum,
1195 2018 1336 2046 peccatum
1354 2014 1468 2047 revixit;
1483 2022 1532 2050 ego
1552 2021 1639 2043 autem

861 2066 985 2087 mortuus
1007 2066 1065 2086 smn
1077 2059 1098 2085 ’.
1113 2068 1122 2084 ι
1150 2058 1243 2093 Neque
1259 2060 1340 2086 etiam
1363 2061 1501 2093 docemus,
1525 2067 1555 2088 ut
1571 2062 1639 2095 inju-

861 2111 919 2132 stus
935 2113 950 2132 a
965 2105 1018 2132 Deo
1031 2104 1187 2138 recipiatur,
1203 2104 1269 2131 satis
1282 2112 1351 2137 esse,
1371 2106 1393 2133 si
1420 2111 1530 2141 propter
1547 2107 1641 2141 nequi-

862 2153 927 2179 tiam
954 2159 983 2179 se
1001 2150 1200 2182 humiliaverit;
1224 2149 1309 2186 489
1334 2152 1380 2179 sed
1396 2152 1468 2179 illntu
1485 2161 1499 2178 a
1525 2153 1582 2180 Deo
1599 2161 1641 2183 re-

861 2203 968 2232 ceptum
986 2197 1018 2224 iri
1034 2196 1091 2232 qui.
1107 2195 1249 2231 pristinam
1264 2197 1346 2223 vitam
1363 2198 1558 2230 condemnans,
1578 2207 1627 2234 pro

862 2249 920 2279 pter
937 2243 1010 2270 illam
1035 2243 1156 2270 modeste
1180 2247 1208 2268 et
1229 2243 1263 2269 ob
1290 2243 1469 2270 recentiorem
1493 2247 1640 2280 composite

861 2289 1013 2316 incesserit.

895 2388 937 2415 65.
948 2387 1012 2415 Post
1023 2387 1081 2414 hare
1091 2395 1144 2414 non
1159 2387 1311 2422 intelligens
1323 2387 1390 2422 quid
1403 2388 1454 2415 sibi
1467 2389 1549 2416 velint
1562 2390 1636 2418 hate:

863 2444 872 2459 ‹
884 2434 979 2462 Omnis
988 2433 1033 2468 qui
1045 2441 1075 2460 se
1085 2433 1198 2466 exaltat,
1208 2433 1397 2461 hutuiliabitur
1406 2434 1445 2467 ’°;
1460 2443 1470 2460 ι
1483 2435 1638 2470 oblitusque

860 2479 923 2515 quid
941 2478 1019 2506 Plato
1036 2479 1131 2505 doceat
1143 2498 1151 2511 ,
1171 2487 1181 2504 ι
1201 2479 1288 2505 virum
1310 2479 1424 2514 probum
1450 2484 1477 2506 et
1493 2479 1638 2508 honestum

857 2602 891 2628 ἐν
905 2601 1079 2635 ἀνθρώποις.
1103 2599 1141 2635 De
1165 2605 1276 2633 peccato
1299 2601 1420 2635 originali
1439 2600 1502 2634 quid
1523 2603 1639 2629 senserit

857 2638 998 2671 Origenes.
1024 2637 1086 2671 vide
1118 2634 1351 2671 Origenianorum’
1367 2636 1414 2663 lib.
1435 2643 1466 2667 tt,
1493 2640 1588 2670 quaest.
1610 2637 1636 2665 7.

857 2680 885 2699 ιι.
905 2674 950 2698 ιιι.
987 2670 1105 2701 Consule
1132 2670 1195 2698 item
1220 2671 1348 2704 Spenceri
1375 2671 1579 2698 adnotationem
1604 2672 1638 2698 ad

857 2707 905 2734 lib.
922 2714 947 2733 iv
963 2710 1054 2732 contra
1069 2704 1182 2736 Celsum,
1198 2712 1271 2731 num.
1284 2705 1328 2732 40.

894 2742 948 2776 (62)
971 2741 1006 2767 Ἡ
1017 2739 1152 2776 ἁμαρτία,
1166 2743 1219 2766 etc.
1241 2740 1295 2776 _Sic
1309 2747 1402 2767 omnes
1427 2749 1492 2768 mss.
1505 2740 1636 2768 "(asche-

856 2774 909 2803 lius
925 2782 1013 2811 autent
1027 2780 1054 2811 et
1071 2775 1221 2811 Spettcertts
1240 2774 1265 2801 in
1291 2781 1376 2808 textu,
1393 2776 1409 2810 ή
1430 2776 1550 2811 ἁμαρτία
1568 2776 1630 2803 ant-

856 2811 944 2843 θανεν,
962 2809 1014 2845 ἐγὼ
1027 2810 1054 2836 δὲ
1069 2809 1192 2844 ἀνέζησα.

1455 2887 1496 2918 33
