1848 3091
199 118 268 146 10υῦ

932 113 1057 142 οιιιοΕΝ
1062 113 1092 142 IS

1749 110 1809 135 ιω

197 180 316 202 modeste
339 178 366 201 et
382 173 532 208 composite
555 172 691 206 incedere,
712 183 722 199 ι
749 178 829 208 alque
846 173 972 208 ignorans

1065 174 1116 205 ινὸς
1132 174 1177 200 καὶ
1190 171 1394 208 κεκοσμημένος
1404 181 1411 187 ·
1432 183 1440 198 ι
1457 173 1493 208 μὴ
1506 172 1582 204 εἰδὼς
1596 171 1624 198 δὲ
1638 171 1699 200 καὶ.
1714 169 1752 200 ῶς
1766 176 1811 203 φα-

198 221 222 247 id
237 223 307 255 quod
321 221 436 247 dicimus
450 229 457 247 :
475 229 484 245 ‹
504 218 690 246 Humiliaznini
708 219 791 254 igitur
807 220 858 247 sub
871 220 975 254 potenti

197 275 276 293 manu
294 266 350 296 Dei,
366 271 395 292 ut
408 265 507 292 exaltet
518 272 566 292 vos
581 265 607 291 in
623 270 743 299 tempore
755 265 796 298 “;
813 274 823 291 ›
840 265 877 292 ait
892 274 898 292 :
916 275 925 291 ε
938 266 976 292 Ac

199 314 320 339 homines
333 311 442 346 quidem
459 312 504 345 qui
524 316 596 338 recte
616 310 736 344 judicum
755 310 842 338 oﬂirio
861 310 977 345 fungun-

196 363 249 388 tur,
268 364 328 384 reos
345 361 438 382 vetant
456 357 493 382 uti
516 363 608 382 coram
623 363 652 382 se
670 356 816 391 gemitibus
829 361 853 382 et
871 355 976 382 lamen-

196 403 241 432 tis.
257 407 286 428 ut
303 410 336 428 ne
360 401 386 428 iu
401 400 550 435 iudicando
574 401 761 428 misericordia
784 401 874 435 potius
896 409 976 434 quam

196 448 312 475 veritate
328 452 508 478 movranlur;
524 452 551 473 at
565 447 635 473 Deus
649 446 719 473 inter
733 446 908 479 iudicandum
924 454 976 473 non

195 493 331 524 veritatis,
357 492 404 519 sed
427 492 593 518 adulationis
616 492 749 518 rationem
776 491 867 518 habet.
889 501 897 517 ι
923 490 976 518 Sed

197 547 319 575 quamam
334 538 462 568 adulatio.
478 539 522 571 qui
540 538 654 572 gemitus
670 538 695 563 in
705 538 852 572 Scripturis
867 545 977 571 compa-

197 590 269 615 rent,
283 591 343 611 cum
359 584 404 617 qui
426 583 548 617 peccavit
562 583 634 609 dicat
649 583 674 609 in
696 583 752 610 suis
769 583 800 609 ad
817 583 899 609 Deum
917 591 977 616 prc—

187 632 293 659 -cibus:
313 640 321 655 ε
343 630 473 656 Delictum
488 636 576 656 meum
591 629 726 663 cognitum
743 628 789 655 tibi
812 628 874 660 feci,
893 634 919 656 et
933 629 976 655 in—

195 677 329 711 justitiam
346 683 432 703 meam
449 683 502 702 non
519 675 658 702 abscondi.
675 675 745 705 Dixi,
761 674 913 701 conlitcbor
929 674 977 701 ad-

196 731 306 751 versum
324 730 366 750 me
394 721 554 756 iniustitiam
573 729 660 747 meatu
687 720 818 751 Domino,
833 725 887 748 etc.
902 720 945 746 “2
965 730 974 746 ι

197 771 238 798 An
251 769 406 803 probaverit
422 768 575 801 huiusmodi
591 767 789 794 confessionem
810 775 914 799 eorum,
930 767 976 801 qui

197 824 226 843 se
243 820 304 850 post
317 815 492 842 commissum
518 817 659 848 peccatum
684 813 827 840 lmmiliant
840 813 890 840 sub
912 813 975 845 Deo,

1029 229 1087 255 μεν,
1105 230 1113 245 ι
1133 219 1316 255 ταπεινώθητε
1333 217 1379 246 οὖν
1395 219 1446 245 ὑπὸ
1460 220 1508 254 τὴν
1524 218 1659 254 κραταιὰν
1677 217 1756 252 χεῖρα
1769 214 1811 241 τοῦ

1026 266 1103 297 Θεοῦ,
1119 266 1163 293 ἵνα
1179 266 1250 301 ὑμᾶς
1265 264 1360 301 ὑψώσῃ
1374 266 1402 294 ὲν
1417 264 1522 300 καιρῷ·
1541 274 1550 289 ›
1565 265 1658 300 φησὶν,
1674 264 1717 288 ὅτι
1731 271 1740 287 ε
1755 262 1806 287 ’Δί

1027 311 1130 347 θρωποι
1147 312 1195 346 μὲν
1208 310 1296 346 ὀρθῶς
1310 310 1387 346 δίκης
1407 310 1599 346 προϊστάμενοι
1617 309 1682 340 τοὺς
1698 307 1746 334 ἐπὶ
1761 308 1811 338 τοῖς

1026 358 1189 393 ἀδικήμασιν
1211 357 1425 393 ὀλοφυρομένους
1445 356 1615 383 ἁποπαὺουσι
1638 355 1695 381 τῶν
1712 355 1810 389 οἰκτρο-

1026 404 1106 438 γοῶν,
1123 405 1166 430 ἵνα
1186 404 1221 440 μὴ
1236 404 1305 439 πρὸς
1318 404 1391 430 ἔλεον
1410 403 1509 438 μᾶλλον
1523 403 1539 438 ἢ
1556 403 1623 438 πρὸς
1635 401 1766 437 ἀλήθειαν
1777 400 1811 426 δι-

1026 448 1179 475 κασθῶσιν·
1203 449 1217 474 ὁ
1237 448 1302 478 Θεὸς
1322 447 1344 474 δ’
1368 447 1422 482 ἄρα
1445 447 1475 473 οὐ
1497 446 1564 482 πρὸς
1587 446 1732 481 ἀλήθειαν,
1747 444 1810 472 ἀλλὰ

1026 495 1095 530 πρὸς
1116 494 1260 521 κολακείαν
1284 493 1397 525 δικάζει.
1419 503 1428 518 ›
1449 493 1516 519 Ποία
1531 493 1584 528 γὰρ
1601 490 1749 522 κολακεία,
1769 491 1811 518 καὶ

1027 543 1101 572 ποῖος
1121 541 1199 574 λόγος
1221 540 1384 575 οίκτρογοῶν
1402 539 1473 565 κατὰ
1487 539 1537 570 τὰς
1560 538 1634 569 θείας
1657 537 1810 572 γιγνόμενος

1029 586 1150 622 Γραφάς,
1166 585 1235 612 ἐπὰν
1253 586 1267 611 ὁ
1288 584 1450 620 ἁμαρτάνων
1469 584 1535 620 λέγῃ
1551 585 1579 610 ἐν
1592 584 1652 614 ταῖς
1669 583 1740 618 πρὸς
1751 582 1812 608 Θεὸν

1027 632 1129 666 εὐχαῖς,
1147 640 1156 655 ‹
1177 630 1233 665 Τὴν
1248 629 1381 665 ἁμαρτίαν
1400 638 1449 664 μου
1465 628 1598 664 ἐγνώρισα
1609 648 1616 659 ,
1632 627 1680 654 καὶ
1693 626 1743 661 τὴν
1757 627 1813 652 ἀνο-

1029 677 1092 712 μίαν
1119 685 1169 711 μου
1186 676 1236 702 οὐκ
1253 675 1374 709 ἐκάλυψα
1385 683 1392 690 ν
1412 684 1421 700 ι
1439 673 1502 700 εἶπα
1514 694 1521 704 ,
1538 684 1546 699 ε
1567 672 1742 708 ἐξαγορεύσω
1757 673 1810 698 κατ’

1027 722 1093 757 ἐμοῦ
1112 723 1161 756 τὴν
1186 722 1299 756 ἀνομίαν
1320 729 1369 756 μου
1391 719 1429 755 τῷ
1449 720 1558 756 Κυρίῳ,
1584 729 1592 745 ι
1609 719 1657 745 καὶ
1682 718 1718 744 τὰ
1734 717 1810 752 ἑξῆς;

1033 768 1113 794 Ἀλλὰ
1135 768 1246 794 δύναται
1261 768 1315 802 (65)
1332 766 1515 802 παραστῆσαι,
1538 766 1578 792 ὅτι
1595 765 1646 792 οὐκ
1669 764 1743 790 ἔστιν
1756 765 1810 789 ἑπι-

1030 814 1189 849 στρεπτικὺν
1209 813 1239 840 τὸ
1253 813 1370 840 τοιοῦτον
1393 812 1448 838 τῶν
1463 812 1683 847 ἁμαρτανόντων,
1701 810 1754 836 ὑπὸ
1772 810 1811 835 τὸν

198 862 232 888 ad
249 861 355 888 illorum
372 860 570 888 correctionem
588 868 641 886 non
661 859 837 886 conducere?
855 859 906 886 Sed
919 858 972 892 ejus

1065 860 1093 886 δν
1123 860 1234 892 ἑαυτοὺς
1260 858 1455 886 ταπεινούντων
1481 859 1509 883 ὲν
1538 858 1598 889 ταῖς
1623 857 1739 891 εὐχαῖς,
1764 856 1813 882 Καὶ

197 906 366 933 obtrectandi
381 905 466 931 libido
480 904 556 935 facit,
573 909 602 930 ut
623 904 673 930 sibi
689 904 814 938 loquatur
830 904 974 931 contraria.

198 951 273 978 Nunc
288 951 358 978 enim
374 958 539 985 cognoscere
554 950 659 976 videtur
675 949 831 982 hominem,
851 950 895 984 qui
918 949 977 976 sine

198 1002 330 1031 peccmo.
354 996 444 1031 justus
468 1000 495 1021 et
518 996 617 1021 virtute
641 995 769 1029 praeditus
789 996 822 1021 ab
845 995 921 1021 initio
943 993 976 1020 ad

199 1043 280 1070 Deum
295 1043 389 1069 oculos
400 1040 558 1071 sustulerit;
573 1048 644 1066 nunc
657 1041 790 1073 approbat
805 1040 831 1066 id
845 1040 916 1074 quod
928 1047 977 1067 nos

197 1089 312 1115 dicimus
335 1097 340 1113 :
369 1097 378 1111 «
402 1087 468 1119 Quis
483 1087 563 1113 homo
578 1085 699 1120 perfecte
720 1085 828 1119 justus?
849 1091 896 1113 aut
916 1086 976 1121 quis

196 1135 256 1161 sine
270 1139 381 1168 peccato
393 1133 437 1160 "‘P
456 1142 465 1159 ι
480 1133 524 1159 Ait
538 1133 609 1159 enim
627 1132 684 1166 ipse
699 1141 705 1158 :
724 1140 734 1158 ‹
756 1132 853 1159 Verum
872 1136 914 1159 est
927 1140 976 1159 ua-

198 1184 258 1206 tura
273 1178 391 1213 proelive
406 1185 466 1205 esse
480 1178 513 1204 ad
524 1179 690 1212 peccandum
707 1185 791 1211 genus
802 1178 950 1205 hominum.
963 1187 973 1204 ι

199 1224 310 1255 Deinde,
330 1223 407 1258 quasi
433 1231 486 1250 non
505 1231 604 1250 omnes
626 1223 659 1249 ad
684 1228 803 1250 nostram
820 1223 975 1258 religionem

198 1276 365 1300 vocarentur
378 1281 386 1297 :
403 1279 413 1296 t
432 1270 568 1304 Oportuit,
583 1270 679 1304 inquit,
694 1269 804 1297 omnino
820 1277 914 1297 omnes
930 1277 977 1297 vo-

198 1319 266 1350 cari,
281 1319 303 1345 si
320 1318 430 1352 quidem
446 1323 541 1343 omnes
565 1316 749 1350 peccaverint.
771 1325 780 1341 ι
796 1316 829 1343 Ει
842 1321 931 1344 tamen
949 1317 975 1343 in

188 1363 385 1398 superioribus
399 1362 508 1388 allatum
525 1370 540 1388 a
557 1362 636 1388 nobis
648 1366 691 1388 est
705 1361 776 1388 istud
787 1361 852 1389 Iesu
868 1371 875 1389 :
895 1371 904 1388 ι
925 1361 976 1389 Ve-

197 1410 257 1436 nite
268 1409 300 1436 ad
318 1416 370 1440 nte.
384 1415 479 1435 omnes
493 1407 538 1441 qui
553 1407 683 1434 laboratis
702 1412 730 1434 et
745 1409 848 1434 onerati
862 1408 936 1439 estis.
949 1411 976 1434 et

197 1463 246 1489 ego
271 1455 388 1481 reliciam
415 1461 462 1480 vos
483 1453 516 1479 “.
535 1463 544 1479 ι
563 1452 664 1480 Omnes
685 1453 766 1487 igitur
786 1454 909 1480 homines
926 1455 977 1481 hac

197 1501 229 1527 ad
253 1500 420 1534 peccandum
444 1499 614 1532 proclivitate
647 1499 803 1525 laborantes
821 1504 848 1526 et
872 1499 974 1526 onerati
989 1518 1011 1546 ϐ

197 1549 330 1572 vocantur
347 1545 378 1571 ad
394 1545 465 1570 illam
490 1543 534 1569 Dei
551 1544 709 1577 requietem,
724 1551 805 1578 quam
822 1551 913 1571 nostra
927 1545 976 1572 do-

198 1593 284 1618 ctrina
297 1590 439 1625 promittit.
451 1598 461 1615 ι
475 1588 545 1616 Misit
561 1598 570 1614 ι
586 1589 740 1617 eninrDeus
754 1589 885 1617 tVerbum
897 1598 974 1617 suum

196 1642 225 1665 et
238 1637 342 1664 satiavit
359 1644 414 1669 eos,
429 1642 457 1663 et
470 1636 570 1671 eripuit
585 1644 632 1663 eos
649 1639 682 1664 de
695 1637 917 1672 corruptionibns
930 1645 976 1665 eo-

183 1697 186 1699 λ
198 1690 258 1710 rum
271 1683 302 1711 “.
321 1692 330 1708 ι

231 1773 275 1801 64.
290 1773 397 1808 Pergit:
418 1782 428 1798 ι
443 1772 499 1805 Qua
516 1773 598 1806 igitur
622 1780 703 1800 causa
728 1775 886 1807 peccatores
904 1779 974 1806 pra:-

196 1819 341 1847 Ieruntur?
360 1829 369 1844 r
386 1819 519 1853 Additque
539 1819 616 1853 plura
630 1818 655 1845 id
670 1819 974 1853 genusﬂespondemus

196 1869 365 1899 peccatorcm
390 1864 548 1898 simpliciter
573 1871 625 1890 non
641 1864 766 1897 anteponi
784 1864 898 1899 illirqui
920 1871 974 1891 non

195 1916 237 1939 cst
252 1916 399 1946 peccator;
416 1911 464 1938 sed
479 1910 614 1938 interdum
636 1910 734 1937 accidit
749 1915 778 1937 ut
792 1915 918 1944 peccator
932 1910 975 1937 sui

197 1956 300 1990 peccati
314 1955 479 1983 conscientia
493 1960 580 1982 tactus
595 1960 621 1982 et
634 1955 735 1982 idcirco
749 1955 975 1989 pcenitensatqite

197 2007 306 2035 propter
323 2009 370 2028 sua
396 2007 507 2036 pet-cata
532 2000 641 2027 humilis
664 2000 832 2027 anteleratur
855 1999 904 2031 illi,
927 1999 974 2034 qui

195 2049 286 2075 minus
300 2048 408 2082 quidem
425 2048 470 2074 illo
481 2048 598 2075 habetur
609 2051 744 2081 peccator,
759 2048 806 2073 sed
822 2053 851 2073 se
866 2046 974 2073 minime

194 2099 364 2128 peccatorem
379 2101 438 2121 esse
451 2094 606 2126 existimat,
622 2093 676 2120 imo
690 2093 820 2128 gloriatur
837 2093 976 2127 turgescit-

194 2148 247 2175 que
262 2142 422 2175 quibusdam
441 2141 518 2168 bonis
529 2161 536 2172 ,
552 2140 649 2175 quibus
663 2140 713 2167 sibi
732 2140 789 2174 ipse
809 2145 921 2167 ornatus
936 2139 975 2166 vi-

1029 906 1227 941 συγκεχυμένος
1249 905 1271 932 δ’
1294 905 1348 931 ἀπὸ
1371 905 1419 939 τῆς
1434 904 1480 930 ἐπὶ
1495 904 1525 930 τὸ
1539 903 1703 938 κατηγορεῖν
1718 902 1811 936 ὁρμῆς,

1027 952 1118 987 ἑαυτῷ
1142 951 1251 977 ἐναντία
1273 950 1360 984 λέγει·
1388 950 1453 976 ὅπου
1477 949 1525 983 μὲν
1551 947 1692 983 ἐμφαίνων
1719 947 1812 973 εἰδέναι

1027 998 1215 1033 ἀναμάρτητον
1229 997 1370 1032 ἄνθρωπον
1387 996 1433 1022 καὶ
1452 995 1556 1021 δίκαιον
1572 994 1630 1029 μετ’
1647 993 1751 1029 ἀρετῆς
1769 992 1811 1018 ἀπ’

1027 1044 1113 1079 ἀρχῆς
1128 1043 1195 1079 πρὸς
1209 1042 1288 1069 αὑτὸν
1364 1041 1419 1068 ἄνω
1433 1040 1564 1077 βλέποντα
1574 1048 1581 1054 ’
1598 1040 1667 1066 ὅπου
1683 1039 1706 1065 δ’
1719 1038 1813 1064 ἀποξε-

1027 1089 1140 1124 χόμενος
1154 1089 1184 1115 τὸ
1198 1088 1347 1123 λεγόμενον
1365 1088 1408 1122 ὑφ’
1422 1087 1509 1122 ἡμῶν,
1522 1087 1563 1113 ὅτι
1580 1096 1588 1112 t
1607 1086 1657 1116 Τίς
1673 1084 1812 1120 ἄνθρωπος

1026 1135 1124 1166 τελέως
1135 1135 1237 1166 δίκαιος
1255 1143 1262 1166 ;
1276 1135 1293 1170 ἦ
1308 1134 1349 1165 τίς
1364 1134 1551 1168 ἀναμάρτητος
1567 1140 1574 1163 ;
1594 1141 1604 1156 ›
1627 1131 1672 1163 Ὡς
1686 1130 1811 1165 ἀποδεχό-

1029 1189 1107 1215 μενος
1124 1180 1178 1216 γὰρ
1192 1180 1273 1211 αὐτὸ,
1292 1179 1373 1215 φησί·
1396 1179 1474 1205 τοῦτο
1496 1178 1543 1213 μὲν
1562 1177 1693 1208 ἐπιεικῶς
1706 1176 1811 1211 ἀληθὲς,

1026 1229 1068 1255 ὃτι
1082 1227 1186 1261 πέφυκέ
1202 1235 1259 1257 πως
1273 1226 1303 1252 τὸ
1319 1224 1486 1260 ἀνθρώπινον
1501 1223 1582 1258 φῦλον
1602 1222 1781 1258 ἁμαρτάνειν.
1801 1231 1808 1246 ι

1027 1271 1108 1304 Εἶτα,
1131 1274 1169 1304 ὡς
1199 1273 1236 1308 μὴ
1258 1273 1366 1299 πάντων
1382 1271 1555 1306 καλουμένων
1578 1269 1631 1296 ὑπὸ
1652 1268 1703 1295 τοῦ
1725 1268 1810 1302 λόγω,

1026 1320 1108 1356 φησίν
1121 1328 1128 1335 ’
1147 1329 1155 1344 ι
1181 1319 1276 1354 Ἐχρῆν
1295 1316 1341 1344 οὖν
1365 1317 1457 1349 ἁπλῶς
1476 1317 1579 1347 πάντας
1600 1315 1695 1342 καλεῖν
1707 1333 1714 1345 ,
1734 1314 1761 1340 εῐ
1783 1322 1810 1347 γ;

1026 1365 1126 1396 πάντες
1140 1363 1335 1399 ἁμαρτάνουσι.
1348 1372 1358 1388 ι
1372 1362 1426 1388 Καὶ
1438 1362 1466 1387 ὲν
1479 1361 1534 1392 τοῖς
1549 1359 1678 1394 ἀνωτέρω
1690 1358 1720 1384 6E.
1732 1365 1811 1392 παρευ

1026 1410 1166 1445 δείκνυμεν
1184 1409 1228 1435 τὸν
1249 1407 1350 1442 Ἰησοῦν
1365 1406 1517 1442 εἰρηκέναι,
1535 1414 1545 1430 «
1567 1404 1653 1431 Δεῦτε
1669 1403 1772 1433 πάντες
1789 1403 1810 1427 oi

1026 1455 1174 1486 κοπιῶντες
1182 1455 1229 1480 καὶ
1238 1452 1456 1488 πεφορτισμένοι,
1467 1449 1544 1484 κάγὼ
1552 1448 1705 1476 ἀναπαύσω
1713 1448 1729 1474 ὕ
1734 1448 1792 1483 μᾶς.
1799 1456 1810 1473 ι

1027 1502 1130 1532 Πάντες
1153 1499 1198 1527 οὖν
1218 1500 1353 1535 ἄνθρωποι
1366 1518 1373 1529 ,
1396 1498 1440 1524 διὰ
1459 1498 1508 1532 τὴν
1528 1497 1576 1532 τῆς
1599 1496 1743 1531 ἁμαρτίας
1764 1495 1810 1529 ςὺσ

1028 1555 1069 1573 σιν
1095 1546 1148 1579 (65)
1174 1545 1321 1575 κοπιῶντες
1345 1544 1391 1570 καὶ
1415 1542 1644 1578 πεφορτισμένοι,
1668 1541 1812 1569 καλοῦνται

1026 1593 1072 1619 ἐπὶ
1087 1593 1135 1627 τὴν
1150 1591 1226 1626 παρὰ
1240 1590 1278 1626 τῷ
1293 1590 1363 1625 λόγῳ
1378 1589 1424 1617 τοῦ
1435 1589 1501 1616 θεοῦ
1517 1588 1671 1615 ἀνάπαυσιν
1681 1596 1687 1602 ·
1710 1597 1719 1612 ι
1741 1587 1811 1619 Ἐξι-

1027 1637 1147 1665 πέστειλε
1179 1637 1232 1672 γὰρ
1262 1637 1276 1662 ὁ
1304 1636 1369 1667 Θεὸς
1401 1635 1445 1661 τὸν
1481 1634 1565 1668 Λόγον
1585 1633 1683 1664 αὑτοῦ,
1701 1634 1751 1660 καὶ
1775 1633 1811 1658 ii-

1027 1692 1091 1711 σατο
1108 1684 1213 1714 αὐτοὺς,
1225 1684 1271 1710 καί
1284 1681 1416 1718 ὲῤῥιὶσατο
1432 1681 1530 1712 αὐτοὺς
1543 1681 1575 1706 ὲκ
1589 1679 1645 1706 τῶν
1659 1678 1811 1714 διαξῦοῷνι

1025 1730 1125 1757 αὐτῶν.
1146 1739 1155 1754 ι

1067 1775 1142 1802 Ἐπεὶ
1157 1774 1185 1801 δέ
1199 1782 1263 1809 φησι
1280 1774 1325 1800 καὶ
1339 1774 1386 1806 τὸ,
1408 1781 1417 1798 α
1437 1772 1484 1803 Τίς
1498 1769 1544 1798 οὖν
1560 1771 1627 1806 αὕτη
1649 1771 1720 1797 ποτὲ
1733 1771 1749 1805 ἡ
1765 1769 1813 1796 τῶν

1025 1821 1193 1857 ἁμαρτωλῶν
1205 1820 1367 1856 προτίμησις
1385 1827 1392 1851 ;
1410 1828 1419 1845 ι
1436 1819 1482 1845 καὶ
1495 1819 1574 1853 ὃμοια
1593 1817 1702 1849 τούτοις
1721 1816 1811 1850 ἐπιφέ-

1027 1876 1086 1903 ρει·
1107 1865 1345 1902 ἀποκρινούμεθα,
1370 1865 1411 1890 ὅτι
1431 1863 1558 1895 καθάπαξ
1584 1864 1633 1898 μὲν
1651 1862 1813 1898 ἁμαρτωλὸς

1024 1913 1055 1939 οὺ
1071 1913 1235 1948 προτιμᾶται
1248 1911 1294 1937 τοῦ
1309 1911 1345 1946 μὴ
1359 1909 1520 1945 ἀμαρτωλοῡ
1532 1918 1538 1924 ·
1555 1908 1612 1935 ἐστι
1626 1909 1650 1935 δ’
1663 1909 1711 1935 ὅτε
1727 1909 1813 1943 ἁμαρ-

1024 1959 1108 1990 τωλὸς
1118 1979 1125 1990 ,
1142 1957 1346 1991 συναισθόμενος
1362 1956 1411 1991 τῆς
1434 1955 1501 1986 ἰδίας
1523 1954 1662 1990 ἁμαρτίας
1673 1974 1682 1985 ,
1710 1955 1758 1980 καὶ
1773 1953 1813 1980 διὰ

1024 2005 1102 2032 τοῦτο
1117 2004 1186 2039 πρὸς
1196 2004 1226 2029 τὸ
1239 2004 1376 2039 μετανοεῖν
1387 2001 1575 2037 πορευόμενος.
1593 2000 1641 2027 ἐπὶ
1654 2002 1714 2032 τοῖς
1727 2001 1815 2036 ἡμαρ-

1024 2051 1151 2087 τημένοις
1166 2050 1302 2081 ταπεινὸς,
1320 2049 1485 2084 προτιμᾶται
1507 2046 1554 2073 τοῦ
1575 2047 1691 2073 ἔλαττον
1706 2047 1757 2081 μὲν
1771 2055 1812 2072 νο-

1026 2097 1171 2133 μιζομένου
1194 2094 1263 2122 εἶναι
1284 2093 1444 2130 ἁμαρτωλοῦ
1457 2113 1465 2124 ,
1479 2093 1528 2120 οὐκ
1551 2093 1678 2127 οἰομένου
1693 2093 1718 2119 δ’
1736 2094 1813 2119 αὐτὸν

1026 2143 1201 2178 ἁμαρτωλὸν,
1219 2142 1274 2168 ἀλλ’
1297 2140 1474 2176 ἐπαιρομένου
1502 2139 1548 2165 ἐπί
1574 2147 1664 2169 τισιν,
1680 2136 1725 2169 οἷς
1744 2139 1813 2164 δοκεῖ

195 2186 379 2222 ιΙοιιιτηῆθο
392 2187 419 2213 Id
435 2187 505 2220 quod
526 2186 651 2213 candidis
667 2185 875 2220 Evangeliorum
892 2185 972 2212 lecto-

1065 2189 1173 2215 uet5a’vat
1187 2188 1241 2223 (66)
1259 2187 1347 2222 ἐαυτῷ
1361 2187 1493 2222 κρείττοσι
1508 2205 1515 2217 ,
1536 2185 1583 2212 κού⁸
1600 2185 1810 2219 πεφυσιωμένου

195 2232 270 2259 ribus
293 2232 397 2259 iudicat
422 2233 454 2259 de
471 2232 616 2266 publicano
631 2237 658 2260 et
686 2231 819 2257 l‘harisazo
833 2230 973 2265 parabola,

194 2284 307 2310 quorum
325 2276 370 2303 ille
386 2277 512 2303 diccbat:
534 2286 542 2302 ι
567 2276 702 2311 Propitius
714 2281 775 2302 esto
791 2275 854 2301 mihi
876 2283 974 2309 pecca-

193 2322 245 2348 tori
259 2330 266 2354 ;
284 2331 293 2346 ι
315 2320 358 2348 hic
381 2326 470 2348 autem
502 2329 596 2356 magna
622 2323 654 2348 de
667 2329 695 2348 se
711 2321 836 2355 opinione
851 2320 918 2347 male
933 2325 974 2347 tu-

192 2367 301 2393 midus:
320 2376 329 2391 (
349 2365 471 2397 Gratias,
496 2367 655 2402 inquiebat,
680 2374 732 2402 ago
750 2366 809 2398 tibi,
832 2367 895 2401 quia
919 2374 972 2393 non

191 2420 252 2440 sum
269 2413 340 2440 sicut
353 2413 442 2439 caeteri
459 2413 609 2446 hominum,
625 2418 757 2447 raptores,
780 2413 883 2447 injusti,
898 2411 975 2439 adul-

191 2459 256 2490 teri,
270 2459 339 2486 velut
355 2459 437 2487 etiam
455 2460 498 2486 hic
515 2459 684 2494 publicanus.
704 2469 713 2485 ι
729 2459 834 2486 Etenim
848 2458 928 2486 Iesus
941 2459 975 2486 de

192 2505 334 2540 utriusque
347 2505 470 2532 oratione
483 2505 522 2532 sic
541 2505 644 2538 judicat
657 2514 664 2531 :
684 2514 693 2531 ε
711 2506 857 2533 Descendit
871 2506 916 2532 hic
931 2505 974 2540 ju-

190 2551 325 2578 stiﬁcatus
339 2551 366 2577 in
378 2551 488 2577 domum
503 2558 578 2577 suam
595 2551 628 2578 ab
647 2550 716 2584 illo;
734 2552 796 2584 quia
823 2552 911 2578 omnis
927 2551 973 2584 qui

190 2603 222 2624 so
236 2595 351 2628 exaltat,
371 2595 579 2628 bumiliabitur;
594 2601 621 2623 et
634 2596 681 2631 qui
703 2604 733 2624 se
748 2596 882 2630 humiliat,
899 2596 973 2623 exal-

227 2663 250 2680 “
264 2664 272 2690 Ι
289 2663 363 2691 Petr.
380 2672 407 2695 v,
423 2664 449 2695 6,
466 2663 490 2690 7.

226 2732 283 2768 (65)
305 2733 396 2761 Ἀλλὰ
409 2733 540 2760 δύναται.
563 2733 692 2761 Gelenius
712 2733 816 2768 legebat
829 2754 837 2767 ,
860 2733 918 2761 ἀλλ’
941 2734 971 2760 οὺ

190 2766 310 2794 δύναται.

193 2775 255 2793 ουνα
273 2777 290 2793 t1.
305 2787 310 2794 ο

193 2775 371 2863 ωὲϋέ)ηῇρές
390 2804 492 2832 αὐτόν.
513 2805 639 2833 Gelenius
649 2823 656 2837 ,
672 2803 741 2840 πρδς
752 2804 881 2843 οὖίάανόΝρ
892 2805 972 2832 Wille-

280 2856 357 2869 οωηι.

532 2664 561 2681 ἰ
571 2663 644 2691 Psal.
664 2671 740 2696 xxxu,
754 2663 782 2692 5.

822 2664 844 2680 "
856 2662 907 2691 Job
922 2670 966 2695 xv.
985 2663 1029 2690 ιι.

1026 2235 1069 2261 ἐπ’
1085 2235 1184 2266 αὐτοῖς.
1199 2234 1252 2260 Καὶ
1267 2233 1343 2259 τοῦτο
1363 2232 1436 2267 δηλοῖ
1450 2233 1506 2263 τοῖς
1524 2230 1699 2266 βουλομένοις
1711 2232 1811 2264 εὐγνω-

1025 2281 1111 2316 μόνως
1133 2279 1304 2314 ἐντυγχάνειν
1321 2280 1377 2309 τοῖς
1400 2277 1574 2312 Εὑαγγελίοις
1594 2277 1611 2311 ὴ
1625 2277 1694 2311 περὶ
1710 2276 1759 2302 τοῦ
1779 2277 1813 2301 εξ-

1023 2326 1117 2357 πόντος
1130 2324 1243 2351 τελώνου
1258 2323 1407 2359 παραϐολή·
1428 2333 1438 2348 ι
1456 2322 1588 2357 ’ἱλάσθητί
1606 2331 1652 2357 μοι
1667 2322 1708 2356 τῷ
1725 2323 1811 2356 ἁμαρ-

1022 2371 1099 2406 τωλῷ
1117 2380 1123 2386 ·
1147 2381 1157 2397 ι
1181 2371 1228 2398 καὶ
1252 2370 1316 2406 περὶ
1336 2369 1383 2396 τοῦ
1405 2368 1615 2404 καυχησαμένου
1645 2368 1719 2403 μετά
1744 2375 1812 2398 τινος

1025 2416 1160 2453 μοχθηροῦ
1177 2417 1306 2452 οἰήματος
1320 2415 1478 2451 Φαρισαίου,
1492 2414 1539 2441 καὶ
1555 2414 1713 2449 φήσαντος·
1731 2423 1741 2439 ι
1762 2413 1811 2439 Εὐ-

1023 2462 1143 2497 χαριστῶ
1159 2462 1255 2492 σοι,ὂτι
1266 2461 1316 2487 οὐκ
1330 2461 1386 2495 εἰμὶ
1398 2461 1436 2493 ὡς
1445 2461 1468 2487 ci
1482 2460 1570 2487 λοιποὶ
1583 2460 1640 2486 τῶν
1649 2460 1808 2497 ἀνθρὼταευν,

1023 2509 1156 2544 ἅρπαγες,
1167 2507 1262 2537 ἄδικοι,
1279 2507 1404 2542 μοιχοὶ,ἣ
1421 2507 1466 2533 καὶ
1478 2507 1515 2538 ὡς
1530 2503 1608 2537 οὗτος
1624 2507 1639 2533 ὁ
1657 2507 1784 2540 τελώνης.
1799 2515 1807 2531 t

1029 2552 1168 2587 Ἐπιφὲρει
1184 2551 1237 2587 γὰρ
1251 2552 1265 2577 ὁ
1283 2551 1386 2587 Ἰησοῦς
1409 2551 1448 2586 τῷ
1470 2552 1535 2587 περὶ
1552 2552 1720 2588 ἀμφοτέρων
1743 2552 1808 2585 λόγῳ

1021 2599 1062 2628 τὸ,
1080 2608 1088 2623 ι
1109 2597 1217 2632 Κατέϐη
1236 2595 1312 2628 οὗτος
1329 2598 1367 2628 εἰς
1386 2598 1430 2624 τὸν
1445 2595 1517 2624 οἷκον
1533 2597 1618 2624 αὐτοῦ
1633 2597 1808 2632 δεδικαιωμέ-

1068 2663 1092 2680 ¹⁵
1108 2663 1211 2689 Matth.
1230 2671 1267 2696 χι,
1284 2663 1327 2690 28.
1369 2662 1435 2689 "Ps.
1451 2669 1504 2695 cvt,
1517 2662 1563 2689 ΞΟ.

1063 2733 1120 2767 (63)
1143 2731 1299 2766 Ἀμαρτίας
1311 2731 1414 2765 φύσιν.
1432 2731 1498 2758 Vide
1513 2730 1709 2758 atluotatioucs
1718 2731 1749 2758 ad
1764 2729 1803 2756 lib.

1025 2769 1266 2836 Hit‘iti')"ii:33riicl.
1282 2807 1311 2838 et
1323 2801 1452 2838 Spcturer.
1466 2802 1491 2828 iv
1509 2807 1596 2834 textu,
1612 2801 1752 2833 omnium.
1766 2798 1803 2826 sed

1024 2847 1118 2866 omnes
1134 2845 1210 2870 niss.,
1227 2836 1386 2864 συνειδέναι.
