1848 3091
53 129 126 159 1005

653 134 794 164 CONTRA
811 137 952 168 CELSUM
971 139 1036 167 LIB.
1052 141 1096 169 lll.

1612 150 1679 180 1006

48 198 108 224 νος,
127 192 193 228 παρ’
208 192 310 219 ἐκεῖνον
322 191 393 228 (67)⁶
410 192 451 220 ότι
471 194 526 226 πᾶς
548 194 563 220 ό
587 194 661 230 ὑψῶν
681 196 777 222 ἑαυτὸν
798 205 830 223 τα

908 198 999 226 abitur
1010 199 1040 226 “.
1061 209 1070 226 ι
1089 199 1143 228 Nec
1158 200 1241 237 igitur
1256 201 1312 230 Deo
1326 203 1442 233 facimus
1460 204 1587 240 injuriam
1598 229 1606 242 ,
1630 216 1680 238 nec

48 237 267 273 πεινωθήσεται,
284 239 331 265 καὶ
348 239 403 271 πᾶς
422 240 437 265 ὁ
452 239 586 267 ταπεινῶν
600 241 694 269 ἑαυτὸν
709 242 844 279 ὑψωθήσε-

49 291 107 310 ται.
131 293 140 309 ι
159 284 195 310 Οὐ
222 284 436 321 βλασφημοῦμεν
457 283 503 313 οὖν
527 286 573 313 τὸν
587 287 663 320 Θεὸν,
684 288 744 315 οὐδὲ
757 298 843 316 κατα-

47 329 216 365 ψευδόμεθα,
231 330 403 363 διδάσκοντες
419 332 499 359 πάνθ’
515 333 634 360 ὁντινοῦν
651 335 842 364 συναισθέσθαι

49 375 103 410 τῆς
125 375 299 412 ἀνθρωπίνης
316 376 483 413 βραχύτητος
493 399 500 410 ,
515 378 553 411 ὡς
568 380 637 416 πρὸς
650 380 699 416 τὴν
714 381 761 407 τοῦ
775 382 842 409 Θεοῦ

49 422 266 458 μεγαλειότηταθ
284 424 331 450 καὶ
358 424 400 450 ἀεὶ
418 425 503 451 αἰτεῖν
516 426 563 452 ἀπ’
579 427 684 453 ἐκείνου
703 428 734 454 τὸ
753 428 842 456 ἐνδέον

46 470 83 504 τῇ
108 469 188 503 φύσει
210 469 266 505 (68)
292 470 381 505 ἡμῶν,
403 470 450 497 τοῦ
466 471 546 507 μόνου
561 472 734 510 ἀναπληροῦν
749 473 784 501 τά
799 474 842 501 ἐλ-

45 513 115 550 λιπῆ
134 515 198 550 ἡμῖν
213 515 373 551 δυναμένου.

85 560 179 587 Οἴεται
192 561 214 587 δ’
228 562 268 588 ὅτι
283 563 394 590 τοιαῦτα
415 563 455 595 είς
467 565 624 600 προτροπὴν
641 565 695 592 τῶν
718 566 842 602 ἁμαρτα-

45 606 150 633 νόντων
164 607 262 643 φαμὲν,
275 608 312 640 ὡς
330 609 432 644 μηδένα
445 610 528 645 ἄνδρα
543 610 582 646 τῷ
598 611 654 638 ὄντι
666 612 782 647 χρηστὸν
794 613 841 639 καὶ

42 652 152 679 δίκαιον
166 654 349 689 προσάγεσθαι
362 655 504 690 δυνάμενοι
517 664 524 671 ·
538 657 584 683 καὶ
595 657 636 683 ὅτι
645 657 687 684 διὰ
697 658 775 684 τοῦτο
785 659 841 690 τοῖς

43 697 241 730 ἀνοσιωτάτοις
256 699 302 726 καὶ
318 699 509 732 ἐξωλεστάτοις
522 701 571 733 τὰς
583 702 670 734 πύλας
683 704 838 739 ἀνοίγομεν.

51 743 150 780 Ἡμεῖς
165 745 203 778 δὲ,
229 745 257 771 εἴ
273 755 315 778 τις
337 748 501 784 κατανοῆσαι
515 748 593 784 ἡμῶν
615 749 792 785 εὐγνωμόνως
809 753 841 779 τὸ

42 789 194 826 ἄθροισμα,
210 791 334 824 πλείονας
346 792 442 828 ἔχομεν
455 795 630 830 παραστῆσαι
643 796 706 828 τοὺς
719 797 768 823 οὐκ
784 797 839 824 ἀπὸ

41 835 165 870 χαλεποῦ
192 837 261 863 πάνυ
287 837 344 872 βίου
376 839 447 875 ῆπερ
480 840 543 872 τοὺς
575 841 629 867 ἀπὸ
650 841 839 875 ὲξωλεστάτων

895 245 1051 278 mentimur,
1069 254 1131 274 cum
1151 247 1279 276 docemus
1293 251 1428 278 neminem
1451 260 1512 280 esse
1537 253 1603 288 quin
1625 255 1678 284 sibi

894 291 1021 319 conscius
1045 292 1081 319 sit
1097 292 1222 320 humana:
1239 295 1383 328 parvitatis
1394 316 1401 329 ,
1420 305 1481 324 cum
1497 299 1556 326 haec
1572 301 1604 327 ad
1621 308 1681 328 ma-

893 336 1059 371 gnitudinem
1087 338 1133 365 Dei
1153 344 1327 374 comparatur
1346 349 1354 374 ;
1381 347 1408 370 et
1432 350 1561 378 perpetuo
1583 351 1678 380 postu-

894 380 1003 409 landum
1029 383 1062 410 ab
1079 383 1126 411 illo
1148 391 1210 412 esse
1227 385 1300 419 quod
1322 392 1426 416 naturae
1451 396 1550 418 nostra:
1565 391 1678 426 deﬂuit;

893 428 993 464 quippe
1005 430 1053 465 qui
1068 431 1143 459 solus
1159 436 1249 467 potest
1265 435 1438 469 suppeditare
1459 445 1518 472 quae
1535 439 1624 466 nobis‘
1632 441 1679 467 de-

893 478 967 501 sunt.
1608 498 1610 501 .

928 562 973 591 65.
987 563 1120 592 Carterum
1137 571 1216 601 putat
1231 568 1276 596 ille
1291 577 1322 597 ea
1336 577 1418 596 causa
1433 571 1473 598 sic
1487 578 1500 597 a
1518 572 1596 600 nobis
1613 580 1678 607 pec-

891 612 998 636 catores
1013 610 1161 644 advocari,
1179 614 1251 648 quod
1272 615 1408 643 neminem
1429 616 1517 650 reipsa
1534 617 1677 646 honestum

888 653 1048 690 justumque
1080 657 1159 685 nobis
1193 660 1340 688 conciliare
1371 669 1529 696 queamus;
1560 667 1588 689 et
1616 663 1678 692 hinc

892 696 949 723 ﬁeri
965 702 994 724 ut
1017 699 1226 734 improbissimis
1242 705 1488 740 perditissimisqne
1509 712 1600 741 portas
1615 716 1679 741 ape-

890 741 1003 771 riamus.
1021 743 1229 780 Verumtamen,
1244 749 1266 776 si
1284 757 1336 784 qua
1351 758 1401 784 par
1416 757 1458 778 est
1481 753 1609 787 aequitate
1622 761 1680 782 caa-

891 791 934 815 tus
956 793 1050 818 noster
1066 791 1263 825 consideretur,
1283 794 1374 829 plures
1399 796 1434 823 ibi
1454 797 1545 825 videre
1559 803 1615 830 est,
1631 800 1676 834 qui

891 841 906 861 a
920 834 975 862 vita
990 844 1043 864 non
1056 837 1201 866 admodum
1220 839 1374 868 inordinata
1387 862 1393 874 ,
1407 851 1487 878 quam
1504 845 1549 878 qui
1573 852 1587 871 a
1602 844 1678 881 lingis

40 882 252 918 ἁμαρτημάτων
283 883 508 920 ἐπιστρέψαντας.
531 887 586 913 Καὶ
609 886 663 923 γάρ
684 888 830 922 πεφύκασιη

906 879 957 907 losa
967 883 1092 910 conversi
1104 883 1215 911 fuerint.
1231 885 1275 912 Sic
1288 887 1360 913 enim
1377 894 1472 915 natura
1487 879 1674 924 comparatum

42 928 73 954 οἱ
97 928 131 954 τὰ
149 928 290 963 κρείττονα
317 930 423 962 ἑαυτοῖς
451 932 670 966 συνεγνωκότες,
695 934 838 970 εὐχόμενοι

39 972 134 1008 ἀληθῆ
151 970 222 1000 εἶναι
237 973 271 1000 τὰ
284 975 474 1010 κηρυσσόμενα
489 977 553 1012 περὶ
566 977 617 1012 τῆς
634 978 687 1004 ὑπὸ
702 978 769 1005 Θεοῦ
781 981 838 1012 τοῖς

38 1019 195 1055 κρείττοσιν
207 1020 334 1056 ἀμοιϐῆς,
344 1022 514 1058 ἑτοιμότερον
527 1024 770 1057 συγκατατίθεσθαι
781 1028 837 1058 τοῖς

37 1064 201 1100 λεγομένοις
220 1067 295 1102 παρὰ
317 1067 381 1099 τοὺς
403 1067 473 1094 πάνυ
492 1068 636 1105 μοχθηρῶς
658 1069 834 1105 βεὸιωκότας,

35 1111 90 1138 ἀπ’
102 1111 184 1138 αὑτοῦ
196 1112 243 1139 τοῦ
261 1113 409 1144 συνειδότος
418 1114 607 1150 κωλυομένους
620 1116 834 1152 παραδέξασθαι,

36 1155 84 1182 ὅτι
103 1156 316 1193 κολασθήσονται
337 1158 389 1185 ὑπὸ
412 1158 459 1185 τοῦ
480 1160 526 1186 ἐπὶ
550 1161 617 1186 πᾶσι
636 1161 764 1189 δικαστοῦ
788 1171 834 1190 κο-

35 1200 131 1233 λάσει,
155 1202 216 1238 ἥτις
243 1203 343 1239 πρέποι
366 1204 399 1230 ἂν
415 1204 454 1239 τῷ
466 1204 501 1231 τὰ
515 1205 634 1232 τοσαῦτα
652 1206 833 1243 ἡμαρτηκότι,

36 1247 88 1273 καὶ
107 1248 139 1274 οὐ
157 1248 233 1285 παρὰ
256 1249 303 1276 τὸν
327 1249 406 1286 ὀρθὸν
426 1250 503 1285 λόγον
527 1251 693 1287 προσάγοιτο
708 1252 761 1288 (69)
782 1254 835 1281 ὑπὸ

34 1292 87 1319 τοῦ
111 1293 157 1320 ἐπὶ
173 1295 241 1321 πᾶσι
265 1295 403 1322 δικαστοῦ.
424 1296 500 1322 "Ec-0’
514 1297 559 1323 ὅτε
573 1297 602 1324 δὲ
615 1297 666 1324 κᾶν
681 1298 751 1325 πάνυ
769 1298 834 1331 ἐξώ-

34 1337 96 1372 λεις
113 1340 315 1376 παραδέξασθαι
330 1340 478 1377 βούλωνται
492 1342 538 1370 τὸν
557 1343 635 1377 λόγον
647 1343 693 1370 τὸν
709 1345 773 1380 περὶ
789 1353 834 1372 κο-

34 1386 159 1419 λάσεως,
185 1387 229 1414 διὰ
253 1388 303 1424 τὴν
321 1388 368 1414 ἐπὶ
391 1390 424 1424 τῇ
441 1390 572 1426 μετανοίᾳ
586 1390 682 1417 ἐλπίδα
697 1392 833 1426 ἐπιμόνως

35 1434 220 1470 βεϐαμμένοι,
241 1436 390 1463 κωλύονται
405 1437 459 1463 άπὸ
472 1437 521 1473 τῆς
538 1437 607 1473 πρὸς
619 1437 650 1464 τὸ
667 1439 834 1475 ἁμαρτάνειν

34 1481 196 1516 συνηθείας,
207 1482 327 1517 ὡσπερεὶ
340 1482 574 1519 δευσοποιηθέντες
589 1483 642 1510 ἀπὸ
655 1485 705 1520 τῆς
720 1485 831 1518 κακίας,

32 1528 86 1554 καὶ
111 1528 210 1563 μηκέτι
235 1528 379 1565 δυνάμενοι
402 1530 450 1556 ἀπ’
470 1530 557 1566 αὐτῆς
581 1531 731 1567 ἀποστῆναι
753 1531 831 1567 εὐχε-

32 1574 94 1610 ρῶς
119 1575 165 1601 ἐπὶ
188 1574 234 1601 τὸν
257 1575 444 1612 καθεστηκότα
464 1576 513 1603 καὶ
534 1577 580 1603 τὸν
599 1577 669 1603 κατὰ
691 1577 737 1604 τὸν
754 1578 832 1614 ὀρθὸν

31 1620 120 1654 λόγον
141 1620 208 1655 βίον.
223 1620 308 1648 Τοῦτο
319 1621 347 1648 δέ
362 1622 408 1649 καὶ
423 1623 437 1648 ό
453 1621 556 1655 Κέλσος
570 1623 708 1659 ἐννοήσας,
726 1624 775 1650 οὑκ
786 1621 833 1650 οἷδ’

30 1668 115 1698 ὅπως
131 1667 204 1701 λέγει
225 1668 255 1693 ἐν
279 1669 335 1699 τοῖς
351 1667 557 1703 ἐξῆς.τοιαῦτα”
575 1678 585 1694 ι
606 1670 661 1695 Καὶ
676 1669 730 1705 μὴν
752 1669 833 1696 παντί

31 1722 89 1740 που
115 1713 203 1748 δῆλον,
220 1715 262 1741 ὅτι
277 1715 340 1746 τοὺς
365 1714 531 1750 ἁμαρτάνειν
553 1715 709 1750 πεφυκότας
731 1724 761 1742 τε
785 1715 832 1742 καὶ

31 1760 212 1795 εἰθισμένους
237 1761 323 1793 οὐδεὶς
346 1761 380 1788 ἂν
405 1761 465 1788 οὑδέ
487 1761 608 1793 κολάζων
635 1761 724 1797 πάντη
751 1770 834 1796 μετα-

31 1806 133 1838 ϐάλοι,
158 1807 223 1842 μήτι
246 1815 277 1841 γε
301 1807 400 1834 ἐλεῶν
420 1807 500 1842 φύσιν
520 1807 575 1843 γὰρ
594 1807 709 1842 ἀμεῖψαι
732 1808 833 1839 τελέως

30 1852 225 1888 παγχάλεπον.
249 1854 280 1880 Οί
300 1853 322 1879 δ’
348 1853 536 1889 ἀναμάρτητοι
566 1852 686 1887 βελτίους
710 1853 833 1879 κοινωνοὶ

31 1898 109 1935 βίου.
123 1909 133 1926 ›

67 1960 129 1986 Καὶ
150 1959 180 1985 ὲν
200 1959 304 1991 τούτοις
324 1959 346 1985 δ’
372 1960 386 1985 ό
418 1958 521 1990 Κέλσος
537 1958 607 1985 πάνυ
634 1965 678 1993 μοι
699 1955 830 1990 ἐσφάλθαι

27 2006 125 2037 δοκεῖ,
157 2004 194 2040 μὴ
226 2005 314 2036 διδοὺς
340 2006 396 2036 τοῖς
426 2003 592 2040 ἁμαρτάνειν
624 2001 756 2036 πεφυκόσι
784 2001 831 2027 καὶ

27 2052 116 2078 τοῦτο
152 2050 283 2086 πράττειν
316 2050 479 2086 εἰθισμένοις
515 2049 564 2085 τὴν
597 2048 716 2083 παντελῆ
749 2055 831 2082 μετα-

28 2097 117 2133 ϐολήν
131 2105 138 2112 ⁸
156 2097 229 2128 ὅστις
242 2096 295 2123 οὐδ’
309 2096 362 2123 ἀπὸ
378 2095 514 2123 κολάσεων
532 2095 631 2126 αὐτοὺς
646 2094 732 2121 οἴεται
751 2094 831 2130 θερα-

27 2142 169 2170 πεύεσθαι
180 2151 187 2157 ·
203 2142 296 2176 σαφῶς
312 2142 365 2178 γὰρ
381 2142 514 2177 φαίνεται,
534 2142 574 2168 ὅτι
591 2141 691 2172 πάντες
711 2140 760 2177 μὲν
783 2140 830 2167 άν-

27 2189 140 2225 θρωποι
161 2188 229 2225 πρὸς
243 2189 273 2215 τὸ
287 2189 453 2224 ἁμαρτάνειν
468 2187 629 2222 πεφύκαμεν
642 2186 708 2222 (70),
724 2186 788 2212 ἔνιοι
802 2185 831 2212 δὲ

887 928 940 955 est.
957 930 997 958 ut,
1012 927 1057 960 qui
1074 928 1137 955 vitae
1149 929 1246 957 melius
1262 935 1330 958 actae
1343 932 1393 958 sibi
1409 933 1511 960 conscii
1526 939 1600 966 sunt,
1614 943 1674 961 cum

887 971 999 1004 cupiant
1013 979 1077 999 vera
1094 980 1154 1000 esse
1169 981 1230 1008 quae
1244 975 1277 1002 de
1293 976 1418 1004 mercede
1431 985 1445 1003 a
1463 978 1518 1005 Deo
1534 980 1612 1007 bonis
1627 984 1675 1006 tn-

886 1017 992 1046 buenda
1011 1020 1209 1054 prmdicantur,
1235 1024 1386 1058 promptius
1409 1032 1572 1053 consensum
1597 1028 1674 1054 dictis

886 1064 1034 1099 przebeant,
1060 1073 1142 1101 quam
1168 1067 1215 1102 qui
1239 1069 1350 1096 omnino
1373 1070 1443 1098 male
1469 1072 1606 1099 vixerint:
1623 1073 1674 1100 hns

886 1116 1004 1144 namque
1019 1111 1186 1138 conscientia
1210 1112 1339 1146 deterret,
1357 1115 1503 1148 quominus
1529 1116 1674 1144 admittant.

885 1160 916 1180 se
929 1155 963 1182 ab
979 1155 1099 1184 omnium
1119 1156 1211 1190 judice
1237 1157 1363 1186 affectum
1389 1160 1421 1186 iri
1446 1160 1597 1195 suppliciis,
1613 1170 1674 1196 qua

886 1199 981 1226 talium
997 1199 1132 1228 seelerunt
1155 1201 1208 1229 reis
1227 1202 1311 1238 iuﬂigi
1326 1203 1413 1236 decet,
1429 1210 1455 1232 et
1471 1213 1531 1240 qua:
1551 1206 1623 1240 iusta
1638 1208 1673 1234 de

884 1253 967 1274 causa
990 1246 1106 1274 intentat
1124 1255 1270 1284 supremus
1284 1249 1379 1284 judex.
1395 1251 1465 1284 Quiu
1483 1257 1510 1279 et
1525 1253 1674 1287 aliquando

885 1293 1019 1328 contingit
1035 1297 1063 1320 ut
1081 1295 1155 1328 pravi
1173 1295 1298 1322 homines
1309 1315 1316 1326 .
1332 1296 1439 1324 etiamsi
1456 1305 1505 1332 spe
1519 1300 1603 1327 venite
1618 1307 1675 1334 pte—

887 1339 998 1367 nitentia
1018 1340 1173 1369 obtinendae
1188 1342 1288 1369 vellent
1309 1343 1342 1370 iis
1356 1350 1416 1378 qua:
1434 1346 1466 1371 de
1479 1345 1566 1379 ptenis
1578 1346 1672 1373 dicun-

885 1389 930 1412 tur
943 1387 1083 1420 assentiri,
1102 1391 1192 1414 tamen
1216 1388 1346 1422 peccandi
1370 1391 1566 1418 consuetudine
1579 1396 1607 1419 et
1623 1400 1672 1419 ne-

884 1432 969 1466 quitia
985 1433 1062 1461 tincti
1077 1434 1186 1468 penitus
1203 1439 1231 1461 et
1245 1434 1352 1467 imbuti.
1375 1436 1407 1463 ad
1422 1436 1503 1463 vitam
1521 1438 1672 1472 sapientem

885 1483 1020 1513 rectmque
1044 1480 1143 1506 rationi
1162 1484 1373 1507 consentaneam
1395 1483 1462 1509 eniti
1486 1482 1536 1509 nisi
1564 1483 1672 1511 difﬁcile

885 1532 938 1552 non
962 1525 1076 1560 possint.
1092 1525 1169 1559 Quod
1191 1527 1301 1561 quidem
1318 1526 1411 1554 Celsus
1435 1528 1492 1562 ipse
1514 1529 1591 1556 vidit.
1609 1529 1672 1557 lltec

885 1570 956 1597 enim
983 1571 1020 1598 illi
1047 1572 1140 1598 nescio
1166 1572 1301 1606 quomodo
1324 1573 1485 1600 exciderunt
1511 1575 1536 1601 in
1555 1582 1670 1610 sequen-

887 1617 959 1645 tibus
981 1625 988 1644 :
1017 1626 1028 1643 ι
1055 1618 1166 1653 Ignorat
1189 1626 1286 1652 nemo,
1311 1620 1358 1654 qui
1386 1619 1485 1647 innatae
1507 1621 1672 1655 proclivilati

885 1663 919 1690 ad
935 1664 1104 1698 peccandum
1122 1664 1271 1698 adjunxere
1284 1665 1527 1699 c0nsuetudinem,
1543 1667 1604 1694 illos
1619 1675 1672 1694 non

884 1710 972 1744 poenis
989 1710 1100 1738 omnino
1115 1711 1215 1737 mutari
1230 1730 1238 1743 ,
1255 1710 1340 1738 multo
1363 1711 1454 1739 minus
1474 1712 1671 1740 misericordia.

885 1755 952 1783 Nam
970 1764 1013 1783 res
1028 1761 1071 1784 est
1085 1756 1263 1790 perdillicilis,
1282 1755 1401 1790 perfecta
1425 1762 1530 1784 natura:
1545 1759 1671 1786 mutatio.

885 1803 937 1830 Sed
957 1803 1003 1837 qui
1022 1803 1081 1830 sine
1098 1808 1209 1837 peccato
1224 1808 1298 1835 sunt.
1315 1803 1332 1829 ii
1349 1809 1411 1830 sunt
1424 1803 1536 1831 meliore
1556 1804 1611 1831 vita
1626 1806 1673 1832 do-

884 1849 977 1878 nandi.
996 1858 1004 1873 ι

918 1950 964 1977 66.
989 1949 1043 1977 Sed
1069 1954 1096 1977 et
1120 1950 1147 1977 iu
1172 1950 1215 1978 his
1242 1950 1308 1978 mihi
1336 1950 1429 1978 Celsus
1450 1943 1557 1978 videtur
1580 1952 1670 1979 hallu-

883 1995 988 2023 cinatus
1016 2003 1096 2027 esse,
1124 2004 1185 2022 cum
1220 2000 1317 2023 natura
1354 2001 1381 2023 et
1408 1997 1604 2025 consuetudine
1636 2000 1670 2025 ad

882 2043 1051 2078 peccandum
1082 2042 1217 2078 pmclives
1248 2048 1329 2078 negat
1362 2042 1474 2071 omnino
1510 2044 1610 2071 mutari
1643 2050 1672 2072 et

882 2089 924 2116 vel
952 2089 1040 2123 ptenis
1066 2089 1157 2116 sanari
1186 2097 1276 2123 posse.
1307 2089 1343 2118 Ut
1373 2089 1446 2118 enim
1468 2097 1560 2117 verum
1580 2091 1617 2118 sit
1636 2092 1670 2118 ad

881 2134 960 2171 49],
976 2139 1115 2171 peccatum
1130 2142 1223 2163 omnes
1238 2135 1360 2163 homines
1375 2141 1469 2163 natura
1486 2137 1670 2171 propendere,

882 2187 910 2210 et
935 2181 1065 2217 quosdam
1092 2189 1146 2209 non
1170 2186 1267 2208 natura
1290 2183 1486 2213 tantummodo,
1514 2183 1561 2210 sed
1587 2183 1669 2210 etiam

27 2238 59 2264 οὺ
77 2236 162 2272 μόνον
179 2235 342 2270 πεφύκασιν,
357 2234 424 2261 ἀλλὰ
441 2235 487 2261 καὶ
502 2233 649 2269 εἰθισμένοι
662 2233 730 2259 εἰσὶν
743 2233 830 2268 ἁμαρ-

906 2226 1082 2254 msuetudine
1095 2226 1128 2252 ad
1145 2231 1283 2261 peccatum
1301 2226 1382 2258 ferri,
1400 2234 1454 2253 non
1469 2234 1564 2253 omnes
1580 2231 1670 2253 tamen

27 2283 144 2309 τὰνειν·
161 2282 217 2308 ἀλλ’
237 2281 266 2308 οὺ
290 2281 388 2313 πάντες
412 2280 550 2316 ἄνθρωποι
572 2278 756 2314 ἁπαράδεκτοί
778 2279 831 2304 είσι

28 2330 81 2364 τῆς
97 2328 248 2360 παντελοῦς
262 2327 411 2363 μεταϐολῆς
421 2335 428 2342 ·
444 2327 497 2353 εἰσὶ
512 2326 566 2362 γὰρ
589 2326 636 2352 καὶ
656 2325 726 2352 κατὰ
742 2325 830 2351 πᾶσαν

28 2373 196 2409 ηιὶοσοφίας
222 2374 336 2409 αἵρεσιν,
360 2373 407 2400 καὶ
430 2372 501 2399 κατὰ
525 2372 570 2398 τὸν
601 2371 670 2398 θεῖον
697 2371 786 2404 λόγον,
807 2371 832 2396 οἱ

26 2421 164 2448 τοσοῦτον
182 2419 411 2456 μταὸεϐλῆκέναι
433 2418 627 2454 ἰστορούμενοι,
642 2417 712 2444 ὥστε
734 2417 832 2448 αὐτοὺς

28 2465 177 2502 ἐγκεῖσθαι
191 2465 364 2501 παράδειγμα
377 2464 424 2491 τοῦ
440 2465 551 2501 ἀρίστου
566 2464 633 2499 βίου.
651 2464 706 2490 Καὶ
720 2461 832 2498 φέρουσί

28 2521 105 2544 τινες
119 2511 221 2548 ἡρώων
239 2513 286 2547 μὲν
301 2511 345 2538 τὸν
358 2510 495 2547 Ἡρακλέα
509 2510 555 2537 καὶ
569 2510 614 2536 τὸν
628 2508 766 2539 Ὀδυσσέα,
777 2507 830 2533 τῶν

27 2558 51 2585 ὂ“
68 2558 137 2585 ῦστε
141 2565 188 2591 ρον
203 2556 246 2583 τὸν
261 2556 419 2592 Σωκράτην,
432 2556 486 2582 τῶν
500 2555 528 2581 δὲ
539 2554 601 2590 χθὲς
616 2553 662 2580 καὶ
677 2552 771 2588 πρώην
785 2560 832 2586 γε-

69 2619 91 2633 ¹¹
109 2617 178 2643 an.
203 2623 280 2647 xvnt,
300 2615 316 2642 9
331 2619 357 2642 et
372 2622 430 2648 seq.

68 2676 130 2709 (67)
158 2675 312 2706 Spencerus
339 2673 366 2700 iu
391 2671 514 2707 textu,ﬂ
531 2671 645 2709 ἐκεῖνος.
658 2671 740 2709 _Mss..
760 2671 828 2703 παρ’

28 2705 152 2739 ἐκεῖνον.
175 2705 257 2736 Paulo
276 2713 336 2743 past
355 2715 449 2734 omnes
474 2705 555 2743 ius},
570 2706 617 2733 καὶ
634 2706 688 2737 πᾶς
701 2705 716 2731 ὁ
731 2712 827 2730 ταπει-

27 2748 96 2776 νῶν.
114 2746 196 2772 Libb.
215 2741 320 2775 excusi,
332 2744 347 2769 ὁ
362 2741 561 2780 δέἒταπεινῶνπ
728 2774 741 2780 _
802 2772 809 2779 ι

67 2784 134 2816 (68),
154 2780 326 2816 Hmscbelius
339 2784 371 2816 et
381 2778 535 2816 Speucerus
556 2777 582 2816 in
602 2780 675 2816 textu
689 2795 696 2805 ,
711 2777 761 2816 τῆς
776 2777 826 2816 φυ-

28 2810 134 2849 σεὼςξ
145 2817 191 2841 sed
205 2816 283 2842 codd.
307 2814 418 2849 Regius,
436 2812 598 2840 Basilecnsis
614 2816 643 2838 et
657 2811 712 2838 duo
733 2810 826 2843 Angli-

28 2861 107 2880 ωειλ,
127 2852 161 2886 τῇ
177 2850 265 2886 φύσει.
282 2885 285 2886 ν
367 2885 379 2886 7
421 2883 436 2886 ,Α
508 2882 514 2886 Δ
536 2883 541 2886 _
678 2881 684 2886 ,

68 2852 357 2921 ῗίὶξὶῖἑοῇῦῆξέᾆῇιιεει
366 2882 530 2912 Basileensis
536 2883 604 2911 bene
612 2881 735 2914 omnino,
744 2888 825 2915 προσ-

883 2274 1008 2302 liomines
1024 2273 1043 2300 ii
1065 2277 1139 2304 sunt,
1158 2273 1203 2307 qui
1228 2271 1347 2306 perfecte
1366 2272 1464 2299 mutari
1483 2280 1535 2299 non
1556 2273 1669 2306 possint.

883 2320 951 2347 Nam
970 2325 998 2347 et
1012 2321 1038 2346 in
1055 2319 1180 2346 omnibus
1195 2318 1371 2353 philosophia!
1387 2318 1469 2345 sectis
1489 2323 1516 2344 et
1535 2318 1605 2352 apud
1623 2325 1671 2344 nos

884 2370 1070 2394 memorantur
1083 2365 1193 2400 quidam
1209 2372 1294 2399 usque
1309 2364 1377 2390 adeo
1392 2363 1538 2395 immutati,
1555 2367 1583 2389 ut
1597 2363 1670 2396 digni

883 2412 985 2438 fuerint
1000 2411 1045 2444 qui
1061 2418 1110 2446 pro
1125 2410 1247 2444 exemplo
1270 2410 1378 2444 optimae
1402 2409 1463 2436 vita:
1485 2415 1670 2443 proponeren—

885 2463 937 2485 tur.
967 2457 1047 2484 Tales
1071 2458 1140 2484 inter
1164 2457 1262 2483 heroas
1283 2455 1367 2483 fuisse
1387 2455 1513 2482 dicuntur
1542 2453 1671 2480 Hercules

883 2508 911 2530 et
930 2502 1056 2536 Ulysses:
1081 2503 1153 2530 inter
1178 2502 1341 2537 posteriores
1356 2506 1444 2530 aelate.
1459 2500 1603 2530 Socrates;
1631 2499 1670 2525 in-

886 2555 927 2577 ter
943 2549 1115 2582 novissimos,
1130 2548 1276 2577 Musonius.
1295 2548 1353 2576 Non
1376 2547 1456 2582 igitur
1473 2554 1521 2574 nos
1539 2545 1589 2572 soli
1605 2552 1670 2572 ρους

879 2667 982 2701 ἀγοιτο.
1003 2665 1171 2702 llmsclielius
1188 2659 1215 2692 et
1237 2664 1402 2702 Spcncerus,
1419 2661 1565 2702 προσάγει,
1587 2659 1668 2702 male.
1704 2649 1708 2670 ἕ

879 2696 962 2728 Pindo
973 2706 1036 2736 post
1048 2701 1082 2736 ab
1094 2701 1189 2736 iisdem
1200 2696 1278 2727 codd.
1292 2699 1411 2736 ltegioet
1420 2697 1566 2724 Basileeusi
1578 2696 1668 2735 abest,

878 2733 1016 2772 ἐπιμόνως
1031 2734 1307 2772 βεδαμμένοιηιμιοιι
1331 2739 1357 2760 et
1374 2733 1478 2772 “abesse
1491 2736 1585 2772 potest
1600 2733 1669 2772 “sine

879 2765 975 2798 sen‘sus
1002 2765 1153 2806 dispendio.
1179 2765 1277 2806 Guieto
1299 2777 1348 2803 pro
1373 2765 1539 2803 βεὸαμμὲνοι
1562 2765 1669 2792 videtur

879 2804 1258 2844 εετῇιθιυξψιὶ,κεκαμμξέοι.
1321 2839 1326 2844 _
1369 2843 1373 2844 γ
1398 2839 1414 2844 η
1533 2835 1540 2844 _
1563 2835 1578 2844 ν

914 2842 969 2876 (70)
988 2835 1179 2876 Ηερῦκαμεὶρξ
1203 2839 1268 2866 Vide
1294 2839 1483 2866 adnotationes
1506 2835 1541 2864 ad
1562 2835 1611 2864 lib.
1632 2843 1668 2868 Iv,

879 2885 952 2904 num.
970 2877 1014 2903 40.
