1848 3091
218 170 285 201 {GH

937 171 1097 199 (lRTCENlS

1758 169 1813 196 Ml!

213 230 330 262 seipsnm
344 227 398 254 Deo
411 228 521 255 credere
532 233 558 256 et
572 228 662 255 omnia
674 235 704 256 ea
721 233 808 256 meme
821 228 908 256 facere
920 234 947 256 ut
960 229 974 256 il

1082 229 1175 255 πάττειν
1187 228 1246 254 κατ’
1261 227 1396 263 ἀναφορὰν
1412 225 1460 253 τοῦ
1471 226 1595 262 ἀρέσκειν
1612 225 1717 260 ἐκείνῳ,
1730 227 1786 262 παρ’
1798 222 1814 258 εἶν

213 275 349 309 placeant,
360 273 428 307 apud
444 281 523 308 quem

248 320 390 354 Improbus
419 325 496 355 atque
526 321 622 356 probus
651 322 730 348 simili
755 322 827 349 haud
851 323 994 393 (iizttanlnr

809 371 815 377 -
898 365 994 389 onore;

809 371 815 377 ι
863 365 995 389 tacuere;

211 400 243 427 Et

246 445 363 482 Impiger
381 451 458 483 atque
477 448 549 482 piger
568 447 714 483 [unguntur
729 449 830 483 dispari
844 448 899 483 fato
910 449 941 476 ".

212 525 288 558 Quod
311 526 332 553 si
355 526 517 560 quibusdam
545 526 711 561 perdimcilis
738 531 781 555 est
805 528 846 555 sui
870 528 992 558 mutatio,

214 578 322 597 causam
334 571 477 597 dicendum
495 576 535 597 est
548 578 640 597 eorum
661 579 722 599 esse
741 573 920 603 voluntatem.
935 581 995 608 qum

213 616 339 642 assentiri
357 617 446 642 renuit
465 616 527 644 huic
556 617 677 650 veritatil
694 624 826 644 summum
850 619 932 645 Deum
952 619 994 652 ju-

213 667 284 688 stum
299 661 356 688 fore
369 661 487 695 judicent
499 663 631 695 omnium,
644 670 704 697 qua:
717 664 743 690 in
758 664 807 691 hac
817 664 870 690 vita
880 665 995 699 quisque

213 706 318 734 l'ecerit.
337 707 403 734 Nam
425 708 457 734 ad
483 707 620 736 etiicienda
644 717 706 743 quae
730 709 885 737 diliicillima
903 711 992 744 nobis,

212 757 250 785 et,
266 757 295 779 ιιι
311 761 389 787 quam
410 754 527 781 maxime
554 762 610 782 rem
638 755 814 789 ampliticem,
835 764 918 791 prope
944 757 994 784 im-

213 798 350 830 possibilia
370 799 509 833 videntur,
541 801 630 835 magni
650 807 692 828 est
710 802 842 829 momenti
869 803 994 831 voluntas

212 851 273 870 cum
293 845 488 872 exercitatione
499 845 652 879 conjuncta.
681 847 723 874 An
751 848 845 880 homo,
868 855 930 875 cum
946 856 994 875 vo-

1046 275 1095 301 οὺκ
1111 274 1182 300 ἐστιν

1090 319 1137 345 Ἐν
1150 318 1184 345 δὲ
1196 317 1227 352 λῇ
1243 317 1312 352 τιμῇ
1326 317 1402 352 ἠμὲν
1413 317 1505 351 κακὸς
1518 317 1573 351 ἠδὲ
1596 317 1646 344 καὶ
1673 316 1786 351 ἐσθλός·

1045 396 1106 423 οὐδὲ

1080 442 1204 470 Κάτθαν’
1221 441 1298 477 ὁμῶς
1320 441 1338 468 ὅ
1356 442 1381 468 τ’
1404 441 1508 477 ἀεργὸς
1529 441 1608 476 ἀνὴρ
1636 441 1654 468 ὅ
1675 441 1816 512 $5333.

1723 485 1813 510 οριως-

1045 523 1077 549 Εἰ
1092 523 1120 549 δὲ
1144 523 1191 549 καί
1206 530 1260 548 τισι
1281 521 1350 548 πάνυ
1370 522 1486 557 χαλεπόν
1501 523 1558 548 ἐστι
1580 522 1611 548 τὺ
1641 521 1816 557 μεταϐάλλειν,

1044 569 1093 605 τὴν
1108 569 1195 595 αἰτίαν
1211 568 1319 595 λεκτέον
1332 566 1401 594 εἶναι
1420 568 1484 603 περὶ
1499 568 1547 604 τὴν
1568 568 1764 602 συγκατάθεσιν
1778 568 1817 594 αὐ-

1044 615 1110 647 τῶν,
1137 614 1267 641 ὀκνοῦσαν
1288 613 1498 650 παραδέξασθαι,
1524 613 1570 640 τὸν
1598 615 1644 640 ἐπὶ
1669 615 1736 640 πᾶσι
1762 613 1818 640 Θεὸν

1045 660 1113 688 εἶναι
1127 661 1234 696 ἑκάστῳ
1248 661 1351 687 δίκαιον
1367 659 1462 696 κριτὴν
1479 660 1543 695 περὶ
1557 660 1668 687 πάντων
1681 660 1735 686 τῶν
1747 661 1773 686 ὲν
1786 659 1819 693 τῷ

1047 707 1097 742 βίῳ
1112 706 1321 743 πεπραγμένων.
1347 706 1427 740 Μέγα
1445 705 1498 742 γὰρ
1522 706 1630 733 δύναται
1647 707 1697 733 καὶ
1718 706 1781 742 πρὸς
1793 715 1818 732 τι

1044 753 1174 780 δοκοῦντα
1196 750 1265 779 εἶναι
1284 752 1473 788 χαλεπώτατα,
1490 753 1536 779 καὶ
1559 752 1614 788 (ἵνα
1635 753 1699 780 καθ’
1718 752 1819 788 ὑπερδο-

1044 799 1092 835 λὴν
1119 799 1254 834 ὀνομάσω)
1281 798 1376 833 ἐγγύς·
1391 806 1442 824 που
1455 798 1581 830 ἀδύνατα,
1598 799 1760 834 προαίρεσις
1783 799 1821 824 καὶ

1045 846 1172 882 ἄσκησις.
1183 843 1222 872 Ἦ
1242 844 1401 881 βουληθεῖσα
1419 845 1575 881 ἀνθρωπίνη
1590 845 1671 878 φύσις
1688 845 1735 870 ἐπὶ
1751 844 1821 871 κάλον

212 888 304 921 luerit,
318 890 388 917 hanc
402 890 454 917 sibi
474 891 572 924 poterit
584 899 633 918 ustt
650 896 677 919 et
693 893 786 920 studio
802 901 900 927 parare
909 893 969 922 {acu

1083 891 1158 922 ίνειν,
1184 890 1331 926 τεταμένου
1353 890 1396 917 διὰ
1423 890 1505 926 μέσου
1531 889 1576 916 τοῦ
1591 889 1709 926 θεάτρου
1736 890 1763 915 ὲν
1783 897 1823 923 μεν

212 939 305 967 tatem,
320 939 408 969 utper
427 936 518 964 funem
542 937 576 963 ab
601 938 686 966 altera
708 939 742 966 ad
753 939 866 966 alteram
896 940 994 968 theatri

211 985 316 1015 partem
330 983 443 1010 sublime
456 989 610 1018 porrectum
636 985 741 1012 incedat
756 986 890 1020 gravibus
912 986 994 1014 etiam

211 1028 341 1055 oneribus
366 1034 496 1062 onustus;
526 1035 553 1057 et
579 1031 691 1058 vincere
715 1039 790 1058 suam
818 1030 995 1066 pravitatem,

210 1074 382 1108 quantalibet
403 1080 483 1102 antea
503 1075 595 1108 fuerit,
618 1082 645 1103 et
665 1077 791 1103 virtutem
824 1077 851 1104 in
878 1078 996 1105 vivendo

210 1118 376 1150 consectari,
392 1126 453 1146 cum
471 1119 553 1151 volet,
567 1127 619 1147 non
636 1120 754 1147 valebit?
769 1120 836 1147 Vide
850 1128 940 1147 annon
954 1121 993 1148 illi

210 1164 310 1197 potius,
324 1164 370 1198 qui
383 1165 482 1191 animal
499 1166 612 1192 rationis
626 1166 761 1201 particeps
782 1168 898 1199 creavit,
912 1175 993 1202 quam

210 1209 319 1237 animali
342 1211 403 1244 ipsi,
424 1211 553 1246 injurium
573 1217 655 1246 esset,
675 1213 811 1241 hominem
840 1213 878 1240 ita
899 1214 995 1240 condi-

211 1259 268 1282 tum
283 1255 377 1288 fuisse,
402 1262 431 1284 ut
451 1262 503 1284 tam
520 1257 637 1285 (illic-ilia
664 1267 712 1286 nec
731 1267 762 1286 ea
785 1260 893 1295 quidem
917 1260 993 1287 utilia

210 1301 343 1336 perﬁcere
361 1309 460 1337 posset.
481 1305 546 1331 nih'-I
560 1309 650 1339 posset
665 1313 726 1332 vero
746 1307 779 1333 ad
807 1314 884 1332 suam
909 1306 994 1340 ipsius

210 1347 380 1376 felicitatem.
397 1350 485 1384 Atque
498 1350 555 1377 haec
567 1350 701 1377 sulliciant
715 1352 749 1378 de
774 1351 828 1379 isto
844 1351 914 1379 Celsi
927 1350 993 1378 ell'a-

211 1398 251 1427 to,
269 1397 443 1422 mutationem
459 1395 606 1430 perfectam
633 1401 747 1428 naturae,
779 1405 834 1424 rem
856 1405 916 1425 esse
931 1405 994 1432 per-

210 1440 354 1468 dill’tcilem.
383 1440 546 1477 Sttlljttngilt
563 1450 609 1470 eos
634 1444 679 1478 qui
702 1443 759 1471 sine
780 1449 892 1478 peccato
916 1449 991 1477 sunt,

209 1486 321 1514 meliore
330 1487 384 1514 vita
400 1496 460 1515 esse
473 1489 625 1516 donandos.
649 1499 658 1516 ι
676 1490 729 1517 Sed
747 1497 799 1518 non
825 1490 992 1526 aperitqnos

212 1533 286 1566 dicat
301 1540 362 1561 esse
378 1535 437 1561 sine
449 1540 572 1569 peccato,
583 1543 665 1563 eosne
680 1537 724 1570 qui
740 1544 774 1563 ne
785 1537 818 1563 ab
832 1537 910 1563 initio
931 1537 992 1571 qui-

1045 937 1149 973 τεώρῳ,
1167 937 1213 964 καὶ
1234 937 1302 972 μετὰ
1311 937 1357 964 τοῦ
1373 937 1464 972 φέρειν
1480 935 1597 962 τοσαῦτα
1613 936 1662 962 καὶ
1681 935 1822 970 τηλικαίτι

1047 983 1115 1019 βάρη
1129 983 1267 1018 δεδύνηται
1280 984 1313 1018 τῇ
1323 983 1438 1018 ἀσκήσει
1449 982 1535 1017 καὶ.τῇ
1548 983 1669 1017 προσοχῇ
1686 982 1719 1007 τὸ
1732 981 1822 1008 τοιοῦτο

1045 1030 1167 1064 ποιῆσαι·
1185 1028 1345 1064 βουληθεῖσα
1360 1028 1387 1054 δὲ
1406 1029 1465 1055 κατ’
1486 1027 1585 1063 ἀρετὴν
1606 1027 1719 1062 βιῶσαι,
1740 1027 1823 1054 ἀδυνά-

1044 1084 1098 1107 τως
1118 1075 1183 1110 ἔχει,
1205 1074 1253 1102 κᾶν
1275 1072 1436 1110 ᾖπρότερον
1460 1073 1617 1108 φαυλοτάτη
1644 1072 1822 1107 γεγενημένῃ

1051 1121 1120 1147 Ἀλλ’
1131 1122 1181 1157 ὅρα
1197 1121 1301 1156 μήποτε
1316 1121 1330 1147 ό
1344 1120 1379 1146 τὰ
1395 1119 1507 1146 τοιαῦτα
1520 1119 1607 1153 λέγων
1620 1119 1657 1154 τῇ
1677 1118 1824 1153 δημιουργῷ

1044 1169 1090 1195 τοῦ
1105 1167 1213 1202 λογικοῦ
1228 1167 1296 1199 ζώου
1307 1166 1385 1201 φύσει
1400 1166 1512 1200 ἐγκαλεῖ
1522 1165 1619 1200 μᾶλλον
1635 1164 1653 1200 ἤ
1668 1165 1710 1200 τῷ
1725 1173 1824 1198 γεγενη-

1046 1215 1128 1250 μένῳσ
1148 1215 1171 1240 εί
1193 1213 1263 1249 πρὸς
1284 1213 1332 1249 μὲν
1345 1213 1379 1239 τὰ
1396 1212 1467 1239 οὕτω
1484 1211 1600 1246 χαλεπὰ.
1623 1210 1757 1245 οὐδαμῶς
1773 1211 1824 1236 Evt:

1044 1260 1178 1295 χρήσιμα,
1190 1259 1322 1294 πεποίηκε
1333 1258 1446 1293 δυνατὴν
1456 1257 1505 1292 τὴν
1520 1257 1567 1283 τοῦ
1582 1256 1733 1292 ἀνθρώπου
1746 1255 1823 1290 φύσιν,

1044 1306 1173 1332 ἀδύνατον
1185 1305 1213 1331 δὲ
1228 1304 1296 1340 ego";
1310 1304 1359 1340 τὴν
1374 1304 1441 1331 ἰδίαν
1459 1303 1657 1340 μακαριότητα.
1684 1301 1767 1328 “Alli
1782 1302 1823 1337 γὰρ

1044 1353 1124 1388 ἀρκεῖ
1138 1351 1279 1378 καὶταῦτα
1298 1350 1366 1387 πρὸς
1381 1351 1422 1382 τὸ,
1437 1350 1518 1377 Φύσιν
1532 1350 1586 1386 γὰρ
1600 1349 1721 1384 ἀμεῖψαι
1738 1349 1824 1378 τελέως

1044 1398 1228 1433 παγχάλεπον.
1246 1397 1324 1432 Ἑξῆς
1340 1396 1369 1423 δέ
1389 1405 1481 1431 φησιν,
1499 1396 1539 1422 ὅτι
1566 1405 1575 1420 ι
1596 1396 1627 1422 ΟΕ
1646 1394 1824 1430 ἀναμάρτητικ

1044 1443 1164 1480 βελτίους
1176 1442 1297 1469 κοινωνοὶ
1314 1441 1381 1476 βίου·
1401 1450 1414 1466 ιν
1429 1441 1466 1476 μὴ
1488 1439 1657 1475 σαφηνίσας,
1674 1439 1754 1470 τίνας
1771 1439 1826 1473 φηςι

1042 1490 1105 1521 τοὺς
1123 1488 1340 1524 ἀναμαρτήτους,
1367 1487 1481 1522 πότερον
1506 1487 1569 1517 τοὺς
1588 1484 1724 1520 ἀρῂθεν,
1739 1485 1757 1520 ἢ
1774 1484 1826 1512 τοὶς

1042 1535 1074 1562 ἐκ
1090 1533 1249 1570 μταὸολῆς·
1266 1533 1291 1560 οἱ
1311 1533 1359 1568 μὲν
1379 1529 1426 1559 οὖν
1446 1531 1575 1567 ἀρχῆθεν,
1604 1530 1748 1556 ἀδύνατοι·
1773 1529 1794 1555 οἱ
1807 1529 1827 1554 δ’

209 1578 270 1606 dem
285 1585 444 1614 peccarunt,
461 1589 495 1608 an
510 1582 556 1616 qui
574 1583 668 1609 mutati
683 1590 733 1610 non
750 1588 873 1617 peccant.
887 1582 971 1610 Tame

1091 1569 1251 1616 μεταϐολῆς,
1277 1578 1396 1610 σπανίως
1419 1579 1486 1604 είσὶν
1514 1576 1717 1612 εὑρισκόμενοι,
1742 1576 1827 1604 οἵτινες

209 1625 255 1659 qui
270 1625 303 1652 ab
320 1625 399 1652 initio
413 1633 464 1653 non
489 1628 661 1660 peccaverint
688 1628 752 1655 nulli
775 1636 837 1656 esse
860 1634 991 1664 possunt;

209 1669 255 1703 qui
269 1677 335 1698 vero
347 1671 439 1697 mutati
455 1679 509 1698 non
523 1677 648 1707 peccent,
659 1680 781 1708 quosque
792 1674 859 1701 tales
870 1674 991 1702 admiSsa

211 1721 305 1743 nostra
322 1716 449 1745 salutaris
461 1717 584 1746 doctrina
598 1718 756 1752 reddiderit,
776 1720 801 1746 hi
824 1721 878 1748 rari
894 1721 991 1748 admo-

209 1761 273 1789 dum
290 1767 362 1790 sunt.
378 1762 472 1798 Neque
483 1764 566 1791 etiam
592 1764 660 1792 tales
682 1766 716 1792 ad
733 1766 884 1793 doctrinam
912 1775 992 1795 acce-

210 1806 289 1834 dunt.
309 1807 375 1835 Nam
389 1808 448 1836 sine
462 1809 506 1836 illa
519 1817 605 1845 eaque
614 1810 734 1845 perlecta
756 1819 836 1840 nemo
857 1820 919 1841 esse
944 1821 992 1848 po-

209 1856 262 1879 test
271 1853 331 1880 siae
342 1859 463 1888 peccato.

245 1897 288 1924 70.
300 1897 396 1926 Postea
410 1899 504 1933 objicit
515 1900 587 1929 istud
597 1902 674 1936 quasi
692 1903 762 1937 apud
779 1903 969 1938 nosjactatum
981 1914 989 1932 :

212 1951 226 1967 ι
245 1943 316 1972 Deus
331 1945 420 1972 omnia
435 1946 545 1979 poterit.
564 1956 572 1972 ι
587 1948 622 1974 At
637 1955 723 1982 neque
738 1957 793 1984 quo
812 1957 894 1977 sensu
910 1950 935 1977 id
949 1951 992 1978 di-

207 1995 297 2023 catur,
318 1998 404 2025 neque
415 1999 474 2026 qua:
491 1992 545 2020 sint
561 1993 605 2019 illa
621 2002 631 2019 ι
648 1995 750 2022 omnia.
773 2005 782 2021 ι
808 2004 896 2030 neque
921 2005 990 2031 quo-

209 2036 289 2064 modo
302 2038 397 2071 possit,
413 2038 547 2073 intelligit,
566 2039 605 2065 De
630 2040 663 2067 iis
686 2046 776 2068 tamen
792 2042 857 2069 nihil
883 2050 992 2070 necesse

207 2087 250 2110 est
276 2084 521 2117 impraasentiarum
555 2085 658 2114 dicere.
693 2086 787 2122 Neque
820 2088 891 2115 enim
921 2089 988 2124 ipse.

208 2132 334 2164 quamvis
355 2132 534 2165 probabiliter
550 2138 652 2167 posset.
675 2133 710 2161 de
741 2135 790 2162 ista
813 2142 843 2162 re
870 2136 990 2163 institit:

209 2176 267 2203 sive
281 2177 408 2205 nescierit
420 2178 483 2212 quid
501 2179 641 2213 probabile
656 2184 752 2207 contra
771 2180 862 2208 alierri
875 2187 968 2216 posset
981 2192 989 2215 ;

1043 1627 1075 1655 ἐκ
1086 1625 1132 1654 τοῦ
1143 1624 1446 1661 προσεληλυθέναιλόγῳ
1460 1622 1581 1654 σῴζοντι,
1598 1621 1720 1648 τοιοῦτοι
1732 1620 1828 1655 γίγνον-

1041 1681 1096 1700 ται.
1114 1673 1180 1709 Οὐχὶ
1194 1672 1220 1699 δὲ
1239 1671 1353 1698 τοιοῦτοι
1375 1671 1450 1702 ὄντες
1472 1669 1600 1713 «sum
1624 1668 1825 1704 προςέρχονται.

1042 1719 1134 1754 Χωρὶς
1147 1718 1200 1754 γὰρ
1210 1717 1299 1752 λόγου,
1317 1718 1363 1745 καὶ
1375 1717 1461 1744 ταῦτα
1475 1716 1591 1747 τελείου,
1611 1715 1762 1751 ἀμήχανον
1773 1715 1830 1741 ἀνι·

1043 1765 1179 1801 μάρτητον
1193 1764 1317 1799 γενέσθαι
1327 1763 1478 1800 ἄνθρωπον.

1076 1910 1132 1940 Εἶτ’
1143 1910 1323 1946 ἀνθυποφέρει
1344 1909 1461 1945 ὡσπερεὶ
1479 1908 1624 1943 λεγόμενον
1642 1907 1691 1943 ὑφ’
1705 1905 1830 1943 ἡμῶντῶ

1045 1969 1054 1985 ι
1071 1959 1218 1994 Δυνήσεται
1234 1957 1322 1983 πάντα
1342 1956 1356 1982 ὁ
1375 1955 1450 1986 Θεός·
1474 1964 1484 1980 ι
1507 1954 1566 1981 οὐδὲ
1583 1953 1660 1980 τοῦθ’
1684 1954 1758 1990 ὁρῶν
1779 1953 1829 1981 πῶς

1041 2004 1175 2034 λέλεκται,
1190 2003 1238 2030 καὶ
1251 2002 1312 2029 τίνα
1327 2002 1414 2028 πάντα
1428 2002 1456 2028 ἐν
1470 2001 1556 2035 τούτῳ
1571 1999 1827 2035 παραλαμϐάνεται.

1041 2050 1088 2076 καὶ
1104 2049 1162 2080 πῶς
1177 2048 1296 2075 δύναται·
1318 2047 1381 2083 περὶ
1391 2044 1428 2073 ὧν
1442 2047 1491 2073 οὐκ
1504 2047 1654 2080 ἀναγκαῖον
1671 2046 1722 2072 νῦν
1738 2046 1828 2079 λέγετε·

1041 2096 1102 2122 οὐδὲ
1119 2095 1173 2130 γὰρ
1185 2095 1276 2126 αὐτὸς,
1295 2094 1413 2127 καίτοιγε
1430 2093 1578 2127 δυνάμενος
1597 2093 1670 2127 πρὸς
1689 2092 1758 2119 αὐτὸ
1775 2090 1831 2116 r3—

1042 2150 1086 2168 ναι
1110 2140 1240 2171 πιθανῶς,
1264 2139 1339 2175 ἐστη-
1367 2139 1436 2173 τάχα
1457 2137 1523 2173 μηδὲ
1551 2136 1774 2171 παρακολουθῶν
1800 2136 1829 2168 τξ,

1042 2186 1227 2222 λεχθησομένῃ
1239 2185 1272 2212 ἂν
1286 2184 1355 2212 κατὰ
1370 2183 1464 2210 τούτου
1488 2183 1656 2218 πιθανότητι·
1677 2183 1695 2218 ἦ
1712 2190 1831 2218 παρακῦ-

208 2222 267 2249 sive
291 2223 384 2250 scierit
397 2224 517 2258 quidem,
538 2226 585 2252 sed
615 2226 680 2260 quid
697 2227 747 2262 ipsi
779 2230 973 2262 responderetu

1082 2233 1144 2259 i0th
1165 2232 1223 2268 μὲν.
1242 2231 1351 2266 θεωρῶν
1367 2231 1395 2258 δὲ
1413 2231 1459 2257 καὶ
1478 2230 1526 2265 τὴν
1545 2230 1615 2265 πρὸς
1637 2230 1670 2257 τὸ
1690 2230 1830 2264 λεγόμενςνδ

207 2268 374 2302 praeviderit.
389 2269 467 2297 Certe
491 2270 575 2297 Deum
597 2273 686 2299 omnia
709 2281 787 2308 posse
816 2275 987 2309 proﬁtemur,

208 2314 256 2340 sed
270 2321 329 2348 qua:
345 2319 443 2349 potest,
462 2316 535 2344 nullo
552 2325 606 2344 sua;
629 2318 790 2351 divinitatis,
812 2320 943 2350 bonitatis
962 2327 990 2350 et

207 2360 348 2393 sapientiae
356 2362 525 2389 detrimento.
538 2362 638 2390 Cotttra
653 2365 758 2397 Celsus,
777 2371 806 2392 ιιι
821 2367 867 2401 qui
886 2369 991 2396 nescie-

208 2405 318 2440 batqtto
331 2415 409 2434 sensu
425 2407 495 2436 Dens
509 2409 614 2436 dicatur
636 2411 726 2438 omnia
753 2419 844 2445 posse,
873 2414 912 2440 ait
934 2423 989 2442 non

206 2458 267 2478 esse
277 2452 359 2487 494
375 2452 506 2485 futurum,
525 2463 534 2479 ι
553 2460 582 2481 ιιι
602 2456 671 2483 Deus
689 2458 837 2492 quidquam
858 2458 990 2492 injustam

205 2498 288 2531 velit;
310 2507 319 2524 ι
337 2499 414 2533 quasi
426 2506 458 2526 ex
479 2500 523 2527 illo
541 2506 635 2535 posset
652 2503 759 2537 quidem
780 2504 908 2538 injuslum
925 2506 989 2539 quid

206 2543 314 2576 facere,
343 2545 388 2572 sed
417 2545 499 2573 nollet
519 2551 622 2575 tamen.
651 2549 772 2576 Dicimus
799 2555 888 2577 autem
921 2558 987 2585 nos,

206 2591 433 2624 quemadmodum
450 2593 487 2625 id,
500 2594 576 2628 cujus
598 2595 689 2621 nativa
705 2595 849 2622 dulcedine
874 2604 918 2623 res
929 2597 989 2625 alia:

206 2635 373 2670 dulcescunt,
392 2637 450 2665 illas
469 2646 523 2665 nou
540 2644 628 2673 potest
654 2647 762 2666 amaras
789 2639 890 2672 facere,
917 2642 988 2675 quod

206 2686 300 2708 contra
311 2690 386 2709 suam
406 2687 530 2711 naturam
547 2690 636 2717 esset;
653 2692 742 2720 neque
758 2685 783 2712 id
794 2690 882 2720 potest
891 2686 990 2714 obscu-

207 2731 270 2752 rare
283 2727 353 2761 quod
370 2732 461 2754 natum
473 2734 513 2756 est
528 2730 561 2756 ad
575 2729 778 2763 illustrandum;
795 2731 830 2757 ita
844 2738 892 2758 nec
905 2732 986 2759 Deum

208 2770 307 2804 injuste
319 2773 408 2800 facere
425 2783 512 2809 posse.
531 2775 591 2802 llalc
606 2777 677 2802 enim
693 2781 811 2810 potestas
833 2777 892 2812 ejus
915 2778 985 2806 divi-

261 2824 281 2839 ¹⁷
294 2826 368 2853 iliad.
382 2836 420 2859 ιχ,
433 2829 484 2855 519
496 2835 522 2856 et
536 2829 599 2856 5‘20.

1042 2281 1201 2315 ἀπάντησιν.
1216 2279 1329 2306 Δύναται
1344 2278 1371 2305 δὲ
1387 2278 1446 2305 καθ’
1461 2278 1534 2313 ἡμᾶς
1545 2277 1635 2304 πάντα
1645 2279 1660 2304 ὁ
1670 2277 1752 2309 Θεός·
1766 2277 1831 2309 ἅπερ

1043 2324 1256 2361 δυνάμενος,τοῦ
1275 2324 1341 2355 Θεὸς
1357 2321 1436 2355 εἶναι,
1450 2324 1497 2349 καὶ
1512 2323 1558 2350 τοῦ
1571 2323 1677 2357 ἀγαθὸς
1693 2321 1775 2354 εἶναι,
1789 2322 1831 2348 καὶ

1045 2372 1125 2407 σοφὸς
1138 2369 1266 2398 εἶναιούκ
1283 2369 1428 2402 ἐξίσταται.
1456 2370 1484 2395 'U
1503 2369 1530 2395 δὲ
1548 2369 1652 2402 Κέλσος
1671 2370 1769 2404 φησιν,
1788 2367 1833 2401 (eiu;

1047 2418 1084 2454 μὴ
1101 2418 1200 2453 νοήσας
1213 2416 1270 2447 πῶς
1281 2416 1386 2449 λέγεται
1402 2416 1417 2442 ὁ
1432 2415 1497 2446 Θεὸς
1511 2415 1599 2442 πάντα
1622 2415 1781 2449 δύνασθαι).
1795 2414 1834 2439 Et!

1048 2473 1057 2489 ι
1075 2464 1131 2490 Οὐκ
1147 2462 1268 2496 ἐθελήσει
1280 2461 1355 2487 οὐδὲν
1371 2460 1472 2490 ἄδικον.
1497 2469 1506 2485 ι
1530 2460 1627 2492 διδοὺς,
1653 2461 1695 2487 ὅτι
1724 2461 1833 2487 Civem

1045 2509 1092 2544 μὲν
1109 2508 1154 2535 καὶ
1170 2508 1200 2534 τὺ
1213 2507 1313 2538 ἄδικον,
1328 2506 1357 2533 οὐ
1375 2505 1444 2533 θέλει
1459 2506 1496 2533 δέ.
1517 2506 1612 2541 Ἡμεῖς
1623 2506 1652 2532 δέ
1664 2515 1770 2541 φαμεν,
1783 2507 1833 2533 ὅτι.

1042 2554 1135 2590 ὥσπερ
1149 2554 1180 2580 οὐ
1192 2553 1301 2580 δύναται
1318 2547 1348 2578 τὸ
1367 2552 1487 2586 πεφυκὸς
1505 2552 1663 2585 γλυκαίνειν
1685 2553 1727 2588 τῷ
1749 2553 1833 2586 γλυκῷ

1042 2600 1184 2635 τυγχάνειν
1201 2598 1342 2635 πικράζειν
1357 2597 1432 2634 παρὰ
1451 2597 1499 2633 τὴν
1522 2597 1604 2624 αὐτοῦ
1624 2599 1712 2634 μόνην
1732 2599 1834 2626 αἰεί-τη

1041 2646 1101 2672 οὐδὲ
1120 2645 1149 2671 τὸ
1169 2644 1288 2678 πεφυκὸς
1309 2642 1434 2678 φωτίζειν
1451 2642 1490 2678 τῷ
1510 2641 1579 2669 εἶναι
1600 2643 1660 2678 φῶς
1684 2645 1831 2675 notisn-

1042 2690 1128 2722 οὕτως
1141 2690 1201 2717 οὐδὲ
1211 2690 1225 2716 ὁ
1238 2689 1303 2720 Θεὸς
1317 2689 1426 2727 ᾅύναται
1437 2689 1547 2716 ἀδικεῖν
1558 2690 1680 2717 ἐναντίον
1691 2691 1749 2726 γάρ
1759 2692 1835 2716 ἐστιν

1041 2737 1123 2763 αὑτοῦ
1139 2738 1172 2772 τῇ
1193 2735 1309 2771 θειότητι
1331 2736 1377 2762 καὶ
1391 2738 1424 2772 τῇ
1440 2737 1500 2763 κατ’
1515 2737 1600 2771 αὐτὴν
1624 2738 1698 2773 πάσῃ
1717 2738 1834 2769 δυνάμει

1039 2784 1055 2818 ἡ
1072 2782 1118 2809 τοῦ
1134 2783 1234 2810 ἀδικεῖν
1249 2781 1370 2818 δύναμις.
1386 2782 1417 2809 Εἰ
1433 2781 1460 2808 δέ
1474 2782 1563 2819 τι(78)
1579 2782 1633 2809 τῶν
1650 2783 1737 2810 ὅντων
1749 2782 1837 2809 εὐνα-

244 2895 300 2930 (78)
326 2896 493 2927 litesclzclins
523 2907 549 2929 et
586 2901 753 2937 Spencerus,
773 2905 796 2930 εἰ
824 2905 846 2931 δ’
872 2906 899 2932 εἴ
925 2915 967 2941 τι,
984 2908 1062 2936 male.
