1848 3091
101 167 172 194 1017

105 233 168 256 των,
188 224 235 251 καὶ
256 223 310 250 τῶν
327 224 383 258 μετ’
403 222 574 259 ἐπικρύψεως
593 223 744 259 είρημένων
766 224 795 249 ἐν
812 223 886 258 νόμῳ

104 271 151 297 καὶ
174 270 326 306 προφήταις
349 270 395 296 καὶ
416 270 598 304 Εὐαγγελίοις,
615 266 652 296 ὧν
667 269 704 301 ὡς
724 270 798 296 οὐδὲν
815 270 885 302 ἀξιό-

101 317 181 350 λογον
195 314 373 350 περιεχόντων
388 314 442 349 (92)
465 314 717 350 καταπεφρόνηκας,
734 315 763 340 οὑ
777 313 886 348 βασανί-

104 370 154 392 σας
169 360 214 386 τὸν
226 361 254 386 ἐν
271 359 362 390 αὐτοῖς
376 359 447 390 νοῦν,
466 360 524 394 μηδ’
546 358 673 385 εἰσελθεῖν
689 358 827 394 πειραθεὶς
846 359 884 389 εἰς

102 405 134 431 τὸ
150 404 271 440 βούλημα
286 403 339 429 τῶν
352 404 524 439 γραψάντων.

145 450 221 476 Ἐπεὶ
238 450 265 476 δὲ
285 449 331 476 καὶ
350 450 417 484 μετὰ
434 449 520 476 ταῦτα
541 459 551 476 ι
570 449 758 485 παραπλήσιον
773 458 783 474 ι
805 449 887 484 φησὶν

105 505 116 520 ‹
134 496 220 522 ποιεῖν
235 495 280 521 τὸν
301 495 334 521 τὰ
349 495 561 531 Χριστιανισμοῦ
585 495 743 522 διδάσκοντα
764 495 802 529 τῷ
823 495 886 520 ὑπι-

104 541 262 576 σχνουμένῳ
276 542 325 577 μὲν
340 542 402 576 ὑγιῆ
419 543 503 568 ποιεῖν
520 541 553 568 τὰ
570 541 692 577 σώματα,
708 541 886 577 ἀποτρέποντι

102 588 132 613 δέ
146 587 191 613 τοῦ
209 587 352 623 προσέχειν
369 589 424 619 τοῖς
438 588 615 623 ὲπιστήμοσιν
630 588 739 623 ἰατροῖς,
757 586 794 621 τῷ
809 587 885 619 ἐλεγ-

102 632 199 668 χεσθαι
219 633 265 658 ὑπ’
281 632 368 659 αὐτῶν
384 632 432 668 τὴν
450 633 580 658 ίδιωτείαν
597 632 694 658 αὑτοῦ·
718 641 727 657 ›
749 632 795 658 καὶ
818 631 885 666 πρὸς

101 678 188 704 ταῦτα
201 677 325 713 ἐροῦμεν·
338 678 419 709 Τίνας
430 678 481 713 φῂς
497 678 613 713 ἰατροὺς,
626 678 672 711 ἀφ’
686 674 722 704 ὧν
734 677 886 712 ἀποτρέπο-

103 732 154 759 μεν
169 724 230 755 τοὺς
247 724 368 756 ἱὸιώτας;
385 724 421 750 Οὐ
437 723 490 759 γάρ
506 723 536 759 δὴ
558 723 756 759 ὑπολαμϐάνεις
770 728 825 756 τοῖς
841 733 885 759 φι-

100 771 244 806 λοσοφοῦσι
259 772 405 808 προσάγειν
416 772 489 807 ἡμεῖς
498 771 547 806 τὴν
561 773 600 803 εἰς
615 772 659 798 τὸν
677 771 754 805 λόγον
770 779 885 806 προτρο-

103 818 175 854 πὴν,-
196 817 229 845 ἶν’
252 818 371 849 ἐκείνους
394 817 508 854 νομίσῃς
535 815 603 844 εἶναι
629 817 748 853 ἰατροὺς,
777 817 823 852 ἀφ’
848 813 885 843 ὧν

101 863 304 898 ἀποτρέπομεν,
317 862 363 894 οὒς
371 863 416 889 ἐπὶ
427 863 472 889 τὸν
481 863 550 889 θεῖον
564 862 645 889 καλοῦ
650 871 698 898 μεν
705 863 791 897 λόγον.
805 862 884 888 Ἤτοι

99 907 148 936 οὖν
165 910 214 936 οὐκ
237 909 411 944 ἀποκρίνεται
435 907 471 943 μὴ
493 908 663 943 ἐχωνλέγειν
684 909 746 940 τοὺς
766 909 882 944 ἰατροὺς,

100 952 119 988 ἢ
134 955 239 989 ἀνάγκη
251 953 331 980 αὐτὸν
342 954 523 988 καταφεύγειν
537 954 583 980 ἐπὶ
594 955 657 986 τοὺς
671 953 785 986 ίδιώτας,
801 954 824 980 οἳ
837 954 884 980 καὶ

99 999 177 1025 αὐτοὶ
202 999 376 1035 περιηχοῦσιν
401 999 611 1034 ἀνδραποδωδῶς
633 1000 667 1026 τὰ
693 1000 756 1035 περὶ
781 999 884 1027 πολλῶν

99 1044 181 1077 θεῶν,
201 1045 248 1071 καὶ
270 1045 320 1071 ὅσα
336 1044 403 1071 ἄλλα
423 1045 526 1079 λέγοιεν
549 1045 581 1072 ἂν
604 1045 713 1072 ίδιῶται.
734 1046 885 1081 Ἑκατέρως

98 1089 148 1118 οὖν
162 1091 352 1126 ἐλεγχθήσεται
370 1091 456 1126 μάτην
470 1091 633 1127 παραλαὸὼν
655 1093 683 1118 ἐν
702 1092 741 1127 τῷ
753 1092 824 1128 λόγῳ
839 1092 884 1119 τὸν

102 1136 291 1172 ἀποτρέποντα
309 1137 363 1163 τῶν
385 1137 574 1172 ἐπιστημόνων
598 1137 705 1173 ἰατρῶν.
723 1138 781 1164 Ἵνα
797 1138 825 1164 δέ
838 1139 884 1165 καὶ

100 1183 154 1209 ἀπὸ
175 1182 223 1217 τῆς
244 1182 405 1219 Ἐπικούρου
427 1182 481 1218 (95)
503 1183 670 1218 φιλοσοφίας,
692 1184 807 1210 καὶτῶν
824 1185 884 1210 κατ⁴

105 1228 266 1263 Ἐπίκουρον
285 1228 467 1264 νομιζομένων
493 1228 592 1264 ἰατρῶν
609 1229 662 1264 (94)
687 1230 884 1266 ἀποτρέπωμεν

97 1274 163 1304 τοὺς
179 1274 208 1299 ἐν
227 1273 339 1304 ἐκείνοις
355 1274 558 1309 ἀπατωμένους,
577 1274 635 1306 πῶς
650 1275 699 1301 οὐκ
714 1275 884 1310 εὐλογώτατα

98 1319 257 1353 ποιήσομεν,
273 1318 432 1352 ἀφιστάντες
448 1319 524 1345 νόσου
538 1319 667 1355 χαλεπῆς,
678 1321 710 1356 ἣν
724 1321 884 1356 ἐνεποίησαν

97 1365 122 1389 οἱ
139 1364 243 1390 Κέλσου
260 1365 362 1400 ἰατροὶ,
379 1365 428 1401 τῆς
442 1365 511 1392 κατά
529 1366 578 1401 τὴν
601 1367 738 1402 ἀναίρεσιν
753 1368 801 1402 τῆς
820 1376 884 1402 προ-

97 1409 174 1440 νοίας
195 1409 242 1436 καὶ
260 1411 412 1446 εἰσαγωγὴν
428 1411 478 1446 τῆς
499 1411 596 1447 ἡδονῆς
611 1411 649 1443 ὡς
669 1412 786 1446 ἀγαθοῦ;
810 1413 884 1440 Ἀλλ’

97 1454 180 1487 ἔστω,
210 1455 308 1491 ἰατρῶν
336 1457 409 1492 ἡμᾶς
435 1457 522 1484 ἄλλων
548 1457 698 1492 φιλοσόφων
728 1458 884 1493 ἀφιστάνειν

98 1500 221 1533 τούτους,
245 1501 291 1533 οὓς
315 1502 504 1539 προτρέπομεν
527 1504 572 1530 ἐπὶ
589 1504 633 1531 τὸν
651 1505 782 1541 ἡμέτερον
795 1505 883 1539 λόγον,

97 1547 154 1574 τῶν
168 1547 220 1573 ἀπὸ
237 1547 283 1573 τοῦ
297 1549 451 1584 Περιπάτου
470 1549 535 1584 (95),
552 1549 733 1585 ἀναιρούντων
748 1550 797 1586 τὴν
815 1551 882 1586 πρὸς

701 163 837 191 CONTRA
854 161 991 190 CELSUM
1011 151 1136 189 meiut.

1649 159 1716 186 10'8

900 227 921 254 Α
937 222 1077 256 prophetis
1088 225 1115 247 et
1132 221 1284 255 Evangeliis
1298 221 1413 248 obscure
1429 220 1501 246 dicta
1518 223 1589 251 sunt,
1607 221 1714 253 assequi

937 269 1057 296 valeant.
1081 267 1144 295 “me
1170 267 1270 301 scripta
1294 271 1319 292 tu
1339 267 1448 300 quidem
1466 266 1619 300 asperi-aris
1638 265 1714 299 quasi

937 315 1004 342 nihil
1027 314 1142 349 alicujus
1156 313 1283 340 momenti
1301 313 1489 345 continerent;
1513 312 1560 339 sed
1579 313 1604 338 id
1627 311 1694 340 facis
1706 333 1714 346 ,

935 361 999 395 quia
1018 367 1153 394 nunquam
1173 367 1266 386 eorum
1289 358 1455 385 intellectum
1477 358 1649 393 iuquisivisti,
1666 366 1715 385 nec

937 414 1055 441 unquam
1071 406 1096 432 in
1117 412 1209 432 eorum
1228 408 1345 431 mentem
1363 406 1465 439 intrare
1479 409 1592 430 conatus
1605 412 1644 430 es.

972 451 1014 478 75.
1041 451 1086 478 Ait
1102 456 1196 485 postea
1220 459 1229 475 ι
1246 451 1447 478 Christianismi
1473 450 1608 477 doctorem
1628 448 1717 477 simile

937 497 1001 531 quid
1019 496 1109 524 facere
1132 496 1181 529 illi,
1199 496 1242 529 qui
1260 497 1402 522 sanitatem
1420 503 1561 530 corporum
1580 496 1715 530 pollicitus

936 542 1092 577 prohiberet
1108 542 1252 576 quominus
1277 535 1363 575 periti
1380 541 1477 568 medici
1500 546 1714 571 accerserentur.

937 595 969 612 ne
985 587 1025 614 sic
1040 595 1086 613 sua
1102 587 1262 621 proderetur
1277 585 1438 621 imperitia.)
1458 585 1507 612 llic
1527 594 1622 612 rursus
1636 587 1716 612 inter-

938 641 1021 667 rogo:
1045 633 1117 666 Quos
1143 641 1240 659 narras
1266 633 1394 664 ntcdirus,
1417 640 1432 658 a
1460 633 1557 666 quibus
1579 632 1716 666 simplices

936 680 1107 707 avertimus?
1131 679 1188 706 Non
1215 679 1336 713 profecto
1358 679 1462 706 dixeris
1488 679 1605 705 medicos
1626 679 1684 706 illos
1700 687 1715 707 ιι

935 725 1033 759 quibus
1043 732 1090 752 eos
1106 732 1254 752 avocamus
1268 732 1335 759 quos
1353 726 1385 751 ad
1404 725 1521 751 divinam
1538 730 1657 750 nostram
1673 731 1716 750 re—

942 771 1068 806 ligionem
1082 771 1235 802 hortamur,
1252 778 1311 797 esse
1330 771 1514 805 philosophos.
1533 769 1625 804 Neque
1644 769 1715 796 enim

935 821 1014 852 putas
1027 824 1074 844 eos
1087 816 1132 851 qui
1147 816 1324 852 philosophim
1339 817 1403 844 dant
1418 823 1538 850 operam,
1553 824 1568 842 a
1584 816 1662 843 nobis
1682 815 1716 842 ad

935 863 1093 898 religionem
1107 861 1486 896 amplectendam‘provocari.
1500 861 1553 888 Aul
1565 861 1645 895 igitur
1671 868 1718 886 nc-

901 913 920 941 |3
936 909 1024 936 sciens
1034 909 1145 947 quinam
1158 908 1194 935 illi
1211 908 1306 935 medici
1320 908 1382 940 sint,
1400 915 1452 934 nou
1465 906 1637 941 respondebit
1649 926 1655 938 ,
1671 910 1717 932 aut

935 955 995 982 illos
1008 955 1079 982 inter
1096 955 1239 987 imperitos
1253 959 1355 988 qnmrat
1370 961 1483 980 necesse
1496 958 1547 984 est,
1563 952 1608 986 qui
1625 957 1719 987 tamen

933 1005 961 1028 et
975 1001 1024 1035 ipsi
1037 1002 1154 1035 turpiter
1165 1001 1313 1028 multorum
1324 1002 1434 1027 deorum
1449 1000 1548 1027 cultum
1560 999 1715 1034 perdocent,

936 1051 963 1073 et
980 1046 1110 1081 quidquid
1127 1046 1160 1072 ab
1178 1046 1310 1080 imperitis
1323 1046 1534 1080 exspectandum
1552 1049 1604 1071 est.
1622 1043 1714 1071 Utriu-

934 1099 986 1127 que
1001 1099 1068 1126 ergo
1078 1099 1205 1126 peccasse
1226 1091 1361 1125 arguitur,
1381 1099 1442 1118 cum
1455 1090 1578 1124 exemplo
1597 1097 1660 1116 usus
1675 1093 1716 1116 est.

935 1137 1064 1169 hominis,
1089 1137 1136 1171 qui
1163 1144 1178 1163 τι
1202 1137 1296 1172 peritis
1313 1137 1424 1164 medicis
1446 1141 1591 1163 averteret.
1614 1135 1714 1162 Vertuu

933 1184 986 1211 etsi
1008 1184 1042 1210 ab
1066 1184 1176 1218 Epicuri
1201 1183 1371 1217 philosophia
1393 1182 1585 1217 Epicureisque
1603 1181 1716 1208 medicis

934 1236 980 1256 eos
993 1236 1152 1256 revocamus
1165 1228 1210 1264 qui
1224 1229 1258 1255 ab
1271 1228 1324 1255 illis
1337 1228 1362 1254 in
1377 1235 1496 1255 errorem
1506 1227 1628 1262 perducti
1639 1232 1713 1259 sunt.

934 1283 1023 1302 nonne
1035 1275 1184 1309 justissima
1198 1275 1231 1302 de
1253 1283 1335 1303 causa
1350 1276 1465 1303 facimus
1479 1275 1490 1301 ?
1506 1274 1551 1301 Sic
1565 1274 1637 1302 enim
1654 1273 1715 1301 illos

933 1327 1054 1350 tutamur
1081 1330 1095 1349 a
1111 1323 1186 1357 gravi
1206 1323 1313 1355 morbo,
1334 1323 1360 1350 in
1382 1330 1460 1356 quem
1481 1322 1541 1348 illos
1563 1321 1715 1356 injeceruut

934 1368 1032 1396 medici
1049 1369 1131 1402 Celsi,
1145 1377 1206 1396 cum
1222 1370 1419 1404 providentiam
1433 1369 1575 1400 sustulere.
1594 1373 1622 1395 et
1638 1375 1712 1394 colu-

937 1415 1019 1441 menti
1032 1419 1095 1442 sunt
1108 1423 1242 1442 summum
1258 1415 1356 1442 bomun
1372 1422 1432 1441 esse
1453 1415 1628 1448 voluptatem.
1647 1413 1713 1440 Esto

933 1461 1014 1487 etiam
1031 1461 1219 1495 prohibeamus
1231 1469 1274 1493 nc,
1289 1468 1357 1494 quos
1372 1461 1404 1488 ad
1421 1466 1539 1487 nostram
1556 1460 1713 1495 religionem

934 1506 1079 1538 allicimus,
1105 1506 1121 1533 ii
1148 1506 1312 1532 medicorum
1341 1505 1400 1533 ioco
1427 1506 1548 1533 habeant
1563 1505 1712 1540 aliquarum

934 1556 1068 1580 sectarum
1092 1552 1282 1587 philosophos,
1307 1553 1382 1580 verbi
1405 1559 1486 1579 causa
1508 1552 1713 1586 Peripateticos,

96 1591 173 1626 ἡμᾶς
193 1592 329 1627 πρόνοιαν,
348 1593 394 1619 καὶ
410 1594 458 1629 τὴν
474 1595 564 1629 σχέσιν
583 1595 648 1629 πρὸς
662 1595 820 1632 ἀνθρώπους
832 1596 877 1622 τοῦ

960 1597 977 1623 Ii
993 1596 1039 1624 Dei
1056 1605 1120 1631 erga
1139 1605 1188 1624 nos
1206 1597 1416 1632 providentiam,
1431 1597 1569 1631 ullamtu
1581 1596 1652 1623 illius
1664 1603 1713 1621 uo-

95 1636 191 1663 Θείου·
206 1638 262 1670 πῶς
278 1638 337 1674 οὐχὶ
354 1639 474 1671 εὐσεϐεῖς
487 1640 541 1675 (96)
558 1641 606 1676 μὲν
621 1642 702 1676 ἡμεῖς
713 1644 882 1670 κατασκευά-

98 1691 193 1717 σομεν,
221 1685 266 1710 καὶ
300 1685 502 1721 θεραπεύσομεν
525 1687 588 1718 τοὺς
614 1688 880 1723 προτετραμμένους,

96 1729 238 1760 πείθοντες
251 1730 348 1762 αὐτοὺς
361 1731 518 1758 ἀνακεῖσθαι
531 1732 570 1767 τῷ
582 1733 628 1759 ἐπὶ
642 1733 707 1759 πᾶσι
718 1733 785 1768 Θεῷ,
798 1735 882 1769 μεγά-

95 1772 153 1798 λων
169 1773 198 1799 δὲ
212 1775 383 1809 τραυμάτων,
399 1775 453 1802 τῶν
464 1776 517 1802 ἀπὸ
533 1775 619 1810 λόγων
635 1776 818 1812 νομιζομένων
836 1788 878 1812 φι-

94 1817 230 1852 λοσόφων,
259 1819 466 1855 ἀπαλλάσσομεν
492 1821 555 1852 τοὺς
591 1821 767 1857 πειθομένους
794 1824 879 1858 ὴμῖν;

100 1863 184 1890 Ἀλλά
200 1865 246 1890 καὶ
259 1864 353 1896 ἄλλους
368 1865 481 1892 δεδόσθω
495 1867 568 1901 ἡμᾶς
584 1867 748 1902 ἀποτρέπειν
766 1869 819 1894 ἀπὸ
842 1870 881 1894 ία-

93 1907 170 1943 cpt-0v
189 1909 315 1935 Στωϊκῶν
337 1910 404 1945 (97),
424 1910 489 1937 Θεὺν
511 1910 626 1947 φθαρτὸν
651 1913 821 1946 εἰσαγόντων4
835 1914 881 1940 κα)⁴

92 1954 147 1988 τὴν
161 1954 253 1981 οὐσίαν
265 1955 346 1982 αὐτοῦ
361 1956 492 1990 λεγόντων
510 1958 588 1993 σῶμα
602 1959 717 1995 τρεπτὸν
728 1959 813 1986 διόλου
826 1960 880 1995 (98)

93 2000 147 2026 καὶ
164 2000 305 2027 ἀλλοιωτὸν
319 2003 364 2029 καὶ
380 2003 554 2038 μεταϐλητὸν,
569 2004 614 2030 καί
625 2013 689 2030 ποτε
703 2005 788 2032 πάντα
808 2005 882 2040 φθει-

94 2046 200 2082 ρόντων
214 2047 259 2074 καὶ
273 2048 351 2082 μόνον
365 2048 409 2074 τὸν
424 2048 488 2075 Θεὸν
511 2049 713 2077 καταλιπόντων
722 2059 728 2065 “
749 2051 807 2083 πῶς
821 2052 881 2087 οὐχ).

91 2092 146 2118 καὶ
161 2092 231 2119 οὕτω
243 2094 333 2120 κακῶν
347 2095 395 2129 μὲν
406 2095 595 2130 ἀπαλλάξομεν
617 2096 680 2127 τοὺς
694 2096 880 2132 πειθομένους,

92 2137 270 2173 προσάξομεν
283 2139 305 2165 δ’
325 2140 431 2166 εὐσεδεῖ
442 2139 512 2175 λόγῳ
528 2140 565 2175 τῷ
586 2141 649 2176 περὶ
663 2141 709 2167 τοῦ
723 2142 880 2169 ἀνακεῖσθαι

90 2183 135 2219 τῷ
153 2184 320 2220 δημιουργῷ,
337 2186 383 2212 καὶ
405 2185 554 2220 θαυμάζειν
568 2187 612 2213 τὺν
629 2188 733 2223 πατέρα
744 2188 793 2223 τῆς
814 2189 881 2224 Χρι-

91 2229 214 2256 στιανῶν
221 2230 401 2263 διδασκαλίας,
411 2230 651 2267 φιλανθρωπότατα
662 2234 878 2269 ἐπιστρεπτικδν,

131 2334 189 2371 (9ξὶ)
210 2333 364 2371 ξῇῖιοοηίίει,
380 2334 507 2371 ἐχόντων.

131 2369 187 2402 (ενδ)
210 2369 391 2404 Ἑπικούρου.
410 2370 472 2396 \ide
486 2377 564 2404 supra
577 2369 764 2397 adnotationes
776 2370 808 2398 ad
826 2371 871 2399 lib.

92 2411 103 2430 ι
117 2409 212 2430 contra
232 2403 312 2435 (1:13..
331 2412 402 2430 unm.
416 2405 461 2431 21.

131 2439 188 2473 (94)
199 2438 409 2473 γΝομιζομένων
424 2438 540 2472 ἰατρῶν,
554 2443 605 2467 etc.
622 2439 666 2467 Sic
680 2445 753 2467 recte
763 2441 874 2468 omnino

91 2474 180 2510 codex
194 2472 316 2510 Julianus
332 2475 450 2510 secunda
462 2482 552 2510 manu.
563 2474 636 2510 glias
650 2479 786 2507 corrupte,
801 2484 874 2510 νομι-

91 2507 220 2545 ζομένοις
239 2509 431 2545 Ἐπικουρείοις
444 2509 552 2544 ἰατρῶν.
564 2509 723 2545 Boherellns
735 2507 873 2545 legendum

91 2544 216 2576 conjicit,
237 2544 629 2580 νομιζομένων-ἐπιστημόνων
647 2544 753 2580 ἰατρῶν.
763 2544 873 2572 ΊΜιΙριιι

91 2585 191 2616 omnes
216 2586 279 2616 mss.
290 2585 377 2616 rec-te.
393 2578 451 2610 πῶς
470 2579 520 2616 οὐκ
536 2578 705 2614 εὐλογώτατα
720 2580 877 2616 ποιήσομεν.

90 2613 183 2650 Alias,
196 2613 254 2645 πῶς
271 2612 444 2650 εὐλογώτατα
456 2612 620 2650 ποιήσωμεν,
635 2615 713 2642 male.

130 2647 187 2683 (95)
208 2648 381 2682 Περιπάτου.
398 2648 463 2675 Vide
476 2647 762 2683 supra'aduotationes
778 2650 811 2677 ad
830 2650 876 2678 lib.

90 2691 99 2711 1
113 2689 207 2710 contra
224 2683 337 2715 Celsum,
354 2691 425 2709 num.
438 2683 484 2711 2i.

104 2750 109 2753 μ
130 2718 187 2751 (96)
207 2718 273 2751 Πῶς
287 2718 356 2752 οὐχι
369 2718 511 2751 εὐσεϐεῖς.
521 2718 677 2746 Boherellus
692 2720 803 2752 mavult,
819 2720 878 2752 πῶς

90 2752 156 2789 οὐχὶ
169 2752 298 2784 εὐσεϐῶς,
314 2760 340 2780 et
355 2754 389 2780 itu
407 2754 504 2789 legisse
519 2753 623 2781 videtur
633 2754 770 2781 Gelenius.

131 2788 188 2823 (n7)
209 2787 354 2815 Στωϊκῶν.
374 2788 440 2815 Vide
453 2789 643 2816 adnotationes
657 2789 690 2815 ad
706 2788 752 2815 ιιι).
766 2797 784 2820 ι,
801 2797 864 2816 nutu

89 2823 122 2850 21
139 2832 145 2856 ;
164 2823 211 2849 lib.
224 2830 259 2854 tv,
282 2831 356 2850 nutu.
370 2823 403 2850 M
422 2827 450 2850 et
469 2823 514 2849 68.
537 2823 672 2851 Plutarch.
696 2824 721 2850 in
749 2824 815 2850 lihro
838 2826 875 2852 De

91 2858 245 2885 Stoicorum
267 2858 444 2892 repugnantiis
457 2865 467 2885 ξ
482 2858 574 2889 Οὐδεὶς
596 2856 642 2885 οὖν
661 2859 719 2884 ἐστι
736 2858 788 2885 τῶν
805 2859 873 2886 πάν-

91 2901 148 2919 των
161 2892 174 2919 ὁ
187 2892 345 2927 Χρύσιππος
357 2892 415 2920 κατ’
432 2893 616 2929 Ἀντίπατρον.
630 2894 712 2920 Οὐδὲν
726 2894 779 2930 γὰρ
789 2894 873 2921 οἴεται

934 1642 1037 1670 biscum
1051 1648 1149 1678 negant
1165 1650 1225 1670 esse
1241 1643 1469 1670 necessitudinem
1483 1652 1489 1670 :
1506 1650 1593 1669 nonne
1605 1642 1714 1675 pietatis

931 1688 1050 1716 ofﬁcium
1067 1694 1117 1720 est,
1142 1689 1203 1716 illos
1225 1689 1340 1722 institui,
1355 1689 1456 1722 curari,
1476 1688 1663 1723 persuadendo
1683 1691 1712 1714 ιιι

931 1742 960 1762 se
982 1740 1053 1763 totos
1075 1735 1130 1762 Deo
1148 1743 1238 1762 rerum
1259 1736 1378 1763 onmium
1399 1735 1544 1762 devoveant
1557 1735 1568 1761 *ἶ
1582 1733 1708 1767 Quando-

931 1780 1038 1814 quidem
1059 1780 1098 1808 sic
1117 1788 1214 1815 magna
1230 1781 1341 1808 vulnera
1359 1785 1501 1812 sanantur,
1518 1779 1709 1814 quaaphiloso-

932 1824 1044 1858 phorum
1071 1824 1176 1850 illortun
1200 1825 1327 1852 doctrina
1352 1824 1488 1852 intulerat.
1513 1823 1580 1849 Volo
1607 1829 1634 1850 et
1664 1830 1713 1850 uo-;

933 1869 1064 1904 impedire
1087 1870 1231 1905 quominus
1252 1871 1374 1897 medicos
1397 1870 1495 1897 adeant
1520 1870 1640 1901 Stoicos,
1665 1869 1712 1904 qui

933 1915 1014 1942 Deum
1032 1915 1296 1951 corruptionih97
1323 1916 1479 1948 obnoxium,
1505 1914 1562 1949 ejus
1588 1920 1712 1942 naturam

932 1966 1089 1994 corpoream
1115 1968 1229 1995 eamque
1254 1961 1410 1987 mutabilem
1428 1965 1455 1987 et
1471 1962 1591 1987 omnium
1613 1960 1712 1986 forma~

935 2013 994 2031 rum
1018 2012 1147 2039 capacem
1170 2006 1301 2034 inducunt
1322 2007 1473 2040 doceatque
1496 2005 1595 2036 omnia.
1615 2009 1714 2040 prmter

933 2051 1028 2083 Deum,
1053 2058 1113 2078 esse
1130 2051 1269 2085 peritura;
1285 2052 1377 2086 quidni
1396 2053 1478 2078 etiam
1497 2059 1511 2078 ιι
1535 2045 1617 2077 tantis
1633 2050 1712 2077 malis

936 2101 1044 2123 nostros
1064 2097 1274 2130 removebimus,
1289 2098 1385 2132 hisque
1405 2098 1495 2133 potius
1510 2097 1562 2132 piis
1578 2097 1713 2124 institutis

933 2142 1147 2176 informabimus,
1166 2150 1330 2170 consecrare
1357 2151 1386 2171 se
1404 2144 1537 2172 conditori
1560 2143 1670 2174 debere,
1686 2148 1713 2169 ct

933 2189 1063 2215 admirari
1087 2189 1251 2216 Christianae
1267 2190 1397 2217 doctrina:
1413 2196 1562 2226 parentem,
1579 2190 1626 2225 qui
1646 2198 1710 2217 con-

931 2235 1069 2262 vertendis
1086 2235 1229 2262 animabus
1242 2236 1357 2267 curavit,
1372 2241 1400 2263 nt
1412 2237 1603 2271 benignissima
1620 2237 1645 2263 in
1664 2237 1714 2262 ho-

894 2341 914 2368 ι)
929 2338 998 2379 πλὴν
1024 2337 1070 2379 τοᾷ
1095 2337 1179 2379 πυρὸς
1200 2337 1337 2379 άφθαρτον
1363 2336 1430 2365 εἶναι
1445 2339 1511 2379 τῶν
1533 2339 1617 2371 Θεῶν,
1632 2340 1710 2379 ’ἀλλὰ

928 2373 1030 2404 πάντας
1054 2373 1161 2408 ὁμαλῶς
1176 2374 1222 2400 καὶ
1244 2374 1386 2408 γεγονότας
1409 2375 1455 2400 καὶ
1480 2374 1711 2409 φθαρησομένους.

927 2409 1017 2435 Ταῦτα
1037 2408 1065 2435 δὲ
1087 2409 1233 2444 πανταχοῦ,
1248 2408 1286 2441 ὡς
1301 2409 1364 2440 ἔπος
1383 2410 1478 2440 εἰπεῖν,
1497 2410 1541 2435 ὑπ’
1563 2408 1644 2435 αὑτοῦ
1667 2410 1712 2436 λέ-

926 2452 1013 2480 γεται.
1033 2444 1230 2480 Παραθήσομαι
1251 2445 1281 2471 δὲ
1304 2444 1374 2477 λέξιν
1397 2445 1433 2480 ἐκ
1459 2444 1506 2471 τοῦ
1531 2445 1623 2479 τρίτου
1642 2446 1712 2479 Περὶ

927 2479 1002 2508 θεῶν
1014 2479 1074 2506 καθ’
1088 2480 1180 2514 ἕτερον
1196 2480 1283 2514 λόγον.
1296 2481 1326 2507 Ol
1341 2480 1390 2515 μὲν
1406 2479 1459 2515 γὰρ
1475 2480 1582 2513 γενητοί
1597 2480 1649 2506 είσι
1666 2481 1713 2507 καὶ

928 2514 1057 2551 φθαρτοί·
1073 2515 1098 2541 οἱ
1112 2516 1140 2541 δὲ
1159 2516 1295 2551 ἀγένητοι.
1320 2526 1328 2541 ι
1343 2514 1434 2551 Nullus
1446 2514 1489 2551 est
1508 2515 1587 2549 igitur
1603 2522 1636 2541 ex
1654 2523 1713 2551 om-

929 2550 1007 2576 nibus
1023 2551 1165 2584 Antipatro
1182 2551 1358 2585 Chrysippus.
1373 2550 1422 2577 Hic
1435 2550 1505 2576 enim
1525 2554 1637 2583 excepto
1655 2550 1707 2583 igni

932 2585 1032 2612 nullum
1051 2585 1133 2612 Deum
1152 2591 1229 2620 putat
1246 2586 1353 2613 interitu
1379 2592 1471 2612 carere
1492 2592 1499 2611 :
1524 2585 1569 2610 scd
1596 2589 1710 2620 metet-os

930 2627 1024 2648 omnes
1041 2628 1117 2655 aeque
1132 2627 1158 2647 et
1179 2626 1255 2648 natos
1270 2626 1296 2648 et
1311 2621 1441 2648 obituros.
1465 2620 1552 2653 Atque
1576 2619 1634 2655 hoc
1652 2619 1709 2655 fere

930 2657 1029 2689 passim
1043 2654 1079 2683 ab
1093 2663 1125 2682 eo
1139 2656 1247 2684 dicitur.
1263 2656 1349 2683 Verba
1366 2661 1454 2683 tamen
1472 2654 1529 2687 ejus
1541 2662 1556 2681 e
1576 2654 1654 2681 tertio
1671 2654 1708 2681 De

928 2690 980 2718 dii:
999 2691 1066 2718 libro
1081 2691 1226 2726 ascribam.
1250 2691 1309 2718 Alia
1335 2699 1425 2726 porro,
1451 2689 1641 2726 inquitaratio
1668 2696 1708 2726 est

928 2726 1038 2753 deorum
1078 2725 1129 2752 Alii
1159 2727 1233 2753 enim
1254 2726 1310 2753 nati
1335 2724 1413 2758 sunt,
1436 2730 1462 2754 et
1485 2724 1639 2752 intcritnri:
1664 2725 1706 2751 alii

928 2761 982 2787 nati
1010 2769 1062 2788 non
1081 2765 1174 2789 sunt.»
1203 2760 1271 2789 Vide
1295 2761 1412 2793 ibidem,
1438 2768 1498 2796 pag.
1518 2759 1596 2795 105;).
1623 2759 1706 2786 δρειιρ

929 2803 989 2823 CER.

964 2831 1020 2867 (98)
1039 2833 1154 2860 Διόλου.
1180 2832 1218 2859 Ita
1245 2831 1323 2860 codd.
1348 2831 1447 2867 ιιι-ειυς
1472 2836 1498 2859 ct
1534 2829 1706 2859 ltasilecnsts.

926 2867 1009 2901 Alias,
1023 2868 1055 2895 δι’
1066 2868 1143 2895 ὅλων.
