1848 3091
153 138 222 166 101]

873 139 1033 169 οιιιοεΝιε

1704 131 1777 160 1033

154 196 257 223 tniuum
274 204 359 232 genus
382 205 463 225 omne
477 199 641 227 documenta
657 203 860 235 spargerentur.
880 201 933 228 Etsi

1005 200 1035 226 at
1058 197 1150 234 ψυχῶν
1174 198 1320 233 μαθήματα
1341 195 1396 231 (99)
1420 195 1636 231 οἰκονομήσαντα
1656 193 1776 220 ἐπισπα-

151 248 281 277 prwtcrea
301 243 432 270 medicam
453 244 507 272 illis
521 252 600 280 opem
617 245 761 273 all'eramus
777 247 822 280 qui
845 254 860 273 a
878 254 936 273 me-

151 288 221 315 dicis
235 293 359 314 naturam
378 289 491 317 rationis
505 295 658 325 compotem
668 311 676 323 ,
689 291 769 318 modo
788 291 814 318 iu
832 292 937 319 ratione

154 341 274 366 cassam,
296 335 376 361 modo
397 335 425 361 in
448 335 595 370 imaginum
615 336 721 364 artiﬁce
744 337 874 364 facultate
888 345 936 364 ca-

150 384 253 406 rentem
272 380 467 415 relegantibus,
479 382 574 409 insana
593 383 637 409 illa
654 384 804 410 animarttnt
822 385 847 411 itt
861 384 935 411 varia

150 430 264 458 corpora
285 426 538 460 transmigrationis
560 428 688 461 opinione
711 428 834 456 inl'atuati
851 433 934 461 sunt;

154 477 243 496 annon
260 471 359 498 animae
373 479 469 499 eorum
493 473 642 500 redduntur
659 474 797 506 meliores,
818 482 879 501 cum
896 474 936 502 eis

150 517 359 550 persuademus,
376 526 429 545 non
449 526 530 545 sensu
546 523 573 546 et
595 519 701 548 ratione
720 520 819 554 privari
838 520 937 554 impro-

149 562 213 589 butn
226 570 287 589 cun
301 565 433 597 punitur;
452 565 497 591 sed
511 566 599 599 potius
612 565 717 593 labores
734 574 749 593 a
766 566 819 593 Deo
845 567 934 599 injun-

149 615 209 634 t-tos
226 615 374 643 pinnisque
389 609 506 637 inﬂictas
522 611 661 645 improbis,
673 619 733 638 esse
749 611 865 639 remedia
876 612 936 646 qui-

150 653 200 680 bus
229 654 262 680 ad
293 654 367 681 illum
397 655 532 682 emendati
559 656 753 683 revertantur?
777 656 837 683 lla-c
863 657 935 684 enirn

150 699 299 732 prudentes
314 699 461 727 Christiani
481 701 621 736 cogitant;
641 701 683 729 his
698 702 889 736 simpliciores,
906 707 936 729 ut

149 751 241 778 pam-s
254 745 393 779 parvulos,
410 745 549 774 erudiunt.
567 746 624 773 Non
642 748 724 782 igitur
739 748 868 782 parvulis,
884 756 935 775 non

150 790 271 824 rusticis,
286 798 337 818 non
355 791 437 818 fatuis
454 797 578 819 aut-tores
593 800 698 825 sumus,
717 798 746 820 ut
761 794 880 821 medicos
895 794 937 821 fu-

150 836 228 870 giant
243 845 250 863 :
264 844 316 864 non
336 837 389 864 illis
403 837 538 866 dicimus:
556 847 565 864 ι
584 839 683 866 Cavete
694 847 727 866 tte
742 840 802 874 quis
816 846 934 867 vestrum

988 245 1066 281 ρῆναι
1083 245 1135 280 ὅλῳ
1149 244 1187 279 τῷ
1198 243 1252 269 τῶν
1267 242 1416 278 ἀνθρώπων
1430 242 1519 276 γένει;
1545 240 1625 267 Ἀλλὰ
1640 239 1694 266 κᾶν
1710 239 1776 272 τοὺς

987 290 1155 321 πεπονθότας
1171 289 1220 324 τὴν
1237 289 1300 324 περὶ
1319 288 1368 323 τῆς
1391 286 1661 323 μετενσωματώσεως
1683 285 1776 312 ἄνοιαν

986 337 1039 363 ἀπὸ
1062 336 1170 371 ἰατρῶν,
1187 335 1240 361 τῶν
1257 333 1491 365 καταΰιὸαζόντων
1505 332 1553 366 τὴν
1565 330 1679 366 λογικὴν
1693 330 1775 364 φύσιν

986 382 1031 408 ὁτὲ
1047 382 1096 417 μὲν
1113 382 1160 408 ἐπὶ
1177 381 1228 416 τὴν
1245 380 1339 414 ἄλογον
1357 380 1457 410 πᾶσαν,
1478 378 1522 404 ὁτὲ
1543 377 1570 404 δὲ
1585 377 1633 403 καὶ
1655 376 1703 402 ἐπὶ
1724 376 1774 411 τὴν

985 428 1164 462 ἀφάνταστον,
1176 425 1368 462 θεραπεὺωμεν
1383 424 1432 460 (1)’
1447 424 1505 456 πῶς
1519 424 1548 450 οὐ
1563 423 1702 458 βελτίονας
1715 424 1775 454 ταῖς

985 473 1084 508 ψυχαῖς
1101 472 1338 507 κατασκευάσομεν
1352 471 1415 502 τοὺς
1437 469 1613 505 πειθομένους
1635 468 1720 504 λόγῳ,
1743 468 1774 494 οὐ

984 519 1135 546 διδάσκοντι
1152 518 1201 554 μὲν
1213 519 1241 544 ἐν
1261 518 1397 549 κολάσεως
1414 517 1495 553 μοίρᾳ.
1509 516 1547 551 τῷ
1569 516 1664 551 φαύλῳ
1680 516 1776 541 ἀποδι-

985 564 1078 591 δοσθαι
1099 564 1275 600 ἀναισθησίαν
1294 563 1310 599 ἦ
1333 563 1454 597 ἀλογίαν,
1476 563 1636 598 παριστάντι
1654 562 1683 587 δὲ
1705 559 1775 588 εἷναί

984 618 1045 636 τινα
1059 610 1192 645 φάρμακα
1208 609 1405 645 ὲπιστρεπτικὰ
1416 608 1478 639 τοὺς
1492 607 1545 634 ἀπὸ
1556 607 1624 633 Θεοῦ
1635 608 1695 638 τοῖς
1705 606 1774 641 φαύ-

985 654 1040 686 λοις
1062 655 1281 690 προσαγομένους
1294 654 1390 685 πόνους
1405 653 1452 679 καὶ
1464 652 1512 684 τὰς
1527 652 1672 684 κολάσεις;
1689 652 1775 680 Τοῦτο

985 700 1039 735 γὰρ
1060 701 1084 726 οἱ
1104 700 1241 735 φρονίμως
1258 700 1413 735 Χριστιανοὶ
1433 698 1532 731 ζῶντες
1549 698 1586 733 (‘2)
1609 698 1773 732 φρονοῦντες

984 746 1155 781 οἱκονομοῦσι
1173 746 1236 778 τοὺς
1258 745 1466 780 ἁπλουστέρους,
1485 744 1522 775 ὡς
1543 744 1590 770 καὶ
1608 744 1632 770 oi.
1653 743 1775 779 πατέρες

984 792 1048 823 τοὺς
1081 792 1180 828 κομιδῆ
1207 791 1329 827 νηπίους.
1357 791 1394 817 Οὺ
1421 789 1628 824 καταφεύγομεν
1652 787 1701 815 οὖν
1730 789 1776 816 ἐπὶ

985 838 1097 874 νηπίους
1108 838 1154 864 καὶ
1163 837 1282 873 ἠλιθίους
1293 837 1446 873 ἀγροίκους,
1457 837 1580 870 λέγοντες
1591 836 1695 867 αὐτοῖς,
1708 835 1775 862 Φεύ-

149 881 266 915 altingat
289 881 454 908 scientiam:
476 891 486 908 ι
508 889 597 917 neque
617 882 731 911 dicimus
749 884 813 918 quid
833 885 933 912 malum

1005 892 1046 910 ετε
1062 884 1125 916 τοὺς
1145 883 1262 918 ίατρούς·
1277 883 1336 910 οὑδὲ
1349 882 1474 918 λέγομεν,
1498 891 1507 907 ι
1538 882 1634 917 Ὁρᾶτε
1650 881 1689 916 μή
1707 880 1774 908 ποτέ

148 933 209 954 esse
222 927 381 959 soientiatn;
402 934 490 961 tteqtte
513 935 546 955 eo
567 928 679 956 insaniat
696 930 815 964 provecti
832 937 935 964 sumus,

149 976 179 998 ut
195 972 352 1007 cognitione
373 980 534 1000 cenSeatnus
551 973 675 1001 homines
696 974 731 1001 ab
749 976 845 1002 animat
862 977 937 1003 sani-

148 1023 204 1044 tate
220 1019 351 1046 removeri
365 1028 372 1053 ;
387 1024 434 1046 aut
452 1026 617 1053 quemquam
634 1027 753 1055 unquam
766 1028 780 1048 a
801 1021 936 1056 Sapientia

149 1063 233 1091 fuisse
245 1065 432 1100 depravatum.
453 1065 510 1092 Etsi
526 1066 665 1098 docemus.
677 1073 756 1093 nemo
771 1071 860 1094 tamen
886 1075 936 1094 no—

151 1115 240 1136 suum
276 1110 360 1138 dixit;
383 1119 392 1136 ι
418 1110 483 1138 Mihi
510 1111 687 1139 adha-rescite
708 1119 742 1138 τι
760 1113 807 1140 sed
834 1113 933 1148 potius,

148 1154 203 1181 Deo
220 1162 309 1182 rerum
323 1156 444 1183 oumiutu
473 1157 650 1184 adltmrescite
667 1162 693 1185 et
706 1158 769 1185 Jesu
786 1159 858 1186 illius
884 1161 934 1187 do-

153 1200 252 1227 ctrinae
265 1201 368 1228 doctori
383 1211 389 1229 :
409 1211 494 1238 neque
508 1204 588 1230 etiam
599 1205 743 1239 quisquam
758 1211 879 1232 nostrum
895 1205 933 1233 ita

148 1252 192 1274 est
215 1254 361 1281 arrogans,
379 1254 408 1276 ut
434 1250 506 1276 dicat
525 1250 619 1284 sociis,
637 1251 709 1285 quod
726 1256 814 1278 tamen
835 1252 880 1279 uni
898 1260 933 1280 ex

151 1295 254 1322 nostris
280 1296 436 1324 doctoribus
458 1298 607 1332 assignavit
631 1299 739 1331 Celsus,
762 1308 771 1325 ι
790 1299 845 1333 Ego
858 1300 934 1327 solus

147 1340 236 1367 salvos
247 1347 295 1368 vos
312 1341 418 1368 faciam.
434 1351 443 1367 ι
463 1342 528 1369 Vide
544 1343 626 1376 igitur
640 1351 723 1378 quant
746 1343 826 1370 multa
839 1349 932 1371 contra

148 1393 199 1413 nos
225 1391 381 1414 mentiatur.
405 1387 462 1414 Nec
481 1396 599 1423 unquam
625 1390 727 1416 dictum
743 1397 757 1416 ο
780 1389 857 1417 nobis
878 1394 932 1422 est.

150 1439 160 1456 ι
178 1439 192 1458 a
211 1433 283 1459 veris
301 1433 412 1460 medicis
437 1433 553 1461 interﬁci
572 1434 696 1462 homines
716 1435 814 1469 quibus
831 1435 933 1463 sanita-

150 1482 204 1504 tem
227 1478 398 1512 pollicentur.
417 1487 426 1505 ι

185 1521 229 1550 76.
243 1523 323 1551 Aliud
345 1526 427 1551 etiam
450 1529 544 1552 contra
570 1533 620 1554 nos
634 1526 786 1560 exemplum
811 1527 930 1555 atltibel.

149 1577 162 1594 ο
182 1568 254 1596 Idem
271 1568 348 1602 facit,
366 1570 466 1604 inquit,
488 1573 584 1599 doctor
599 1572 670 1599 inter
691 1573 763 1604 illos,
783 1581 815 1600 ac
833 1575 855 1601 si
870 1575 932 1609 quis

148 1613 245 1642 ebrius
259 1621 385 1642 versatus
401 1617 472 1643 inter
494 1618 595 1651 ebrios,
615 1620 828 1647 caluumiaretur
842 1621 934 1648 ebrios

148 1669 209 1688 esse
237 1661 282 1695 qui
309 1661 395 1689 sobrii
419 1669 521 1692 essent.
538 1673 547 1690 ι
569 1664 669 1692 Probet
691 1665 773 1700 igitur
791 1674 807 1693 e
825 1667 934 1701 scriptis

147 1705 236 1738 Pauli.
262 1707 376 1742 exempli
408 1716 509 1742 causa,
533 1709 607 1738 ltunc
641 1713 796 1744 apostolum
826 1714 931 1740 ebriunt

147 1750 245 1784 fuisse,
269 1760 357 1787 neque
379 1754 464 1781 sobrii
491 1756 609 1783 hominis
630 1755 715 1783 fuisse
738 1765 797 1792 quo:
813 1758 930 1792 dixerit;

149 1803 197 1824 aut
210 1805 243 1825 ex
259 1799 291 1825 iis
301 1807 362 1834 qua
372 1800 482 1834 scripsit
494 1800 623 1833 Joannes,
639 1801 698 1836 ejus
714 1805 866 1831 sententias
879 1813 933 1832 non

147 1851 208 1871 esse
235 1837 411 1880 temperantis
434 1851 463 1874 et
487 1854 502 1874 a
524 1849 653 1875 vitiorum
681 1850 815 1877 ebrietate
839 1851 933 1879 alieni.

149 1889 248 1918 Nullus
264 1891 347 1926 igitur
361 1891 524 1921 Christiana:
541 1895 680 1930 religionis
698 1896 795 1923 doctor
814 1905 867 1924 nott
887 1905 933 1925 so-

148 1935 225 1963 brius
239 1943 292 1969 est,
309 1939 397 1966 mtllus
415 1940 557 1968 ebrietatis
574 1942 696 1968 accusari
714 1948 802 1976 potest
819 1952 827 1977 ;
847 1949 874 1970 et
893 1944 934 1970 in-

148 1980 230 2015 digna
244 1982 328 2018 498
343 1984 506 2019 philosopho
521 1991 583 2012 sunt
598 1995 657 2021 qltzu
671 1988 764 2014 Celsus
780 1989 805 2015 in
823 1997 871 2016 uos
883 1989 934 2017 hac

148 2027 182 2054 de
199 2035 228 2054 re
237 2028 305 2063 jacit
325 2031 457 2058 convicia.
482 2031 583 2059 ludieet
603 2041 684 2068 porro
703 2035 799 2062 Celsus
822 2044 932 2070 quinam

148 2073 188 2101 illi
201 2075 285 2102 sobrii
296 2076 361 2110 sittt,
376 2085 444 2111 quos
454 2079 539 2104 nostri
549 2079 676 2107 doctores
687 2081 792 2115 injuriis
802 2082 931 2108 alliciant.

148 2119 202 2148 Nos
216 2122 288 2148 enim
313 2122 403 2149 ebrios
425 2124 533 2157 quidem
550 2125 666 2154 dicimus
696 2135 752 2160 eos,
776 2129 823 2162 qni
851 2127 932 2155 rebus

149 2167 309 2195 luaniutatis
335 2168 412 2202 quasi
439 2168 495 2196 Deo
529 2178 623 2205 preces
650 2171 747 2199 ferant.
777 2173 846 2206 Quid
876 2174 931 2201 dixi

985 938 1027 961 τις
1043 929 1119 964 ὑμῶν
1141 929 1294 964 ἐπιστήμης
1315 928 1485 963 ἐπιλάϐηται·
1507 937 1516 953 ι
1539 927 1599 954 οὐδὲ
1619 927 1774 962 φάσκομεν,

985 975 1026 1003 ὅτι
1040 976 1124 1003 κακόν
1146 977 1217 1002 ἐστιν
1230 976 1367 1011 ἐπιστήμη
1378 984 1385 991 ’
1403 974 1462 1001 οὐδὲ
1488 974 1660 1009 μεμήναμεν,
1681 973 1717 999 ἵν’
1734 972 1775 999 εί-

985 1029 1091 1056 πωμεν,
1102 1021 1142 1048 ὅτι
1156 1021 1255 1055 γνῶσις
1268 1021 1378 1056 σφάλλει
1393 1020 1457 1051 τοὺς
1475 1018 1635 1055 ἀνθρώπους
1657 1019 1713 1045 ἀπὸ
1725 1019 1776 1055 τῆς

986 1065 1056 1092 κατὰ
1071 1065 1159 1101 ψυχὴν
1172 1065 1266 1100 ὑγείας
1275 1073 1281 1080 ·
1296 1065 1351 1092 ἀλλ’
1364 1065 1417 1091 οὐδ’
1432 1063 1596 1091 ἀπόλλυσθαι
1610 1062 1665 1089 ἀπὸ
1677 1063 1775 1097 σοφίας

985 1110 1108 1146 είποιμεν
1116 1111 1148 1138 ἀν
1158 1119 1218 1138 τινα
1228 1110 1346 1137 πώποτε
1365 1110 1463 1141 οἵτινες
1472 1109 1532 1136 οὐδὲ
1541 1108 1585 1141 τὸ,
1598 1118 1607 1134 ι
1620 1109 1684 1144 ἐμοὶ
1693 1116 1774 1144 προσσ

985 1156 1072 1191 έχετε,
1087 1166 1096 1181 ι
1116 1155 1167 1183 κᾶν
1178 1156 1356 1191 διδάσκωμεν,
1372 1155 1478 1191 φαμένο
1495 1155 1573 1186 ἀλλὰ,
1584 1154 1630 1190 Τῷ
1642 1154 1704 1190 Θεῷ
1719 1153 1774 1181 τῶν

984 1202 1052 1229 ὅλων
1067 1202 1214 1238 προσέχετε
1234 1202 1279 1228 καὶ
1293 1201 1444 1236 διδασκάλῳ
1462 1201 1516 1228 τῶν
1535 1201 1599 1235 περὶ
1612 1200 1698 1226 αὑτοῦ
1720 1208 1772 1236 μαρ

984 1247 1113 1284 ϐημάτων
1127 1246 1165 1282 τῷ
1184 1247 1279 1283 Ἰησοῦ.
1294 1247 1386 1278 Οὐδεὶς
1396 1247 1417 1273 δ’
1432 1247 1509 1282 ήμῶν
1519 1246 1603 1277 οὕτως
1616 1246 1692 1272 ἐστὶν
1706 1246 1772 1272 ἀλα-

984 1293 1049 1326 ζὼν,
1062 1293 1095 1320 ἵν’
1109 1291 1193 1329 (ὅπερ
1211 1292 1312 1324 Κέλσος
1327 1292 1472 1329 περιέθηκε
1488 1291 1527 1328 τῷ
1543 1291 1589 1318 τοῦ
1601 1291 1772 1322 διδάσκοντος

984 1339 1137 1377 προσώπῳ)
1151 1339 1222 1366 εἴποι
1233 1340 1301 1376 πρὸς
1313 1340 1375 1371 τοὺς
1388 1339 1541 1374 γνωρίμους
1549 1339 1590 1369 τὸ,
1605 1347 1615 1363 ι
1629 1337 1687 1372 ἐγὼ
1701 1338 1772 1373 ὑμᾶς

985 1387 1064 1414 σώσω
1085 1387 1174 1422 μόνος.
1193 1395 1203 1412 ι
1229 1386 1298 1422 Ὅρα
1313 1384 1360 1413 οὖν
1375 1386 1444 1412 πόσα
1458 1384 1535 1420 ήμῶν
1562 1384 1770 1419 καταψεύδεται.

989 1433 1057 1460 Ἀλλ’
1073 1433 1137 1460 οὐδέ
1145 1441 1250 1469 ιφαμεν,
1268 1433 1307 1460 δτι
1318 1442 1327 1458 ι
1340 1433 1363 1459 οἱ
1384 1431 1491 1468 ἀληθῶς
1508 1432 1594 1468 ίατροὶ
1616 1431 1771 1467 φθείρουσιν

983 1479 1027 1512 οὓς
1041 1479 1251 1514 ἐπαγγέλλονται
1265 1478 1435 1514 θεραπεύειν.
1455 1487 1464 1504 ι

1019 1536 1074 1563 Καὶ
1094 1535 1219 1572 δεύτερον
1242 1535 1271 1562 δὲ
1293 1535 1369 1571 φέρει
1394 1534 1455 1562 καθ’
1479 1534 1558 1570 ήμῶν
1584 1534 1770 1570 παράδειγμα,

984 1583 1096 1617 φάσκων
1114 1592 1123 1608 ι
1139 1583 1250 1618 Ὅμοιον
1266 1583 1350 1608 ποιεῖν
1365 1581 1410 1608 τὸν
1427 1582 1455 1608 ὲν
1468 1581 1533 1617 ἡμῖν
1546 1580 1719 1612 διδάσκαλον,
1735 1579 1772 1611 ὡς

983 1629 1060 1660 εἴτις
1076 1627 1182 1664 μεθύων
1196 1628 1235 1659 είς
1251 1627 1399 1663 μεθύοντας
1412 1627 1527 1663 παριὼν,
1544 1628 1697 1662 κατηγορεῖ
1710 1626 1772 1657 τοὺς

983 1675 1116 1710 νήφοντας
1129 1674 1167 1706 ώς
1181 1673 1338 1709 μεθύοντας.
1357 1683 1366 1699 ι
1382 1673 1588 1709 Παραστησάτω
1604 1672 1660 1707 γὰρ
1673 1673 1706 1698 ὲκ
1719 1671 1772 1698 τῶν

983 1721 1153 1756 γραμμάτων
1172 1720 1248 1756 (φέρ’
1266 1720 1368 1754 εἰπεῖν)
1383 1719 1500 1750 Παύλου,
1511 1719 1551 1745 ὅτι
1563 1718 1680 1753 ἐμέθυεν
1696 1719 1710 1744 ὁ
1726 1717 1772 1744 τοῦ

991 1766 1078 1802 Ἰησοῦ
1097 1766 1256 1798 ἀπόστολος,
1274 1766 1320 1793 καὶ
1341 1766 1389 1793 οὐκ
1405 1763 1474 1801 ἦσαν
1491 1766 1515 1792 οἱ
1534 1765 1607 1799 λόγοι
1625 1763 1709 1791 αὑτοῦ
1727 1764 1773 1800 νή-

985 1821 1080 1847 φοντες
1094 1813 1131 1848 (5)
1142 1821 1148 1828 ·
1165 1812 1181 1848 ἢ
1195 1812 1224 1845 ἐξ
1240 1809 1276 1839 ὧν
1291 1812 1409 1847 ἔγραψεν
1432 1811 1567 1847 Ἰωάννης,
1583 1812 1623 1837 ὅτι
1642 1811 1704 1845 οὐχὶ
1719 1818 1771 1836 σω-

984 1856 1143 1893 φρονοῦντος
1155 1858 1200 1884 καὶ
1215 1857 1422 1893 ἀπηλλαγμένου
1436 1856 1486 1891 τῆς
1498 1856 1552 1883 ἀπὸ
1569 1856 1671 1887 κακίας
1686 1854 1771 1890 μέθης

984 1905 1046 1930 πνεῖ
1064 1903 1145 1930 αὐτοῦ
1162 1903 1197 1930 τὰ
1216 1904 1347 1939 νοήματα.
1367 1903 1459 1934 Οὐδεὶς
1475 1900 1521 1929 οὖν
1541 1902 1701 1937 σωφρονῶν,
1726 1902 1770 1928 καὶ

984 1949 1114 1976 διδάσκων
1129 1950 1175 1976 τὸν
1191 1949 1362 1985 Χριστιανῶν
1372 1949 1460 1984 λόγον,
1479 1948 1585 1983 μεθύει·
1599 1947 1658 1974 ἀλλ’
1676 1947 1771 1981 ἀφιλο-

986 1994 1075 2029 σόφως
1102 1996 1167 2030 ήμῖν
1186 1993 1389 2030 λοιδορούμενος
1413 1993 1499 2021 ταῦτά
1515 2002 1595 2028 φησιν
1618 1995 1632 2020 ὁ
1655 1993 1770 2026 Κέλσος.

985 2041 1065 2072 Τίνας
1077 2041 1106 2068 δὲ
1119 2042 1164 2068 καὶ
1174 2041 1306 2076 νήφοντας
1317 2039 1523 2076 κακηγοροῦμεν
1537 2041 1561 2066 οί
1574 2039 1771 2075 πρεσϐεύοντες

983 2086 1018 2114 τὰ
1040 2086 1209 2122 Χριστιανῶν
1229 2086 1359 2122 δόγματα,
1378 2086 1480 2120 λεγέτω
1495 2087 1509 2113 ὁ
1530 2086 1642 2116 Κέλσος.
1667 2085 1771 2117 Πάντες

985 2130 1038 2167 γὰρ
1054 2130 1113 2157 καθ’
1135 2131 1208 2166 ἡμᾶς
1227 2131 1369 2167 μεθύουσιν
1392 2131 1417 2157 οἱ
1440 2132 1495 2162 τοῖς
1514 2130 1628 2165 ἀψύχοις
1650 2131 1690 2161 ὠς
1712 2130 1771 2165 Θεῷ

985 2176 1207 2213 προσλαλοῦντες.
1222 2177 1277 2203 Καὶ
1292 2177 1318 2204 τί
1339 2177 1410 2211 λέγω
1426 2176 1585 2212 μεθύουσιν;
1602 2176 1703 2211 μᾶλλον
1717 2177 1771 2212 γάρ

147 2213 256 2240 ebrios?
271 2213 327 2240 luto
342 2214 481 2242 insaniunt
500 2217 558 2250 qui,
575 2218 600 2244 itt
615 2219 713 2252 templa
729 2225 930 2252 procurrentes.

1005 2224 1149 2259 εμήνασιν,
1165 2225 1205 2255 είς
1217 2224 1279 2255 τοὺς
1301 2223 1369 2255 νεὼς
1393 2223 1563 2255 σπεύδοντες,
1583 2224 1630 2250 καὶ
1645 2223 1686 2255 ὡς
1701 2223 1770 2254 θεοῖς

148 2264 258 2286 statuas
274 2260 390 2287 adorant
406 2267 452 2288 aut
464 2262 593 2290 animalia
609 2266 686 2298 quasi
702 2265 736 2291 dii
756 2271 858 2292 essent.
876 2266 932 2294 Nec

148 2306 259 2341 sapiunt
280 2308 366 2341 magis
389 2308 439 2340 illi,
456 2309 502 2342 qui
527 2311 553 2335 itt
571 2312 700 2337 honorem
724 2318 848 2338 verorum
869 2314 933 2340 deo-

148 2358 209 2378 rum
225 2360 286 2380 esse
300 2358 396 2388 putant
409 2354 555 2381 simulacra
572 2363 586 2382 a
600 2355 658 2389 vili,
671 2357 805 2384 interdum
821 2358 904 2385 etiam
916 2366 931 2385 a

147 2397 362 2425 sceleratissimo
375 2399 482 2426 artilice
496 2399 640 2427 fabricata.

184 2442 228 2471 77.
257 2443 354 2471 Postea
381 2444 486 2472 confert
511 2453 573 2473 cum
602 2445 731 2480 lippienle
747 2446 888 2475 doctorem
906 2452 934 2474 et

146 2496 209 2516 cum
241 2489 419 2524 lippientibus
443 2492 601 2524 auditores,
628 2493 719 2526 aitque
745 2502 754 2518 ι
775 2493 932 2528 lippientem

146 2535 218 2569 apud
237 2535 278 2562 sui
296 2536 412 2568 similes,
431 2537 568 2571 postulare
584 2538 717 2565 ctecilatis
729 2546 777 2565 eos
797 2538 842 2572 qui
855 2543 934 2566 acute

146 2587 274 2609 cernunt.
290 2591 300 2608 ι
319 2582 436 2616 Quinam
464 2583 546 2618 igitur
569 2584 616 2610 alii
643 2590 716 2617 smtt,
734 2593 749 2611 0
764 2585 864 2616 Gnaei,
887 2585 932 2619 qui

147 2627 226 2655 nobis
238 2635 299 2655 esse
316 2629 380 2655 caeci
398 2629 554 2663 videantur,
570 2631 622 2657 nisi
641 2631 686 2665 qui
705 2639 736 2658 ex
753 2636 827 2657 tattta
844 2638 933 2657 rerum

184 2686 239 2720 (99)
262 2686 402 2723 Boltcrcllo
415 2690 586 2715 scribendum
602 2690 718 2721 videtur,
741 2688 934 2723 φιλανθρωπό-

148 2722 275 2760 curaqu
285 2722 377 2760 ψυχῶν
388 2724 584 2760 έπιστρεπτικά
600 2722 755 2760 μαθήματα-

185 2756 224 2797 (’l)
244 2757 333 2784 Cone:
351 2756 523 2792 Basileetis‘ts,
538 2756 744 2795 θερέπεύῶμεν.
762 2759 845 2792 Alias,
859 2761 936 2795 θερα-

148 2798 278 2825 πευομεν.

188 2827 236 2860 (2)
258 2827 425 2862 Χριστιανοὶ
460 2827 573 2862 ζῶντες.
605 2829 779 2856 Scrihemlutn
818 2829 932 2860 videtur,

153 2859 398 2893 Χριστιανίζοντες.
422 2863 506 2891 Paulo
530 2859 590 2899 post
605 2866 689 2893 cuch
717 2865 887 2898 llasileensis,
903 2865 934 2891 οὐ

982 2271 1038 2301 τοῖς
1053 2269 1205 2304 ἀγάλμασιν
1217 2270 1234 2305 ἦ
1249 2270 1305 2301 τοῖς
1318 2269 1397 2301 ζώοις
1409 2268 1634 2305 προσκυνοῦντες.
1651 2269 1711 2304 Οὐχ
1724 2267 1771 2304 ἦτ-

983 2324 1028 2342 τον
1042 2315 1071 2342 δὲ
1084 2315 1187 2342 τούτων
1203 2315 1341 2350 μαίνονται
1358 2315 1404 2341 καὶ
1424 2315 1448 2341 οἱ
1464 2314 1618 2349 νομίζοντες
1633 2315 1674 2345 εἰς
1690 2313 1769 2349 τιμὴν

984 2360 1051 2386 θεῶν
1065 2360 1197 2396 ἀληθινῶν
1213 2360 1426 2387 κατεσκευάσθαι
1439 2359 1473 2386 τὰ
1490 2360 1542 2386 ὑπὸ
1562 2359 1707 2394 βαναύσων
1724 2359 1770 2385 καὶ

983 2406 1156 2440 φαυλοτάτων
1168 2406 1222 2433 ἔσθ’
1235 2407 1278 2433 ὅτε
1291 2405 1394 2441 ἀνδρῶν
1410 2405 1681 2439 κατασκευαζόμενα.

1017 2452 1094 2479 Μετὰ
1116 2452 1202 2479 ταῦτα
1223 2451 1340 2487 ἐξομοιοῖ
1359 2451 1405 2477 τὸν
1424 2451 1472 2486 μὲν
1491 2449 1649 2476 διδάσκοντα
1670 2448 1767 2484 ὀφθαλ-

986 2497 1092 2532 μιῶντι,
1107 2499 1168 2530 τοὺς
1184 2498 1212 2524 δὲ
1233 2497 1416 2533 μανθάνοντας
1431 2495 1600 2531 ὀφθαλμιῶσι
1611 2504 1618 2510 ·
1635 2495 1683 2521 καί
1704 2503 1766 2530 φησι

987 2552 996 2568 ‹
1015 2542 1107 2569 τοῦτον
1120 2543 1165 2569 ἐπὶ
1181 2543 1232 2570 τῶν
1252 2542 1462 2578 ὀφθαλμιώντων
1483 2539 1618 2567 αἰτιᾶσθαι
1639 2540 1704 2570 τοὺς
1722 2539 1766 2572 ὀξὺ

986 2587 1132 2622 βλέποντας
1140 2589 1177 2620 ὡς
1187 2587 1410 2623 πεπηρωμένους.
1425 2597 1434 2613 ι
1444 2586 1521 2618 Τίνες
1529 2583 1575 2612 οὖν
1584 2585 1711 2620 εἴποιμεν
1719 2584 1764 2619 (4).

986 2634 1124 2669 Ἕλληνες,
1152 2635 1187 2666 οἱ,
1208 2635 1266 2661 καθ’
1288 2636 1361 2670 ἡμᾶς
1371 2635 1399 2660 οὺ
1420 2632 1602 2668 βλέποντεςῆ
1625 2633 1650 2658 οἱ
1672 2633 1705 2658 ἐκ
1721 2631 1764 2658 τοῦ

985 2690 1192 2732 καταφεύγομεν
1223 2687 1278 2716 οὖν.
1305 2690 1395 2721 Alias,
1419 2689 1450 2715 οὐ
1475 2687 1528 2722 γὰρ
1560 2687 1765 2722 καταφεύγομεν

985 2734 1059 2795 ονξέ)
1078 2759 1162 2788 Codd.
1179 2760 1293 2794 Regius.
1318 2758 1478 2786 Basileensis
1501 2762 1525 2785 et
1551 2757 1605 2783 duo
1627 2756 1765 2789 Valicanl.

986 2796 1124 2830 νήφοντες,
1141 2796 1217 2830 alios.
1231 2796 1367 2830 νήφοντος.

1021 2827 1058 2864 (Α)
1082 2830 1163 2863 Τίνες
1176 2828 1231 2857 οὖν
1243 2827 1387 2864 all-roman
1401 2830 1554 2864 "Exlmfsq.
1567 2829 1604 2857 οἱ.
1620 2832 1674 2864 etc.
1689 2827 1765 2854 Forte

986 2863 1139 2900 legi-udum,
1154 2866 1226 2897 τίνες
1241 2863 1286 2892 οὖν
1298 2863 1371 2891 ἄλλοι
1386 2865 1444 2899 μὲν,
1457 2863 1596 2898 Ἕλληνες,
1607 2863 1644 2894 οἱ,
1659 2867 1715 2890 etc.
