1848 3091
98 175 166 205 iii’il

687 174 840 202 'CONHH
861 173 998 202 CELSUM
1016 174 1080 202 LIB.
1097 174 1140 202 Ill.

1655 171 1722 198 1033

98 231 257 269 τηλικούτου
272 231 404 268 μεγέθους
413 231 467 259 τῶν
486 232 516 259 ἐν
531 231 570 268 τῷ
587 231 680 267 κόσμῳ
699 233 746 258 καὶ
759 233 805 258 τοῦ
824 232 871 259 κάλ

963 233 1022 268 ujus
1043 232 1135 259 mundi
1161 230 1363 266 magniﬁcentia
1388 235 1416 259 et
1439 230 1642 266 pulchritudine
1669 237 1721 256 non

95 281 159 312 λους
173 280 228 307 τῶν
248 279 495 315 δημιουργημάτων
517 280 553 315 μὴ
573 279 715 315 δυνάμενοι
737 278 885 313 ἀναϐλέψαι

96 326 145 352 καὶ
170 325 318 361 θεωρῆσαι,
345 325 386 352 ὅτι
408 326 571 360 προσκυνεῖν
595 325 642 352 καὶ
668 323 817 360 θαυμάζειν
839 325 886 351 καὶ

97 371 188 398 σέτῖειν
205 371 258 406 χρὴ
281 371 360 406 μόνον
379 371 424 397 τὸν
443 371 527 397 ταῦτα
546 372 724 406 πεποιηκότα,
744 370 791 397 καὶ
811 371 886 397 οὐδὲν

95 417 151 443 τῶν
164 418 228 452 παρ’
238 417 391 452 ἀνθρώποις
403 417 694 452 κατασκευαζομένων,
709 417 755 443 καὶ
768 417 807 448 εἰς
818 416 887 443 θεῶν

94 461 180 497 τιμὴν
194 461 490 497 παραλαμϐανομένων,
506 460 679 496 καθηκόντως
695 462 727 488 ἄν
745 469 788 493 τις
801 461 885 492 σέσοι,

96 507 152 533 εἴτε
160 507 244 542 χωρὶς
253 506 299 532 τοῦ
311 506 476 542 δημιουργοῦ
491 506 557 532 Θεοῦ
570 506 624 532 εἴτε
635 506 682 532 καὶ
693 507 752 541 μετ’
764 506 868 532 ἐκείνου
878 514 886 537 ;

95 551 132 577 τὰ
155 551 209 586 γάρ
232 551 355 586 οὐδαμῶς
384 551 516 587 συγκριτὰ
541 551 695 586 συγκρίνειν
720 550 759 586 τῷ
781 550 887 585 ἀπείρῳ

96 597 218 633 ὑπεροχῇ
238 597 396 632 ὑπερέχοντι
414 597 503 632 πάσης
517 597 632 632 γενητῆς
656 596 760 632 φύσεως
779 595 886 630 τυφλῶν

95 643 147 679 τὴν
158 643 276 669 διάνοιάν
289 645 363 669 ἐστιν
376 643 465 679 ἔργον.
480 643 537 669 Οὐκ
550 642 755 678 ὀφθαλμιῶντας
767 639 812 669 οὖν
823 642 886 673 τοὺς

96 689 145 723 ὀξὺ
162 689 307 724 βλέποντας
326 689 441 724 λέγομεν
463 687 531 716 εἶναι
545 689 562 725 ἤ
579 689 805 725 πεπηρωμένους,
818 688 887 715 ἀλλὰ

95 736 161 767 τοὺς
178 735 402 771 καλινδουμένους
417 736 513 771 ἀγνοίᾳ
525 734 593 761 Θεοῦ
607 735 653 761 ἐπὶ
669 736 733 767 τοὺς
749 734 826 768 νεὼς,
840 736 887 762 καὶ

96 782 132 809 τὰ
147 781 302 817 ἀγάλματα,
314 782 360 807 καὶ
375 781 424 813 τὰς
442 781 592 816 λεγομένας
604 781 772 817 ἱερομηνίας,
786 782 888 817 φάσκο-

99 834 150 860 μεν
166 826 353 861 τετυφλῶσθαι
365 826 409 852 τὸν
422 826 484 853 νοῦν
495 834 501 842 ’
516 827 563 854 καὶ
575 827 703 862 μάλιστα,
717 827 761 854 ὅτε
773 828 840 863 πρὸς
853 829 887 864 τῇ

96 870 211 908 ἀσεϐείᾳ.
230 872 276 899 καὶ
287 873 316 898 ὲν
329 872 456 908 ἀσελγείᾳ
468 872 560 905 ζῶσιν,
576 873 591 900 ὃ
606 873 632 900 τί
646 873 704 900 ποτ’
724 874 798 900 ἐστὶν
815 874 886 901 αἰδέ-

939 283 1051 313 possunt
1072 278 1105 305 ad
1131 285 1224 304 earum
1243 277 1412 305 conditorem
1434 277 1559 305 attollere
1577 276 1672 304 oculos
1694 284 1722 304 et

939 324 1093 359 perspicere
1115 323 1203 351 solum
1227 323 1300 349 illutn
1322 330 1393 355 esse.
1410 324 1452 351 cui
1467 329 1639 358 prosternere
1654 330 1722 356 nos,

939 377 1020 405 quem
1044 369 1188 401 admirari,
1214 377 1294 404 quem
1320 371 1410 398 colere
1435 375 1571 405 oporteat;
1599 374 1628 398 et
1654 369 1721 397 nihil

939 424 1034 444 eorum
1049 423 1109 451 qua!
1121 417 1191 449 apud
1209 415 1332 443 homines
1348 416 1417 443 ﬁunt
1435 421 1464 444 et
1480 417 1512 443 ad
1535 417 1637 444 cultum
1654 417 1721 443 deo-

939 471 1000 491 rum
1013 463 1189 494 adhibentur,
1204 462 1254 488 rite
1265 469 1344 496 posse
1359 463 1424 495 coli,
1439 463 1494 489 sive
1507 463 1565 490 sine
1580 462 1634 489 Deo
1645 470 1724 490 crea-

938 513 1009 540 tore.
1024 509 1084 536 sive
1100 516 1163 536 cum
1178 509 1247 536 illo?
1263 508 1331 536 Nam
1354 516 1514 543 comparare
1535 517 1595 536 cum
1613 509 1658 536 illo
1674 508 1722 540 qui

939 561 1064 582 naturam
1089 562 1199 590 omnem
1226 561 1346 582 creatam
1373 555 1532 582 immensum
1555 558 1674 588 superat,
1689 561 1723 582 el

939 608 999 635 qua:
1014 606 1150 634 nequeunt
1163 601 1329 635 comparari,
1348 600 1488 628 hominum
1504 604 1545 626 est
1560 605 1649 626 tuente
1671 607 1725 626 cat-

938 647 1115 675 ctttientium.
1133 646 1194 674 Non
1205 654 1271 682 ergo
1285 647 1465 674 criminantur
1478 646 1635 681 lippitudine
1650 646 1725 673 laboc

939 699 1002 719 rare
1015 696 1063 718 aut
1080 699 1167 719 caecos
1178 699 1250 724 esse,
1265 693 1312 727 qui
1328 698 1407 719 acttte
1422 692 1527 724 vident;
1547 692 1593 718 sed
1605 691 1650 726 qui
1677 691 1724 719 Dei

938 737 1109 772 ignoratione
1124 737 1247 772 templis,
1264 737 1433 769 simulacris,
1450 736 1524 764 festis
1536 741 1608 764 stato
1623 742 1726 763 meusts

938 783 984 810 die
1000 783 1205 810 recurrentibus
1219 783 1324 810 assidui
1343 787 1418 815 sunt,
1441 781 1490 811 bos
1506 787 1595 809 mente
1609 781 1725 809 dicimus

940 835 1092 857 occaecatos
1111 836 1192 856 esse:
1208 829 1359 864 praesertim
1376 828 1398 855 si
1417 828 1452 855 ad
1470 827 1577 854 illorum
1601 827 1725 861 impieta-

940 880 993 902 tem
1011 875 1123 902 accedat
1140 875 1195 902 vita
1220 875 1378 902 libidinibus
1393 874 1510 909 perdita,
1526 879 1553 900 el.
1573 873 1648 900 nulla
1673 873 1724 900 ho-

97 924 178 951 σιμον
191 917 270 952 ἔργον
280 917 346 953 μηδὲ
355 917 510 953 ζητοῦντες,
520 917 587 945 ἀλλὰ
598 918 676 946 πάντ’
686 918 816 955 αἰσχύνης
823 919 871 952 ἆξιι

963 920 1051 949 sstatis
1063 920 1154 947 habita
1175 920 1280 947 ratione
1295 920 1384 955 turpia
1397 919 1487 946 omnia
1502 923 1660 954 perpetrant

96 964 276 999 πράττοντες.

134 1009 211 1036 Μετὰ
223 1010 308 1036 ταῦτα
322 1009 431 1037 τοσαῦθ’
452 1011 525 1046 ἡμᾶς
541 1011 734 1046 αἰτιασάμενος
753 1011 822 1038 θέλει
836 1012 886 1047 ἐμ-

95 1055 194 1090 φῆναι,
210 1057 249 1083 ὃτι
263 1057 310 1083 καὶ
324 1056 405 1092 ἔτερα
420 1056 489 1092 ἔχων
506 1057 604 1092 λέγειν,
620 1059 786 1094 παρασιωπᾷ
806 1058 885 1085 αὑτά.

98 1101 177 1138 Ἔχει
191 1102 213 1129 δ’
228 1102 314 1134 οὕτως
328 1102 409 1129 αὑτοῦ
424 1103 521 1138 ήλέξις
538 1104 585 1138 (5)·
603 1113 613 1129 t
628 1104 722 1131 Ταῦτα
732 1104 782 1139 μὲν
792 1103 886 1131 αἰτιῶ-

98 1158 151 1184 μαι
174 1149 220 1175 καὶ
243 1149 276 1175 τὰ
297 1149 424 1181 τοιαῦτα,
440 1149 484 1175 ἵνα
508 1149 545 1185 μὴ
566 1149 643 1176 πάντ’
664 1149 821 1185 ἁπαριθμῶ,
842 1149 887 1175 καί

96 1203 170 1230 φημι
192 1194 359 1230 πλημμελεῖν
371 1195 468 1226 αὐτοὺς
486 1194 685 1230 ἐπηρεάζοντας
699 1196 737 1226 εἰς
751 1195 796 1221 τὸν
810 1195 886 1227 Θεὸν,

96 1241 144 1268 ἵνα
173 1241 306 1276 πονηροὺς
335 1240 492 1277 ἀνθρώπους
516 1241 674 1274 ὑπάγωνται
701 1241 815 1276 κούφαις
843 1242 886 1268 ἐλ-

95 1287 170 1319 πίσι,
186 1286 232 1313 καὶ
249 1287 438 1322 παραπείσωσι
457 1287 662 1323 καταφρονῆσαι
686 1288 740 1314 τῶν
766 1289 882 1324 κρειττό-

96 1339 165 1364 νων,
186 1332 241 1364 ὡς,
270 1332 318 1359 ἐὰν
350 1332 504 1368 ἀπέχωνται
529 1333 634 1365 αὐτῶν,
660 1333 770 1368 ἄμεινον
796 1335 887 1366 αὐτοῖς

96 1378 186 1405 ἔσται.
202 1387 211 1403 ι
233 1378 286 1404 Καὶ
305 1378 372 1414 πρὸς
385 1378 469 1405 ταῦτα
483 1379 511 1405 δὲ
524 1379 621 1413 λέγοιτ’
641 1379 673 1406 ἂν
693 1379 745 1406 ἀπὸ
762 1380 810 1415 τῆς
823 1381 886 1416 περὶ

96 1424 154 1451 τῶν
170 1424 393 1460 προσερχομένων
407 1425 444 1460 (6)
458 1425 662 1461 Χριστιανισμῷ
675 1426 825 1462 ἐνεργείας,
845 1427 886 1453 ὅτι

95 1470 129 1497 οὐ
161 1470 230 1496 πάνυ
251 1479 278 1497 τι
304 1470 417 1506 πονηροὶ
440 1471 589 1505 ὑπάγονται
611 1471 649 1507 τῷ
670 1471 751 1508 λόγῳ,
776 1472 838 1499 ὅσον
861 1473 904 1500 οἰ.

95 1515 289 1552 ἑπλούστεροι,
305 1516 351 1543 καὶ
367 1518 375 1543 ί
383 1516 420 1549 ὡς
434 1517 466 1543 ἂν
479 1518 503 1544 οἱ
524 1517 615 1544 πολλοὶ
629 1518 801 1554 ὀνομάσαιεν)
819 1527 887 1554 κομ-

95 1561 156 1596 ψοί.
177 1560 254 1589 Οὗτοι
278 1562 333 1599 γὰρ
359 1563 433 1599 φόϐῳ
450 1563 489 1599 τῷ
511 1564 575 1599 περὶ
598 1564 652 1591 τῶν
673 1564 809 1593 κολάσεων
831 1565 886 1592 τῶν

973 1008 1018 1037 78.
1041 1009 1106 1037 Post
1128 1008 1334 1036 criminationes
1361 1013 1415 1035 tant
1440 1013 1560 1041 atroces,
1581 1007 1669 1035 innuit
1695 1015 1727 1035 se

939 1056 1017 1093 plura
1042 1057 1142 1084 habere
1165 1063 1226 1091 qua:
1242 1055 1319 1083 nobis
1342 1055 1465 1090 objiciat,
1490 1055 1538 1082 sed
1557 1055 1601 1082 illa
1616 1055 1725 1082 silentio

939 1104 1159 1140 praetermittere.
1183 1102 1228 1130 Sic
1246 1107 1337 1129 autetn
1355 1102 1496 1137 loquitur:
1523 1111 1533 1128 ε
1557 1103 1648 1138 Atque
1667 1102 1725 1129 haec

938 1156 1071 1185 suntquae.
1085 1150 1139 1177 illis
1156 1148 1311 1184 objicienda
1330 1149 1405 1176 duxi.
1422 1149 1527 1176 Similia
1549 1149 1647 1176 afferre
1659 1156 1724 1184 pos-

938 1198 1009 1224 sitn:
1025 1197 1071 1224 sed
1092 1201 1120 1224 ut
1134 1204 1168 1224 ne
1183 1198 1275 1225 omnia
1288 1206 1446 1232 persequar,
1462 1197 1566 1224 allirmo
1584 1197 1648 1223 illos
1673 1195 1725 1222 ini-

938 1250 991 1278 que
1006 1242 1096 1270 facere
1119 1247 1147 1269 et
1171 1243 1198 1270 in
1222 1243 1306 1271 Deum
1334 1244 1480 1278 injuriosos
1505 1251 1576 1275 esse,
1598 1250 1671 1276 cum,
1695 1246 1724 1269 ut

939 1289 1024 1321 malos
1041 1290 1165 1317 homines
1180 1289 1304 1323 illiciant,
1318 1290 1377 1317 illos
1394 1299 1463 1318 vana
1479 1297 1525 1324 spe
1538 1290 1649 1320 lactant,
1665 1296 1725 1324 per-

938 1336 1107 1369 suadeutque
1124 1339 1154 1361 ttt
1169 1335 1238 1363 bona
1256 1335 1418 1371 despiciant,
1431 1335 1508 1368 quasi
1527 1334 1580 1362 illis
1605 1333 1725 1361 dimissis

939 1381 1131 1415 praestantiora
1158 1381 1342 1408 consecuturi.
1361 1390 1370 1406 )
1385 1381 1424 1407 Ad
1440 1380 1496 1406 lucc
1517 1378 1726 1413 respondebitur

938 1427 1037 1454 virtute
1053 1427 1108 1461 illa,
1125 1435 1185 1462 qua:
1194 1427 1316 1453 homines
1328 1427 1361 1452 ad
1373 1425 1530 1460 religionem
1542 1423 1726 1451 Christianam

939 1474 1059 1506 adducit,
1077 1481 1131 1500 non
1149 1473 1261 1500 omnino
1276 1476 1330 1499 tam
1350 1471 1431 1499 facile
1448 1470 1604 1505 persuaderi
1624 1470 1726 1504 impro-

939 1518 997 1552 bos,
1013 1525 1096 1552 quam
1109 1517 1290 1551 simpliciores
1305 1521 1342 1548 et,
1361 1521 1390 1543 ut
1404 1516 1440 1543 ita
1464 1515 1569 1549 loquar,
1591 1514 1726 1542 subrusti—

938 1572 994 1591 cos.
1026 1563 1055 1590 Hi
1079 1564 1151 1590 enim
1171 1563 1378 1598 suppliciorum,
1409 1570 1468 1598 qute
1490 1563 1611 1589 doctrina
1631 1566 1724 1589 nostra

95 1604 355 1644 ἀπαγγελλομένων,
366 1608 483 1636 κινοῦντι
494 1610 592 1642 αὐτοὺς
603 1610 650 1637 καὶ⁴
658 1611 837 1646 προτρέποντι
848 1611 871 1646 (7

963 1610 1092 1641 ηἰιιίιίιιυν,
1121 1615 1191 1637 metu
1216 1615 1341 1636 movente
1371 1609 1446 1643 ipsos
1471 1613 1499 1635 et
1522 1608 1665 1636 inducente
1691 1609 1725 1635 ad

96 1654 148 1680 ἐπὶ
163 1654 193 1680 τὸ
207 1655 355 1690 ἀπέχεσθαι
367 1655 479 1687 τούτων,
499 1656 533 1682 δι’
544 1656 562 1683 ἃ
575 1657 602 1683 αἰ
620 1657 755 1690 κολάσεις,
771 1658 888 1693 πειρῶν-

95 1708 145 1727 ται
164 1700 309 1727 ἐπιδιδόναι
329 1701 441 1732 ἑαυτοὺς
457 1702 489 1736 τῇ
506 1701 577 1728 κατὰ
596 1702 808 1738 Χριστιανισμδν
831 1702 889 1729 θεο-

97 1746 194 1781 σεϐείᾳ
203 1755 209 1761 ·
223 1747 268 1773 ἐπὶ
279 1747 404 1773 τοσοῦτον
421 1748 473 1774 ὑπὸ
483 1748 531 1775 τοῦ
543 1749 623 1783 λόγου
644 1748 834 1784 κρατούμενοι.
851 1749 888 1780 ὡς

95 1792 176 1828 φόϐῳ
196 1792 250 1820 τῶν
272 1793 344 1820 κατὰ
369 1794 415 1821 τὸν
438 1795 515 1829 λόγον
537 1796 744 1830 ὀνομαζομένων
772 1796 888 1822 αἰωνίων

94 1838 246 1870 κολάσεων,
270 1839 360 1874 πάσης
379 1839 428 1875 τῆς
450 1841 515 1876 παρ’
539 1840 690 1876 ἀνθρώποις
716 1841 775 1869 κατ’
798 1841 887 1868 αὐτῶν

94 1885 293 1921 ἑπινοουμένης
306 1885 342 1921 (8)
369 1886 486 1921 βασάνου
509 1888 555 1914 καὶ
578 1888 648 1923 μετὰ
675 1888 778 1924 μυρίων
797 1887 887 1915 πόνων

94 1932 216 1958 θανάτου
232 1934 421 1968 καταφρονεῖν,
449 1934 517 1969 ὅπερ
537 1933 625 1965 οὐδεὶς
648 1933 682 1961 ἂν
702 1934 756 1961 τῶν
776 1932 804 1961 εὖ
823 1943 888 1970 φρο-

92 1976 216 2003 νούντων
243 1977 326 2012 φήσαι
350 1977 475 2013 πονηρῶν
497 1978 682 2014 προαιρέσεων
701 1978 782 2014 ἔργον
808 1977 885 2005 εἶναι.

94 2022 163 2054 Πῶς
186 2021 209 2049 δ’
234 2023 288 2050 ἀπὸ
310 2024 496 2060 προαιρέσεως
520 2026 640 2060 πονηρᾶς
667 2025 814 2060 ἐγκράτεια
841 2025 887 2052 καὶ

94 2068 260 2104 σωφροσύνη
275 2070 410 2101 ἀσκεῖται,
430 2070 446 2105 ἢ
467 2069 496 2095 τὸ
514 2070 688 2104 μεταδοτικδν
705 2070 752 2097 καὶ
764 2079 887 2097 κοινωνι-

93 2113 165 2147 κόν;
194 2114 263 2141 Ἀλλ’
282 2115 338 2141 οὐδ’
352 2116 366 2141 ὁ
387 2116 454 2150 πρὸς
475 2116 505 2142 τὸ
529 2116 605 2142 Θεῖον
625 2116 715 2150 φόὸος,
738 2116 780 2151 ἐφ’
799 2116 828 2143 ὃν
850 2117 888 2148 ὡς

93 2161 233 2196 χρήσιμον
246 2162 301 2193 τοῖς
322 2161 428 2193 πολλοῖς
442 2162 600 2197 παρακαλεῖ
626 2163 638 2188 ὁ
660 2162 736 2196 λόγος
757 2163 820 2194 τοὺς
840 2172 888 2198 μη-

92 2207 173 2234 δέπω
192 2207 355 2242 δυναμένους
378 2209 408 2235 τὸ
423 2209 458 2235 δι’
477 2209 544 2235 αὐτὸ
565 2209 674 2244 αἱρετὸν
697 2209 814 2244 βλέπειν,
840 2210 888 2236 καί¹

92 2252 233 2288 αἱρεῖσθαι
247 2253 322 2285 αὐτὸ,
334 2254 372 2285 ὡς
385 2254 513 2289 μέγιστον
526 2254 638 2289 ἀγαθὸν,
657 2254 703 2280 καὶ
715 2255 785 2290 ὑπὲρ
798 2256 885 2281 πᾶσαν

93 2299 280 2333 ἐπαγγελίαν·
301 2299 332 2332 ἐξ
350 2296 387 2326 ὧν
407 2301 436 2326 οὐ
458 2300 536 2327 τοῦτο
547 2300 586 2336 τῷ
603 2300 675 2327 κατὰ
695 2300 826 2336 πονηρίαν
845 2302 887 2328 αἰ-

96 2345 223 2380 ρουμένῳ
235 2345 285 2381 ζῇν
297 2345 454 2379 ἐγγενέσθαι
472 2346 604 2380 πέφυκεν.

138 2393 201 2419 Ἐὰν
225 2392 252 2418 δέ
272 2401 314 2424 τις
339 2393 368 2418 ὲν
388 2392 493 2424 τούτοις
513 2392 723 2428 δεισιδαιμονίαν
748 2391 846 2428 μᾶλλον
867 2392 883 2428 ἢ

94 2439 228 2474 πονηρῗαν
244 2439 305 2474 περὶ
318 2438 381 2470 τοὺς
391 2438 502 2470 πολλοὺς
512 2439 566 2465 τῶν
577 2439 754 2465 πιστευόντων
763 2437 802 2473 τῷ
814 2438 885 2474 λόγῳ

93 2482 166 2511 εἶναι
195 2483 373 2520 φαντάζηται,
400 2486 446 2512 καί
472 2485 574 2521 ἐγκαλῇ
616 2486 653 2517 ὡς
686 2485 884 2520 δεισιδαίμονας

94 2530 218 2557 ποιοῦντι
240 2530 279 2566 τῷ
294 2530 365 2566 λόγῳ
386 2531 473 2567 ἡμῶν·
497 2532 619 2566 φήσομεν
639 2530 706 2566 πρὸς
728 2529 818 2560 αὑτὸν,
832 2530 883 2562 ὅτι,

93 2576 191 2613 ὥσπερ
205 2577 282 2612 ἔλεγέ
299 2586 342 2610 τις
355 2577 408 2604 τῶν
428 2577 578 2613 νομοθετῶν
593 2577 631 2614 (9)
656 2577 723 2613 πρὸς
743 2576 885 2612 ἐρωτῶντα

131 2703 170 2739 (5)
192 2703 291 2736 Λέξις.
315 2703 536 2739 llmsrhelius‘in
557 2707 656 2739 textu.
683 2703 770 2735 τάξις.
796 2703 882 2731 Paulo

96 2737 164 2772 [test
174 2746 229 2774 mss
244 2759 251 2769 .
266 2739 343 2765 πάντ’
358 2737 515 2774 ἀπαριθμῶ.
532 2738 616 2769 Aliis,
637 2738 714 2765 πάντ’
727 2738 844 2774 ἀριθμῶ.

133 2773 171 2807 αἱ)
192 2772 289 2810 Quieto
315 2772 485 2810 scribentium
507 2774 623 2810 Videtur,
637 2774 701 2809 περὶ
716 2772 778 2805 τους
793 2772 881 2810 προσ-

95 2808 282 2849 ερχομένους,-
297 2815 327 2849 et
347 2809 426 2849 paqu
445 2814 517 2842 post,
537 2808 655 2849 ἄκομςωι
672 2808 719 2844 pro
734 2808 843 2849 κομψοί.

132 2844 171 2874 (7p
195 2844 362 2871 Ilmschelius
388 2844 413 2870 itt
440 2849 530 2874 textu,
548 2844 687 2876 κινοῦντος
714 2844 812 2875 αὐτοὺς
835 2845 882 2871 καὶ

97 2878 315 2915 προτρέποντος,
345 2887 405 2914 qua:
434 2878 533 2915 Guieto
562 2880 683 2915 auidititin
711 2880 880 2906 videbantur.

98 2911 182 2943 Pitqu
198 2913 267 2942 infra
285 2911 380 2943 omnes
394 2923 470 2947 mss.
487 2914 540 2941 ὑπὸ
555 2913 600 2940 τοῦ
624 2914 703 2949 λόγου
729 2914 880 2951 κρατούμε-

941 1657 1132 1684 abstinendum
1159 1657 1202 1689 iis,
1221 1656 1319 1691 quibus
1344 1656 1478 1682 destinato
1499 1655 1628 1690 supplicia
1649 1661 1724 1686 sunt,

938 1707 1088 1738 properant
1113 1710 1142 1730 se
1174 1701 1394 1729 Christianorum
1421 1701 1542 1736 religioni
1570 1702 1725 1734 devovere;

940 1756 1024 1783 usque
1039 1749 1106 1776 adeo
1118 1753 1211 1775 nostra
1229 1748 1351 1775 doctrina
1365 1747 1440 1778 victi,
1456 1752 1494 1778 ut,
1516 1754 1613 1780 pt'ettas
1632 1746 1726 1778 veriti,

938 1802 1007 1829 quas
1019 1800 1134 1820 aeternas
1147 1793 1230 1829 499
1244 1797 1336 1825 vocat,
1351 1794 1443 1819 omnia
1469 1798 1602 1819 tormenta
1625 1794 1659 1819 ab
1675 1793 1724 1820 ho—

939 1840 1059 1867 minibus
1079 1844 1173 1866 contra
1201 1839 1274 1872 ipsos
1298 1839 1462 1870 excogitata,
1488 1845 1624 1865 aerumnas
1645 1838 1725 1865 innu-

938 1893 1038 1917 meras,
1060 1890 1176 1912 mortem
1203 1886 1288 1919 ipsam
1313 1889 1489 1911 contemnere
1516 1891 1569 1910 non
1591 1884 1724 1914 dubitem.

939 1932 995 1959 Hoc
1008 1937 1098 1958 autettt
1121 1939 1200 1958 nemo
1219 1939 1291 1958 sana:
1309 1931 1408 1957 uiculis
1425 1930 1524 1957 dixerit
1545 1931 1571 1956 itt
1592 1937 1725 1964 perversae

939 1980 1085 2006 voluntatis
1098 1979 1221 2005 homines
1236 1983 1399 2011 competere.
1416 1977 1483 2004 Num
1503 1979 1575 2004 enitn
1595 1985 1723 2012 perversa

938 2025 1065 2052 voluntas
1084 2025 1173 2051 studet
1199 2023 1396 2058 temperantiae,
1422 2023 1582 2057 sobrietati,
1603 2023 1725 2050 liberali-

939 2071 998 2102 tati,
1018 2070 1226 2098 beneficentiae?
1251 2069 1279 2096 In
1302 2077 1362 2096 eattt
1386 2077 1419 2096 nc
1434 2069 1482 2096 Dei
1510 2070 1591 2097 titnor
1615 2070 1723 2103 quidem

938 2117 1020 2148 cadit,
1033 2117 1066 2143 ad
1081 2123 1160 2150 quem
1174 2116 1300 2142 timorem
1316 2120 1405 2143 tamen
1421 2120 1511 2143 nostra
1527 2117 1648 2144 doctrina
1661 2116 1724 2144 hor-

939 2167 1011 2189 tatur
1027 2167 1055 2189 ttt
1070 2162 1162 2189 utilem
1179 2162 1282 2194 tttttltis,
1298 2162 1342 2196 qui
1356 2163 1473 2190 uondutn
1508 2161 1547 2194 id,
1565 2163 1638 2198 qttod
1660 2170 1724 2197 pro-

939 2213 997 2242 pter
1023 2216 1052 2235 se
1065 2209 1244 2243 expetendum
1255 2213 1308 2240 est,
1327 2214 1374 2235 aut
1389 2209 1522 2244 dispicere
1540 2213 1662 2244 possunt,
1677 2215 1723 2236 aut

939 2255 1038 2288 eligere
1061 2260 1091 2281 ttt
1114 2262 1250 2281 summuut
1269 2254 1370 2282 honuni
1394 2259 1421 2281 et
1446 2255 1519 2281 omni
1544 2255 1724 2289 promissione

940 2300 1045 2336 majus;
1072 2301 1144 2336 quod
1175 2301 1269 2328 horum
1295 2302 1394 2328 nemini
1418 2302 1541 2329 aceidere
1557 2307 1657 2336 potest,
1677 2301 1724 2337 qui

940 2347 1069 2381 nequiter
1084 2347 1175 2374 vivere
1187 2347 1368 2382 proposuerit.

973 2394 1017 2421 79.
1037 2393 1201 2428 Cogitaverit
1219 2394 1334 2421 fortasse
1356 2393 1489 2427 quispiam
1510 2394 1536 2420 in
1556 2395 1599 2422 his
1616 2394 1720 2422 nostris

939 2439 1070 2466 institutis
1087 2447 1139 2466 nou
1157 2439 1306 2473 nequitiam
1325 2439 1446 2474 quidem,
1461 2439 1507 2466 sed
1522 2445 1610 2466 tamen
1625 2448 1722 2475 super-

939 2485 1076 2511 stitionem
1087 2492 1159 2515 esse.
1176 2485 1293 2519 hincque
1307 2485 1438 2512 doctrina!
1455 2490 1556 2513 nostra:
1571 2486 1635 2513 vitio
1648 2487 1723 2513 dabit

939 2530 1009 2565 quod
1035 2531 1239 2565 superstitiosos
1257 2531 1347 2558 faciat.
1367 2531 1613 2566 Respondebimus,
1627 2540 1724 2567 quem-

938 2576 1083 2603 admodum
1108 2577 1219 2611 quidam
1239 2584 1274 2605 ex
1308 2577 1506 2613 lcgislatoribus
1530 2578 1721 2613 interroganti,

935 2715 985 2734 νοι.
1002 2706 1080 2749 μων.
1102 2708 1198 2749 excusi
1222 2708 1247 2734 in
1270 2711 1344 2735 textu
1362 2708 1478 2740 habent,
1498 2706 1551 2733 ὑπὸ
1570 2705 1618 2733 τοῦ
1641 2705 1722 2741 λόγου

935 2745 1009 2768 κινού
1014 2745 1105 2776 μενοιὸ

970 2777 1008 2812 (8)
1017 2777 1185 2812 ligsehelitts
1195 2777 1220 2803 in
1233 2777 1536 2812 lextu,émvoouttévot;.
1549 2776 1619 2804 Infra
1631 2776 1702 2803 idem
1712 2797 1719 2806 ,

934 2812 962 2845 ἐξ
979 2811 1015 2839 ὧν
1029 2811 1062 2839 αὖ
1076 2812 1155 2839 τοῦτο
1168 2812 1206 2848 τῷ
1219 2812 1298 2848 κατά,
1313 2819 1379 2844 eun,
1394 2811 1474 2839 male.

969 2849 1006 2884 (9)
1018 2848 1079 2875 Τῶν
1087 2846 1263 2882 νομοθετῶν.
1280 2849 1316 2874 lta
1333 2853 1404 2884 recte
1417 2848 1527 2884 omnino
1540 2847 1619 2884 habet
1634 2846 1722 2874 codex

932 2882 1053 2912 Julianus
1069 2885 1187 2912 secunda
1201 2891 1292 2911 manu.
1308 2883 1392 2917 Alias,
1408 2883 1454 2909 τὸν
1471 2882 1630 2918 νομοθέτην.
