1848 3091
86 171 154 200 1029

660 173 798 201 comm
812 172 1032 210 cusanus.
1048 173 1092 202 iv.

1629 179 1696 207 1030

82 231 279 267 συγγράμματι
299 231 381 258 αὑτοῦ
401 231 541 267 οἰκοδομῆς
556 231 733 267 παραπλήσια
747 233 780 268 τῇ
793 232 849 259 οἰκο

941 239 997 259 )ere
1007 232 1170 264 construxit,
1187 233 1259 261 haud
1273 233 1403 263 dissimile
1416 236 1530 264 aedilicio
1540 244 1633 264 eorum
1646 239 1692 271 qui

82 276 150 312 δομῇ
163 276 216 303 τῶν
228 276 358 303 εἰπόντων
371 284 378 292 ·
394 285 403 302 t
418 276 511 306 Δεῦτε.
525 277 745 312 οἰκοδομήσωμεν
758 278 864 309 ἑαυτοῖς

82 321 160 348 πόλιν
177 321 224 348 καὶ
240 321 353 357 πύργον,
367 317 397 347 οῦ
413 323 430 357 ἡ
444 322 640 358 κεφαλὴ¹ἒσται
653 322 705 354 ἕως
720 322 766 349 τοῦ
779 322 862 358 οὐρα-

81 367 128 393 νοῦ
137 375 144 382 ·
159 377 167 392 ι
178 367 246 394 ἀλλά
254 367 300 394 καὶ
311 366 445 403 χρῄζομεν
456 368 550 402 σοφίας
562 377 571 393 r
585 368 766 404 κατασπώσης
776 369 864 395 πάντα

82 412 116 439 τὰ
127 413 293 448 ὲπαιρόμενα
301 413 372 439 κατὰ
383 413 432 448 τῆς
441 412 565 447 γνώσεως
571 413 617 440 τοῦ
627 413 693 440 Θεοῦ
702 413 843 449 ὑψώματα,
851 424 860 440 ι

82 457 129 484 καὶ
143 458 173 484 τὸ
185 457 287 484 Κέλσου
299 458 476 493 ἐπαιρόμενον
487 458 548 486 καθ’
559 459 636 494 ἡμῶν
647 459 695 494 τῆς
706 459 863 491 ἀλαζονείας

81 502 191 538 ὕψωμα.
216 501 272 529 Εἶτ’
292 503 352 529 ἐπεὶ
374 503 411 538 μὴ
427 502 479 538 χρὴ
501 503 663 537 καταλήγειν
678 503 750 538 ἡμᾶς
772 503 817 528 ἐπὶ
833 503 862 529 τὸ

80 548 205 584 ὲκριζοῦν
225 549 270 575 καὶ
283 549 481 575 κατασκάπτειν
497 548 530 575 τὰ
543 549 736 584 προειρημένα,
752 548 809 574 ἀλλ’
823 549 863 580 εἰς

82 594 132 629 μὲν
145 594 194 630 τὴν
209 593 297 630 χώραν
314 593 367 619 τῶν
390 592 589 629 ὲκριζωθέντων
603 593 797 628 καταφυτεύειν
811 602 861 628 φυ-

79 639 155 665 τείαν
171 647 180 664 α
194 638 239 665 τοῦ
256 638 326 664 κατὰ
338 638 402 664 Θεὸν
417 638 561 674 γεωργίου,
584 648 593 664 ι
610 639 650 670 εἰς
662 638 691 664 δὲ
712 638 757 665 τὸν
780 639 861 665 τόπον

79 683 134 710 τῶν
153 683 381 718 κατασκαφέντων
398 684 546 718 οἰκοδομεῖν
570 683 636 710 Θεοῦ
662 683 803 718 οἰκοδομὴν
816 684 862 710 καὶ

79 730 141 756 ναὸν
152 729 229 765 δόξης
240 729 320 756 Θεοῦ·
333 729 376 755 διὰ
391 729 480 760 τοῦτο,
494 729 540 755 καὶ
552 730 617 764 ἡμῖν
632 729 740 756 εὐκτέον
752 730 810 756 ἐστὶ
822 729 861 765 τῷ

79 775 205 802 δεδωκότι
218 775 311 811 Κυρίῳ
326 775 360 802 τὰ
375 776 404 802 ἐν
417 775 455 810 τῷ
475 775 593 811 Ἱερεμίᾳ
607 775 785 811 γεγραμμένα
795 795 803 807 ,
818 776 861 802 ἵνα

79 822 126 849 καὶ
143 822 208 857 ἡμῖν
223 821 260 856 δῷ
283 821 378 855 λόγους
398 822 445 848 καὶ
459 821 526 857 πρὸς
540 821 570 848 τὸ
591 821 740 857 οἰκοδομεῖν
763 822 797 848 τὰ
813 821 860 848 τοῦ

79 867 208 903 Χριστοῦ,
217 867 264 893 καὶ
271 867 466 901 καταφυτεύειν
473 868 518 894 τὸν
527 867 707 902 πνευματικὸν
714 867 805 903 νόμον,
814 868 861 894 καὶ

914 277 1057 305 dicebant:
1081 287 1091 303 ε
1109 276 1215 311 Venite,
1246 278 1377 308 faciamus
1404 281 1480 308 nobis
1498 281 1638 309 civitatem
1665 286 1693 310 et

914 322 1021 355 turrim,
1034 322 1111 357 cujus
1124 323 1229 350 culmen
1243 325 1375 360 perlingat
1388 326 1420 353 ad
1434 327 1531 353 malum
1544 327 1577 354 ".
1593 337 1603 353 ι
1620 327 1693 362 Opus

913 368 1044 395 habemus
1058 369 1202 403 sapientia.
1218 377 1277 403 quae
1296 379 1305 396 I
1325 371 1461 405 disperdat
1476 379 1554 399 tcum
1565 381 1692 400 «omnem

912 413 1082 440 altitudinem
1113 415 1291 442 extollentem
1324 424 1353 443 se
1383 418 1515 446 adversus
1553 421 1694 446 scientiam

912 458 960 486 Dei
974 459 1008 492 “,
1028 469 1037 484 ι
1059 463 1115 486 tum
1130 461 1296 494 arrogantia:
1311 462 1492 495 altitudinem,
1509 472 1561 498 qua
1587 473 1615 491 se
1632 466 1694 492 Cel-

912 513 958 533 sus
975 509 1070 532 contra
1092 513 1141 532 nos
1157 506 1272 533 extollit.
1308 507 1360 534 Sed
1376 516 1470 542 parum
1483 509 1564 537 fuerit
1578 511 1695 538 evellere

912 555 937 577 et
953 551 1115 583 destruere;
1133 556 1239 586 oportet
1257 552 1317 579 loco
1331 561 1424 580 eorum
1439 574 1446 586 ,
1470 562 1530 589 qum
1555 558 1692 584 eradicata

913 594 1025 627 fuerint.
1041 596 1092 622 alia
1109 603 1203 623 serere
1217 605 1277 631 quat
1292 607 1302 624 ‹
1319 597 1365 625 Dei
1382 599 1552 634 agricultura!
1568 610 1577 626 ι
1592 609 1694 629 conve-

912 641 990 668 niant
1013 642 1047 674 ",
1064 648 1091 669 et
1107 642 1306 669 destructornm
1333 644 1394 670 loco
1421 644 1468 671 Dei
1495 646 1639 673 animt-ium
1667 651 1695 674 et

912 687 1037 720 templum
1052 688 1145 722 gloria:
1161 687 1206 714 Dei
1222 693 1392 716 construere.
1408 689 1540 722 Quocirca
1558 694 1695 726 rogandus

911 739 952 761 est
968 733 1106 765 Dominus,
1123 741 1216 760 eorum
1231 741 1290 767 qua:
1307 735 1332 761 in
1346 735 1462 763 Jerenna
1490 744 1693 770 memorantur,

910 779 1032 813 largitor,
1046 784 1076 806 ut
1087 784 1113 806 et
1123 779 1199 806 nobis
1213 779 1259 806 det
1271 787 1301 806 ea
1315 780 1397 814 loqui,
1411 782 1510 815 quibus
1521 790 1581 817 quae
1594 783 1692 810 Christi

911 832 974 852 sunt
985 824 1131 857 aediﬁcare,
1147 825 1352 860 spiritalemque
1363 826 1447 860 legem
1462 833 1490 855 et
1506 828 1645 856 referenda
1660 830 1694 857 ad

911 870 983 897 illam
997 870 1154 905 prophetica
1170 871 1279 898 oracula
1292 879 1384 898 serere
1395 873 1542 901 valeamus.
1556 873 1618 902 Haec
1629 883 1694 904 vero

77 914 142 945 τοὺς
151 913 279 947 ἀνάλογον
291 914 363 949 αὐτῷ
375 914 668 949 προφητικοὺςλόγους.
679 914 733 940 Καὶ
746 913 849 949 μάλιστ(

941 915 1019 942 'acnla
1039 923 1110 943 nunc
1134 917 1253 943 maxime
1269 918 1414 945 ostendere
1439 926 1508 953 opus
1523 925 1564 946 est
1580 921 1693 954 pulchre

77 960 158 994 χρεία
171 960 235 995 ἡμῖν
252 961 319 995 πρὸς
339 960 373 987 τὰ
396 959 443 987 νῦν
457 960 520 995 ἑξῆς
534 962 588 992 τοῖς
602 961 807 996 προειρημένοις
820 960 859 996 τῷ

79 1005 177 1041 Κέλσῳ
188 1005 320 1041 λεγόμενα
331 1006 543 1037 κατασκευάσαι,
550 1006 589 1032 ὅτι
598 1005 685 1037 καλῶς
695 1006 730 1033 τὰ
739 1006 802 1041 περὶ
811 1006 858 1032 τοῦ

60 1075 63 1080 η
80 1051 199 1087 Χριστοῦ
219 1052 447 1087 πεπροφήτευται.
464 1052 539 1087 Ἅμα
549 1051 602 1088 γάρ
614 1051 681 1087 πρὸς
690 1052 858 1088 ἀμφοτέρους

79 1097 223 1132 ἱστάμενος
235 1098 249 1124 ό
262 1097 373 1129 Κέλσος,
395 1097 536 1129 Ἰουδαίους
562 1097 610 1133 μὲν
626 1098 803 1134 ἀρνουμένους
814 1106 860 1132 γε-

77 1142 186 1177 γονέναι
200 1143 248 1178 τὴν
261 1142 379 1179 Χριστοῦ
391 1143 546 1179 ἐπιδημίαν,
571 1142 727 1175 ἐλπίζοντας
741 1143 763 1170 δ’
776 1143 859 1178 αὐτὴν

77 1187 204 1219 ἔσεσθαι,
226 1188 402 1224 Χριστιανοὺς
425 1188 453 1215 δὲ
476 1188 671 1223 ὁμολογοῦντας
693 1189 738 1215 τὸν
758 1189 859 1224 Ἰησοῦν

78 1232 149 1260 εἶναι
165 1233 209 1260 τδν
224 1233 443 1270 προφητευθέντα
454 1234 580 1271 Χριστὸν,
595 1235 692 1271 φησιν·

136 1287 145 1302 v
165 1277 225 1304 ὀτι
249 1278 277 1304 δὲ
291 1279 337 1305 καὶ
349 1279 516 1314 Χριστιανῶν
530 1287 602 1311 τινες
616 1280 662 1306 καὶ
683 1280 817 1311 Ἰουδαῖοι,
833 1279 858 1306 οί

79 1323 131 1359 μὲν
145 1323 357 1360 καταϐεϐηκέναι
380 1326 461 1359 φασὶν
475 1325 550 1359 (‘25).
565 1326 590 1352 οἱ
605 1325 632 1352 δὲ
659 1325 859 1361 καταϐήσεσθαι

77 1371 119 1401 εἰς
132 1369 181 1405 τὴν
195 1370 245 1405 γῆν
258 1379 317 1397 τινα
338 1371 403 1397 Θεδν
415 1371 432 1407 ἢ
447 1371 513 1398 Θεοῦ
538 1370 602 1398 Υἱὺν
615 1371 669 1398 τῶν
681 1372 743 1408 τῇδε
756 1372 861 1399 δικαιω-

77 1416 139 1452 τὴν,
152 1416 223 1442 τοῦτ’
238 1416 389 1452 αἴσχιστον,
404 1417 451 1443 καὶ
465 1417 524 1444 οὐδὲ
536 1417 619 1444 δεῖται
636 1417 741 1454 μακροῦ
753 1417 831 1452 λόγου
845 1418 859 1445 ό

77 1462 198 1497 ἔλεγχος.
218 1471 227 1488 ι
244 1463 298 1490 Καὶ
311 1463 383 1490 δοκεῖ
396 1463 451 1499 (24)
468 1472 500 1498 γε
516 1463 636 1500 ἀκριϐῶς
647 1464 710 1499 περί
726 1464 774 1499 μὲν
794 1463 860 1490 Ἰου-

75 1507 160 1534 δαίων
174 1508 204 1534 ob
216 1508 296 1535 τινῶν
305 1528 312 1540 ,
326 1508 393 1535 ἀλλά
408 1509 516 1536 πάντων
527 1509 624 1544 λέγειν,
639 1509 680 1536 ὃτι
693 1508 861 1536 οῐονταίτινα

75 1554 280 1590 καταϐήσεσθαι
292 1555 338 1581 ἐπὶ
353 1555 403 1591 τὴν
417 1556 468 1591 γῆν
479 1564 486 1571 ·
504 1556 568 1591 περὶ
581 1555 608 1582 δὲ
625 1554 804 1591 Χριστιανῶν,
819 1556 860 1582 ὃτι

911 959 945 987 de
961 961 1068 988 Christo
1084 961 1156 988 edita
1173 961 1267 992 fuisse.
1280 969 1306 988 ut
1325 970 1384 996 qua:
1398 963 1524 998 deiuct-ps
1541 965 1633 992 Celsus
1645 967 1693 994 Ol)-

908 1005 968 1040 jicit
980 1006 1141 1034 refutentur.
1157 1006 1290 1040 Utrosqne
1301 1009 1373 1035 enint
1386 1010 1533 1044 impugnat,
1541 1011 1691 1046 etJudaaos,

911 1051 957 1085 qui
971 1051 1109 1079 Christum
1123 1053 1265 1097 advenisse
1276 1059 1372 1088 negant
1385 1055 1618 1091 adventurmnqtte
1630 1066 1691 1092 spe-

911 1103 984 1131 rant,
996 1104 1023 1125 et
1039 1098 1212 1126 Christianos
1230 1099 1277 1131 qui
1289 1098 1382 1127 Iesum
1399 1108 1458 1129 esse
1472 1101 1609 1130 Christum
1625 1111 1691 1130 eon-

911 1145 1022 1172 ﬁtentur
1053 1153 1132 1180 quem
1163 1146 1302 1180 propheta:
1328 1147 1522 1181 prtedixerunt.
1545 1148 1591 1176 Sic
1610 1149 1691 1184 igitur

911 1191 955 1219 ille
967 1200 974 1218 :

944 1277 972 1306 2.
990 1288 999 1305 ι
1017 1278 1131 1312 Quidam
1148 1287 1164 1307 e
1178 1278 1340 1307 Christianis
1357 1284 1383 1307 et
1398 1278 1482 1307 Judaai
1499 1280 1646 1314 disputant,
1661 1281 1688 1308 hi

910 1325 1017 1360 quidem
1031 1325 1056 1351 iu
1068 1331 1166 1351 terram
1179 1326 1372 1352 descensurum
1386 1333 1447 1352 esse
1460 1327 1537 1352 deum
1547 1329 1689 1359 qu--tnda:n

911 1374 957 1396 aut
976 1369 1023 1396 Dei
1038 1369 1134 1396 Filium
1151 1371 1231 1405 hujus
1246 1376 1325 1397 terra:
1343 1370 1447 1397 incolas
1463 1370 1687 1405 justilieaturum;

911 1415 949 1443 illi
967 1423 1031 1443 vero
1042 1415 1097 1450 jam
1126 1417 1309 1444 descendisse.
1333 1415 1423 1451 Turpe
1442 1417 1594 1450 dissidinm,
1617 1419 1688 1452 quod

912 1461 1035 1496 pluribus
1052 1461 1175 1489 refellere
1200 1469 1397 1496 supemtcuum
1420 1468 1499 1490 esset.
1519 1457 1539 1507 ᾖ
1557 1463 1690 1491 Αιιοιιικιιο

912 1507 938 1534 id
955 1507 1062 1542 quidem
1080 1507 1186 1536 Judaeos
1206 1516 1258 1535 non
1272 1509 1414 1542 quosdam.
1430 1509 1475 1535 sed
1493 1517 1586 1536 omnes
1598 1510 1690 1537 existi-

912 1560 986 1580 mare
1011 1554 1078 1580 hanc
1098 1554 1123 1580 in
1142 1559 1240 1581 terram
1255 1555 1398 1588 quemdam
1412 1562 1472 1581 esse
1487 1555 1688 1589 descensurum;

74 1601 150 1633 τινὲς
164 1600 252 1628 αὐτῶν
266 1601 482 1638 καταϐεϐηκέναι
498 1602 631 1637 λέγδυσιν.
652 1601 791 1637 Ἑμφαίνει
806 1601 849 1637 γάι

941 1599 1041 1627 Iosdam
1058 1605 1148 1628 autem
1169 1609 1185 1627 e
1198 1600 1360 1628 Christianis
1391 1601 1562 1628 dem-endisse
1588 1603 1688 1629 dicere.

73 1647 142 1678 τοὺς
168 1647 222 1674 ἀπὸ
243 1648 393 1675 Ἰουδαϊκῶν
415 1648 529 1684 Γραφῶν
545 1648 796 1681 κατασκευάζοντας
810 1648 861 1684 τὴν

74 1692 197 1729 Χριστοῦ
224 1693 279 1729 (25)
302 1694 446 1730 ἐπιδημίαν
462 1694 500 1726 ὼς
520 1694 569 1730 ἤδη
584 1694 786 1730 γεγενημένην·
813 1693 861 1721 καὶ

73 1739 165 1765 ἔοικεν
179 1738 285 1772 εἰδέναι,
298 1740 339 1766 ὅτι
352 1740 404 1766 είσί
414 1748 484 1771 τινες
493 1740 612 1776 αἱρέσεις
621 1740 783 1776 ἀρνούμεναι
794 1741 861 1776 Χρι-

73 1785 141 1812 στὸν
161 1784 263 1820 Ἰησοῦν
277 1783 345 1812 εἶναι
364 1786 410 1813 τὸν
436 1785 701 1822 προπεφητευμένον.
719 1786 787 1821 Ἤδη
811 1786 859 1821 μὲν

70 1829 121 1857 οὖν
138 1832 184 1858 καὶ
208 1832 237 1857 ὲν
261 1833 316 1864 τοῖς
327 1831 468 1868 προτέροις
481 1831 604 1868 περὶτοῦ
622 1830 860 1867 προπεφητεῦσθαι

72 1878 120 1904 τὸν
136 1878 252 1913 Χριστὸν
266 1878 336 1905 κατὰ
348 1878 460 1914 δύναμιν
469 1878 643 1914 διειλήφαμεν
652 1886 659 1894 ·
675 1878 715 1904 διδ
729 1877 762 1904 τὰ
775 1877 860 1904 πολλὰ

70 1923 130 1950 τῶν
152 1924 307 1959 δυναμένων
327 1924 453 1959 λέγεσθαι
466 1925 506 1956 εἰς
529 1924 574 1951 τὸν
597 1923 679 1950 τόπον
694 1924 743 1949 οὐκ
759 1923 860 1949 ἐπανα-

71 1970 251 2006 λαμϐάνομεν
262 1992 269 2001 ,
294 1971 337 1998 ἵνα
352 1971 388 2006 μὴ
406 1970 618 2006 παλιλλογῶμεν.
643 1970 712 2006 Ὅρα
733 1969 764 2005 δὴ
774 1989 781 2001 ,
797 1970 837 1996 ὄτι
850 1989 858 2002 ,

72 2018 156 2053 εἴπερ
171 2017 239 2052 μετά
255 2025 324 2048 τινος
335 2017 386 2044 κᾶν
402 2016 530 2051 δοκούσης
543 2016 598 2052 (Ξϐ)
612 2015 768 2046 ἀκολουθίας
782 2015 859 2042 ὲϐού-

71 2063 136 2090 λετο
149 2064 311 2099 ἀνατρέπειν
328 2064 377 2099 τὴν
392 2063 457 2099 περὶ
478 2063 531 2089 τῶν
558 2061 738 2099 προφητειῶν,
761 2060 778 2097 ἢ
796 2062 860 2097 περὶ

69 2110 121 2137 τοῦ
132 2109 310 2145 ἐπιδημήσειν
320 2109 336 2145 ἧ
347 2108 571 2145 ἐπιδεδημηκέναι
580 2109 625 2135 τὸν
632 2108 748 2144 Χριστδν
758 2108 858 2141 πίστιν,

72 2157 164 2192 ἐχρῆν
179 2156 259 2182 αὑτὸν
271 2156 356 2187 αὐτὰς
370 2155 496 2182 ἐκθέσθαι
509 2155 558 2186 τὰς
573 2155 739 2190 προφητείας
751 2175 758 2186 ,
772 2152 816 2186 αἷς
830 2155 859 2181 ἐν

67 2202 112 2237 τῷ
127 2201 300 2235 διαλέγεσθαι
315 2201 382 2237 πρὸς
396 2200 525 2236 ἀλλήλους
547 2200 676 2236 χρώμεθα
703 2200 859 2235 Χριστιανοὶ

68 2247 121 2273 καὶ
142 2246 271 2272 Ἰουδαῖοι.
289 2245 365 2272 Οῦτω
377 2245 430 2281 γὰρ
444 2245 477 2273 ἂν
491 2245 541 2272 κᾶν
554 2245 626 2277 εδοξε
644 2245 706 2276 τοὺς
722 2253 858 2281 περισπω-
875 2262 897 2290 D

71 2292 176 2327 μένους
188 2291 240 2317 ὑπὸ
255 2292 313 2326 τῆς,
336 2291 374 2323 ὡς
387 2292 470 2318 οἴεται
480 2311 487 2323 ,
512 2291 687 2327 πιθανότητος
698 2292 785 2317 δοκεῖν
803 2291 858 2327 (27)

70 2338 239 2373 ἀνατρέπειν
261 2338 314 2364 ἀπὸ
327 2339 376 2373 τῆς
397 2338 464 2373 πρὸς
479 2338 511 2364 τὰ
526 2337 678 2373 προφητικὰ
695 2338 861 2372 συγκαταθέ-

70 2392 156 2416 σεως.
171 2384 216 2410 καὶ
232 2384 281 2419 τῆς
295 2384 338 2410 διὰ
361 2383 395 2410 τὰ
417 2384 571 2419 προφητικὰ
585 2384 624 2415 είς
648 2383 692 2409 τὸν
709 2383 810 2419 Ἰησοῦν
823 2383 860 2414 ὡς

69 2431 139 2457 Evt:
155 2430 269 2465 Χριστὸν
285 2430 412 2461 πίστεως.
431 2429 497 2455 Νυνὶ
514 2429 541 2455 δὲ
552 2449 559 2460 ,
587 2429 645 2464 ἦτοι
661 2428 697 2463 μὴ
714 2428 859 2463 δυνάμενος

68 2477 230 2512 ἀπαντῆσαι
255 2477 322 2512 πρὸς
336 2476 385 2508 τὰς
412 2476 476 2511 περὶ
497 2474 613 2511 Χριστοῦ
629 2475 813 2510 προφητείας,
840 2475 855 2510 ἥ

69 2523 143 2559 μηδὲ
159 2523 214 2557 (28)
231 2523 279 2558 τὴν
299 2523 386 2558 ἀρχὴν
409 2521 486 2553 εἰδὼς
499 2521 559 2549 τίνα
579 2521 637 2548 ἐστὶ
650 2521 683 2547 τὰ
696 2521 759 2556 περί
774 2519 855 2546 αὑτοῦ

68 2568 299 2604 προφητευόμενα
310 2587 316 2598 ,
331 2567 457 2603 οὐδεμίαν
472 2567 520 2603 μὲν
535 2567 607 2599 λέξιν
620 2567 707 2603 τίθησι
725 2574 857 2601 προφητι-

105 2627 132 2643 ¹³
150 2626 304 2659 Gen.u,4.
344 2627 366 2643 ’⁸
380 2627 401 2654 ΙΙ
414 2627 476 2654 Cor.
495 2634 520 2658 ι,
534 2626 560 2654 5.
599 2626 622 2642 ’⁸
639 2626 646 2652 l
661 2627 724 2652 Cor.
741 2633 778 2656 ιιι,
793 2627 819 2652 lt.

103 2692 169 2730 (25)
185 2693 291 2720 Φᾶσίν.
310 2693 452 2730 Omittitur
477 2693 502 2720 in
516 2693 593 2720 libris
609 2698 686 2721 antea
701 2693 792 2727 editis,
809 2693 855 2720 sed

67 2728 211 2763 reperitur
224 2730 250 2755 in
277 2731 370 2756 codice
388 2728 503 2756 Juliano.

106 2763 171 2797 (24)
183 2763 261 2791 Libb.
288 2765 424 2798 impressi,
440 2764 486 2791 καὶ
499 2763 529 2790 οὗ
543 2763 634 2796 δοκεῖ,
663 2763 708 2790 sed
722 2763 816 2790 vocula
829 2762 859 2788 οὐ

66 2800 153 2828 abest
170 2799 203 2824 ab
217 2800 341 2826 omnibus
359 2808 423 2827 mss.

106 2834 469 2871 (ὶόλΧριστοῦιίιειᾲευόιΙ.
487 2832 566 2868 ἷξες..
586 2833 667 2859 Basil.
687 2838 715 2859 et
732 2833 784 2859 duo
802 2832 858 2858 Λιι-

66 2869 291 2906 εξίὶτιιιιὶηὸιιειε,
312 2869 408 2906 Ἰησοῦ.

107 2906 173 2941 (26)
191 2903 360 2933 liveschel‘tus
375 2906 401 2932 in
418 2909 491 2932 textu
502 2923 510 2936 ,
527 2903 575 2930 οὐκ
591 2903 623 2930 ἂν
637 2903 777 2938 δοκούσῃ.

911 1645 956 1672 Sic
968 1645 1038 1672 enim
1057 1645 1159 1673 indicat
1171 1651 1199 1674 et
1213 1654 1278 1678 eos,
1302 1647 1347 1680 qui
1364 1654 1379 1674 e
1401 1646 1521 1674 Judaicis
1543 1648 1690 1681 Scripturis

909 1695 1033 1719 astruuut
1042 1691 1241 1727 Cbristumjam
1249 1693 1401 1725 advenisse,
1412 1698 1440 1720 et
1451 1695 1579 1727 quasdam
1590 1699 1689 1726 sectas,

909 1744 971 1772 quae
985 1736 1076 1765 Jesum
1092 1742 1193 1773 negant
1208 1745 1268 1765 esse
1284 1737 1422 1765 Christum
1439 1747 1452 1763 a
1468 1739 1609 1773 prophetis
1623 1747 1690 1773 prae-

909 1784 1074 1810 nuntiatum.
1096 1783 1196 1818 Atjam
1211 1791 1291 1818 supra
1306 1791 1358 1818 pro
1372 1783 1476 1811 viribus
1486 1784 1643 1812 conﬁrmavi
1656 1785 1690 1812 de

910 1828 957 1856 ilo
971 1829 1041 1856 edita
1057 1836 1117 1856 esse
1132 1823 1325 1864 prophetarum
1342 1828 1483 1855 vaticinia.
1499 1828 1588 1861 Quare
1614 1834 1643 1856 ut
1657 1837 1689 1856 ue

909 1874 1003 1902 eadem
1019 1874 1115 1902 iterent
1130 1875 1243 1909 sa-pius,
1261 1882 1321 1909 qua:
1341 1874 1391 1902 hoc
1410 1874 1470 1902 loco
1488 1874 1541 1902 dici
1560 1881 1687 1909 possent,

909 1919 1032 1947 consulto
1054 1920 1209 1955 praeteribo.
1232 1919 1287 1947 Hoc
1313 1924 1418 1946 tantum
1445 1921 1573 1947 observes
1592 1921 1686 1950 velim,

910 1964 1017 1992 Celsum
1029 1984 1038 1998 ,
1063 1966 1086 1993 si
1101 1966 1172 2000 quod
1199 1966 1355 2001 praedictum
1371 1966 1453 1993 fuisse
1467 1966 1579 1992 credunt
1592 1965 1688 1997 Judaei,

911 2011 1047 2039 Christum
1062 2016 1209 2038 venturum
1224 2019 1296 2044 esse,
1320 2013 1448 2046 autquod
1461 2011 1618 2043 Christiani.
1631 2012 1687 2046 jam

910 2057 1027 2090 venisse,
1041 2056 1159 2085 refutare
1174 2063 1236 2092 apte
1250 2057 1334 2084 videri
1349 2057 1488 2089 voluisset,
1501 2058 1629 2085 debuisse
1643 2066 1689 2084 va-

910 2102 1001 2130 ticinia
1020 2110 1169 2130 Inetuorare
1181 2123 1189 2134 ,
1208 2103 1308 2137 quibus
1325 2105 1431 2137 utrique
1456 2103 1525 2130 inter
1548 2103 1574 2130 di
1593 2109 1688 2138 putan-

909 2147 974 2176 dum
989 2152 1111 2175 utnntnr.
1125 2148 1170 2175 Sic
1181 2149 1255 2175 enim
1270 2156 1337 2183 quos
1351 2153 1427 2183 putat
1441 2148 1631 2183 probabilitate
1645 2149 1689 2176 de-

909 2201 1012 2231 ceptos,
1027 2203 1042 2222 a
1062 2195 1113 2222 lide
1132 2196 1268 2222 vaticiniis
1283 2196 1452 2229 adjungt-nda
1476 2204 1612 2230 revocare,
1630 2202 1657 2224 et
1672 2207 1686 2223 ει

911 2243 1044 2270 sententia
1060 2249 1091 2269 ex
1111 2242 1334 2273 vaticiniisnata,
1361 2241 1452 2269 Jesum
1465 2250 1526 2270 esse
1539 2243 1684 2276 Chrisium.

911 2293 1034 2315 avertere
1051 2287 1123 2314 visus
1135 2286 1241 2314 fuisset.
1253 2287 1351 2314 Contra
1367 2287 1424 2320 ille,
1439 2287 1496 2314 sive
1512 2288 1638 2316 vaticinia
1655 2290 1689 2315 de

908 2333 1014 2361 Christo
1027 2332 1105 2369 503
1119 2332 1246 2367 defugere
1258 2340 1310 2360 nou
1327 2337 1430 2366 posset.
1443 2334 1499 2360 sive
1515 2341 1566 2360 non
1578 2334 1688 2361 omniuu

907 2385 1082 2414 cognosceret
1108 2385 1232 2413 quaenam
1254 2378 1288 2405 de
1316 2378 1361 2405 illo
1376 2383 1468 2405 essent
1492 2379 1637 2413 praedicta;
1654 2388 1688 2407 ne

908 2427 1019 2452 verbum
1036 2425 1145 2459 quidem
1161 2432 1177 2452 e
1190 2424 1325 2450 vaticiniis
1339 2424 1457 2458 profert,
1474 2432 1628 2458 quanquam
1645 2425 1709 2453 ιω.

911 2482 1023 2501 numera
1036 2475 1068 2500 de
1081 2473 1191 2500 Christo
1202 2472 1270 2504 sint;
1291 2477 1319 2498 et
1334 2472 1376 2498 illa
1392 2471 1441 2498 sibi
1467 2473 1630 2505 redarguere
1648 2472 1690 2499 vi-

911 2520 999 2551 detur,
1017 2525 1050 2545 ne
1072 2518 1193 2552 exposita
1208 2518 1333 2552 quidem,
1349 2525 1428 2551 quam
1445 2516 1498 2543 illis
1515 2517 1604 2543 inesse
1615 2517 1688 2551 judi-

911 2569 965 2597 εει,
981 2564 1180 2599 probabilitate.
1194 2563 1287 2597 Neque
1299 2563 1382 2590 etiant
1396 2563 1474 2590 scivit
1483 2570 1543 2590 eam
1559 2570 1613 2590 ιιοιι
1628 2570 1690 2590 σεξτ

945 2690 1000 2725 (27)
1017 2688 1128 2716 Δοκεῖν.
1140 2685 1248 2725 ᾒξθςίιιξ
1260 2684 1417 2725 Boherellus
1442 2686 1584 2725 delendum
1601 2691 1689 2725 putat.

935 2720 978 2753 uid
992 2720 1028 2751 sit
1048 2724 1118 2750 enim
1139 2720 1211 2752 ἔδοξε
1234 2720 1337 2752 δοκεῐν;
1363 2722 1464 2747 Ibidem
1486 2722 1549 2748 hbb.
1577 2723 1690 2754 excusi,

908 2755 965 2788 ἆπδ
989 2759 1038 2793 τῆς
1050 2759 1089 2790 εἰς
1105 2758 1140 2784 τὰ
1154 2755 1311 2790 προφητικά
1321 2773 1328 2785 ,
1356 2759 1403 2783 sed
1419 2763 1483 2783 mss.
1508 2761 1536 2783 ut
1551 2757 1577 2784 in
1598 2762 1691 2784 nostro

910 2801 1001 2866 ιθῖἕξ)
1024 2829 1070 2866 ἰιιιὶ
1079 2826 1166 2862 μηδέ.
1191 2824 1275 2866 Recte
1292 2824 1377 2851 codex
1398 2823 1531 2853 Julianus.
1550 2827 1590 2855 Ab
1609 2832 1688 2855 antea

909 2859 998 2894 cditis’
1013 2859 1119 2892 excidit
1140 2863 1234 2888 vocula
1263 2859 1291 2894 ἡ.
