1848 3091
181 115 248 144 £03!

901 117 1062 146 ORICE‘NIS

1711 127 1763 153 1οἥ

178 173 299 200 omnium
314 170 468 199 Jutlaaorum
481 173 655 204 sententiam,
670 173 807 201 Christum
818 194 826 206 ,
837 175 881 209 qui
896 183 935 202 vet

1009 176 1068 211 κὴν,
1086 177 1205 212 καίτοιγε
1221 178 1315 214 μυρίαι
1329 179 1388 206 ὅσαι
1405 180 1458 206 εισὶ
1479 181 1543 215 περὶ
1557 181 1684 216 Χριστοῦ·
1699 192 1763 220 κατη-

179 225 255 245 tnrus
274 221 325 248 est,
343 218 426 244 Deum
439 217 498 244 {ore
517 223 564 244 ant
585 217 631 245 Dei
647 217 756 252 Filium,
777 224 806 247 ut
817 220 872 253 jam
892 221 955 248 alibi

177 265 243 292 dixi.
259 264 359 290 Tamen
375 263 440 290 satis
455 270 514 290 esse
529 269 605 298 putat
618 265 742 292 retulisse
757 266 827 299 quod
840 266 955 293 dicimus

177 309 314 337 Christum
329 309 503 337 descendisse
514 330 522 342 ,
539 315 566 337 et
582 311 654 345 quod
676 310 762 338 Judaei
782 311 892 344 dicunt,
908 312 955 338 de-

177 361 336 380 seensurum
351 362 411 381 esse
423 362 467 388 qm
479 354 623 389 jttstilicet,
636 360 665 383 ut
680 357 706 384 id
721 358 799 391 quasi
823 362 901 393 turpe
915 359 955 384 vi-

177 404 282 432 tuperet
301 404 330 426 et
345 400 423 434 longa
448 399 610 428 refutatione
629 401 777 436 indignum.

1008 222 1098 258 γορεῐν
1121 223 1148 249 δὲ
1169 223 1253 250 οἴεται
1269 224 1321 250 τῶν
1338 225 1521 260 προφητικῶν,
1537 226 1597 262 μηδ’
1610 227 1642 261 ἢν
1668 228 1726 255 εἴποι
1739 231 1762 257 ἂν

1008 269 1108 301 ἐκεῖνος
1123 269 1286 304 πιθανότητα
1302 271 1389 297 αὐτῶν
1409 271 1561 307 ἐκθέμενος.
1588 273 1643 299 Οὐκ
1657 271 1703 300 οἶδε
1716 275 1763 310 μέν·

1008 314 1139 347 τοιγε,ὃτι
1154 315 1184 341 οὐ
1200 315 1270 341 πάνυ
1285 324 1311 342 τι
1334 316 1453 343 Ἰουδαῖοι
1465 317 1570 351 λέγουσι
1586 317 1651 344 Θεὸν
1665 319 1718 346 bina
1729 321 1762 348 τὸν

1007 360 1121 395 Χριστὸν
1137 361 1335 395 καταϐήσεσθαι
1350 361 1366 397 ἢ
1383 362 1450 388 Θεοῦ
1469 363 1544 394 Υἱὸν,
1561 363 1598 395 ὡς
1615 365 1661 391 καὶ
1685 367 1708 391 ἐν
1720 369 1762 398 τοῖς

1006 405 1132 441 ἀνωτέρω
1145 406 1304 441 εἰρήκαμεν.
1319 408 1372 433 Καὶ
1384 407 1467 433 εἰπὼν
1480 408 1560 434 αὐτὸν
1571 429 1578 440 ,
1591 409 1635 443 ὑφ’
1647 410 1715 444 ἡμῶν
1725 411 1761 445 μὲν

175 444 299 478 λέγεσθαι
313 445 526 481 καταϐεϐηκέναι
537 467 545 480 ,
559 447 611 473 ὑπὸ
631 448 763 476 Ἰουδαίων
777 449 806 476 δὲ
822 450 1022 486 καταϐήσεσθαι
1037 451 1190 487 δικαιωτήν.
1207 453 1374 489 Κατηγορεῑν
1386 453 1497 480 αὐτόθεν
1511 454 1596 481 οἴεται
1610 455 1657 481 τοῦ
1671 456 1763 491 λεγομέ-

174 499 230 523 νου,
246 491 284 523 ὼς
305 492 441 527 αἰσχίστου
457 495 504 521 καὶ
517 495 577 522 οὐδὲ
590 497 694 533 μακροῦ
709 497 820 534 ἐλέγχου
834 499 969 534 δεομένου.

209 539 236 566 5.
258 538 354 565 Postea
366 559 373 571 ,
392 549 401 565 ι
414 548 467 575 quo
483 543 596 570 consilio
607 563 615 576 ,
635 549 724 579 rogat,
750 545 819 573 Deus
837 547 889 573 huc
904 547 951 573 de-

174 585 342 612 scendisset?
356 594 365 610 ι
377 584 476 620 Nempe
487 587 591 621 ignorat
602 589 681 624 hujus
690 590 835 618 descensus
849 599 864 618 a
876 593 952 619 nobis

174 634 308 668 assignari
329 635 482 661 consilium.
505 636 641 670 Prwcipue
660 637 781 671 quidem,
801 642 830 664 ut
848 646 908 672 quae
924 639 949 665 in

174 680 321 714 Evangelia
338 681 466 708 dicuntur
480 689 544 710 oves
559 683 655 711 dornus
682 685 781 716 Israel.
808 691 950 714 converte-

173 732 288 760 rentur;
306 727 414 759 deinde,
433 732 461 754 ut
475 734 584 764 propter
600 730 704 757 illarum
735 731 949 758 incredulitatem

173 774 325 800 auferretur
339 775 372 801 ab
398 775 439 801 eis
467 776 538 809 quod
556 783 669 810 regnum
697 776 744 804 Dei
760 781 886 808 vocatur,
903 785 950 804 ex—

1040 547 1094 573 Καί
1121 556 1201 583 φησι·
1227 548 1294 580 «Τίς
1309 549 1324 574 ὁ
1345 548 1406 581 νοῦς
1429 549 1478 584 τῆς
1493 549 1597 576 τοιᾶσδε
1616 549 1720 577 καθόδου
1733 551 1762 586 τῷ

1004 592 1081 628 Θεῷ;
1097 602 1105 618 ι
1127 593 1175 628 οὐχ
1194 594 1275 629 ὁρῶν,
1295 595 1336 621 ὅτι
1359 595 1405 621 καὶ
1420 595 1479 621 καθ’
1495 596 1568 630 ἡμᾶς
1587 596 1644 621 ἐστι
1665 595 1710 630 τῆς
1725 605 1762 623 κα-

1004 639 1078 665 θόδου
1093 641 1107 665 ὁ
1125 639 1186 672 νοῦς
1197 660 1203 672 ,
1219 641 1428 676 προηγουμένως
1446 642 1494 676 μὲν
1507 642 1541 668 τὰ
1554 642 1684 677 λεγόμενα
1698 644 1721 669 ὲν
1732 643 1763 678 si)

1003 687 1159 722 Εὐαγγελίῳ
1174 688 1328 714 ἀπολωλότα
1344 688 1467 724 πρόϐατα
1489 688 1561 714 οἴκου
1583 689 1689 724 Ἰσραὴλ
1714 689 1762 715 ἑπι-

1002 732 1134 767 στρέψαι·
1165 732 1297 768 δευτέρως
1324 733 1353 759 δὲ
1381 733 1411 759 τὸ
1438 733 1481 759 διὰ
1499 733 1548 768 τὴν
1573 733 1683 760 ἐκείνων
1699 734 1762 760 ἀπεί-

1001 775 1075 802 θειαν
1102 775 1167 812 ἆραι
1187 777 1234 803 ἀπ’
1251 777 1338 804 αὐτῶν
1354 777 1402 813 τὴν
1422 778 1615 813 ὀνομασθεῖσαν
1643 778 1762 813 βασιλείαν

171 819 306 854 clusisque
331 821 427 854 priscis
452 821 569 854 Iudaeis,
590 809 706 850 daretur
731 823 792 850 aliis
810 824 935 858 agricolis

1006 822 1045 848 τοῦ
1075 809 1152 855 Θεοῦ,
1176 824 1223 850 καὶ
1249 823 1340 850 δοῦναι
1366 809 1454 856 ἇξλλοις
1469 809 1607 859 ’γεωργοῖς
1627 809 1699 861 παρὰ
1711 826 1763 857 τους

171 865 333 893 Christianis
358 867 498 899 nimirum,
513 868 559 902 qui
580 868 685 896 fructus
697 869 771 904 regni
791 869 849 901 Dei,
867 877 947 904 opera

170 913 297 939 nimirum
328 914 383 941 suis
409 922 521 949 quaeque
550 915 714 949 temporibus
741 916 794 942 Deo
818 916 947 943 reddituri

169 963 257 984 erant.
288 959 377 992 Atque
391 959 448 986 haec
469 967 554 993 pauca
575 960 607 986 de
631 959 722 986 multis
737 960 770 986 ad
788 960 856 987 hanc
877 960 946 988 Celsi

170 1002 419 1039 interrogationem,
449 1013 521 1040 uquo
544 1005 656 1033 consilio
682 1006 752 1033 Deus
768 1006 820 1033 huc
836 1006 948 1034 descen-

168 1049 261 1077 disset.
281 1060 290 1075 ι
322 1050 379 1077 Alia
398 1051 447 1078 sibi
475 1051 584 1086 quidem
606 1052 728 1086 reponit,
753 1052 800 1079 sed
823 1059 883 1087 qua".
898 1060 947 1080 nec

168 1094 266 1128 Judaei,
283 1103 333 1123 nec
349 1097 434 1123 nostri
450 1096 585 1131 dicerent;
602 1108 610 1123 ι
623 1106 685 1124 num
696 1118 704 1130 ,
717 1098 820 1132 inquit,
840 1103 870 1125 ut
886 1106 946 1133 qua:

169 1141 239 1168 inter
267 1142 390 1168 homines
420 1141 487 1168 ﬁunt
517 1142 678 1170 disceret?»
713 1143 797 1170 Nemo
824 1149 944 1170 nostrum

167 1186 240 1213 enim
259 1187 358 1214 dixerit
373 1187 512 1214 Christum
537 1188 589 1216 hue
613 1188 728 1220 venisse,
747 1190 776 1215 nt
796 1189 894 1216 certior
911 1189 945 1216 de

168 1232 248 1259 rebus
264 1232 388 1259 humanis
405 1233 493 1260 ﬁeret.
529 1233 629 1260 Tamen
645 1234 721 1267 quasi
743 1234 850 1269 quidam
869 1234 943 1262 dice-

166 1283 236 1309 rent,
257 1288 266 1304 ε
280 1284 307 1304 ut
326 1287 368 1306 res
381 1279 510 1306 humanas
526 1279 661 1312 disceret,
672 1289 681 1305 ι
703 1279 795 1314 objicit
810 1280 866 1314 ipse
881 1279 942 1312 sibi,

168 1333 178 1349 ε
190 1332 277 1351 annon
295 1325 518 1352 seicbatomnia?
535 1336 544 1351 ο
573 1325 639 1352 Tum
658 1326 737 1353 veluti
753 1333 880 1360 responso
895 1334 941 1354 ae-

165 1375 270 1404 eeptou
283 1370 405 1398 sricbat:
422 1380 431 1396 ι
452 1381 460 1397 ‹
471 1371 591 1403 Sciebat,
603 1381 612 1397 ι
626 1377 702 1405 rogat
718 1372 876 1404 illeiterum,
893 1381 902 1398 ι
915 1378 942 1400 et

164 1423 218 1443 non
239 1418 375 1448 correxit,
403 1425 453 1444 nee
477 1417 614 1452 corrigere
635 1423 694 1444 erat
715 1417 740 1444 in
767 1417 856 1444 divina
883 1418 941 1453 ejus

164 1463 318 1496 potestate?
334 1472 343 1488 ι
360 1463 460 1490 llorutu
480 1463 546 1490 nihil
568 1471 621 1490 non
636 1463 844 1497 ineptissimum.
864 1463 939 1490 Setn—
954 1482 974 1510 ϐ

165 1515 213 1541 per
228 1508 299 1534 enim
321 1508 391 1534 Deus
404 1512 430 1534 et
446 1508 594 1542 quibusque
610 1508 774 1542 temporibus
793 1507 879 1535 Verbo
891 1516 940 1536 suo

165 1552 192 1578 in
206 1557 314 1579 sanctas
333 1552 439 1579 animas
457 1553 637 1580 descendente
649 1557 677 1580 et
694 1553 795 1580 amicos
811 1553 864 1581 Deo
878 1561 940 1589 pro-

163 1599 312 1632 phetasque
323 1606 416 1632 compa
422 1603 498 1626 rante
508 1599 620 1633 corrigit
631 1599 787 1633 quicunque
799 1607 828 1627 se
839 1599 939 1627 dociles

163 1644 294 1678 przebeut,
309 1648 335 1670 et
349 1644 384 1671 ab
394 1644 512 1671 adventu
529 1644 629 1671 Christi
644 1644 800 1671 Christiana
816 1645 938 1672 doctrina

164 1691 248 1716 utitur
263 1691 296 1717 ad
320 1690 495 1725 corrigendos
509 1698 561 1718 non
576 1691 620 1725 qui
646 1690 748 1723 nolunt,
763 1692 810 1718 scd
822 1691 867 1726 qui
884 1699 938 1720 me-

161 1736 255 1762 liorem
277 1741 436 1771 gratamque
461 1736 515 1764 Deo
532 1736 614 1763 vitam
631 1736 741 1772 eligunt.
776 1736 828 1764 Sed
845 1738 938 1766 Celsus

161 1783 252 1808 nescio
277 1781 426 1816 cujusmodi
450 1782 642 1809 correctionem
666 1782 764 1809 faciam
788 1782 870 1810 fuisse
891 1791 938 1811 vo-

160 1828 217 1855 lcns
233 1837 240 1855 :
259 1837 267 1853 ε
281 1829 377 1855 Annon
392 1829 417 1855 in
429 1829 520 1855 divina
533 1828 590 1862 ejus
608 1832 753 1862 potestate,
768 1828 864 1862 inquit,
878 1834 937 1856 erat

159 1873 314 1906 corrigere,
347 1873 398 1900 nisi
424 1873 484 1907 quis
510 1873 621 1910 ad_hoc
645 1873 704 1899 data
733 1880 814 1907 opera
840 1874 937 1901 missus

159 1920 278 1947 inisset?
297 1929 305 1945 ι
332 1920 372 1946 An
390 1919 469 1946 vellet
486 1925 526 1952 ut,
551 1920 605 1947 Deo
621 1920 766 1954 nequitiam
782 1920 870 1946 subito
885 1920 934 1946 tol-

159 1966 231 1992 lente
246 1971 273 1992 et
290 1967 415 1992 virtutem
434 1966 580 1997 inserente,
608 1966 729 1992 homines
754 1966 829 1992 novis
846 1973 934 1992 rerum

158 2013 319 2047 imaginibus
333 2013 470 2046 conceptis
484 2012 714 2039 etnendarentur?
744 2011 771 2038 Id
799 2011 935 2046 quaasierit

158 2059 228 2085 alios
247 2067 280 2084 an
296 2063 398 2084 natura:
409 2058 443 2084 sit
457 2061 686 2088 consentaneum,
701 2064 735 2084 an
752 2057 811 2083 fieri
830 2055 932 2091 possit;

157 2112 207 2139 ego
216 2112 287 2136 vero,
296 2105 337 2131 lac
346 2111 424 2138 posse
434 2102 525 2139 ;5ο4
532 2103 576 2130 sed
586 2103 648 2136 quid
659 2102 744 2130 libero
751 2103 862 2130 arbitrio
871 2101 934 2129 ﬁet?

1000 869 1080 896 πάλαι
1100 869 1241 900 Ἰουδαίους
1258 869 1428 904 Χριστιανοῖς
1437 889 1444 900 ,
1456 870 1517 901 τοὺς
1531 871 1654 905 καρποὺς
1669 871 1714 906 τῆς
1725 871 1762 897 τοῦ

997 915 1063 942 Θεοῦ
1078 915 1213 950 βασιλείας
1230 915 1395 942 ἀποδώσουσι
1412 915 1450 950 τῷ
1461 915 1530 950 Θεῷ,
1544 916 1572 942 ἐν
1587 918 1644 947 τοῖς
1661 917 1763 951 ἑκάστης

997 961 1120 996 πράξεως
1127 961 1208 996 οὔσης
1219 962 1338 996 καρποὺς
1350 961 1399 995 τῆς
1412 961 1548 996 βασιλείας
1560 964 1676 997 καιροῖς.
1684 963 1763 997 Ἡμεῖς

998 1007 1047 1042 μὲν
1057 1005 1102 1033 οὖν
1114 1007 1167 1033 ἀπὸ
1177 1006 1306 1033 πλειόνων
1316 1006 1393 1040 ὀλίγα
1404 1006 1516 1041 εἴπομεν
1528 1007 1595 1042 πρὸς
1609 1007 1660 1042 τὴν
1673 1007 1762 1033 Κέλσου

996 1052 1092 1078 πεῦσιν
1115 1052 1251 1084 εἰπόντος·
1275 1052 1322 1084 Τίς
1339 1052 1392 1088 γὰρ
1415 1053 1429 1078 ό
1455 1052 1515 1084 νοῦς
1530 1053 1579 1088 τῆς
1602 1054 1707 1079 τοιᾶσδε
1721 1062 1764 1080 κα-

995 1096 1070 1122 θόδου
1084 1096 1123 1132 τῷ
1138 1096 1215 1131 Θεῷ;
1236 1097 1338 1129 Κέλσος
1361 1097 1388 1124 δὲ
1410 1097 1443 1124 τὰ
1459 1098 1526 1133 μήτε
1551 1097 1604 1124 ὑπὸ
1631 1098 1763 1130 Ἰουδαίων,

996 1139 1063 1174 μήτε
1089 1139 1132 1174 ὑφ’
1157 1140 1235 1175 ἡμῶν
1263 1140 1390 1175 λεχθέντα
1415 1140 1450 1167 ἂν
1472 1141 1559 1177 ἑαυτῷ
1583 1142 1762 1177 ἀποφαίνεται,

994 1184 1088 1219 λέγων,
1121 1195 1130 1210 ‹
1144 1186 1179 1211 Ἣ
1210 1186 1252 1212 ἵνα
1271 1187 1342 1223 μάθῃ
1364 1186 1398 1214 τὰ
1413 1188 1441 1213 ὲν
1462 1187 1636 1222 ἀνθρώποις;
1652 1198 1661 1214 ι
1683 1189 1763 1220 Οὐδεὶς

993 1231 1047 1266 γὰρ
1073 1231 1149 1266 ἡμῶν
1167 1240 1259 1267 φησιν,
1274 1232 1331 1263 ὅτι,
1349 1232 1391 1259 ἵνα
1413 1232 1488 1269 μάθῃ
1501 1233 1535 1258 τὰ
1552 1234 1580 1259 ὲν
1604 1233 1763 1269 ἀνθρώποις,

993 1277 1107 1312 Χριστὸς
1122 1278 1246 1313 ἐπιδημεῖ
1255 1277 1293 1313 τῷ
1306 1278 1363 1313 βίῳ.
1378 1276 1453 1310 Εἶτα,
1462 1278 1499 1310 ὡς
1513 1279 1645 1305 εἰπόντων
1657 1280 1687 1306 ἄν
1697 1288 1764 1305 τινων

992 1331 1007 1348 τ
1027 1341 1036 1354 ,
1047 1332 1057 1348 ι
1069 1323 1112 1349 ἴνα
1132 1323 1202 1359 μάθῃ
1217 1323 1251 1350 τὰ
1264 1325 1293 1350 ὲν
1307 1323 1468 1359 ἀνθρώποις,
1485 1334 1493 1350 ι
1507 1325 1596 1360 ἑαυτῷ
1619 1325 1764 1359 ἀνθυποςιέ-

992 1378 1033 1404 ρει
1057 1369 1123 1406 πρὸς
1143 1369 1219 1396 τοῦτο
1233 1369 1273 1402 τὸ,
1297 1380 1305 1395 ι
1321 1371 1357 1396 Οὐ
1372 1371 1425 1406 γὰρ
1437 1369 1490 1397 οἶδε
1504 1371 1609 1403 πάντα;
1635 1370 1716 1403 Εἶτα,
1733 1371 1764 1402 ὡς

991 1416 1135 1451 ἀποκρινου
1140 1416 1234 1451 μένων,
1251 1418 1291 1443 ὅτι
1304 1413 1367 1448 οἶδε,
1381 1427 1391 1442 ι
1409 1416 1489 1443 πάλιν
1508 1419 1655 1453 ὲπαπορεῖ,
1668 1418 1748 1451 λέγων
1757 1425 1763 1431 ·

990 1462 1031 1488 ὅτι
1048 1471 1056 1487 ι
1070 1460 1142 1498 Ἆρα
1155 1461 1206 1488 οἶδε
1223 1463 1281 1497 μὲν,
1297 1463 1346 1489 οὐκ
1362 1462 1506 1498 ἐπανορθοῖ
1520 1463 1574 1497 (29)
1585 1463 1617 1489 δὲ
1628 1483 1635 1495 ,
1650 1463 1703 1489 οὐδ’
1718 1460 1764 1488 οἷον

991 1516 1019 1534 τε
1033 1508 1106 1544 αὐτῷ
1125 1508 1184 1544 θείᾳ
1205 1508 1315 1544 δυνάμει
1336 1508 1519 1544 ἐπανορθοῦν;
1536 1519 1544 1533 ι
1564 1509 1622 1535 Καὶ
1637 1509 1723 1535 ταῦτα
1742 1508 1766 1535 δὲ

990 1557 1077 1583 πάντα
1093 1556 1196 1591 εὐήθως
1221 1555 1302 1589 λέγει.
1330 1555 1384 1582 Ἀεὶ
1406 1555 1459 1590 γὰρ
1482 1556 1496 1581 ό
1521 1556 1586 1587 Θεὸς
1614 1555 1656 1590 τῷ
1677 1554 1764 1581 ἑαυτοῦ

989 1601 1059 1634 λτίγῳ
1082 1599 1151 1626 κατὰ
1176 1600 1270 1633 γενεὰς
1296 1600 1335 1631 εις
1357 1600 1444 1635 ψυχὰς
1467 1600 1542 1631 ὁσίας
1569 1600 1765 1634 μεταϐαίνοντι,

989 1646 1035 1672 καὶ
1063 1646 1154 1680 φίλους
1187 1645 1253 1672 Θεοῦ
1281 1645 1326 1671 καὶ
1358 1645 1498 1680 προφήτας
1527 1645 1764 1677 κατασκευάζοντι,

989 1691 1132 1726 ἐπανορθοῖ
1150 1691 1211 1721 τοὺς
1232 1689 1378 1721 ἀκούοντας
1404 1690 1458 1716 τῶν
1485 1690 1660 1725 λεγομένων·
1679 1691 1724 1717 καὶ
1743 1690 1767 1715 ὲν

988 1739 1020 1772 τῇ
1037 1736 1153 1772 Χριστοῦ
1167 1737 1194 1763 δὲ
1209 1737 1340 1771 ἐπιδημίᾳ
1354 1735 1495 1771 ἐπανορθοί
1508 1734 1546 1770 τῷ
1557 1736 1632 1762 κατὰ
1642 1737 1766 1771 Χριστια-

987 1783 1081 1817 νισμὸν
1096 1783 1176 1817 λόγῳ,
1197 1782 1257 1817 οὐχὶ
1275 1782 1337 1813 τοὺς
1354 1782 1391 1817 μὴ
1407 1781 1584 1816 βουλομένους
1595 1802 1603 1813 ,
1628 1782 1699 1808 ἀλλὰ
1712 1782 1767 1813 τοὺς

987 1828 1031 1854 τὸν
1044 1828 1184 1863 κρείττονα
1199 1827 1255 1862 βίον
1269 1828 1314 1854 καὶ
1329 1827 1478 1862 ἀρέσκοντα
1491 1827 1530 1862 τῷ
1540 1826 1602 1862 Θεῷ
1613 1827 1765 1862 ἑλομένους.

987 1875 1044 1900 Οὐκ
1059 1872 1117 1900 οἶδα
1136 1874 1164 1900 δὲ
1180 1875 1225 1900 καὶ
1242 1874 1364 1908 ποταπὴν
1377 1872 1560 1908 ἐπανόρθωσιν
1578 1873 1743 1909 βουλόμενος
1756 1874 1767 1898 ὸ

986 1919 1088 1950 Κέλσος
1102 1918 1242 1953 γενέσθαι,
1265 1918 1422 1954 ὲπηπόρησε
1438 1918 1523 1952 λέγων
1547 1927 1556 1942 ι
1568 1915 1637 1954 'Ap‘
1653 1919 1704 1954 οὐχ
1718 1915 1767 1943 οἶόν

986 1974 1014 1991 τε
1029 1965 1101 1999 αὐτῷ
1117 1965 1228 2000 δυνάμει
1243 1964 1301 2000 θείᾳ
1320 1963 1493 2000 ἐπανορθοῦν,
1507 1963 1553 1990 ἐὰν
1567 1964 1607 1999 μὴ
1623 1964 1708 1998 φύσει
1719 1963 1766 1998 (50)

984 2011 1043 2037 τινὰ
1066 2011 1112 2036 ἐπὶ
1135 2010 1212 2036 τοῦτο
1237 2010 1347 2046 πέμψτμ
1361 2019 1369 2034 ι
1388 2007 1460 2044 Ἀρα
1481 2008 1534 2043 γὰρ
1556 2009 1641 2044 ἣθελε
1673 2018 1768 2044 φαντα-

986 2048 1135 2090 σιουμένοις
1159 2057 1215 2087 τοῖς
1234 2055 1383 2090 ἀνθρώποις
1405 2055 1457 2081 ὑπὸ
1480 2055 1559 2086 Θεοῦ,
1587 2056 1767 2091 ﬁnal-qth

986 2101 1035 2135 μὲν
1052 2100 1155 2136 ἁθρόως
1170 2100 1217 2136 τὴν
1242 2100 1348 2131 κακίαν,
1368 2099 1515 2135 ὲμφύοντος
1539 2100 1566 2126 δὲ
1589 2101 1643 2135 τὴν
1658 2102 1766 2136 ἀρετὴν,

157 2151 297 2183 Quomodo
317 2150 393 2177 laude
410 2151 489 2185 digna
504 2151 556 2178 erit
568 2150 630 2176 data
645 2148 755 2176 veritati
772 2147 934 2176 consensio?

1006 2145 1032 2181 ὴν
1047 2145 1228 2180 ἐπανόρθωσιν
1245 2144 1384 2178 γενέτθαι;
1413 2145 1507 2176 ’Λλλος
1525 2146 1573 2180 μὲν
1593 2144 1645 2172 οὖν
1659 2146 1767 2181 ζητήσει

156 2197 295 2229 Quomodo
319 2197 486 2223 mendacium
506 2196 625 2223 aversari
650 2197 676 2222 in
703 2195 780 2222 laude
799 2195 934 2228 ponetur?

156 2242 196 2269 Do
218 2247 282 2267 vero
297 2241 322 2268 id
343 2245 369 2266 et
382 2241 500 2275 potuisse
517 2245 545 2267 et
568 2240 690 2267 decuisse
706 2240 782 2272 lieni;
808 2243 836 2265 at
857 2245 932 2274 roget

156 2288 288 2321 quispiam
314 2286 420 2314 Celsmn
447 2286 578 2317 imitatus,
599 2285 719 2319 nunquid
736 2292 788 2311 non
809 2283 879 2311 Deus
891 2284 931 2311 di-

156 2334 217 2361 vina
233 2341 280 2361 sua
295 2334 392 2360 virtute
405 2333 535 2367 potuisset
557 2331 679 2358 homines
701 2331 734 2357 ab
751 2331 826 2357 initio
837 2335 931 2358 creare

154 2380 193 2406 ita
209 2379 303 2406 virtuti
322 2378 456 2408 addictos.
480 2378 516 2404 ita
543 2376 686 2412 perfectos.
710 2381 740 2403 ut
769 2375 839 2402 nulla
858 2380 931 2403 esset

155 2425 288 2460 nequitia,
323 2424 449 2458 nullaque
474 2423 541 2450 adeo
566 2423 736 2450 correctione
762 2421 930 2456 indigerent?

153 2468 216 2496 Haec
235 2468 371 2502 simplices
392 2468 509 2495 fortasse
519 2475 552 2494 ac
576 2467 668 2494 tardos
693 2473 851 2500 permovere
865 2473 928 2499 pos—

153 2516 225 2547 sint,
252 2524 304 2542 non
331 2515 393 2542 item
410 2523 470 2541 etnn
497 2514 543 2549 qui
572 2514 599 2540 in
618 2520 705 2539 rerum
726 2517 822 2539 natura
844 2512 930 2538 intro-

153 2562 242 2595 spicit.
262 2561 342 2587 l\'ovit
355 2561 425 2588 enim
443 2561 567 2588 virtutem
583 2564 677 2586 natura
692 2565 752 2585 esse
763 2565 846 2593 usque
859 2558 926 2584 adeo

187 2639 243 2673 (29:
269 2637 447 2671 Ἐπανορθοῖ.
477 2637 522 2664 Sic
541 2645 604 2664 mss.
625 2637 699 2664 Alias
713 2642 777 2662 vero
793 2635 820 2662 in
841 2639 926 2665 textu,

156 2673 243 2709 ὲπηνώ
247 2673 318 2708 ρθου.

188 2703 336 2743 (ὃθίγοκ,
361 2708 459 2743 φύσει,
488 2708 592 2734 videtur
620 2703 928 2743 Boherrello‘commode

152 2740 350 2777 posse-aheme,
363 2740 422 2777 qua:
435 2751 494 2769 eum
507 2743 556 2768 hac
568 2743 622 2775 ipsa
639 2742 734 2776 pagina
749 2740 790 2777 bis
802 2743 925 2777 ponatur,

153 2773 230 2803 ineilc
245 2779 330 2810 potuit
344 2773 396 2804 hoc
419 2773 688 2808 irrepsisseflnidem
705 2776 791 2810 codex
805 2773 927 2810 Julianus

153 2807 268 2845 secunda
285 2819 362 2837 manu
383 2807 620 2845 φαντασιουμένοις
635 2812 689 2842 τοῖς
709 2807 926 2845 ἀνθρώποις-υπὸ

153 2844 221 2871 θεοῦ
237 2843 413 2876 ἀπειληφότος
424 2866 430 2876 ,
458 2843 551 2873 melius
565 2854 630 2873 sane
646 2854 723 2878 qualn
745 2843 844 2871 habent
859 2843 924 2869 libb.

984 2191 1008 2216 εί
1024 2190 1177 2222 ἀκόλουθον,
1191 2190 1207 2225 ἢ
1223 2191 1247 2216 εἰ
1258 2190 1366 2216 δυνατόν
1381 2191 1436 2216 ἐστι
1450 2191 1482 2225 τῇ
1498 2191 1576 2223 φύσει
1590 2191 1622 2217 τὸ
1634 2191 1765 2218 τοιοῦτον·

983 2237 1063 2271 ἡμεῖς
1078 2237 1105 2262 δὲ
1127 2236 1248 2271 εἴποιμεν
1263 2236 1311 2268 ἂν,
1326 2237 1365 2262 ὅτι
1388 2236 1466 2267 ἔστω,
1491 2237 1536 2263 καὶ
1559 2236 1678 2263 δυνατὸν
1706 2235 1767 2262 αὐτὸ

983 2280 1062 2308 εἶναι.
1081 2282 1135 2308 Ποῦ
1152 2280 1197 2308 οὖν
1211 2282 1240 2308 τὸ
1253 2282 1295 2316 ἐφ’
1311 2283 1393 2317 ὴμῖν;
1415 2282 1460 2308 καὶ
1476 2282 1526 2308 ποῦ
1547 2283 1686 2317 ἐπαινετὴ
1706 2290 1765 2315 συτ-

983 2329 1126 2360 κατάθεσις
1144 2330 1210 2364 πρὸς
1230 2329 1260 2355 τὸ
1284 2329 1393 2363 ἁληθές;
1421 2328 1436 2362 ἢ
1460 2328 1594 2363 ἀποδεκτὴ
1624 2329 1766 2359 ἁνὰνευςις

982 2374 1035 2401 ἀπὸ
1059 2374 1106 2401 τοῦ
1127 2375 1257 2409 ψεύδουςς
1280 2374 1358 2400 Ἀλλὰ
1379 2374 1426 2400 καὶ
1447 2375 1470 2399 εἰ
1487 2373 1559 2406 ἅπαξ
1582 2374 1697 2409 δοθείη,
1724 2375 1767 2400 καὶ

981 2420 1090 2446 δυνατὸν
1117 2419 1204 2451 τοῦτο,
1231 2420 1277 2446 καὶ
1304 2419 1459 2454 πρεπόντως
1483 2419 1647 2453 γινόμενον·
1673 2420 1718 2446 διὰ
1743 2419 1766 2445 τί

980 2466 1039 2501 οὐχὶ
1069 2465 1167 2500 μᾶλλον
1194 2465 1303 2501 ζητήσει
1322 2473 1363 2496 ’τις
1385 2465 1434 2500 τὴν
1458 2464 1554 2499 ἀρχὴν,
1578 2465 1719 2499 ἀνάλογόν
1743 2474 1766 2491 τι

981 2511 1091 2545 φάσκων
1105 2511 1143 2546 τῷ
1155 2510 1258 2545 Κέλσῳ,
1276 2511 1315 2537 ὅτι
1334 2511 1382 2545 οὐχ
1395 2508 1448 2536 οἷόν
1464 2518 1493 2536 τε
1512 2508 1547 2545 ἦν
1568 2510 1612 2545 τῷ
1631 2511 1695 2546 Θεῷ
1711 2511 1766 2546 θείᾳ

980 2556 1089 2591 δυνάμει
1110 2555 1170 2590 μηδ’
1187 2555 1394 2590 ἐπανορθώσεως
1406 2555 1546 2589 δεομένους
1565 2555 1689 2591 ποιῆσαι
1707 2557 1765 2587 =05;

977 2634 1113 2667 impressi,
1123 2633 1366 2668 φαντασιουμένους
1377 2632 1438 2663 τοὺς
1449 2631 1614 2668 ἀνθρώπους
1631 2633 1689 2660 ὑπὸ
1701 2633 1764 2660 Θεοῦ

977 2668 1224 2704 ἀνειληφὸτοςημτο
1232 2667 1328 2704 quibus
1343 2667 1498 2704 Boltereltns
1512 2668 1624 2702 legebat
1639 2678 1647 2694 :
1667 2677 1765 2702 φαντα-

977 2701 1125 2738 σιουμένων
1140 2701 1194 2729 τῶν
1217 2702 1375 2738 ἀνθρώπων.
1393 2708 1444 2728 etc.
1460 2701 1537 2738 Alitut
1563 2708 1609 2729 est
1624 2722 1634 2735 ,
1653 2704 1764 2730 verbum

975 2736 1164 2774 ἀνειληφότος,
1180 2744 1225 2764 aut
1240 2736 1567 2774 ἀπειληφότοςηϐιιίειιιδ
1585 2738 1701 2774 nullum
1724 2739 1763 2765 hic

977 2771 1067 2801 locum
1076 2771 1177 2802 habere
1193 2777 1268 2807 putat
1279 2793 1286 2802 .
1299 2771 1389 2807 et‘legi
1407 2771 1460 2798 vult
1475 2772 1662 2808 ἀνῃρηκότος.
