1848 3091
87 168 96 194 l
103 167 156 196 033

671 162 813 192 CONTRA
830 162 969 191 CELSUM
986 163 1051 191 LIB.
1071 163 1115 191 ιν.

1646 159 1714 187 1054

83 225 247 260 ἀνθρώπους
258 245 265 256 ,
288 224 344 252 ἀλλ’
359 224 473 252 αὐτόθεν
496 223 655 255 σπουδαίους
679 224 725 250 καὶ
740 224 869 255 τελείους,

961 231 1054 255 ieram,
1070 228 1099 249 nt
1113 223 1220 251 sublata
1237 223 1373 255 libertate,
1389 222 1447 257 ipsa
1459 229 1475 250 e
1489 222 1578 249 medio
1593 221 1714 249 tollatur.

87 273 150 299 οὐδὲ
174 272 223 308 τὴν
249 272 336 307 ἀρχὴν
353 270 509 306 ὑποστάσης
536 271 585 305 τῆς
606 270 723 302 κακίας;
741 270 833 296 Ταῦτα
855 270 876 296 δ’

91 317 199 349 ἰδιώτας
218 318 267 352 μὲν
287 318 334 344 καὶ
346 317 492 348 ἀδυνάτους
503 316 556 352 (3|)
569 316 679 343 δύναται
696 316 878 352 συναρπάσαι,

83 362 115 389 οὺ
129 361 182 397 μὴν
198 361 304 388 καὶτὸν
322 360 457 396 ἐνορῶντα
475 362 508 396 τῇ
529 361 608 395 φύσει
625 361 679 387 τῶν
691 361 862 396 πραγμάτων
872 369 878 375 ⁸

83 407 125 434 δτι
138 407 239 443 ἀρετῆς
254 407 302 441 μὲν
318 407 364 433 ἐὰν
376 406 472 442 ἀνέλῃς
483 407 513 432 τὸ
528 406 662 438 ἑκούσιον,
675 406 780 438 ἀνεῖλες
794 406 879 440 αὐτῆς

83 454 131 480 καὶ
158 452 205 488 τὴν
231 452 344 479 οὖσίαν·
368 452 433 487 ὅλης
461 451 483 478 δ’
509 453 549 483 είς
577 452 664 478 ταῦτα
687 452 877 487 πραγματείας

83 498 163 534 χρεία
176 506 183 513 ·
205 498 271 533 περὶ
286 496 319 534 ἧς
336 498 386 524 οὐκ
401 496 478 531 ὀλίγα
492 497 521 523 ἐν
533 498 587 528 τοῖς
603 497 666 531 περὶ
681 497 812 532 Προνοίας
832 496 878 522 καὶ

84 543 214 578 Ἓλληνες
244 544 404 579 είρήκασιν’
438 543 463 568 οἱ
490 542 527 577 μὴ
554 543 677 574 εἰπόντες
703 542 752 574 ἂν,
770 541 841 577 ὅπερ
864 543 878 568 ὁ

931 268 1031 295 Verum
1055 269 1105 296 hac
1123 270 1155 296 de
1180 277 1209 296 re
1240 273 1294 296 toto
1314 275 1430 296 tractatu
1450 275 1515 303 opus
1535 273 1618 296 esset.
1639 267 1716 295 lianc

931 314 1019 341 Graeci
1047 315 1073 341 in
1097 315 1153 342 suis
1171 315 1203 341 de
1220 314 1394 342 Providentia
1412 314 1486 342 libris
1502 314 1561 341 l'use
1580 319 1717 342 tractave-

932 365 1005 391 runt,
1024 361 1067 387 ubi
1085 361 1197 387 multum
1214 361 1290 388 abest
1305 366 1332 387 ut
1347 361 1438 388 dicant
1454 362 1526 396 quod
1546 361 1589 388 hie
1602 360 1696 388 Celsus
1710 371 1716 388 :

936 414 945 430 ι
957 405 1067 432 Sciebat
1092 406 1174 440 igitur
1189 406 1233 433 ille
1248 411 1273 432 et
1299 414 1350 433 non
1366 407 1496 438 correxit,
1512 414 1563 434 nec
1581 406 1608 433 in
1625 406 1718 433 divina

936 453 995 486 ejus
1015 456 1151 486 potestate
1166 457 1225 479 erat
1245 453 1390 487 corrigere.
1405 462 1415 478 ι
1437 452 1506 485 Quin
1522 457 1548 479 et
1566 460 1616 487 ego
1631 459 1718 486 quan-

934 502 989 524 tntn
1016 499 1089 532 pntui
1112 498 1145 524 de
1171 498 1204 524 iis
1216 505 1287 532 saepe
1310 505 1464 525 sermonem
1483 498 1552 530 feci,
1578 503 1605 526 et
1622 499 1719 526 divinae

934 542 1080 577 Scriptura:
1104 543 1198 570 eadem
1213 546 1389 576 conlirmant,
1417 544 1497 571 modo
1521 545 1718 579 intelligantur.

81 589 186 621 Κέλσος
215 589 321 621 ἐξέθετο
351 589 455 623 λέγων·
483 587 565 615 «Οἵδε
591 588 639 624 μὲν
670 586 727 620 οὖν,
748 588 798 614 οὐκ
818 588 963 624 ἐπανορθοῖ
987 589 1026 621 δὲ,
1049 590 1078 616 οὐ
1101 589 1122 615 δ’
1142 586 1197 616 οἷόν
1223 598 1253 615 τε
1284 590 1358 624 αὐτῷ
1385 590 1498 626 δυνάμει
1525 590 1585 627 θείᾳ
1603 593 1718 627 ἐπανορ-

81 636 156 664 θοῦν.
170 647 179 662 ι
201 637 255 664 Καὶ
272 638 352 672 ἡμεῖς
365 636 394 663 δὲ
415 636 549 672 πολλαχοῦ
574 635 646 662 κατὰ
667 635 698 662 τὸ
722 635 832 662 δυνατὸν
851 636 917 670 ἡμῖν
934 637 1083 672 εἰρήκαμεν
1108 637 1172 673 περὶ
1195 636 1313 669 τούτων,
1330 638 1376 664 καὶ
1407 639 1431 663 οἱ
1463 638 1529 664 θεῖοι
1558 638 1630 673 λόγοι
1661 639 1718 670 τοῖς

81 682 192 711 ἀκούειν
208 682 367 718 δυναμένοις
386 682 475 710 αὐτῶν
490 683 675 718 παρέστησαν.

118 729 262 762 Δελέξεται
278 727 338 761 οὖν,
353 730 422 765 ὅπερ
440 730 506 766 ἡμῖν
521 730 568 756 καὶ⁴
587 730 722 761 Ἰουδαίοις
741 730 874 766 προσάγει

80 775 95 801 ὁ
109 774 230 806 Κέλσος,
249 775 295 801 καὶ
311 775 378 811 πρὸς
390 775 481 808 αὐτὸν,
506 776 546 802 ὅτι
562 773 644 812 Ἄρα,
660 773 682 802 ὧ
696 773 788 808 οὗτος,
804 775 875 803 οἶδεν

81 820 96 846 ὁ
124 820 171 847 ἐπὶ
197 821 264 847 πᾶσι
290 821 355 853 Θεὸς
376 821 410 848 τὰ
435 822 464 850 ὲν
485 823 656 858 ἀνθρώποις,
682 822 697 858 ἢ
722 823 772 850 οὐκ
786 820 873 855 οἷδεν;

90 865 161 892 Ἀλλ’
176 865 256 901 εἴπερ
281 867 359 902 τίθης
375 866 444 894 εἶναι
457 868 523 895 Θεὸν
541 869 587 896 καὶ
608 869 749 904 Πρόνοιαν,
768 869 805 901 ὡς
824 870 873 904 ἐμ-

85 911 176 945 φαίνει
200 920 246 938 σου
268 911 297 938 τὸ
312 912 480 948 σύγγραμμα
489 933 497 945 ,
511 914 658 948 ἀναγκαῖον
670 914 752 940 αὑτὸν
765 914 872 940 εἰδέναι.

84 958 117 983 Εἰ
135 957 158 983 δ’
170 955 234 989 οἶδε,
254 956 298 983 διὰ
317 957 342 984 τί
363 959 412 985 οὐκ
441 959 603 995 ὲπανορθοῖ;
622 961 656 986 Ἣ
676 960 742 995 ἡμῖν
759 959 806 994 μὲν
827 960 874 986 ὰν-

84 1003 202 1036 αγκαῖον
215 1003 406 1037 ἀπολογεῖσθαι
419 1003 463 1030 διὰ
474 1004 501 1030 τί
511 1004 587 1036 είδὼς
597 1005 646 1031 οὐκ
658 1004 816 1039 ἐπανορθοῖ·
834 1005 875 1031 σοὶ

82 1048 112 1074 δὲ
125 1068 132 1079 ,
165 1048 202 1083 μὴ
224 1048 295 1075 πάνυ
316 1049 474 1083 ἐμφαίνοντι
490 1049 585 1078 διὰτοῦ
598 1049 812 1087 συγγράμματος
829 1049 874 1076 τὸν

95 1093 294 1129 Ἐπικούρειον,
323 1094 389 1121 ἀλλὰ
416 1095 638 1130 προσποιουμένῳ
654 1095 784 1130 Πρόνοιαν
809 1095 875 1121 εἰδέ-

79 1149 140 1176 -ναι,
168 1141 218 1167 οὐκ
239 1140 337 1175 ἐπίσης
353 1140 504 1172 λελέξεται,
527 1141 571 1167 διὰ
588 1140 613 1167 τί
633 1140 710 1172 εἰδὼς
729 1140 763 1167 τὰ
777 1141 806 1166 ὲν
829 1141 875 1167 ἀν-

81 1186 205 1221 θρώποις
222 1186 310 1213 πάντα
336 1188 350 1212 ὸ
374 1186 440 1218 Θεὸς
462 1187 512 1213 οὐκ
544 1186 707 1222 ἐπανορθοῖ,
731 1186 791 1213 οὐδὲ
814 1187 875 1223 θείᾳ

80 1233 197 1267 δυνάμει
219 1232 387 1258 ἀπαλλάσσει
404 1232 508 1264 πάντας
530 1232 579 1267 τῆς
597 1232 713 1264 κακίας;
743 1232 812 1258 Ἀλλ’
825 1233 874 1259 οὐκ

80 1278 267 1314 αἰσχυνόμεθα
289 1278 379 1312 λέγειν
396 1278 462 1313 (32),
480 1278 521 1304 ὅτι
542 1278 586 1304 ἀεὶ
610 1278 658 1313 μὲν
684 1278 787 1313 πέμπει
811 1279 875 1311 τοὺς

80 1323 367 1359 ὲπανορθωσομένους.
397 1324 428 1350 Oi
457 1324 513 1359 γὶιρ
530 1323 576 1350 ἐπὶ
602 1323 637 1349 τὰ
660 1323 787 1358 βέλτιστα
810 1332 876 1359 προ-

80 1368 243 1404 καλούμενοι
264 1369 348 1403 λόγοι,
369 1369 436 1395 Θεοῦ
456 1368 555 1399 αὐτοὺς
576 1368 737 1401 δεδωκότος,
759 1370 826 1396 εἰσὶν
846 1371 875 1396 ὲν

80 1411 247 1447 ἀνθρώποις.
280 1413 350 1448 Ἤδη
382 1413 410 1438 δὲ
433 1413 487 1439 τῶν
512 1413 729 1448 διακονουμένων
753 1414 792 1450 τῷ
815 1414 875 1450 Θεῷ

80 1458 180 1485 πολλαί
195 1459 248 1485 εισι
264 1459 407 1493 διαφοραὶ,
428 1460 474 1486 καὶ
492 1459 577 1494 ὀλίγοι
598 1461 666 1486 είσὶν
681 1461 706 1486 ot
720 1460 806 1496 πάντη
826 1469 875 1487 κα-

963 728 991 756 4.
1012 728 1087 761 Quod
1111 728 1194 763 igitur
1211 728 1290 755 nobis
1312 727 1468 762 .ludzeisque
1494 727 1590 756 Celsus
1613 729 1716 763 objicit,

929 774 1001 801 idetn
1018 778 1113 801 contra
1134 773 1222 808 ipsum
1237 773 1421 802 adhibebitur.
1443 773 1491 802 Dic
1503 774 1586 808 enim,
1601 782 1617 802 ο
1638 776 1718 808 bone,

930 820 1000 847 Deus
1022 820 1134 847 novitne
1153 826 1198 846 res
1221 819 1365 851 humanas,
1381 820 1492 847 annon?
1518 821 1541 848 si
1570 821 1653 848 Deum
1672 822 1718 848 ad-

931 865 1039 892 miseris
1057 870 1084 893 et
1097 864 1312 896 Providentiam,
1329 869 1356 892 ut
1371 872 1404 892 ex
1419 869 1464 893 tuo
1478 867 1580 900 scripto
1593 866 1718 900 judicare

927 911 1001 943 licet,
1016 916 1095 938 notas
1109 911 1145 938 illi
1161 918 1221 938 esse
1236 911 1348 938 fatearis
1369 918 1482 939 necesse
1500 917 1553 939 est.
1570 911 1617 939 Sin
1631 913 1717 946 novit,

927 965 977 985 cur
994 965 1046 984 non
1064 957 1198 992 corrigit?
1218 957 1259 984 An
1275 957 1355 985 nobis
1368 958 1554 985 necessarium
1566 963 1609 985 est
1619 966 1717 986 causas

927 1003 1050 1035 reddere,
1065 1011 1114 1030 cur
1138 1003 1271 1031 humanas
1298 1010 1342 1031 res
1370 1011 1423 1030 non
1440 1003 1578 1038 corrigat,
1604 1005 1715 1032 tametsi

926 1049 1084 1082 cognoscit;
1100 1054 1128 1075 tu
1141 1057 1217 1082 vero,
1229 1050 1275 1084 qui
1291 1049 1317 1076 in
1335 1053 1380 1075 tuo
1392 1049 1496 1084 scripto
1514 1054 1539 1076 te
1552 1049 1715 1084 Epicureum

927 1100 980 1120 non
1010 1098 1102 1128 aperte
1130 1095 1233 1128 prodis,
1259 1094 1305 1120 sed
1333 1093 1536 1120 Providentiam
1566 1101 1716 1128 agnoscere

927 1139 1049 1172 simulas,
1063 1139 1155 1167 dicere
1170 1147 1224 1167 non
1245 1140 1357 1173 teneris,
1370 1147 1419 1166 cur
1435 1139 1507 1166 Deus
1522 1140 1656 1167 humanas
1673 1147 1716 1166 res

928 1190 1086 1220 perspectas
1111 1185 1214 1213 habens
1230 1194 1282 1213 non
1309 1186 1455 1218 emendet,
1481 1193 1531 1213 nec
1555 1193 1648 1213 omnes
1668 1193 1716 1212 ne-

929 1232 1013 1266 quitia
1035 1231 1132 1258 liberet
1152 1231 1241 1258 divina
1259 1232 1411 1267 potestate?
1434 1231 1469 1258 At
1484 1239 1534 1259 nos
1547 1232 1639 1259 dicere
1662 1241 1713 1258 non

929 1277 1094 1309 dubitamus,
1111 1285 1125 1304 a
1140 1278 1194 1305 Deo
1207 1285 1315 1312 semper
1329 1278 1398 1304 mitti
1414 1277 1457 1312 qui
1474 1277 1625 1312 corrigant.
1643 1278 1715 1304 Sunt

926 1322 999 1349 enim
1028 1322 1100 1349 inter
1127 1322 1252 1350 homines
1266 1323 1427 1350 documenta
1454 1323 1521 1357 ipsis
1537 1331 1551 1349 a
1570 1323 1623 1350 Deo
1641 1324 1712 1355 data,

926 1368 1025 1403 quibus
1046 1368 1078 1395 ad
1095 1369 1196 1402 optima
1227 1374 1425 1403 provoceutur;
1456 1377 1612 1404 quanquam
1644 1371 1715 1399 inter

927 1414 1075 1446 ministros,
1091 1414 1189 1448 quibus
1208 1415 1294 1442 utitur
1319 1416 1405 1447 Deus,
1429 1417 1541 1443 nmltum
1558 1417 1595 1444 sit
1615 1418 1714 1445 discri-

927 1458 1021 1486 minis.
1042 1459 1148 1493 Quippe
1161 1463 1226 1486 sunt
1246 1460 1324 1493 pauci
1337 1461 1383 1494 qui
1400 1468 1467 1494 pure
1480 1461 1591 1489 omnino
1611 1463 1714 1490 verita-

80 1504 175 1539 θαρῶς
197 1504 393 1540 πρεσϐεύοντες
405 1505 439 1531 τὰ
452 1505 502 1540 τῆς
520 1505 649 1541 ἀληθείας
659 1527 665 1536 ,
679 1506 726 1532 καὶ
739 1505 788 1541 τὴν
803 1515 869 1533 παν-

961 1512 981 1531 n
1009 1505 1126 1532 doceant
1153 1508 1180 1531 et
1209 1504 1363 1532 hominibus
1396 1507 1516 1540 perfecte
1543 1507 1713 1542 corrigendis

77 1550 146 1585 τελῆ
167 1550 354 1586 ἐπανόρθωσιν
384 1547 577 1587 ἐργαζόμενοι·
607 1552 693 1578 ὁποῖοι
707 1550 776 1588 ἦσαν
790 1553 873 1579 Μωῦ-

79 1597 132 1632 σῆς
147 1597 195 1624 καὶ
213 1598 238 1624 οἱ
259 1597 406 1633 προφῆται.
438 1598 517 1633 Παρὰ
531 1598 559 1624 δὲ
580 1598 691 1630 τούτους
705 1599 808 1630 πάντας
827 1607 874 1634 με-

77 1644 152 1679 γάλη
171 1645 188 1679 ἡ
210 1643 254 1670 διὰ
268 1643 316 1670 τοῦ
336 1643 423 1679 Ἰησοῦ
438 1643 624 1679 ἐπανόρθωσις
645 1644 675 1670 οὐ
693 1646 757 1676 τοὺς
780 1646 808 1671 εν
824 1646 874 1681 μιᾷ

77 1690 170 1726 γωνίᾳ
193 1690 243 1726 τῆς
269 1689 432 1725 οἰκουμένης
460 1689 636 1724 βουληθέντος
669 1690 765 1724 μόνους
793 1690 874 1726 θερα-

78 1735 228 1768 πεύεσθαι,
255 1735 334 1768 ἀλλὰ,
354 1734 385 1761 τὸ
403 1735 463 1761 ὅσον
477 1735 519 1760 ἐπ’
539 1734 622 1769 αὐτῷ,
642 1735 689 1760 καὶ
702 1735 766 1766 τοὺς
776 1744 873 1762 παντα-

78 1781 129 1817 χοῦ
143 1791 151 1797 ·
170 1781 266 1817 Σωτὴρ
281 1781 336 1816 γὰρ
354 1778 418 1816 ἦλθε
431 1780 540 1807 πάντων
554 1780 714 1816 ἀνθρώπων,

114 1827 197 1854 Μετὰ
210 1826 287 1853 ταῦθ’
301 1828 315 1854 ό
324 1826 511 1860 γενναιότατος
524 1826 640 1858 Κέλσος,
653 1826 703 1852 οὐκ
713 1823 760 1853 οἷδ’
775 1825 872 1853 ὁπόθεν

75 1870 183 1902 λαϐὼν,
196 1873 330 1907 ἐπαπορεϊ
341 1871 409 1906 πρὸς
421 1872 494 1907 ἡμᾶς
505 1870 542 1902 ὼς
555 1871 698 1905 λέγοντας,
713 1871 754 1898 ὅτι
771 1881 780 1897 ‹
792 1871 873 1903 αὐτὸς

75 1918 188 1945 κάτεισι
203 1917 270 1952 πρὸς
288 1917 446 1953 ἀνθρώπους
457 1917 470 1943 ό
484 1917 577 1948 Θεός.)
597 1917 651 1943 Καὶ
667 1917 752 1944 οἴεται
761 1917 872 1944 ἀκολου-

75 1962 137 1989 θεῖν
152 1961 241 1997 τούτῳ
251 1962 292 1994 τὸ,
304 1971 313 1987 ι
325 1961 373 1997 τὴν
384 1960 480 1988 ἑαυτοῦ
499 1961 579 1997 ἕδραν
590 1961 670 1989 αὐτὸν
679 1961 847 1988 καταλιπεῖν.
861 1971 869 1987 ι

74 2008 116 2036 οο
132 2009 193 2046 γὰρ
205 2006 259 2034 οἵδε
275 2007 388 2042 δύναμιν
402 2006 481 2039 Θεοῦ,
502 2007 548 2033 καὶ
565 2008 606 2033 ὅτι
623 2017 632 2032 ι
642 2007 754 2042 Πνεῦμα
769 2007 871 2042 Κυρίου

74 2053 172 2088 πεπλή
178 2061 250 2089 ρωκε
259 2053 308 2088 τὴν
318 2052 480 2088 οἰκουμένην
489 2060 496 2067 ο
509 2052 556 2078 καὶ
570 2052 602 2078 τὸ
619 2052 730 2087 συνέχον
740 2052 774 2078 τὰ
783 2053 872 2080 πάντα

73 2099 183 2134 γνῶσιν
196 2098 252 2133 ἔχει
263 2098 363 2133 φωνῆς.
375 2108 384 2123 ι
399 2098 467 2124 Οὐδὲ
478 2099 594 2124 συνιέναι
603 2098 714 2124 δύναται
728 2100 762 2126 τὸ
784 2108 793 2124 ‹
805 2098 872 2133 Οὐχὶ

73 2145 124 2172 τὸν
146 2144 263 2180 οὐρανὸν
282 2144 330 2170 καὶ
355 2144 404 2179 τὴν
435 2144 487 2178 γῆν
511 2143 566 2177 ἐγὼ
585 2143 690 2178 πληρῶ,
715 2142 789 2177 λέγει
813 2143 870 2171 Κύ-

927 1551 992 1577 dent
1007 1557 1130 1585 operam.
1151 1550 1310 1585 Hujusmodi
1326 1550 1432 1586 Moyses
1448 1556 1475 1579 et
1497 1554 1636 1587 propheta:
1652 1554 1713 1581 l‘uc-

926 1600 1012 1622 runt:
1031 1595 1078 1622 sed
1104 1595 1130 1622 in
1159 1596 1211 1622 hoc
1237 1595 1392 1630 corrigendi
1408 1596 1629 1634 negotio'omuqs
1652 1598 1713 1625 illos

925 1640 1003 1676 longe
1027 1641 1165 1676 superavit
1191 1640 1289 1673 Jesus,
1318 1641 1364 1675 qui
1392 1649 1446 1668 non
1475 1643 1555 1669 unius
1579 1650 1710 1671 tui-rarum
1759 1670 1763 1673 _

925 1687 1017 1722 anguli
1034 1687 1151 1719 incolas,
1166 1687 1213 1714 sed
1228 1695 1321 1715 omnes
1340 1688 1459 1722 undique
1483 1695 1613 1723 quantum
1639 1691 1665 1717 in
1682 1699 1712 1718 se

924 1732 986 1765 luit,
1003 1737 1113 1760 sanatos
1127 1733 1219 1760 voluit.
1242 1732 1320 1760 Venit
1339 1735 1412 1760 enim
1431 1738 1460 1761 ut
1475 1736 1595 1762 omnium
1625 1736 1712 1764 homi-

925 1786 989 1805 num
1006 1778 1131 1806 Salvator
1150 1783 1235 1806 esset.

965 1824 992 1851 5.
1015 1825 1116 1852 Deinde
1131 1825 1256 1859 egregius
1271 1824 1315 1851 ille
1331 1824 1373 1851 vir
1385 1825 1478 1853 nescio
1497 1826 1567 1853 unde
1587 1827 1710 1854 occasio-

924 1875 986 1895 nem
1015 1874 1112 1896 nactus
1139 1870 1317 1904 qutestionem
1350 1870 1480 1897 adversus
1516 1879 1565 1898 nos
1604 1877 1708 1905 movet,

926 1906 1003 1948 quasi
1029 1914 1181 1942 diceremus
1216 1915 1320 1943 «Deum
1347 1917 1432 1950 ipsum
1459 1915 1491 1942 ad
1523 1924 1572 1944 nos
1597 1917 1710 1944 descen-

923 1967 1017 1987 surum
1044 1967 1113 1987 esse.
1130 1970 1139 1986 ι
1175 1959 1251 1988 Unde
1277 1961 1404 1996 consequi
1438 1966 1528 1995 putat,
1554 1967 1603 1988 «ut
1631 1970 1709 1990 suum

924 2005 974 2040 ipsi
997 2005 1093 2032 solium
1110 2005 1288 2033 deserendum
1311 2006 1403 2033 fuerit.
1421 2015 1430 2032 ι
1451 2006 1543 2033 Nescit
1563 2007 1634 2034 enim
1650 2015 1711 2041 quae

923 2051 970 2079 Dei
987 2053 1020 2079 sit
1037 2056 1175 2086 potestas,
1200 2054 1287 2080 nescit
1313 2063 1322 2078 ι
1337 2053 1467 2087 Spiritum
1482 2053 1586 2080 Domini
1605 2054 1709 2088 rcplcre

923 2098 1017 2124 orbem
1029 2090 1172 2124 terrarum
1186 2103 1213 2126 et
1229 2099 1280 2125 hoc
1291 2098 1364 2132 quod
1377 2099 1500 2126 continet
1513 2099 1603 2126 omnia
1620 2099 1708 2126 scien-

924 2143 989 2169 tiam
1007 2143 1107 2170 habere
1121 2144 1194 2171 vocis
1202 2144 1236 2170 “.
1251 2153 1261 2169 ›
1282 2143 1376 2178 Neque
1389 2152 1487 2178 capere
1503 2149 1593 2179 potest
1615 2145 1686 2172 istud
1700 2154 1706 2172 :

75 2199 156 2228 ριοςς
205 2190 272 2216 Οὐδὲ
289 2190 392 2224 βλέπει,
410 2190 450 2216 ὅτι
469 2189 539 2216 κατὰ
552 2189 597 2215 τὸν
610 2189 779 2224 Χριστιανῶν
793 2189 869 2224 λόγον

961 2188 1004 2223 )5
1025 2197 1034 2213 ι
1054 2187 1180 2222 Nunquid
1196 2196 1249 2216 non
1267 2190 1364 2216 caelum
1376 2194 1403 2217 et
1422 2195 1521 2217 terram
1535 2198 1585 2225 ego
1599 2190 1707 2225 impleoI

72 2239 99 2264 οἱ
116 2237 222 2268 πάντες
238 2237 266 2262 ἐν
278 2235 352 2270 αὐτῷ
368 2235 467 2270 ζῶμεν,
477 2235 524 2261 καὶ
541 2234 697 2269 κινούμεθα,
709 2235 756 2262 καὶ¹
775 2236 868 2270 ἐσμὲν,

72 2283 114 2314 ὡς
138 2282 190 2308 καὶ
214 2281 320 2312 Παῦλος
346 2282 374 2307 ὲν
389 2282 421 2316 τῇ
446 2280 514 2315 πρὸς
535 2279 692 2314 Ἀθηναίους
716 2280 870 2316 δημηγορίᾳ

73 2327 195 2360 ἐδίδαξε.
214 2327 274 2354 Κᾶν
289 2327 302 2354 ὁ
318 2327 384 2357 Θεὸς
399 2326 487 2352 τοίνυν
503 2325 556 2352 τῶν
572 2326 639 2352 ὃλων
655 2327 688 2361 τῇ
712 2327 809 2353 ἑαυτοῦ
825 2327 870 2354 δυ-

72 2375 161 2410 νάμει
177 2372 380 2408 συγκαταϐαίνῃ
399 2372 452 2407 (35)
468 2371 507 2406 τῷ
530 2371 617 2407 Ἰησοῦ
633 2372 673 2403 είς
692 2372 736 2398 τὸν
751 2372 804 2399 τῶν
824 2373 871 2400 ἀν-

73 2421 199 2457 θρώπων
217 2419 283 2454 βίον,
300 2419 351 2445 κᾶν
370 2419 384 2444 ὁ
408 2420 436 2445 ὲν
456 2418 527 2453 ἀρχῇ
545 2417 612 2453 πρὸς
628 2417 672 2444 τὸν
689 2417 754 2444 θεὸν
773 2418 868 2452 Λόγος,

72 2465 145 2497 Θεὸς
163 2465 210 2491 καὶ
225 2464 305 2495 αὐτὸς
320 2463 367 2496 ὢν,
385 2463 498 2500 ἔρχηται
512 2464 579 2499 πρὸς
595 2464 668 2498 ἡμᾶς
678 2471 684 2478 ·
701 2463 751 2489 οὐκ
764 2463 870 2499 ἔξεδρος

71 2511 196 2546 γίνεται,
210 2510 269 2536 οὐδὲ
283 2509 440 2536 καταλείπει
454 2509 502 2545 τὴν
519 2508 614 2535 ἑαυτοῦ
634 2509 731 2545 ἕδραν⁸
753 2509 791 2541 ὥς
809 2518 870 2536 τινα

71 2556 127 2593 μὲν
145 2556 230 2582 τόπον
246 2555 322 2581 κενὸν
342 2555 424 2582 αὐτοῦ
446 2554 524 2586 εἶναι,
548 2555 639 2590 ἕτερον
665 2555 693 2581 δὲ
717 2555 817 2591 πλήρη,
838 2556 868 2582 οὐ

70 2601 214 2636 πρότερον
239 2600 319 2626 αὐτὸν
345 2600 450 2635 ἔχοντα.
481 2599 623 2634 Ἐπιδημεῖ
645 2599 673 2625 δὲ
692 2598 805 2634 δύναμις
822 2599 869 2625 καὶ

70 2647 176 2682 θεότης
189 2645 257 2671 Θεοῦ
274 2645 306 2671 δι’
323 2641 353 2671 οὗ
368 2645 501 2680 βούλεται,
517 2645 564 2671 καὶ
581 2646 609 2670 ὲν
634 2641 656 2677 ᾦ
678 2644 799 2679 εὑρίσκει
814 2644 868 2679 χώ-

70 2701 139 2728 ραν,
160 2691 211 2717 oin:
224 2690 383 2724 ἀμείϐοντος
399 2689 491 2720 τόπον,
513 2689 567 2715 οὐδ’
588 2688 758 2719 ἐκλείποντος
777 2687 869 2723 χώραν

108 2736 135 2752 ²⁶
151 2735 220 2768 Sap.
235 2743 253 2765 ι,
266 2734 293 2762 7.
333 2735 355 2750 ³⁷
368 2734 469 2762 Jerem.
495 2741 568 2765 χχιιι,
582 2734 627 2760 24.

109 2781 175 2816 (51)
188 2779 393 2816 νἈδυν-άτους.
426 2780 496 2815 Lege
510 2788 570 2806 cmn
586 2779 744 2816 Bohercllo,
768 2779 866 2806 ἀσυνέ-

68 2813 152 2847 τους.
165 2813 285 2842 ἘΗ-ιιιίδ
301 2816 359 2842 I'ons
372 2816 422 2842 luit
439 2813 490 2841 vox
509 2822 624 2849 sequens
638 2813 758 2840 δύναται.

109 2850 176 2913 ξόίὶ)
195 2850 280 2876 Codd.
293 2849 393 2884 Regius
409 2855 437 2877 et
456 2849 616 2877 Ilasileeusis
628 2869 635 2880 ,
661 2849 718 2875 ἀλλ’
740 2849 867 2884 αἰσχυνό-

131 2894 151 2912 α
178 2884 267 2913 λέγειν
320 2884 392 2912 ΙΗΪΙἚ
424 2885 504 2912 iidem
533 2884 611 2912 codd.
635 2883 722 2913 πάντη
741 2884 866 2913 καθαρῶς

72 2883 151 2922 paea.
178 2884 267 2918 λέγειν
320 2883 392 2912 ΙιιῒιἚ
424 2885 504 2912 iidem
533 2884 611 2912 codd.
635 2883 722 2918 πάντη
741 2884 866 2920 καθαρῶς

244 2933 377 2963 ΡΑτιιοι.
395 2933 452 2962 (in.
474 2933 527 2962 XI.

923 2234 991 2260 dicit
1005 2233 1137 2261 Dominus
1154 2233 1196 2260 "'1'
1214 2243 1224 2260 ι
1247 2233 1340 2268 Neque
1356 2235 1428 2262 videt
1442 2242 1474 2262 ex
1492 2235 1708 2263 Christianorum

922 2279 1046 2306 doctrina
1061 2285 1109 2305 nos
1123 2286 1219 2305 omnes
1235 2278 1263 2305 in
1276 2279 1338 2312 ipso
1355 2279 1456 2312 vivere,
1474 2280 1577 2307 moveri
1594 2285 1621 2307 et
1637 2289 1707 2314 esse,

924 2329 952 2350 ut
965 2323 1064 2351 Paulus
1082 2323 1109 2351 in
1127 2324 1332 2351 Atheniensium
1349 2324 1480 2352 conciOne
1494 2325 1586 2353 docuit
1601 2327 1632 2353 ³⁸.
1650 2327 1707 2354 Etsi

925 2368 1009 2403 igitur
1027 2368 1213 2396 universorum
1238 2368 1309 2395 Deus
1328 2375 1378 2395 sua
1402 2368 1487 2402 ipsius
1505 2373 1638 2404 potestate
1659 2371 1706 2397 de-

924 2416 1037 2442 scendat
1052 2422 1112 2442 cum
1141 2413 1204 2442 Jesu
1229 2414 1255 2440 in
1282 2414 1350 2441 hanc
1367 2414 1506 2441 hominum
1530 2415 1631 2449 vitam;
1655 2417 1706 2442 etsi

925 2460 997 2494 quod
1021 2460 1047 2486 in
1067 2459 1202 2494 principio
1222 2460 1292 2493 apud
1312 2459 1394 2486 Deum
1410 2463 1469 2486 erat
1485 2459 1618 2492 Verbum,
1634 2459 1706 2486 Deus

924 2505 991 2539 ipse,
1008 2505 1100 2531 veniat
1122 2505 1155 2531 ad
1172 2512 1231 2537 nos,
1247 2494 1299 2531 lion
1319 2505 1420 2532 idcirco
1435 2512 1451 2532 e
1474 2504 1543 2532 solio
1557 2505 1705 2540 egreditur,

924 2555 970 2578 aut
992 2550 1057 2577 illud
1084 2550 1228 2584 relinquit;
1258 2551 1294 2577 ita
1322 2554 1362 2582 ut,
1387 2550 1445 2578 loco
1474 2558 1560 2577 vacuo
1585 2551 1704 2584 deserto,

923 2597 1004 2624 alium
1023 2597 1133 2632 impleat
1147 2598 1191 2624 ubi
1209 2597 1284 2632 prius
1301 2605 1354 2625 non
1367 2602 1435 2625 erat.
1454 2597 1507 2625 Sed
1523 2598 1568 2625 Dei
1585 2603 1705 2632 potestas

923 2650 954 2670 ac
968 2642 1097 2669 divinitas
1107 2650 1159 2676 quo
1171 2642 1228 2669 vult
1245 2636 1427 2677 proliciscitur
1442 2648 1469 2670 et
1488 2651 1651 2678 quocunque
1666 2643 1705 2670 lo-

924 2696 984 2715 cum
1009 2688 1122 2721 invenit,
1148 2695 1200 2715 non
1216 2688 1305 2715 eloco
1331 2689 1356 2715 iu
1382 2689 1469 2716 locmn
1494 2690 1704 2726 transmigrnns,

677 2733 699 2748 ³⁸
713 2732 773 2760 Act.
798 2741 860 2765 xvu.
880 2733 926 2761 28.

920 2780 1126 2840 ειὲερεσϐειῦοντες.
1162 2779 1255 2813 Alias,
1282 2780 1370 2817 πάντη
1398 2782 1444 2808 καὶ
1478 2782 1603 2818 καθαρῶς
1618 2791 1703 2819 πρεσ-

937 2823 1054 2840 ευοντες.

937 2823 1054 2842 ευοντες.

957 2824 1027 2841 λοντε
1048 2835 1054 2842 ι

957 2850 1012 2884 (55)
1031 2824 1133 2886 itiones
1148 2857 1226 2881 mss.,
1238 2850 1452 2886 συγκαταϐαίνῃ,
1468 2857 1550 2885 recte,
1568 2860 1628 2880 cum
1641 2861 1704 2883 mox

920 2891 1049 2919 sequatur
1064 2885 1187 2921 ἔρχηται.
1203 2886 1286 2920 Alias,
1305 2887 1525 2918 συγκαταὸαίνει.

1525 2935 1564 2963 33
