1848 3091
205 125 275 154 “MSS

205 187 266 220 pieu
283 185 334 209 iatn
349 183 499 210 vocaverim
513 182 603 217 potius
618 181 806 217 ignorantiam.

238 318 282 344 73.
307 317 370 344 Post
397 317 454 344 lttec
481 323 575 343 rursus
599 317 718 351 exagitat
742 314 879 350 religionis
904 314 981 342 Chri-

202 365 298 392 stiana:
319 365 467 396 doctorem,
491 369 657 398 accusatqne
676 363 746 397 quod
763 371 772 387 ι
788 362 900 389 ridicula
917 371 927 388 ι
945 362 984 389 lo-

203 415 318 445 quatur;
336 411 383 437 sed
396 418 455 444 quae
473 419 483 434 I
502 409 614 436 ridicula
635 418 643 434 I
670 408 715 436 illa
738 409 810 439 sint.
828 415 877 435 nec
897 409 983 442 aperit

202 465 252 484 nec
269 455 418 490 prohat.Et
431 463 562 483 accusare
579 463 712 490 pergens:
731 464 740 480 I
757 454 840 482 Nemo
853 455 980 488 prudens.

203 502 300 537 inquit,
318 503 382 529 huic
403 502 533 529 doctrinae
548 501 707 533 assentitur,
727 501 846 528 deterret
869 501 983 535 ipsamet

202 548 277 575 illam
309 549 483 583 sequentium
509 547 661 574 multitudo.
683 556 693 572 ι
709 546 766 579 Qua
787 547 814 574 in
838 554 867 574 re
894 547 980 574 simile

200 595 264 627 quid
278 595 351 625 facit.
367 602 399 622 ac
411 595 497 629 siqnis
510 595 612 621 diceret
631 593 765 620 neminem
782 600 842 620 esse
864 593 980 627 pruden-

200 645 266 671 tem,
284 640 328 673 qui
349 639 466 672 Solonis,
487 639 614 674 Lycurgi,
630 638 738 666 Zaleuci
757 643 802 665 aut
823 639 979 673 quarumvis

201 685 315 712 aliorum
341 684 525 718 legislatornm
555 684 660 719 legibus
688 683 876 718 obtemperare
903 684 977 716 velit,

199 730 263 764 quia
281 730 456 765 simplicium,
473 731 519 765 qui
532 730 571 766 eis
585 734 710 764 pareant,
727 736 821 763 magna
836 729 978 756 multitudo

199 780 241 802 est
253 784 260 808 ;
273 776 390 802 maxlme
404 775 426 802 si
444 776 602 810 prudentem
626 774 740 809 appellet
757 782 829 806 eum,
851 775 896 808 qui
915 776 977 801 talis

197 822 299 848 virtute
316 821 445 849 evaserit.
465 821 542 848 Sicut
561 821 632 847 enim
652 819 822 855 legislatures
836 821 894 847 istis
912 821 976 848 sim-

197 867 323 900 plicibus,
340 871 369 893 ut
385 866 434 894 sibi
449 866 537 893 visum
557 871 599 893 est
614 865 691 899 utile,
707 865 781 900 leges
799 865 932 892 dederunt
947 872 974 892 ut

197 913 258 940 illos
273 917 416 948 regerent;
443 913 483 939 sic
503 916 531 939 et
552 912 623 939 Deus
645 911 672 939 in
697 910 760 939 Jesu
778 910 852 946 leges
875 912 976 945 ferens,

197 959 281 985 etiam
300 966 353 985 non
369 958 515 993 prudentes
529 958 608 993 regit,
622 962 754 992 quatenus
769 958 802 984 ad
815 957 908 985 melius
923 958 974 985 hu-

196 1005 312 1039 iusmodi
332 1005 457 1032 homines
475 1005 517 1039 agi
540 1009 653 1039 queunt.
681 1005 757 1038 Quod
783 1005 873 1032 sciens
895 1004 973 1037 Deus,

195 1050 266 1085 apud
278 1049 396 1085 Moysem
420 1050 458 1077 ait
481 1057 541 1084 quae
550 1049 606 1083 jam
620 1056 699 1083 supra
713 1049 854 1076 retulimus
868 1058 876 1075 :
895 1060 904 1074 ι
921 1049 972 1084 Ipsi

195 1104 238 1124 me
261 1101 475 1130 provocaveruut
502 1097 527 1123 in
546 1103 577 1123 eo
609 1095 654 1130 qui
679 1103 731 1122 non
766 1100 824 1123 erat.
845 1095 916 1123 Deus
947 1100 974 1122 et

194 1141 370 1169 irritaverunt
384 1150 426 1169 me
450 1143 477 1169 in
497 1141 651 1169 simulacris
670 1141 727 1168 suis
741 1150 748 1168 :
765 1145 792 1169 et
805 1149 854 1176 ego
875 1149 972 1176 provo-

196 1188 264 1215 cabo
288 1195 336 1215 eos
358 1188 383 1215 in
401 1183 433 1215 eo
448 1188 494 1222 qui
513 1196 565 1215 non
588 1192 629 1215 est
649 1188 772 1222 populus,
795 1193 822 1214 et
843 1189 868 1214 in
894 1193 972 1221 gente

192 1235 273 1260 stulta
290 1234 401 1261 irritabo
417 1234 477 1261 illos
493 1234 525 1260 ‘9.
547 1243 555 1259 ι
574 1232 630 1261 Hoc
655 1233 744 1261 sciens
760 1233 858 1262 Paulus
883 1233 950 1260 dixit
964 1243 970 1259 :

196 1289 205 1304 ι
222 1280 288 1314 Quae
303 1280 384 1308 stulta
401 1285 462 1307 sunt
479 1281 569 1308 mundi
586 1280 668 1315 elegit
686 1280 766 1311 Deus,
782 1285 810 1306 ut
823 1279 972 1307 confundat

192 1327 328 1360 sapientes
341 1327 384 1358 ‘°;
400 1336 408 1352 ι
429 1327 472 1353 ubi
489 1326 624 1360 sapientes
641 1330 719 1352 vocat
735 1325 781 1359 qui
799 1325 881 1360 vulgo
901 1326 970 1352 mul-

193 1375 249 1396 tum
266 1370 292 1396 in
317 1371 469 1405 disciplinis
486 1371 635 1405 profecisse
655 1370 791 1401 videntur,
811 1371 856 1398 sed
874 1371 900 1396 in
918 1371 970 1396 im-

192 1415 264 1448 pium
276 1415 392 1450 plurium
415 1417 525 1444 deorum
542 1418 644 1444 cultum
662 1418 730 1452 lapsi
750 1422 822 1443 sunt.
842 1426 851 1442 ι
873 1416 969 1443 Dicen-

193 1466 234 1487 Ies
256 1461 329 1487 enim
346 1468 375 1488 se
394 1469 456 1488 esse
484 1463 630 1497 sapientes,
661 1463 736 1490 stulti
761 1462 824 1489 facti
847 1467 919 1489 sunt.
938 1461 969 1488 Et

192 1509 366 1532 mutaverunt
381 1505 493 1540 gloriam
509 1507 723 1542 iucorruptibilis
738 1507 784 1534 Dei
801 1507 828 1534 in
846 1507 969 1534 similitu-
983 1523 1003 1551 ο

189 1551 280 1578 dinem
295 1550 420 1586 imaginis
430 1553 616 1587 corruptibilis
627 1553 755 1587 hominis,
775 1556 802 1580 et
816 1552 966 1584 volucrum,

190 1602 218 1624 et
233 1597 448 1632 quadrupedum,
462 1603 490 1625 et
506 1600 670 1634 serpentium
684 1600 718 1627 ".
733 1609 742 1625 ι

224 1685 269 1713 ῚᾹ.
298 1685 430 1713 Praeterea
462 1686 624 1714 criminatur
655 1692 778 1715 nostrum
809 1688 967 1724 doctorem,

191 1739 201 1756 ι
220 1730 293 1764 quod
311 1731 420 1759 insanos
442 1737 556 1766 quaerat.
576 1741 585 1758 ι
603 1733 642 1760 Ad
667 1733 743 1760 illum
759 1741 810 1769 ego
827 1734 942 1762 dixerim
959 1745 965 1763 ι

184 1776 324 1811 Quosnam
340 1778 447 1805 tandem
463 1778 572 1805 insanos
587 1779 689 1806 vocas?
706 1778 773 1806 Nam
791 1780 813 1807 si
830 1788 887 1807 rem
906 1782 967 1808 dili-

188 1824 285 1853 genter
305 1821 454 1853 Scrutaris;
477 1829 556 1849 nemo
581 1822 678 1855 malus,
696 1824 762 1857 quin
784 1824 895 1852 insanus
918 1827 964 1853 sit.

185 1863 269 1899 Igitur
283 1866 305 1892 si
322 1865 370 1892 tibi
387 1866 475 1892 insani
490 1872 554 1894 sunt
572 1868 658 1900 mali,
688 1873 714 1895 tu
730 1869 788 1903 ipse
802 1878 862 1897 cum
877 1871 965 1898 homi-

186 1918 236 1938 nes
250 1913 282 1938 ad
293 1912 488 1946 philosophiam
501 1913 620 1945 adducis,
633 1918 708 1941 utros
718 1916 851 1944 adducere
862 1919 963 1949 studes,

185 1956 272 1984 malos
285 1965 318 1984 an
338 1958 436 1992 probos
450 1957 462 1985 ἲ
477 1958 535 1986 Non
560 1959 627 1987 istos
640 1965 714 1988 certe
732 1967 826 1996 potes:
849 1963 964 1998 jampri-

185 2002 246 2030 dem
263 2003 335 2029 enim
357 2006 419 2030 sunt
440 2004 595 2039 philosophi
608 2013 615 2037 ;
628 2012 692 2041 ergo
708 2007 802 2034 malos.
824 2007 851 2035 Si
868 2009 963 2043 malos,

183 2048 322 2082 improbos
349 2048 442 2083 igitur.
457 2049 539 2083 Atqui
560 2051 660 2078 mullos
682 2051 813 2085 ejusmodi
828 2054 860 2080 ad
875 2055 964 2089 philo-

183 2094 305 2128 sophiam
321 2094 422 2128 qumris
436 2095 608 2123 adducemlos
622 2105 628 2123 :
645 2100 744 2131 qnzeris
762 2107 826 2134 ergo
842 2101 962 2128 insanos.

181 2139 238 2173 Ego
251 2147 326 2171 vero.
343 2142 450 2168 tametsi
463 2141 556 2177 tm
578 2143 686 2170 insanos
710 2144 760 2171 hoc
783 2153 863 2172 sensu
888 2154 962 2182 qua:-

927 121 1088 150 ORIGENIS

1000 185 1021 210 Α
1039 181 1084 206 καὶ
1121 179 1172 206 ὑπὸ
1208 178 1380 213 σοφισμάτων
1420 178 1617 214 ἦπατημὲνοις·

1744 117 1799 145 toto

1659 179 1704 208 διὰ
1736 179 1800 206 τοῦτο

1037 225 1156 260 ἀμαθίαν
1182 224 1285 260 εἴποιμι
1313 224 1410 259 μᾶλλον
1435 225 1451 260 ἦ
1480 225 1573 259 σοφίαν
1595 227 1623 252 ὲν
1647 227 1702 257 τοῖς
1728 226 1800 252 τοιού-

1033 280 1098 301 τοις.

1071 316 1146 343 Μετὰ
1158 315 1244 342 ταῦτα
1255 317 1333 343 πάλιν
1345 317 1547 352 λοιδορεῖται
1560 318 1733 353 πρεσϐεύοντι
1744 319 1800 353 Χρε-

1035 363 1204 397 στιανισμόν”
1236 365 1281 390 καὶ
1308 364 1484 398 ἀποφαίνεται
1512 364 1561 399 μὲν
1583 365 1648 399 περὶ
1669 364 1747 391 αὑτοῦ
1769 366 1799 396 ὡς

1035 417 1044 432 ‹
1062 408 1268 442 καταγέλαστα
1281 418 1300 434 ἰ
1332 408 1482 441 διεξιόντος,
1504 410 1554 435 οὐκ
1575 409 1744 436 ἀποδείκνυσι
1765 410 1798 441 δὲ,

1032 454 1090 480 οὐδὲ
1105 454 1226 490 ἐναργῶς
1243 453 1403 489 παρίστησιν
1421 454 1438 481 ἂ
1455 464 1535 490 φησιν
1561 454 1630 482 εἶναι
1660 465 1670 480 ‹
1694 457 1799 490 alarm-€-

1031 502 1137 527 λαστα.
1158 510 1167 526 ι
1189 501 1243 527 Καὶ
1264 501 1472 536 λοιδορούμενος,
1498 511 1508 526 ‹
1533 501 1632 528 Οὐδένα
1651 502 1772 538 φρόνιμον
1790 512 1797 527 ι

1031 547 1098 581 φησὶ
1121 555 1129 571 ι
1147 546 1285 572 πείθεσθαι
1305 547 1343 582 τῷ
1363 547 1443 582 λόγῳ,
1462 547 1668 583 περισπώμενος
1688 548 1740 584 (86)
1755 549 1798 575 ὖπό

1029 591 1075 618 τοῦ
1093 592 1209 627 πλήθους
1224 592 1278 618 τῶν
1289 593 1510 628 προσερχομένων
1525 593 1607 628 αὐτῷ.
1628 603 1637 618 ι
1655 594 1761 629 Ὅμοιον
1775 595 1798 621 δὲ

1031 637 1077 663 καὶ
1091 637 1119 663 ἐν
1133 637 1218 672 τούτῳ
1234 639 1304 664 ποιεῖ
1317 638 1444 672 φάσκοντι
1457 638 1500 665 διὰ
1514 639 1543 665 τὸ
1559 639 1659 674 πλῆθος
1671 640 1724 666 τῶν
1738 641 1798 666 uti

1028 681 1090 713 τοὺς
1105 682 1201 717 νόμους
1219 682 1357 717 ἀγομένων
1374 682 1492 714 ἰδιωτῶν,
1509 683 1549 709 ὅτι
1563 684 1692 719 φρόνιμος
1711 685 1797 717 οὐδεὶς,

1028 728 1087 762 φέρ’
1112 728 1208 756 εἰπεῖν,
1227 727 1334 759 Σόλωνι,
1355 728 1371 764 ἦ
1395 728 1542 764 Λυκούργῳ
1564 728 1697 760 πείθεται,
1721 730 1736 764 ἤ
1755 731 1799 756 Ζα-

1027 773 1124 809 λεύκῳ,
1146 775 1162 809 ἦ
1183 783 1235 800 ¹τινι
1255 774 1309 800 τῶν
1324 774 1423 800 λοιπῶν
1434 783 1440 788 ⁵
1457 775 1503 801 καὶ
1520 775 1634 810 μάλιστα
1651 775 1699 801 ἐὰν
1716 776 1799 811 φρόνι-

1028 827 1076 853 μον
1096 819 1220 855 λαμϐάνῃ
1239 819 1285 847 τὸν
1306 821 1365 846 κατ’
1386 819 1485 856 ἀρετὴν
1505 820 1589 847 ποιόν.
1621 821 1666 852 Ὠς
1688 821 1739 856 γὰρ
1759 822 1799 847 ἐπὶ

1026 865 1137 897 τούτων,
1151 866 1221 892 κατὰ
1231 866 1261 892 τὸ
1277 866 1358 900 φανὲν
1371 866 1461 898 αὐτοῖς
1472 861 1615 902 χρήσιμον,
1627 868 1652 893 οἱ
1665 867 1798 901 νομοθέται

1027 912 1189 948 πεποιήκασι
1200 913 1229 938 τὺ
1241 912 1350 949 τοιαύτῃ
1362 912 1456 948 ἀγωγῇ
1471 912 1525 947 (87)
1540 913 1638 944 αὐτοὺς
1652 913 1799 948 περιϐαλεῖν

1026 956 1073 982 καὶ
1086 957 1186 991 νόμοις,
1201 957 1270 983 οὕτω
1283 956 1433 992 νομοθετῶν
1446 957 1475 983 ὲν
1490 957 1528 992 τῷ
1546 957 1633 993 Ἰησοῦ
1648 958 1662 983 ὸ
1674 958 1738 990 Θεὸς
1748 961 1799 990 τοῖς

1025 1003 1160 1038 πανταχοῦ
1178 1003 1337 1039 ἀνθρώποις,
1359 1003 1404 1029 καὶ
1424 1003 1487 1035 τοὺς
1511 1003 1548 1039 μὴ
1568 1005 1716 1039 φρονίμους
1732 1006 1798 1038 ἄγει,

1024 1048 1061 1079 ὡς
1077 1045 1132 1074 οἶόν
1148 1048 1176 1074 τέ
1189 1049 1261 1075 ἐστιν
1283 1048 1394 1082 ἄγεσθαι
1408 1049 1470 1080 τοὺς
1487 1049 1624 1081 τοιούτους
1641 1051 1687 1076 ἐπὶ
1703 1050 1732 1076 τὸ
1746 1051 1799 1085 βέλ-

1023 1101 1089 1120 τιον.
1106 1095 1203 1130 Ὅπερ,
1218 1094 1255 1126 ὡς
1266 1095 1312 1121 καὶ
1324 1096 1353 1121 ὲν
1363 1096 1418 1127 τοῖς
1430 1095 1556 1130 ἀνωτέρω
1569 1096 1731 1132 εἰρήκαμεν,
1746 1098 1799 1124 ἑπι-

1024 1140 1154 1174 στάμενος
1167 1141 1180 1166 ὁ
1195 1141 1223 1167 ἐν
1238 1141 1348 1167 Μωῡσεῖ
1360 1140 1436 1173 Θεὸς,
1451 1141 1523 1175 λέγει
1539 1141 1580 1173 τὸ,
1598 1151 1607 1167 ι
1624 1142 1705 1168 Αὐτοὶ
1721 1152 1799 1178 παρε-

1023 1185 1145 1220 ζήλωσάν
1162 1194 1193 1220 με
1209 1186 1251 1211 ἐπ’
1263 1186 1291 1212 οὺ
1309 1186 1376 1221 Θεῷ,
1397 1187 1573 1222 παρώργισάν
1592 1196 1626 1222 με
1648 1189 1677 1214 ὲν
1692 1190 1748 1220 τοῖς
1764 1191 1799 1214 ει-

1022 1230 1114 1262 δώλοις
1133 1231 1237 1257 αὐτῶν·
1261 1230 1339 1265 κάγὼ
1356 1231 1544 1268 παραζηλώσω
1568 1234 1667 1265 αὐτοὺς
1690 1235 1733 1260 ἐπ’
1754 1235 1798 1260 οὐκ

1022 1277 1102 1308 ἔθνει,
1115 1278 1158 1303 ἐπ’
1173 1277 1244 1304 ἔθνει
1263 1277 1383 1312 ἀσυνέτῳ
1405 1278 1544 1313 παροργιῶ
1563 1278 1671 1310 αὐτούς.
1694 1289 1704 1304 ι
1720 1280 1799 1312 Εἰδὼς

1021 1323 1049 1349 δὲ
1067 1322 1112 1348 καὶ
1124 1323 1138 1348 ὁ
1155 1321 1259 1353 Παῦλος
1276 1319 1346 1348 εἷπε
1366 1332 1374 1347 ι
1389 1322 1428 1348 Τὰ
1444 1322 1521 1358 μωρὰ
1534 1323 1581 1349 τοῦ
1595 1324 1698 1359 κόσμου
1714 1324 1799 1356 ἐξελέ-

1021 1367 1084 1401 ξατο
1100 1369 1113 1394 ὁ
1127 1367 1192 1400 Θεὸς
1207 1368 1272 1403 (88),
1288 1368 1331 1394 ἵνα
1342 1368 1504 1405 καταισχύνῃ
1520 1370 1583 1401 τοὺς
1595 1370 1693 1403 σοφούς
1703 1378 1709 1384 ·
1731 1379 1741 1395 ι
1760 1379 1799 1396 σο-

1021 1413 1088 1447 φοὺς
1108 1413 1259 1448 κοινότερον
1279 1413 1364 1447 λέγων
1378 1414 1480 1445 πάντας
1494 1415 1555 1445 τοὺς
1572 1414 1718 1446 δοκοῦντας
1735 1425 1799 1450 προ-

1021 1459 1165 1494 ϐεϐηκέναι
1181 1459 1229 1495 μὲν
1243 1460 1271 1486 ὲν
1292 1459 1457 1495 μαθήμασιν,
1473 1461 1708 1492 ἀποπεπτωκότας
1721 1461 1750 1487 δὲ
1763 1462 1798 1492 εἱς

1020 1506 1068 1541 τὴν
1085 1506 1162 1533 ἄθεον
1179 1505 1359 1540 πολυθεότητα
1369 1514 1375 1520 ·
1392 1506 1452 1532 ἐπεὶ
1465 1506 1612 1540 φάσκοντες
1627 1505 1697 1533 εἶναι
1714 1508 1797 1541 σοφοὶ,

1019 1551 1214 1587 ἐμωράνθησαν
1236 1551 1283 1577 καὶ
1301 1550 1415 1586 ἤλλαξαν
1432 1550 1479 1586 τὴν
1496 1551 1573 1583 δόξαν
1594 1551 1641 1577 τοῦ
1662 1551 1798 1586 ἀφθάρτου

1019 1596 1086 1623 Θεοῦ
1105 1596 1161 1631 (89)
1181 1596 1210 1623 ἐν
1226 1595 1375 1632 ὁμοιώματι
1393 1596 1494 1628 εἰκόνος
1510 1596 1629 1631 φθαρτοῦ
1646 1596 1797 1633 ἀνθρώπου,

1020 1643 1067 1669 καὶ
1084 1642 1222 1673 πετεινῶν,
1237 1643 1283 1669 καὶ
1297 1641 1476 1677 τετραπόδων,
1491 1642 1538 1669 καὶ
1551 1642 1683 1678 ἑρπετῶν.
1702 1653 1710 1667 ι

1060 1688 1183 1722 Ἐγκαλεῖ
1198 1688 1225 1714 δὲ
1240 1688 1278 1723 τῷ
1293 1688 1451 1719 διδάσκοντι,
1463 1689 1509 1715 καὶ
1525 1698 1534 1714 ι
1553 1689 1591 1720 ὡς
1608 1689 1740 1723 ἀνοήτους
1754 1688 1798 1723 ζη-

1018 1734 1116 1761 τοῦντι,
1143 1744 1151 1760 t
1176 1734 1246 1769 Ηρὸς
1268 1734 1297 1760 ὃν
1315 1733 1435 1769 εἴποιμεν
1454 1734 1503 1761 ἀν·
1528 1735 1609 1766 Τίνας
1625 1735 1715 1768 λέγεις
1737 1735 1798 1764 τοὺς

1018 1783 1162 1817 ἀνοήτους;
1177 1781 1256 1808 Κατά
1272 1781 1326 1816 γὰρ
1339 1782 1368 1807 τὸ
1386 1781 1506 1816 ἀκριϐὲς,
1527 1782 1580 1813 πᾶς
1598 1781 1701 1815 φαῦλος
1720 1781 1799 1816 ἀνόη-

1017 1828 1063 1859 τός
1075 1829 1156 1853 ἐστιν.
1168 1827 1199 1852 Et
1211 1826 1297 1852 τοίνυν
1306 1825 1393 1859 λέγεις
1401 1826 1526 1860 ἀνοήτους
1533 1825 1595 1856 τοὺς
1606 1825 1737 1859 φαύλους,
1747 1823 1798 1858 ἆρα

1018 1873 1061 1903 σὺ,
1083 1871 1226 1907 προσάγων
1242 1869 1398 1904 ἀνθρώπους
1417 1868 1568 1903 φιλοσοφίᾳ,
1579 1868 1698 1901 φαύλους
1709 1867 1798 1902 ζητεῖς

1017 1917 1164 1954 προσάγειν
1187 1916 1357 1950 ἢάστειους;
1381 1914 1448 1941 Ἀλλ’
1472 1915 1520 1948 οὐχ
1536 1912 1590 1940 οἷον
1616 1922 1647 1942 τε
1662 1914 1797 1943 ἀστείους,

1017 1965 1066 1999 ’ήδη
1086 1963 1140 1998 γὰρ
1160 1961 1390 1997 πεφιλοσοφήκασι
1401 1970 1407 1976 ·
1426 1960 1541 1995 φαύλους
1558 1960 1628 1996 ἄρα·
1644 1959 1709 1986 εἰδὲ
1728 1960 1797 1992 gat}-

1015 2007 1087 2038 λους,
1103 2007 1242 2041 ἀνοήτους.
1256 2006 1311 2032 Καὶ
1324 2005 1414 2040 ζητεῖς
1427 2005 1539 2036 πολλοὺς
1550 2005 1698 2039 προσάγειν
1712 2003 1799 2030 7)ιοῦ-

1014 2061 1077 2083 τους
1088 2051 1238 2086 φιλοσοφίᾳ·
1246 2051 1293 2077 καὶ
1302 2051 1333 2076 σὺ
1341 2051 1394 2086 ἀρα
1402 2050 1462 2081 τοὺς
1470 2049 1598 2084 ἀνοήτους
1608 2049 1710 2083 ζητεῖς.
1728 2048 1798 2082 Ἐγὼ

1014 2098 1042 2124 δὲ
1058 2098 1107 2124 κᾶν
1121 2098 1183 2129 τοὺς
1197 2097 1267 2123 οὕτω
1286 2096 1446 2131 λεγομένους
1460 2096 1587 2130 ἀνοήτους
1603 2095 1689 2129 ζητῶ,
1705 2096 1798 2130 ὅμοιον

1015 2144 1093 2176 ποιῶ,
1119 2144 1156 2175 ὡς
1177 2144 1201 2169 εἰ
1223 2143 1270 2169 καὶ
1293 2142 1478 2177 φιλάνθρωπος
1503 2141 1593 2175 ἰατρὸς
1620 2141 1711 2176 ἐζήτει
1736 2141 1798 2171 τοὺς

183 2193 253 2217 ram.
275 2190 330 2212 tum
347 2191 436 2214 tamen
453 2189 556 2215 medico
570 2196 628 2215 sum
651 2189 749 2216 similis
769 2191 813 2225 qui
835 2199 890 2225 prae
911 2201 959 2219 sua

1046 2199 1175 2226 ιμνοντας,
1188 2189 1219 2216 ἵν’
1234 2190 1324 2220 αὐτοῖς
1333 2187 1498 2224 προσαγάγοι
1507 2188 1560 2222 (90)
1573 2187 1608 2214 τὰ
1623 2187 1798 2223 ﬁrmet;an

181 2231 350 2259 humanitate
360 2240 447 2268 aegros
464 2235 638 2268 conquireret
653 2236 751 2269 quibus
763 2236 901 2264 adhiberet
918 2246 960 2265 re-

181 2277 281 2308 media.
301 2278 399 2313 quibus
414 2280 486 2306 vires
510 2281 673 2308 restitueret.
691 2281 738 2308 Sin
761 2282 872 2309 insanos
886 2284 960 2310 dicas

181 2323 273 2350 tardos
293 2328 320 2351 et
342 2324 481 2351 hominum
493 2325 709 2359 stupidissimos.
734 2326 832 2359 fateor,
847 2328 886 2355 vel
902 2328 960 2356 illos

179 2369 286 2400 studeo.
302 2369 392 2403 quoad
411 2377 534 2404 possunt,
551 2371 664 2398 reddere
678 2371 813 2404 meliores,
831 2375 877 2399 sed
899 2373 960 2401 nolo

178 2421 210 2440 ex
231 2413 284 2440 illis
307 2414 524 2442 Christianormn
552 2421 678 2444 constare
697 2418 863 2445 societatem.
878 2419 958 2452 Qum-

176 2460 249 2488 siero
265 2461 354 2495 potius
367 2461 593 2495 iutelligentiores
607 2463 806 2498 acutioresque,
818 2465 863 2500 qui
875 2465 956 2501 aenig-

178 2509 279 2532 matum
303 2506 555 2540 interpretationem
583 2515 691 2541 capere.
711 2513 738 2536 et
764 2517 823 2543 qua:
845 2510 872 2536 in
890 2510 958 2545 lege,

1014 2238 1061 2263 καὶ
1075 2236 1148 2271 ρώσῃ
1162 2235 1268 2267 αὐτούς.
1286 2235 1316 2261 Εἰ
1336 2235 1358 2261 δ’
1375 2235 1502 2270 ἀνοήτους
1517 2234 1605 2268 λέγεις
1618 2235 1681 2266 τοὺς
1703 2234 1744 2270 μὴ
1758 2235 1799 2260 ὲν-

1012 2283 1128 2318 τρεχεῖς,
1149 2281 1217 2308 ἀλλὰ
1229 2280 1473 2317 τερατωδεστὲρους
1488 2279 1541 2315 (91)
1560 2279 1615 2305 τῶν
1632 2279 1796 2316 ἀνθρώπων,

1014 2327 1211 2364 ἀποκρινοῦμαί
1232 2336 1283 2360 σοι,
1303 2327 1342 2353 ὅτι
1357 2326 1403 2353 καὶ
1426 2325 1530 2358 τούτοις
1550 2327 1598 2361 μὲν
1619 2326 1688 2353 κατά
1704 2328 1738 2352 τὺ
1753 2327 1799 2353 δυ-

1013 2374 1091 2400 νατὸν
1114 2373 1234 2408 βελτιοῧν
1251 2373 1398 2408 πειρῶμαι,
1414 2372 1443 2398 οὺ
1463 2372 1514 2407 μὴν
1534 2372 1565 2397 ἐκ
1579 2371 1684 2398 τούτων
1704 2372 1801 2406 βούλο-

1013 2429 1062 2455 μαι
1087 2419 1218 2454 συστῆσαι
1236 2419 1266 2445 τὸ
1284 2418 1452 2454 Χριστιανῶν
1475 2418 1621 2453 ἄθροισμα.
1645 2418 1726 2453 Ζητῶ
1744 2419 1800 2453 γὰρ

1012 2465 1111 2501 μᾶλλον
1135 2466 1197 2497 τοὺς
1219 2465 1440 2500 ὲντρεχεστέρους
1455 2464 1502 2490 καὶ
1522 2463 1677 2499 ὀξυτέρους,
1693 2463 1735 2496 ὡς
1754 2464 1801 2490 δυ-

1011 2511 1143 2546 ναμένους
1159 2510 1394 2546 παρακολουθῆσαι
1407 2511 1439 2545 τῇ
1453 2510 1585 2546 σαφηνείᾳ
1597 2510 1652 2536 τῶν
1663 2510 1800 2546 αἰνιγμά-

212 2555 233 2570 ¹⁹
246 2555 353 2582 Denter.
372 2562 460 2588 nm,
470 2554 516 2582 2i.
553 2556 576 2571 ¹⁰
592 2550 673 2584 ιωδτ.
686 2564 706 2589 ι,
719 2556 763 2584 27.
803 2557 823 2573 ¹¹
839 2558 917 2584 Rom.
931 2565 952 2590 ι,
964 2557 1008 2585 22.

211 2601 267 2643 (βο)
286 2601 522 2637 Περισπώμενος.
540 2603 715 2631 Scribcndum
741 2605 854 2636 videtur,
881 2614 958 2641 περι-

175 2645 326 2663 σπωμενον.

211 2645 440 2709 (ἓξῖῗνῖνΐηοσοῌο,
454 2672 585 2709 διαγωγῇ.

211 2707 267 2743 (88)
287 2708 362 2743 Apud
372 2707 574 2743 ‘Hoescheliunf
588 2714 614 2735 et
646 2709 812 2743 Spencerum
839 2709 914 2737 deest
939 2710 953 2736 6

175 2740 253 2779 Ειεόςὲ
266 2742 312 2779 sed
327 2742 354 2779 in
372 2741 516 2779 Philae-alia
529 2749 556 2770 et
572 2751 636 2771 mss.
651 2740 793 2779 reperitur.

209 2777 267 2810 (ὅθ)
278 2777 433 2816 _Puilpealia
449 2782 477 2816 et
493 2777 697 2816 dt_10_Va_t_irani',
714 2779 830 2816 ήλλαξαν
847 2779 896 2816 τὴν
911 2779 953 2806 δό-

177 2814 224 2849 ξαν
246 2810 292 2849 τοῦ
306 2811 443 2849 ἀφθάρτου
454 2813 536 2849 Θεῷ.
551 2813 578 2839 ln
596 2814 679 2844 Regio
691 2810 886 2847 et'Basileensi',
905 2823 953 2849 pro

177 2844 303 2878 ἠλλαξαν,
321 2844 416 2879 legitur
436 2847 592 2881 ἠλλάξαντο.
618 2849 645 2876 In
663 2849 737 2877 libris
754 2854 841 2876 autem
876 2844 953 2878 antea

1011 2604 1091 2632 editis
1107 2603 1181 2630 deest
1194 2602 1340 2638 ἀφθάρτου.

1047 2639 1103 2674 (90)
1124 2636 1279 2674 ΡΙιίΙοριιΙίίι,
1295 2636 1418 2672 ἐπιζητεῖ
1436 2636 1499 2667 τοὺς
1514 2636 1678 2672 κάμνοντας,
1697 2637 1733 2664 [ν’
1748 2636 1798 2664 αὖ·

1008 2676 1064 2706 τοῖς
1080 2673 1250 2709 προσαγάγῃ.

1042 2706 1108 2743 (91)
1121 2709 1207 2735 Ἀλλὰ
1219 2706 1494 2743 ἐέρατωδεοῖτέρους.
1509 2706 1605 2734 Guieto
1617 2707 1795 2734 scribendum

1007 2745 1120 2774 videtur,
1134 2743 1202 2770 ἀλλά
1225 2742 1459 2778 καταδεεστέρους.
1475 2743 1508 2768 Et
1522 2750 1586 2778 sane
1607 2742 1650 2773 τὸ,
1670 2750 1795 2778 τερατω-

1005 2779 1155 2814 δεστέρους,
1171 2779 1213 2814 hic
1226 2778 1327 2814 nullum
1340 2777 1527 2814 habetlocum.
1542 2777 1713 2814 Paulorinl‘ra
1731 2777 1795 2814 Phi:

1007 2811 1111 2846 localia,
1123 2814 1155 2839 ὲκ
1169 2813 1221 2838 τῶν
1237 2811 1363 2838 τοιούτων
1380 2811 1518 2847 βούλομαι,
1536 2818 1560 2840 et
1576 2813 1659 2847 paulo
1679 2817 1743 2847 post
1760 2813 1793 2847 τῇ

1009 2848 1141 2884 ἀσφαλείᾳ
1158 2847 1211 2874 τῶν
1226 2847 1403 2881 αἰνιγμάτων.
