1848 3091
105 139 178 166 ΑΟΠ

706 135 842 163 comm
860 134 996 162 CELSUM
1016 123 1140 161 unita.

1655 130 1721 158 10'8

110 206 174 228 των,
194 196 241 223 καὶ
262 195 316 222 τῶν
332 197 390 230 μετ’
409 195 580 231 ἐπικρύψεως
599 195 749 231 εἰρημένων
772 195 800 221 ὲν
818 195 882 230 νόμιί

963 194 1082 228 rophetis
1093 197 1120 220 et
1137 193 1289 227 Evangeliis
1304 193 1418 220 obscure
1435 192 1506 219 dicta
1523 196 1595 224 sunt,
1613 193 1719 225 aSscqui

109 243 157 270 καὶ
179 242 331 278 προφήταις
354 242 400 268 καὶ
421 242 604 276 Εὑαγγελίοις,
621 238 658 268 ὧν
673 241 710 273 ὡς
730 242 804 268 οὐδὲν
820 242 891 274 ἀξιό-

106 289 187 322 λογον
201 286 378 322 περιεχόντων
394 286 447 322 (92)
470 287 723 322 καταπεφρόνηκας,
740 287 769 313 οὐ
782 285 891 320 βασανί-

108 342 161 365 σας
174 332 219 358 τὸν
232 333 260 358 ὲν
277 331 368 363 αὐτοῖς
381 331 453 363 νοῦν,
471 332 530 366 μηδ’
552 331 679 358 εἰσελθεῖν
695 330 833 366 πειραθεὶς
852 331 890 361 εἰς

106 377 139 403 τὸ
156 376 277 412 βούλημα
292 376 344 402 τῶν
357 375 529 411 γραψάντων.

151 422 227 448 Ἐπεὶ
244 422 271 448 δὲ
291 422 336 448 καὶ
355 422 422 457 μετὰ
439 422 525 448 ταῦτα
547 431 556 448 ι
575 421 763 457 παραπλήσιον
779 430 788 446 ι
811 421 893 456 φησὶν

109 477 120 492 ι
139 468 226 494 ποιεῖν
241 467 286 493 τὸν
307 467 340 493 τὰ
355 467 566 502 Χριστιανισμοῦ
590 467 749 494 διδάσκοντα
770 466 807 501 τῷ
829 467 892 492 ὑπι-

107 514 267 549 σχνουμένῳ
282 514 331 549 μὲν
345 514 408 548 ὑγιῆ
424 515 509 540 ποιεῖν
525 513 559 540 τὰ
576 513 698 549 σώματα,
713 513 891 548 ἀποτρέποντι

105 559 136 585 δὲ
151 559 197 585 τοῦ
215 559 358 595 προσέχειν
375 561 430 591 τοῖς
444 560 620 595 ὲπιστήμοσιν
635 560 745 595 ἰατροῖς,
762 558 800 593 τῷ
815 558 891 592 ἐλέγ-

105 604 206 639 χεσθαι
225 605 270 631 ὑπ’
287 605 374 631 αὐτῶν
390 604 438 640 τὴν
455 605 586 631 ἰδιωτείαν
602 604 682 630 αὑτοῦ
693 612 700 619 ·
724 613 733 629 ›
755 604 801 630 καὶ
824 603 892 638 πρὸς

104 650 194 676 ταῦτα
207 650 331 686 ἐροῦμεν·
344 649 425 681 Τίνας
436 650 487 686 φῂς
503 650 619 685 ἰατροὺς,
632 650 678 684 ἀφ’
692 646 728 676 ὧν
740 650 807 676 αποτ
813 649 892 684 ρέπο-

107 705 161 732 μεν
175 696 236 728 τοὺς
253 696 374 728 ἰδιώτας
391 696 426 722 Οὐ
442 696 495 731 γὰρ
511 696 542 731 δὴ
564 695 762 731 ὑπολαμϐάνεις
776 700 831 727 τοῖς
847 705 891 731 φι-

103 743 250 778 λοσοφοῦσι
264 744 410 780 προσάγειν
422 744 494 779 ἡμᾶς
504 744 553 778 τὴν
567 745 606 775 είς
620 743 665 770 τὸν
682 743 760 777 λόγον
776 751 890 778 προτρο-

106 790 181 826 πὴνί
202 790 235 817 i'v‘
257 790 376 821 ἐκείνους
400 789 514 826 νομίσῃς
541 788 609 816 εἶναι
635 790 754 825 ἰατροὺς,
783 789 829 824 ἀφ’
853 785 890 815 ὧν

104 835 310 870 ἅποτρέπομεν,
322 834 368 866 οὓς
377 835 422 861 ἐπὶ
433 835 477 861 τὸν
487 834 556 861 θεῖον
569 835 650 861 καλοῦ
656 843 703 870 μεν
711 835 797 868 λόγον.
811 834 890 860 Ἤτοι

943 241 1062 268 valeant.
1087 239 1149 267 llicc
1175 239 1276 273 scripta
1299 243 1325 265 tu
1345 239 1453 273 quidem
1471 238 1625 272 aspernaris
1643 238 1720 271 quasi

942 287 1010 314 nihil
1032 286 1147 321 alicujus
1162 285 1289 312 momenti
1307 286 1494 317 continerent;
1519 285 1565 312 sed
1585 285 1610 310 id
1633 284 1699 312 facis
1712 305 1720 318 ,

941 333 1004 367 quia
1023 339 1158 366 nunquam
1178 338 1272 358 eorum
1294 330 1461 357 intellectum
1482 331 1654 365 inquisivisti,
1672 338 1720 357 nec

942 386 1060 412 unquam
1077 378 1101 404 in
1122 385 1214 404 eorum
1233 381 1350 404 mentem
1368 378 1471 411 intrare
1485 381 1598 403 conatus
1610 384 1650 402 es.

977 423 1020 450 '75.
1047 423 1092 450 Ait
1107 428 1202 457 postea
1226 431 1234 447 ι
1251 423 1453 450 Christianismi
1479 423 1613 449 doctorem
1634 420 1722 449 simile

943 469 1006 503 quid
1024 468 1114 495 facere
1137 468 1186 501 illi,
1204 468 1248 502 qui
1265 469 1407 494 sanitatem
1426 475 1567 501 corporqu
1585 468 1720 502 pollicitus

941 514 1098 549 prohiberet
1113 514 1257 548 quominus
1283 513 1361 547 periti
1385 513 1483 540 medici
1506 518 1720 543 accerserentur,

942 567 974 584 ne
991 559 1030 586 sic
1046 567 1092 585 sua
1108 559 1267 592 proderetur
1283 558 1444 592 imperitia.»
1465 557 1513 584 llic
1532 566 1627 585 rursus
1642 559 1722 584 inter-

943 613 1026 639 rogo:
1050 605 1123 637 Quos
1149 612 1245 631 narras
1271 605 1401 635 medii-os,
1423 612 1437 630 ιι
1466 605 1563 638 quibus
1585 604 1721 638 simplices

941 652 1113 679 avertimus?
1137 651 1194 678 Non
1221 651 1342 685 profecto
1364 651 1468 678 dixeris
1494 651 1611 677 medicos
1632 651 1689 678 illos
1706 659 1720 679 a

941 697 1038 731 quibus
1049 704 1096 724 eos
1111 704 1260 724 avocamus
1273 704 1340 731 quos
1359 698 1391 723 ad
1409 697 1527 723 divinam
1543 702 1663 722 nostram
1678 703 1722 722 re»

948 743 1074 777 ligionem
1088 743 1240 774 hortamur,
1258 750 1317 769 esse
1336 742 1520 777 philosophos.
1539 741 1631 776 Neque
1650 741 1720 768 enim

941 794 1020 824 putas
1033 795 1079 816 eos
1093 788 1138 823 qui
1153 788 1330 823 philosophia:
1345 789 1409 815 dant
1424 795 1544 822 operam,
1559 796 1574 814 a
1590 787 1668 815 nobis
1688 787 1721 814 ad

941 835 1098 870 religionem
1112 833 1492 868 amplectendam'provocari.
1505 834 1558 860 Aut
1571 833 1650 867 igitur
1676 840 1724 858 ne-

103 879 154 908 οὖν
171 882 220 908 οὑκ
242 881 416 916 ἀποκρίνεται
441 880 477 915 μὴ
499 880 669 915 ἔχωνλέγειν
689 881 752 912 τοὺς
771 881 878 917 ἰατροὺς

963 881 1030 908 :iens
1040 881 1150 915 quinam
1163 880 1200 907 illi
1217 880 1313 907 medici
1326 880 1388 912 sint,
1405 887 1458 906 non
1470 878 1642 913 respondebit
1654 898 1661 910 ,
1676 882 1723 905 aut

103 924 120 960 ἢ
137 927 245 961 ἀνάγκη
257 926 336 952 αὑτὸν
348 926 529 960 καταφεύγειν
543 926 588 952 ἐπὶ
600 927 662 958 τοὺς
677 926 791 958 ἰδιώτας,
807 927 830 952 οἳ
843 926 890 952 καὶ

102 971 183 997 αὑτοί
208 971 382 1007 περιηχοῦσιν
407 971 617 1006 ἀνδραποδωδῶς
639 972 672 999 τὰ
699 973 762 1007 περὶ
787 972 890 999 πολλῶν

102 1016 187 1049 θεῶν,
207 1017 253 1043 καὶ
276 1017 326 1043 ὃσα
342 1016 408 1043 ἄλλα
429 1017 532 1051 λέγοιεν
554 1017 587 1044 ἂν
609 1017 719 1044 ἰδιῶται.
740 1018 890 1053 Ἐκατέρως

102 1061 154 1090 οὖν
167 1063 358 1098 ἐλεγχθήσεται
375 1063 462 1098 μάτην
476 1063 639 1099 παραλαῦὼν
661 1065 689 1090 ὲν
708 1064 746 1099 τῷ
759 1064 830 1100 λόγῳ
845 1064 890 1091 τὸν

105 1108 297 1144 ἀποτρέποντα
315 1108 369 1135 τῶν
391 1109 580 1144 ἐπιστημόνων
603 1109 711 1145 ἰατρῶν.
729 1111 787 1136 Ἵνα
803 1110 890 1137 δὲκαὶ

102 1154 160 1182 ἀπὸ
181 1154 229 1189 τῆς
250 1154 411 1191 Ἐπικούρου
432 1154 487 1191 (95)
509 1155 676 1190 φιλοσοφίας,
698 1156 813 1182 καὶτῶν
829 1158 889 1183 κατ’

108 1200 271 1235 Ἐπίκουρον
291 1200 473 1236 νομιζομένων
499 1201 598 1236 ἰατρῶν
614 1201 668 1236 (94)
693 1202 890 1238 ἀποτρέπωμεν

100 1245 167 1277 τοὺς
185 1246 213 1271 ὲν
233 1245 344 1277 ἐκείνοις
361 1246 564 1281 ἀπατωμένους,
583 1246 641 1278 πῶς
656 1247 704 1274 οὐκ
720 1247 890 1282 εὐλογώτατα

102 1291 263 1326 ποιήσομεν,
279 1291 438 1324 ἀφιστάντες
453 1291 529 1318 νόσου
544 1291 672 1327 χαλεπῆς,
684 1293 716 1328 ἢν
730 1293 890 1328 ἐνεποίησαν

101 1337 127 1362 οἱ
144 1336 248 1362 Κέλσου
266 1337 368 1372 ἰατροὶ,
385 1337 433 1373 τῆς
447 1338 516 1364 κατὰ
535 1338 584 1373 τὴν
606 1339 744 1374 ἀναίρεσιν
759 1340 807 1374 τῆς
826 1348 890 1374 προ-

102 1381 180 1413 νοίας
201 1381 248 1408 καὶ
266 1383 418 1418 εἰσαγωγὴν
434 1383 483 1418 τῆς
505 1384 602 1419 ἡδονῆς
617 1383 655 1416 ὠς
674 1384 792 1418 ἀγαθοῦ;
816 1385 890 1412 Ἀλλ’

101 1427 186 1458 ἔστω,
215 1428 314 1464 ἰατρῶν
342 1430 415 1464 ἡμᾶς
441 1429 527 1456 ἄλλων
554 1429 703 1465 φιλοσόφων
734 1431 890 1465 ἀφιστάνειν

102 1472 226 1505 τούτους,
251 1473 296 1506 οὓς
321 1475 510 1511 προτρέπομεν
533 1476 578 1502 ἐπὶ
595 1476 639 1503 τὸν
657 1477 788 1513 ἡμέτερον
801 1477 889 1512 λόγον,

101 1519 159 1546 τῶν
173 1519 226 1546 ἀπὸ
243 1520 288 1546 τοῦ
303 1521 457 1556 Περιπάτου
476 1522 541 1556 (95),
558 1522 738 1558 ἀναιρούντων
754 1522 803 1558 τὴν
821 1523 888 1559 πρὸς

941 927 1001 954 illos
1014 927 1085 954 inter
1102 927 1245 960 imperitos
1259 931 1361 960 qumrat
1376 933 1489 952 necesse
1502 930 1552 956 est,
1569 924 1614 958 qui
1631 929 1720 950 tamen

939 977 967 1000 et
981 973 1030 1007 ipsi
1043 974 1159 1008 turpiter
1171 973 1318 1000 multorum
1330 974 1440 999 deorum
1455 972 1553 998 cultum
1565 971 1720 1006 perdocent.

942 1023 969 1045 et
986 1018 1115 1053 quidquid
1133 1018 1165 1044 al)
1184 1018 1315 1052 imperitis
1329 1018 1539 1052 exspectandum
1557 1021 1609 1043 est.
1628 1015 1720 1043 Utriu—

940 1072 992 1098 quc
1007 1071 1073 1098 ergo
1084 1071 1211 1098 peccasse
1232 1063 1367 1097 arguitur,
1387 1070 1448 1090 cum
1460 1062 1583 1096 exemplo
1603 1069 1666 1088 usus
1680 1065 1722 1088 cst

941 1109 1070 1141 hominis,
1095 1109 1142 1143 qui
1169 1116 1184 1135 a
1208 1109 1302 1143 peritis
1319 1109 1430 1135 medicis
1451 1112 1596 1135 averteret.
1620 1107 1719 1134 Verum

939 1156 992 1183 etsi
1014 1156 1048 1182 ab
1072 1155 1181 1189 Epicuri
1206 1155 1377 1189 phiIOSopbia
1398 1154 1591 1189 Epicureisque
1609 1153 1721 1180 medicis

939 1208 986 1228 eos
999 1208 1158 1228 revocamus
1170 1201 1216 1235 qui
1230 1201 1264 1227 ab
1277 1200 1330 1227 illis
1343 1200 1368 1227 in
1383 1207 1501 1227 errorem
1511 1199 1633 1234 perducti
1645 1203 1718 1230 sunt,

940 1254 1028 1274 nonne
1041 1247 1190 1281 justissima
1204 1247 1237 1274 de
1259 1255 1341 1275 causa
1356 1248 1471 1275 facimus
1485 1247 1496 1274 ?
1512 1246 1557 1273 Sic
1571 1246 1642 1273 enim
1659 1245 1720 1274 illos

939 1299 1060 1322 tutamur
1087 1302 1100 1320 a
1117 1295 1192 1328 gravi
1212 1296 1319 1327 morbo,
1339 1295 1366 1322 in
1388 1302 1466 1328 quem
1487 1293 1547 1320 illos
1569 1293 1720 1327 injecerunt

940 1340 1038 1368 medici
1055 1341 1136 1373 Celsi,
1152 1349 1212 1368 cum
1228 1342 1424 1376 providentiam
1439 1341 1581 1372 sustulere,
1600 1345 1627 1367 et
1644 1347 1717 1366 cotu-

943 1387 1024 1413 meuti
1038 1391 1101 1414 sunt
1114 1395 1248 1413 smnnmm
1264 1387 1362 1413 bonum
1378 1394 1438 1413 esse
1459 1387 1634 1419 voluptatem.
1653 1385 1719 1412 Esto

939 1433 1020 1459 etiam
1036 1433 1225 1467 prohibeamus
1237 1440 1280 1465 nc,
1295 1440 1363 1466 quos
1377 1433 1410 1459 ad
1427 1437 1545 1459 nostram
1562 1432 1718 1466 religionem

940 1478 1085 1510 allicimus,
1110 1478 1127 1504 ii
1154 1478 1317 1504 medicorum
1347 1477 1406 1504 loco
1433 1478 1553 1505 habeant
1569 1477 1718 1511 aliquarum

940 1529 1074 1552 sectarum
1098 1524 1288 1558 philosophos,
1312 1524 1387 1552 verbi
1411 1531 1492 1551 causa
1514 1523 1719 1557 Peripateticos,

101 1563 179 1598 ἡμᾶς
198 1564 335 1599 πρόνοιαν,
353 1565 400 1592 καὶ
416 1566 464 1601 τὴν
480 1567 570 1602 σχέσιν
589 1567 654 1601 πρὸς
668 1567 826 1604 ἀνθρώπους
838 1568 882 1595 τοῦ

966 1570 983 1596 Ii
999 1569 1045 1596 Dei
1062 1577 1126 1603 erga
1145 1577 1194 1596 nos
1212 1569 1421 1604 providentiam,
1437 1569 1574 1603 ullamqu
1587 1568 1658 1594 illius
1670 1575 1719 1593 uo-

101 1608 197 1635 Θείου·
211 1610 268 1642 πῶς
284 1611 343 1646 οὐχὶ
360 1612 480 1644 εὐσεϐεῖς
493 1612 547 1647 (96)
563 1613 611 1648 μὲν
626 1614 708 1648 ἡμεῖς
719 1616 887 1642 κατασκευά-

104 1663 198 1690 σομεν,
226 1657 272 1682 καὶ
305 1657 508 1693 θεραπεύσομεν
531 1659 593 1690 τοὺς
620 1661 886 1696 προτετραμμένους,

103 1701 242 1733 πείθοντες
257 1702 354 1734 αὐτοὺς
368 1703 523 1730 ἀνακεῖσθαι
537 1704 576 1739 τῷ
588 1705 634 1731 ἐπὶ
648 1706 713 1731 πᾶσι
724 1705 791 1741 Θεῷ,
804 1707 888 1741 μεγά-

101 1745 157 1771 λων
175 1745 203 1771 δὲ
218 1747 389 1781 τραυμάτων,
405 1747 459 1774 τῶν
470 1748 522 1775 ἀπὸ
539 1747 624 1782 λόγων
641 1749 824 1785 νομιζομένων
842 1760 884 1784 φι-

100 1790 235 1824 λοσόφων,
265 1791 472 1827 ἀπαλλάσσομεν
498 1793 561 1824 τοὺς
596 1794 772 1829 πειθομένους
800 1796 885 1830 ἡμῖν;

106 1835 189 1862 Ἀλλὰ
205 1837 252 1862 καὶ
264 1836 359 1869 ἄλλους
374 1837 487 1864 δεδόσθω
500 1839 573 1873 ἡμᾶς
590 1840 754 1875 ἀποτρέπειν
772 1841 825 1867 ἀπὸ
848 1843 887 1867 ἰα-

100 1880 175 1915 τρῶν
194 1881 321 1908 Στωϊκῶν
343 1882 409 1917 (97),
430 1882 495 1909 Θεὸν
517 1883 632 1919 φθαρτὸν
657 1886 827 1918 εἰσαγόντων,
841 1887 887 1912 καὶ

99 1926 151 1961 τὴν
166 1927 259 1953 οὐσίαν
271 1927 352 1954 αὐτοῦ
366 1928 498 1962 λεγόντων
516 1930 595 1965 σῶμα
608 1931 723 1967 τρεπτὸν
734 1931 818 1958 διόλου
831 1932 886 1967 (98)

101 1973 151 1998 καὶ
170 1972 311 2000 ἀλλοιωτὸν
324 1975 370 2001 καὶ
385 1975 560 2011 μεταϐλητὸν,
574 1977 620 2002 καί
631 1985 694 2003 ποτε
709 1978 794 2004 πάντα
814 1978 887 2012 φθει-

101 2019 205 2054 ρόντων
219 2020 265 2046 καὶ
279 2019 357 2055 μόνον
371 2021 415 2046 τὸν
429 2021 494 2047 Θεὸν
517 2022 719 2049 καταλιπόντων
728 2031 734 2037 '
754 2023 813 2055 πῶς
827 2024 886 2059 οὐχὶ

99 2065 150 2091 καὶ
166 2064 236 2092 οὕτω
249 2066 339 2092 κακῶν
353 2066 401 2101 μὲν
412 2067 601 2102 ἀπαλλάξομεν
623 2069 686 2100 τοὺς
700 2069 886 2104 πειθομένους,

100 2110 276 2146 προσάξομεν
289 2111 310 2138 δ’
331 2113 359 2138 εὺ
365 2112 437 2138 σεϐεϊ
448 2111 518 2148 λόγῳ
534 2112 571 2148 τῷ
592 2114 655 2149 περὶ
669 2113 715 2140 τοῦ
729 2114 885 2141 ἀνακεῖσθαι

99 2156 140 2191 τῷ
157 2157 326 2192 δημιουργῷ,
343 2158 389 2184 καὶ
411 2157 559 2193 Θαυμάζειν
573 2159 618 2185 τὸν
634 2161 739 2195 πατέρα
750 2159 799 2195 τῆς
820 2161 887 2196 Χρι-

100 2202 219 2228 στιανῶν
227 2203 407 2235 διδασκαλίας,
417 2203 657 2239 φιλανθρωπότατα
667 2206 883 2241 ὲπιστρεπτικδν,

136 2306 194 2344 (9?)
216 2305 370 2344 Ebilocaliit,
386 2307 512 2344 ἐχόντων.

136 2342 192 2375 (ενδ)
216 2341 397 2376 Ἐπικούρου.
415 2342 477 2369 ιὶιιε
491 2349 570 2376 supra
583 2341 770 2370 adnotationes
782 2343 814 2370 ad
832 2343 876 2372 lib.

100 2383 111 2402 ι
123 2382 218 2402 contra
237 2376 318 2407 0:13.,
336 2385 408 2403 num.
421 2377 467 2403 2L

136 2411 193 2445 (94)
204 2411 415 2446 ῨΝομιζομέν-ων
430 2411 545 2445 ἰατρῶν,
560 2416 611 2439 etc.
627 2412 673 2439 Sic
686 2417 759 2440 recte
769 2413 879 2441 omnino

100 2447 186 2484 φάς(
200 2445 321 2484 loli-inus
338 2447 457 2484 secunda
468 2455 558 2484 tll:ll_lll.
568 2447 642 2484 ﬁlias
655 2452 792 2484 corrupte,
807 2457 879 2484 νομι-

100 2479 225 2516 ζομένοις
245 2481 437 2515 Ἐπικουρείοις
451 2481 558 2516 ἰατρῶν.
570 2481 724 2510 Boherellus
741 2479 878 2517 legendum

99 2516 222 2548 conjicit,
243 2516 634 2553 vopzqopévwvﬁmqmpévmv
652 2516 878 2553 ἰατρῶνξιιιίιιριη

99 2558 197 2588 omnes
221 2559 285 2588 mss.
296 2557 383 2588 recte,
398 2551 457 2582 πῶς
476 2552 526 2588 οὐκ
542 2551 710 2586 εὐλογώτατα
726 2553 882 2588 ποιήσομεν.

99 2586 187 2622 Alias,
203 2585 260 2617 πῶς
277 2585 449 2622 εὐλογώτατα
462 2585 626 2622 ποιήσωμεν,
641 2588 719 2615 male.

135 2620 193 2655 (95)
213 2621 387 2656 Περιπάτου.
403 2620 768 2656 Vide,supra’adnotationes
784 2623 817 2650 ad
836 2623 881 2650 lih.

99 2661 213 2682 icontra
230 2655 342 2688 Celsum,
359 2663 431 2682 num.
444 2655 490 2683 2|.

112 2722 116 2725 _
135 2690 193 2723 (96)
213 2690 279 2723 Πῶς
293 2691 361 2725 οὺχί
375 2689 683 2724 εὐσεϐεῖς.ΒοίιοιιθΙΙιιε
698 2692 810 2724 mavult,
825 2693 883 2724 πῶς

100 2725 161 2760 οὐχὶ
174 2725 304 2756 εὐσεϐῶς,
317 2733 346 2761 et
360 2726 394 2752 ita
413 2726 510 2761 legisse
525 2726 628 2753 videtur
639 2726 776 2753 Gelenius.

137 2760 194 2796 (97)
214 2759 360 2787 Στωϊκῶν.
379 2759 648 2796 Yitleadnolationes
662 2761 696 2788 ad
712 2761 758 2788 lib.
772 2770 789 2792 l,
807 2769 882 2789 num.

100 2795 129 2821 2t
145 2804 152 2828 ε
169 2795 216 2821 lib.
230 2803 266 2826 iv,
288 2803 361 2822 num.
376 2795 409 2822 M
428 2800 455 2822 et
475 2795 520 2822 68.
543 2795 677 2823 Plutarch.
702 2796 727 2823 in
755 2796 821 2823 libro
844 2799 881 2824 De

101 2830 251 2857 Stoicarum
273 2831 472 2864 repugnantiis:
488 2830 580 2861 Οὐδεὶς
602 2828 648 2857 οὖν
666 2831 724 2857 ἐστι
742 2831 794 2858 τῶν
811 2831 879 2859 πάνα

101 2873 155 2890 των
167 2865 179 2891 ὁ
194 2864 351 2899 Χρύσιππος
362 2865 420 2892 κατ’
439 2865 622 2901 Ἀντίπατρον.
635 2866 717 2892 Οὐδὲν
731 2867 785 2902 γὰρ
795 2866 879 2893 οἴεται

939 1614 1042 1642 hiscum
1057 1620 1155 1651 negant
1171 1623 1230 1642 esse
1247 1615 1475 1643 necessitudinem
1489 1624 1495 1642 :
1512 1622 1599 1641 nonuc
1611 1614 1720 1648 pietatis

937 1661 1056 1688 ofﬁcium
1072 1667 1123 1693 est,
1147 1661 1208 1688 illos
1230 1661 1345 1694 institui,
1361 1661 1461 1694 curari,
1482 1660 1669 1696 persuadendo
1689 1663 1718 1686 ut

937 1715 966 1734 se
988 1712 1059 1735 totos
1081 1707 1136 1734 Deo
1154 1715 1244 1735 rerutn
1264 1708 1384 1735 omnium
1405 1705 1714 1738 devoveanl?Quaudo-

937 1752 1044 1786 quidem
1065 1752 1104 1779 sic
1122 1761 1220 1787 magna
1236 1753 1346 1780 vulnera
1365 1756 1506 1783 sanantur,
1523 1759 1582 1785 qua:
1594 1750 1714 1786 philoso-

938 1796 1050 1830 phorum
1077 1797 1182 1822 illorum
1206 1797 1332 1824 doctrina
1357 1797 1494 1823 intulerat.
1519 1795 1585 1821 Volo
1612 1800 1639 1821 et
1669 1802 1718 1822 nes

939 1841 1070 1876 impedire
1092 1842 1236 1877 quominus
1258 1843 1379 1869 medicos
1403 1842 1501 1868 adeant
1525 1842 1646 1872 Stoicos,
1671 1841 1718 1876 qui

939 1888 1019 1914 Deum
1038 1888 1205 1922 corruptioni
1220 1887 1301 1923 497
1328 1889 1485 1919 obnoxium,
1510 1886 1567 1920 ejus
1593 1891 1717 1913 naturam

937 1939 1095 1966 corpoream
1121 1940 1234 1966 eamque
1260 1932 1416 1958 mutabilem
1433 1936 1461 1958 et
1477 1933 1597 1958 omnium
1619 1931 1717 1957 forma~

941 1985 999 2004 rum
1024 1985 1152 2012 capacem
1176 1977 1306 2004 inducunt
1327 1978 1479 2011 docentque
1501 1977 1601 2008 omnia,
1620 1981 1719 2011 praeter

939 2023 1034 2055 Deum,
1059 2030 1119 2050 esse
1135 2023 1274 2057 peritura;
1291 2023 1382 2057 quidni
1402 2024 1483 2050 etiam
1502 2030 1516 2048 a
1540 2015 1622 2049 tantis
1638 2021 1718 2048 malls

942 2073 1050 2096 nostros
1070 2069 1279 2102 removebimus,
1295 2069 1390 2103 hisque
1410 2069 1500 2104 potius
1516 2068 1567 2104 piis
1584 2068 1718 2095 institutis

938 2115 1153 2148 informabimus,
1172 2122 1336 2142 consecrare
1362 2122 1391 2142 se
1410 2115 1543 2143 conditori
1566 2115 1676 2145 debere,
1691 2119 1718 2140 et

939 2161 1069 2188 admirari
1093 2161 1257 2189 Christiana:
1273 2162 1403 2189 doctrinae
1418 2167 1568 2197 parentem,
1585 2161 1632 2196 qui
1652 2169 1716 2188 cou-

937 2208 1075 2234 vertentlis
1092 2207 1234 2235 animabus
1248 2208 1363 2239 curavit,
1377 2212 1406 2234 ut
1417 2208 1610 2243 benignissima
1626 2208 1651 2234 in
1670 2208 1719 2234 ho-

900 2313 920 2340 D
935 2310 1003 2352 πλὴν
1029 2309 1076 2352 τοιξ
1101 2310 1185 2352 πυρὸς
1206 2310 1343 2352 ᾴιρθαρτον
1369 2309 1436 2339 εἶναι
1451 2311 1518 2352 ’τῶν
1539 2311 1624 2343 Θεῶν,
1638 2311 1716 2352 ¹ἀλλὰ

933 2345 1036 2388 πάντας
1045 2345 1167 2388 μρμαλῶς
1181 2347 1228 2386 κα).
1249 2345 1392 2388 γεγονότας
1405 2347 1461 2388 om}
1486 2346 1717 2388 φραρηαομι-ξθομς.

933 2382 1023 2408 Ταῦτα
1043 2381 1070 2407 δὲ
1092 2381 1239 2416 πανταχοῦ,
1254 2381 1292 2413 ὡς
1306 2382 1370 2413 ἔπος
1389 2383 1484 2412 εἰπεῖν,
1503 2381 1548 2407 ὑπ’
1569 2381 1650 2407 αὑτοῦ
1674 2381 1717 2408 λέ-

932 2425 1018 2452 γεται.
1039 2416 1236 2452 Παραθήσομαι
1257 2417 1286 2443 δὲ
1310 2417 1380 2450 λέξιν
1403 2418 1436 2443 ὲκ
1465 2416 1512 2443 τοῦ
1537 2417 1629 2451 τρίτου
1648 2417 1718 2450 Περί

933 2451 1008 2480 θεῶν
1020 2451 1079 2478 καθ’
1093 2451 1288 2486 ἓτερονγλογον.
1302 2454 1332 2479 Oi.
1347 2452 1396 2487 μὲν
1411 2451 1465 2487 γὰρ
1481 2452 1588 2485 γενητοί
1603 2452 1655 2478 εἰσι
1672 2453 1718 2478 καὶ

934 2487 1062 2523 φθαρτοί·
1079 2488 1103 2514 οἱ
1117 2487 1146 2514 δὲ
1165 2488 1301 2523 ἀγένητοι,
1325 2498 1333 2513 ι
1348 2487 1440 2523 Nullus
1454 2491 1495 2523 est
1514 2487 1593 2521 igitur
1609 2494 1641 2512 ex
1660 2495 1718 2523 oti-i-

935 2522 1013 2549 nibus
1029 2523 1170 2557 Antipatro
1188 2522 1363 2557 Chrysippus.
1379 2522 1428 2549 Hic
1441 2522 1511 2547 enim
1530 2526 1643 2555 excepto
1661 2522 1713 2554 igni

938 2558 1038 2584 nullum
1057 2556 1138 2584 Deum
1158 2562 1234 2592 putat
1247 2556 1358 2584 interitu
1384 2564 1476 2584 carere
1498 2564 1505 2583 :
1530 2556 1586 2592 sed
1601 2561 1715 2592 exteros

936 2600 1030 2620 omnes
1047 2601 1123 2627 atque
1137 2590 1164 2620 et
1184 2597 1261 2620 natos
1275 2597 1302 2619 et
1316 2592 1447 2619 obituros.
1471 2591 1558 2627 Atque
1581 2591 1641 2627 hoc»
1658 2590 1715 2627 fere

935 2629 1035 2661 passim
1049 2625 1086 2654 ab
1099 2636 1130 2655 co
1145 2629 1252 2655 dicitur.
1268 2627 1354 2654 Verba
1371 2632 1459 2654 tamen
1477 2625 1534 2658 ejus
1547 2633 1562 2652 e
1582 2625 1660 2661 tertio
1677 2625 1713 2652 De

934 2660 986 2690 diis
1005 2663 1072 2691 libro
1087 2664 1232 2690 ascribatn.
1255 2663 1315 2689 Alia
1340 2670 1430 2697 porro,
1456 2660 1646 2697 inquitaratio
1673 2667 1713 2697 est

934 2699 1044 2725 deorum
1084 2697 1135 2725 Alii
1165 2699 1238 2725 enim
1260 2698 1315 2724 nati
1340 2695 1418 2728 sunt,
1441 2701 1468 2724 et
1491 2695 1645 2724 interit-tri:
1669 2696 1711 2722 alii

934 2734 988 2759 nati
1015 2741 1068 2761 non
1087 2738 1180 2762 sunt.)
1209 2732 1276 2761 Vide
1300 2732 1417 2764 ibidem,
1444 2738 1504 2766 pag.
1523 2730 1602 2765 t052.
1628 2730 1712 2758 Spera-

935 2776 994 2795 CER.

970 2804 1025 2839 (98)
1045 2805 1160 2832 Διόλου.
1186 2804 1224 2832 Ita
1251 2803 1329 2832 codd.
1354 2802 1453 2839 Regius
1478 2807 1504 2830 et
1539 2801 1712 2830 llasilceztsts.

931 2840 1015 2873 Alias,
1029 2841 1061 2867 δι’
1073 2841 1149 2868 ὅλων.
