1848 3091
152 125 220 153 1013

872 126 1032 156 ORIGENIS

1703 119 1773 147 1033

152 182 256 210 niiuum
272 191 358 219 genus
381 191 462 212 omne
476 185 640 214 documenta
655 190 859 222 spargerentur.
879 187 931 215 Etsi

1002 187 1034 214 :al
1056 185 1148 221 ψυχῶν
1172 184 1318 220 μαθήματα
1340 182 1394 218 (99)
1418 182 1635 218 οἰκονομήσαντα
1655 181 1772 207 ἐπισπα-

150 235 280 264 praaterea
300 229 430 257 medicam
452 231 506 258 illis
520 238 598 266 opem
616 231 760 260 all‘eramns
776 234 821 268 qui
843 241 858 260 a
877 241 934 260 me-

150 275 219 301 dicis
234 279 358 301 naturam
375 276 489 304 rationis
504 282 657 312 compotem
667 298 675 310 ,
687 278 768 305 modo
786 278 812 305 in
830 280 935 305 ratione

153 327 272 353 cassam,
295 321 374 347 modo
395 321 424 348 in
447 322 593 357 imaginum
613 323 720 351 artiﬁce
743 323 872 351 facultate
887 332 934 350 ca-

149 370 251 393 rentem
271 367 465 402 releganlibus,
477 368 573 395 insana
591 369 636 396 illa
653 371 802 397 animarum
820 371 845 398 in
860 371 933 397 varia

148 417 262 445 corpora
283 413 536 447 transmigrationis
558 414 686 448 opinione
709 415 832 442 iufatuati
849 420 933 448 sunt;

153 463 242 483 annon
258 458 358 485 animae
372 466 468 486 eorum
491 460 641 487 redduntur
658 460 795 492 meliores,
817 469 878 488 cum
894 461 935 488 eis

148 504 357 537 persuademus,
375 512 428 531 non
447 513 528 532 sensu
544 511 572 532 et
594 506 700 534 ratione
719 507 818 541 privari
836 507 936 540 impro-

147 549 211 576 bum
225 557 285 576 cu.n
299 551 431 583 punitur;
450 551 496 578 sed
509 552 597 586 potius
611 552 715 579 labores
732 560 748 580 a
764 553 818 580 Deo
843 553 933 586 injun-

147 601 207 621 t-tos
224 602 372 630 primasque
388 596 504 624 inﬂ.etas
520 597 660 632 improbis,
672 605 731 625 esse
747 598 863 625 remedia
874 598 934 632 qui-

148 639 198 667 bus
227 641 260 667 ad
291 640 366 668 illuni
395 642 530 668 emendati
558 643 751 670 revertantur?
775 643 835 670 llu-c
861 643 934 670 enim

148 685 297 720 prudentes
312 686 459 713 Christiani
479 687 619 722 cogitant;
639 688 681 716 his
696 689 887 722 simpliciores,
905 694 934 716 ut

148 737 239 764 patres
252 731 391 766 parvulos,
409 732 548 761 erudiunt.
565 732 622 760 Non
640 734 722 769 igitur
737 735 866 769 parvulis,
882 742 933 762 non

148 777 269 810 rusticis,
284 785 336 804 non
354 777 435 805 fatuis
452 784 576 806 auctores
591 787 696 812 sumus,
715 785 744 807 ut
759 781 878 808 medicos
893 781 935 808 fu-

148 823 226 857 giant
242 831 248 850 :
262 831 314 850 non
335 823 388 851 illis
401 824 535 853 dicimus:
554 834 563 850 ι
582 825 681 853 Cavete
691 834 725 853 ne
740 827 800 860 quis
814 832 932 854 vestrum

986 232 1064 268 ρῆναι
1081 231 1134 266 ὅλῳ
1147 230 1186 266 τῷ
1196 230 1250 256 τῶν
1265 229 1415 265 ἀνθρώπων
1428 229 1517 263 γένεις
1544 227 1624 254 Ἀλλὰ
1639 226 1692 253 κᾶν
1708 226 1774 259 τοὺς

985 277 1153 308 πεπονθότας
1169 276 1218 310 τὴν
1235 276 1298 311 περὶ
1318 275 1366 310 τῆς
1389 273 1660 310 μετενσωματώσεως
1680 272 1773 299 ἄνοιαν

985 324 1038 349 ἀπὺ
1060 322 1169 358 ἰατρῶν,
1185 321 1237 348 τῶν
1255 320 1489 352 καταϐιϐαζόντων
1503 319 1552 354 τὴν
1563 318 1676 353 λογικὴν
1691 317 1772 351 φύσιν

984 369 1030 395 ὁτὲ
1045 369 1094 404 μὲν
1111 369 1158 395 ἐπὶ
1176 368 1226 404 τὴν
1243 367 1337 401 ἄλογον
1355 367 1454 398 πᾶσαν,
1476 365 1519 392 ὁτὲ
1541 365 1568 391 δὲ
1584 365 1632 391 καὶ
1654 363 1701 390 ἐπὶ
1722 363 1771 398 τὴν

984 415 1162 449 ἀφάνταστον,
1174 413 1367 449 θεραπεύωμεν
1382 412 1430 447 (1)·
1445 411 1504 443 πῶς
1517 411 1547 437 οὐ
1561 410 1701 446 βελτίονας
1712 412 1771 442 ταῖς

983 460 1082 495 ψυχαῖς
1099 459 1336 494 κατασκευάσομεν
1350 458 1413 489 τοὺς
1435 457 1612 493 πειθομένους
1634 456 1718 491 λόγῳ,
1739 456 1770 481 οὗ

983 506 1133 532 διδάσκοντι
1151 506 1199 541 μὲν
1211 506 1240 531 ὲν
1260 505 1394 536 κολάσεως
1412 504 1493 540 μοίρᾳ
1507 504 1546 539 τῷ
1567 503 1662 538 φαύλῳ
1678 503 1772 529 ἀποδι-

983 551 1076 578 δοσοαι
1097 551 1273 587 ἀναισθησίαν
1292 551 1309 586 ἢ
1331 550 1452 584 ἀλογίαν,
1474 550 1634 585 mpde
1653 549 1681 575 δὲ
1703 547 1771 576 εἷναί

983 605 1044 622 τινα
1057 597 1189 632 φάρμακα
1206 596 1403 632 ὲπιστρεπτικὰ
1414 595 1476 627 τοὺς
1490 595 1543 621 ἀπὸ
1555 594 1622 621 Θεοῦ
1635 595 1692 626 τοῖς
1703 593 1771 628 φαύ-

983 641 1039 673 λοις
1060 641 1280 677 προσαγομένους
1292 641 1388 672 πόνους
1403 640 1450 667 καὶ
1462 640 1511 672 τὰς
1525 639 1669 672 κο).άσεις;
1686 639 1771 667 Τοῦτο

983 687 1037 721 γάρ
1058 688 1082 713 οἱ
1102 687 1239 722 φρονίμως
1255 687 1412 722 Χριστιανοὶ
1431 685 1530 717 ζῶντες
1547 685 1584 720 (2)
1608 685 1770 720 φρονοῦντες

983 733 1154 768 οἱκονομοῦσι
1171 733 1234 764 τοὺς
1256 732 1464 767 ἁπλουστέρους,
1483 731 1521 762 ὡς
1542 731 1589 757 καὶ
1606 732 1630 757 οἰ
1652 730 1771 766 πατέρες

983 780 1047 811 τοὺς
1080 779 1179 814 κομιδῆ
1205 778 1327 814 νηπίους.
1356 778 1392 804 Ού
1419 777 1626 811 καταφεύγομεν
1651 775 1698 802 οὖν
1725 776 1772 803 ἐπὶ

983 825 1096 860 νηπίους
1106 825 1152 851 καὶ
1161 824 1280 860 ἠλιθίους
1292 824 1444 860 ἀγροίκους,
1455 824 1578 857 λέγοντες
1590 823 1693 854 αὐτοῖς,
1705 822 1771 848 Φεύ-

148 867 264 902 attiugat
287 868 452 895 scientiam:
474 878 484 895 ι
506 876 595 904 neque
614 869 729 898 dicimus
747 871 811 905 quid
831 872 931 900 malum

1002 879 1044 897 ετε
1060 871 1123 903 τοὺς
1143 870 1260 905 ἰατρούς·
1276 870 1334 896 οὐδὲ
1348 869 1472 905 λέγομεν,
1496 879 1505 894 ε
1536 869 1632 904 Ὁρᾶτε
1649 869 1686 903 μή
1704 867 1770 895 ποτέ

146 919 207 940 esse
220 913 380 946 scientiam;
400 921 488 948 neque
511 922 544 942 eo
565 915 677 943 insaniae
694 917 812 951 provecti
829 924 933 951 sumus,

147 963 177 985 ut
193 959 350 993 cognitione
371 966 533 987 censaauius
549 960 673 988 homines
694 961 729 988 ab
746 963 843 989 animae
860 963 935 990 saui-

146 1009 202 1031 tate
218 1005 349 1032 removeri
363 1014 370 1039 ;
385 1010 431 1032 aut
450 1013 616 1040 quemquam
632 1015 751 1042 unquam
764 1015 778 1035 tt
799 1008 934 1043 Sapientia

147 1050 231 1078 fuisse
243 1051 431 1086 depravatum.
451 1051 508 1079 Etsi
524 1052 663 1084 docemus,
676 1060 754 1080 nemo
769 1058 858 1081 tamen
884 1062 934 1081 no-

149 1101 238 1123 suum
274 1097 358 1125 dixit;
381 1106 390 1123 ι
416 1097 481 1125 Mihi
508 1098 685 1126 adita-rescue
706 1106 740 1125 ς»
758 1101 805 1126 sed
831 1100 931 1134 potius,

146 1140 201 1168 Deo
218 1149 308 1168 rerum
321 1143 442 1170 omnium
471 1144 648 1171 adhuarescite
665 1149 691 1172 et
704 1145 767 1172 .lesu
784 1145 856 1173 illius
882 1148 932 1174 do-

151 1187 250 1214 ctrina:
263 1188 366 1215 ductori
381 1197 387 1216 :
407 1197 492 1224 neque
506 1191 586 1217 etiam
597 1191 742 1226 quisquam
757 1197 877 1219 nostrum
893 1192 931 1220 ita

146 1238 190 1261 est
214 1241 359 1268 arrogans,
377 1240 406 1262 ut
432 1236 505 1263 dicat
522 1237 617 1270 sociis,
635 1238 707 1272 quod
724 1243 813 1265 tamen
833 1239 878 1266 uni
896 1247 931 1266 ex

149 1282 252 1309 nostris
278 1282 434 1310 doctoribus
456 1285 605 1320 assignavit
629 1285 736 1318 Celsus,
759 1295 769 1312 ι
788 1286 842 1320 Εςο
856 1287 932 1314 solus

145 1326 234 1354 salvos
245 1334 293 1354 vos
310 1327 416 1355 faciam.
432 1338 441 1354 ι
461 1329 526 1356 Vide
542 1330 624 1363 igitur
638 1337 721 1365 quant
743 1330 825 1357 multa
836 1336 930 1358 contra

146 1379 197 1400 nos
223 1378 379 1401 mentiatur.
404 1374 459 1402 Nec
479 1383 597 1409 unquam
623 1376 725 1403 dictum
740 1383 755 1402 a
778 1376 855 1404 nobis
876 1381 930 1409 est,

148 1426 158 1443 ι
176 1426 190 1444 a
209 1419 281 1446 veris
299 1420 410 1446 medicis
436 1420 552 1448 iutertici
570 1421 694 1448 homines
714 1421 812 1456 quibus
828 1422 931 1450 sanita-

147 1468 202 1490 tem
225 1465 395 1498 pollicentur.
415 1474 424 1491 ι

183 1508 227 1537 76.
241 1510 321 1537 Aliud
343 1513 424 1538 etiam
448 1516 542 1539 contra
568 1520 618 1540 nos
632 1513 784 1547 exetnplum
809 1514 928 1542 adhibet.

147 1563 160 1580 ί
179 1555 251 1582 ldcm
269 1555 345 1588 facit,
364 1557 463 1591 inquit,
486 1559 582 1585 doctor
597 1559 667 1586 inter
689 1559 761 1591 illos.
781 1568 812 1587 ac
831 1561 852 1588 si
869 1562 930 1596 quis

146 1600 243 1628 ebrius
257 1608 383 1629 vers:itns
399 1604 470 1630 inter
492 1605 593 1638 ebrios,
612 1606 827 1634 caluumiaretur
840 1608 931 1635 ebrios

145 1655 207 1674 esse
234 1647 280 1682 qui
307 1648 393 1675 sobrii
417 1655 519 1678 essent.
536 1660 545 1677 ι
567 1651 666 1678 Probet
689 1652 771 1687 igitur
789 1661 805 1679 e
822 1654 932 1688 scriptis

145 1692 233 1724 Pauli.
259 1694 374 1728 exempli
405 1702 506 1729 causa,
531 1696 605 1724 hunc
639 1699 794 1731 apostolum
824 1701 929 1727 ebrium

145 1736 243 1770 fuisse,
266 1747 355 1773 neque
377 1740 462 1768 sobrii
489 1742 607 1770 hominis
628 1742 713 1770 fuism:
735 1752 795 1779 qua:
811 1745 928 1779 dixerit;

147 1789 195 1810 aut
208 1791 241 1811 ex
257 1785 289 1811 iis
299 1793 360 1821 qme
369 1787 479 1821 scripsit
492 1787 621 1820 Joannes,
637 1788 695 1823 ejus
712 1792 863 1818 sententias
877 1800 931 1819 uolt

144 1837 205 1857 esse
233 1824 409 1866 temperantis
432 1838 460 1860 et
485 1841 500 1860 a
522 1835 651 1862 vitiorum
679 1837 813 1864 ebrietate
837 1838 930 1866 alieni.

147 1876 246 1904 Nullus
262 1878 345 1913 igitur
359 1878 522 1908 Christiana:
539 1881 677 1916 religionis
695 1883 793 1910 doctor
812 1892 865 1911 non
885 1892 930 1911 so-

146 1921 222 1950 brius
237 1929 290 1956 est,
307 1925 395 1953 nullus
414 1927 555 1954 ebrietatis
571 1929 694 1955 accusari
711 1935 800 1963 potest
817 1938 824 1964 ;
845 1936 871 1957 et
890 1931 931 1957 in-

146 1967 228 2002 digna
241 1968 326 2005 498
341 1971 503 2006 philosopho
519 1977 580 1999 sunt
595 1981 654 2008 qua!
669 1974 762 2001 Celsus
778 1976 803 2002 in
820 1983 868 2002 nos
881 1976 931 2004 hac

146 2014 180 2041 de
197 2021 225 2041 re
235 2015 303 2049 jacit
323 2017 455 2044 convicia.
479 2017 581 2046 ludicct
600 2027 681 2054 porro
701 2021 797 2048 Celsus
820 2030 929 2056 quinam

146 2059 186 2088 illi
199 2061 283 2088 sobrii
294 2062 358 2096 sint,
373 2071 442 2098 quos
452 2066 536 2091 nostri
546 2066 674 2093 doctores
685 2068 790 2101 injuriis
800 2068 929 2095 allicmut.

145 2105 200 2134 Nos
213 2108 285 2134 enim
310 2109 401 2135 ebrios
423 2110 531 2144 quidem
548 2111 664 2139 dicimus
693 2121 749 2147 eos,
774 2116 820 2148 qui
849 2114 930 2141 rebus

147 2154 307 2181 lnauimatis
332 2155 409 2188 quasi
436 2155 492 2182 Deo
527 2164 620 2191 preces
648 2158 745 2185 ferant.
774 2160 844 2192 Quid
873 2160 929 2187 dixi

983 925 1025 948 τις
1042 916 1117 952 ὑμῶν
1139 916 1293 952 ἐπιστήμης
1313 915 1483 950 ἐπιλάϐηται·
1505 924 1514 940 ι
1537 914 1598 941 οὐδὲ
1616 915 1769 948 φάσκομεν,

983 962 1024 990 ὃτι
1038 963 1122 990 κακόν
1143 963 1216 989 ἐστιν
1228 963 1365 998 ἐπιστήμη
1376 971 1383 978 ·
1401 961 1461 988 οὐδὲ
1486 961 1658 996 μεμήναμεν,
1678 961 1713 986 ἶν’
1729 960 1771 986 ετ-

984 1016 1089 1043 πωμεν,
1100 1009 1141 1034 ὅτι
1154 1008 1254 1042 γνῶσις
1266 1007 1375 1043 σφάλλει
1392 1007 1455 1038 τοὺς
1473 1006 1633 1042 ἀνθρώπους
1655 1006 1710 1033 ἀπὸ
1721 1007 1771 1042 τῆς

984 1051 1054 1079 κατὰ
1069 1053 1157 1088 ψυχὴν
1170 1052 1264 1087 ὑγείας
1273 1061 1279 1067 ·
1293 1052 1350 1079 ἀλλ’
1362 1052 1415 1078 οὐδ’
1430 1051 1595 1078 ἀπόλλυσθαι
1608 1049 1662 1076 ἀπὸ
1674 1050 1771 1084 σοφίας

983 1097 1106 1134 εἴποιμεν
1114 1098 1146 1125 ἀν
1156 1106 1216 1125 τινα
1226 1097 1344 1124 πώποτε”
1363 1097 1460 1128 οἵτινες
1470 1096 1530 1123 οὐδὲ
1539 1096 1583 1129 τὸ,
1596 1105 1605 1121 ί
1618 1096 1681 1131 ἐμοὶ
1690 1103 1771 1130 προσ-

983 1143 1069 1179 έχετε,
1085 1153 1094 1169 ι
1113 1142 1165 1170 κᾶν
1176 1143 1354 1178 διδάσκωμεν,
1370 1142 1476 1178 φαμέν·
1493 1142 1570 1173 ἀλλὰ,
1582 1141 1628 1177 Τῷ
1640 1141 1700 1177 Θεῷ
1715 1140 1770 1168 τῶν

982 1189 1050 1216 ὅλων
1065 1189 1212 1225 προσέχετε
1232 1189 1277 1215 καὶ
1291 1188 1442 1223 διδασκάλῳ
1460 1188 1514 1215 τῶν
1533 1188 1597 1222 περὶ
1609 1187 1694 1214 αὐτοῦ
1717 1195 1769 1223 μαρ

982 1234 1111 1271 θημάτων
1125 1233 1163 1269 τῷ
1182 1234 1277 1269 Ἰησοῦ.
1292 1234 1384 1265 Οὐδεὶς
1393 1234 1415 1260 δ’
1430 1233 1508 1269 ἡμῶν
1517 1233 1601 1264 οὕτως
1613 1233 1688 1259 ἐστὶν
1703 1233 1768 1259 ἀλα-

982 1279 1047 1314 ζὼν,
1060 1280 1093 1307 ἵν’
1107 1279 1191 1316 (ὅπερ
1209 1279 1310 1311 Κέλσος
1325 1279 1470 1316 περιέθηκε
1485 1278 1525 1314 τῷ
1540 1277 1587 1305 τοῦ
1599 1278 1768 1309 διδάσκοντος

981 1326 1135 1364 προσώπῳ)
1149 1326 1220 1353 εἴποι
1231 1327 1299 1363 πρὸς
1311 1327 1373 1358 τοὺς
1386 1325 1539 1361 γνωρίμους
1546 1326 1588 1356 τὸ,
1603 1335 1612 1351 ι
1627 1324 1683 1359 ἐγὼ
1698 1325 1768 1360 ὑμᾶς

983 1373 1062 1401 σώσω
1083 1374 1172 1409 μόνος.
1191 1382 1201 1399 ι
1227 1373 1296 1408 Ὅρα
1312 1371 1358 1400 οὖν
1373 1372 1442 1399 τόσα
1457 1372 1533 1408 ἡμῶν
1560 1371 1766 1406 καταψεύδεται.

986 1421 1055 1447 Ἀλλ’
1071 1421 1135 1447 οὐδέ
1142 1429 1248 1456 φαμεν,
1266 1420 1305 1446 ὃτι
1316 1429 1325 1445 ‹
1337 1420 1362 1446 cl.
1382 1419 1488 1455 ἀληθῶς
1506 1419 1592 1455 ίατροὶ
1614 1418 1767 1454 φθείρουσιν

982 1466 1025 1498 οὒς
1039 1466 1249 1501 ἐπαγγέλλονται
1263 1465 1433 1501 θεραπεύειν.
1453 1475 1462 1491 ι

1017 1523 1072 1550 Καὶ
1092 1522 1217 1558 δεύτερον
1240 1522 1268 1549 δὲ
1291 1521 1367 1558 φέρει
1392 1521 1453 1549 καθ’
1477 1521 1556 1557 ἡμῶν
1582 1521 1765 1557 παράδειγμα,

982 1569 1094 1604 φάσκων
1112 1579 1120 1595 ι
1137 1569 1248 1605 Ὅμοιον
1264 1570 1348 1595 ποιεῖν
1363 1568 1408 1594 τδν
1425 1569 1453 1595 ὲν
1466 1568 1531 1604 ἡμῖν
1544 1567 1714 1598 διδάσκαλον,
1730 1566 1767 1598 ὡς

981 1615 1058 1647 εἴτις
1074 1615 1179 1650 μεθύων
1194 1615 1233 1646 είς
1249 1614 1396 1650 μεθύοντας
1410 1614 1524 1650 παριὼν,
1543 1614 1693 1649 κατηγορεῖ
1705 1613 1767 1644 τοὺς

981 1662 1113 1697 νήφοντας
1127 1661 1164 1693 ὡς
1179 1661 1336 1696 μεθύοντας.
1356 1670 1364 1686 ι
1380 1659 1586 1696 Παραστησάτω
1602 1659 1657 1694 γὰρ
1670 1659 1702 1685 ὲκ
1714 1658 1767 1684 τῶν

981 1708 1151 1743 γραμμάτων
1170 1707 1246 1743 (φέρ’
1263 1707 1366 1741 εἰπεῖν)
1380 1705 1497 1737 Παύλου,
1509 1706 1549 1732 ὅτι
1561 1705 1676 1740 ἐμέθυεν
1692 1705 1706 1730 ὁ
1721 1703 1766 1730 τοῦ

989 1753 1075 1789 Ἰησοῦ
1095 1754 1254 1785 ἀπόστολος,
1271 1753 1318 1780 καὶ
1338 1753 1387 1780 οὐκ
1403 1751 1472 1788 ἦσαν
1488 1753 1513 1779 οἱ
1532 1752 1605 1786 λόγοι
1622 1750 1705 1777 αὐτοῦ
1722 1750 1768 1786 νή-

983 1808 1077 1834 φοντες
1092 1799 1128 1835 (5)
1140 1809 1146 1815 ·
1163 1799 1179 1835 ἢ
1193 1799 1222 1833 ἐξ
1237 1796 1274 1826 ὧν
1289 1799 1406 1834 ἔγραψεν
1430 1798 1565 1834 Ἰωάννης,
1580 1798 1620 1824 ὄτι
1640 1798 1700 1832 οὐχ).
1714 1805 1766 1822 σω-

982 1844 1141 1880 φρονοῦντος
1152 1845 1198 1871 κα¹ι
1212 1844 1419 1880 ἀπηλλαγμένου
1434 1843 1484 1878 τῆς
1496 1843 1550 1870 ἀπὸ
1567 1843 1668 1874 κακίας
1683 1841 1766 1877 μέθης

982 1891 1044 1917 πνεῖ
1061 1890 1143 1917 αὑτοῦ
1160 1890 1194 1918 τὰ
1214 1891 1345 1926 νοήματα.
1364 1889 1457 1921 Οὐδεὶς
1472 1888 1518 1916 οὖν
1539 1888 1698 1924 σωφρονῶν,
1721 1889 1765 1914 καὶ

981 1936 1112 1963 διδάσκων
1127 1936 1172 1963 τὸν
1189 1935 1360 1972 Χριστιανῶν
1370 1936 1458 1971 λόγον,
1476 1935 1583 1970 μεθύει·
1597 1934 1655 1961 ἀλλ’
1673 1933 1766 1968 ἀφιλο-

984 1982 1073 2016 σόφως
1100 1983 1165 2017 ἡμῖν
1184 1980 1386 2016 λοιδορούμενος
1410 1980 1497 2008 ταῦτά
1512 1989 1593 2015 φησιν
1616 1982 1630 2007 ὁ
1653 1980 1765 2012 Κέλσος.

982 2028 1063 2059 Τίνας
1075 2028 1103 2054 δὲ
1117 2028 1162 2054 καὶ
1172 2028 1303 2063 νήφοντας
1315 2026 1521 2063 κακηψροῦμεν
1534 2028 1559 2053 οί
1571 2026 1767 2062 πρεσϐεύοντες

981 2073 1015 2100 τὰ
1038 2073 1207 2109 Χριστιανῶν
1227 2073 1356 2109 δόγματα,
1376 2073 1478 2107 λεγέτω
1493 2074 1506 2100 ὁ
1527 2072 1640 2103 Κέλσος.
1664 2072 1767 2104 Πάντες

982 2117 1036 2154 γὰρ
1051 2117 1111 2143 καθ’
1133 2118 1206 2153 ἡμᾶς
1224 2117 1367 2154 μεθύουσιν
1389 2118 1415 2143 οἱ
1437 2118 1492 2148 τοῖς
1512 2117 1625 2152 deum
1649 2117 1686 2148 ώς
1708 2116 1766 2152 Θεῷ

982 2163 1204 2200 προσλαλοῦντες.
1220 2163 1274 2190 Καὶ
1289 2163 1316 2190 τί
1336 2164 1407 2198 λέγω
1423 2163 1582 2199 μεθύουσιν;
1600 2163 1700 2198 μᾶλλον
1713 2163 1766 2199 γὰρ

144 2200 254 2226 ebrios?
269 2200 324 2227 lino
340 2201 478 2228 insaniunt
498 2203 556 2236 qui,
572 2205 598 2230 in
612 2206 710 2238 templa
727 2211 928 2238 procurrentes,

1004 2211 1147 2246 εμὴνασιν,
1163 2212 1202 2241 είς
1215 2211 1277 2242 τοὺς
1298 2209 1367 2241 νεὼς
1390 2211 1561 2242 σπεύδοντες,
1580 2211 1627 2236 καὶ
1643 2210 1681 2241 ὡς
1697 2209 1767 2241 θεοῖς

145 2250 256 2272 statuas
271 2247 387 2273 adorant
404 2253 449 2274 aut
461 2249 591 2276 animalia
607 2252 683 2285 quasi
699 2252 734 2278 dii
753 2258 855 2279 essent.
874 2253 929 2281 Nec

145 2293 257 2327 sapiunt
278 2294 364 2328 magis
387 2295 436 2326 illi,
454 2295 500 2329 qui
525 2297 550 2322 itt
568 2298 698 2323 honorem
721 2304 846 2325 verorum
866 2300 930 2326 deo-

146 2345 207 2365 rum
223 2346 284 2366 esse
298 2345 394 2374 putant
407 2340 553 2368 simulat-ra
569 2350 584 2368 a
597 2342 655 2376 vili,
668 2344 802 2371 interdum
819 2345 902 2372 etiam
913 2353 928 2372 a

145 2383 360 2411 Sceleratissimo
373 2385 480 2412 artitice
494 2385 638 2414 fabricata.

182 2429 226 2457 77.
255 2429 352 2457 Postea
378 2430 484 2458 confert
509 2439 570 2459 eum
599 2432 728 2467 lippieute
745 2433 885 2461 doctorem
903 2439 932 2461 et

144 2482 207 2502 cum
239 2475 417 2510 lippientibus
440 2478 598 2511 auditores,
625 2479 716 2513 aitque
742 2489 751 2505 ι
773 2480 930 2514 lippientcut

144 2521 216 2555 apud
235 2522 276 2548 sui
293 2522 409 2553 similes,
429 2523 565 2557 postulare
581 2524 714 2551 caecitatis
727 2532 774 2551 eos
794 2525 840 2558 qtti
853 2530 931 2552 acute

144 2573 272 2595 cernunt.
287 2576 298 2594 ι
317 2568 434 2601 Quinam
461 2569 544 2604 igitur
567 2571 613 2597 alii
640 2577 714 2603 sunt,
731 2579 746 2597 0
762 2571 861 2602 (Irasci,
885 2572 930 2605 qni

145 2613 224 2640 nobis
236 2621 297 2640 esse
314 2615 377 2641 caeci
396 2615 551 2649 videantur,
567 2617 619 2644 nisi
638 2618 683 2652 qui
702 2625 733 2644 ex
751 2622 825 2644 tanta
841 2624 930 2644 rerum

181 2671 236 2706 (99)
259 2672 399 2709 Bolicrollo
412 2676 583 2701 scribendum
599 2676 715 2706 videtur,
738 2674 932 2709 φιλανθρωπό-

146 2708 272 2746 τατα-καὶ
283 2708 374 2746 ψυχῷν
385 2710 581 2746 ὲπιστρεπτικὰ
597 2708 753 2746 μαθήματαῖ

183 2742 222 2782 (ἰ)
242 2742 331 2769 Couex
349 2742 521 2778 Basilceiisis,
535 2742 741 2781 θερείπεύῶμεν.
759 2745 842 2778 Alias,
856 2747 934 2781 θερα-

146 2783 276 2810 πιυομεν.

185 2812 234 2844 (2)
255 2813 423 2848 Χριστιανοὶ
457 2813 570 2848 ζῶντες.
602 2816 776 2842 Scrihemlutn
815 2815 929 2847 videtur.

151 2845 395 2879 Χριστιανίζοντες.
420 2849 503 2877 Paulo
527 2845 587 2885 post
603 2852 686 2879 cuch
715 2851 884 2884 llusileensis,
900 2845 931 2877 ού

980 2258 1036 2288 τοῖς
1050 2256 1202 2291 ἀγάλμασιν
1215 2257 1231 2291 ἢ
1246 2257 1302 2288 τοῖς
1316 2255 1394 2288 ζώοις
1406 2255 1631 2292 προσκυνοῦντες.
1649 2256 1706 2291 Οὐχ
1720 2254 1767 2291 ἦτ-

980 2310 1025 2328 τον
1040 2302 1068 2328 δὲ
1081 2302 1184 2328 τούτων
1201 2302 1338 2337 μαίνονται
1355 2302 1401 2328 κα)⁴
1421 2302 1445 2328 οί
1462 2301 1616 2336 νομίζοντες
1630 2302 1670 2332 εἰς
1686 2300 1765 2335 τιμὴν

981 2347 1049 2373 θεῶν
1062 2347 1195 2382 ἀληθινῶν
1210 2346 1423 2373 κατεσκευάσθαι
1436 2346 1470 2373 τὰ
1487 2347 1540 2372 ὑπὸ
1559 2345 1702 2381 βαναύσων
1720 2346 1766 2372 καὶ

981 2392 1152 2427 φαυλοτάτων
1165 2393 1220 2419 ἔσθ’
1232 2393 1276 2419 ὅτε
1288 2392 1392 2428 ἀνδρῶν
1407 2391 1678 2426 κατασκευαζόμενα.

1015 2438 1091 2465 Μετά
1113 2438 1200 2465 ταῦτα
1220 2438 1337 2473 ἐξομοιοῖ
1357 2437 1402 2464 τὸν
1421 2437 1470 2472 μὲν
1489 2436 1646 2464 διδάσκοντα
1667 2434 1763 2470 ὀφθαλ-

983 2484 1089 2519 μιῶντι,
1104 2485 1166 2516 τοὺς
1181 2484 1209 2511 δὲ
1230 2484 1414 2519 μανθάνοντας
1429 2482 1599 2518 ὀφθαλμιῶσι
1609 2490 1616 2498 ’
1632 2481 1680 2508 καί
1700 2489 1764 2517 φησι

984 2538 993 2554 ‹
1012 2529 1105 2555 τοῦτον
1117 2529 1162 2555 ἐπὶ
1178 2529 1229 2556 τῶν
1249 2528 1460 2564 ὀφθαλμιώντων
1480 2526 1616 2554 αἰτιᾶσθαι
1636 2526 1700 2558 τοὺς
1718 2526 1762 2558 ὀξὺ

983 2574 1129 2608 βλέποντας
1137 2575 1174 2606 ὡς
1185 2574 1407 2610 πεπηρωμένους.
1422 2583 1431 2599 ι
1442 2573 1519 2605 Τίνες
1527 2570 1572 2599 οὖν
1582 2572 1707 2607 εἴποιμεν
1715 2571 1761 2606 (4),

984 2621 1121 2655 Ἕλληνες,
1149 2622 1184 2652 οἱ,
1205 2621 1264 2647 καθ’
1285 2622 1358 2656 ἡμᾶς
1368 2621 1397 2647 οὺ
1417 2619 1600 2656 βλέποντες,ἦ
1623 2620 1647 2645 οἱ
1669 2619 1701 2644 ὲκ
1717 2617 1760 2644 τοῦ

983 2676 1188 2719 καταφεύγομεν
1220 2674 1275 2702 οὖν.
1302 2676 1393 2708 Alias,
1416 2675 1447 2702 οὺ
1473 2674 1526 2708 γὰρ
1558 2673 1761 2709 καταφεύγομεν

982 2719 1055 2781 Quid)
1075 2746 1159 2774 Codd.
1176 2746 1290 2780 Regius.
1315 2744 1476 2772 Basileeusis
1498 2749 1524 2771 et
1549 2744 1603 2770 duo
1625 2743 1760 2775 Valicani,

983 2782 1121 2816 νήφοντες,
1138 2782 1214 2816 alias.
1228 2783 1365 2816 νήφοντος.

1018 2813 1055 2851 (6)
1079 2817 1160 2849 Τίνες
1173 2815 1229 2844 οὖν
1240 2813 1385 2851 alioquin
1399 2817 1552 2851 Ἕλληνες,
1565 2816 1602 2843 οἱ,
1617 2818 1671 2851 etc.
1686 2813 1759 2841 Furta

983 2849 1136 2887 legi-udum,
1151 2852 1223 2883 τίνες
1238 2850 1284 2878 οὖν
1295 2849 1368 2878 ἄλλοι
1383 2851 1442 2886 μὲν,
1455 2849 1593 2884 Ἕλληνες,
1605 2850 1641 2882 ot,
1657 2854 1710 2876 etc.
