1848 3091
87 127 160 156 1ῦ¹ὶι

680 124 834 153 ’(ᾸΟΝΊΠᾹ
854 124 990 152 CELSUM
1009 125 1072 152 LIB.
1090 124 1132 153 lli.

1648 121 1715 148 10‘!)

87 183 251 220 τηλικούτου
265 183 397 219 μεγέθους
407 182 460 210 τῶν
479 183 510 210 ἐν
524 182 563 218 τῷ
580 183 673 218 κόσμῳ
693 183 739 209 καὶ
753 183 798 209 τοῦ
816 183 865 209 κάλ

957 184 1015 218 ujus
1036 182 1128 210 mundi
1154 181 1356 216 magniﬁcentia
1381 186 1409 210 et
1433 180 1635 216 pulchritudine
1662 187 1714 206 non

85 232 153 263 λους
167 230 221 258 τῶν
241 231 488 266 δημιουργημάτων
510 231 547 266 μὴ
567 230 708 265 δυνάμενοι
730 229 878 264 ἀναϐλέψαι

84 277 138 303 καὶ
164 269 312 312 θεωρῆσαι,
338 277 379 302 ὅτι
401 277 564 311 προσκυνεῖν
589 276 636 303 καὶ
661 274 810 310 θαυμάζειν
832 275 879 301 καὶ

86 322 181 349 σέῧειν
199 322 251 357 χρὴ
275 323 353 358 μόνοιν
372 322 417 348 τὸν
435 321 520 348 ταῦτα
539 322 717 357 πεποιηκότα,
737 321 784 348 καὶ
804 321 879 348 οὐδὲν

84 367 145 394 τῶν
157 369 221 402 παρ’
232 367 384 404 ἀνθρώποις
397 367 687 402 κατασκευαζομένων,
701 368 748 394 καὶ
761 369 800 398 είς
811 367 880 393 θεῶν

84 412 173 448 τιμὴν
187 412 484 448 παραλαμϐανομένων,
500 411 672 447 καθηκόντως
688 412 720 439 ἄν
738 420 781 443 τις
794 412 878 443 σέϐοι,

85 458 145 484 εἴτε
153 458 237 493 χωρὶς
246 457 293 484 τοῦ
304 457 469 493 δημιουργοῦ
483 457 551 484 Θεοῦ
563 457 617 483 εἴτε
628 457 675 483 καὶ
686 457 744 492 μετ’
756 456 861 483 ἐκείνου
872 464 879 488 ;

85 502 123 528 ’τὶ
148 502 202 537 γὰρ
225 502 349 537 οὐδαμῶς
377 502 509 538 συγκριτὰ
534 502 688 537 συγκρίνειν
713 501 752 537 τῷ
774 501 881 536 ἀπείρῳ

86 547 211 583 ὑπεροχῇ
231 548 389 583 ὑπερέχοντι
408 548 496 583 πάσης
511 548 626 583 γενητῆς
649 547 754 582 φύσεως
772 546 879 581 τυφλῶν

86 594 140 629 τὴν
151 594 270 620 διάνοιάν
283 595 355 620 ἐστιν
369 593 459 629 ἔργον.
473 594 530 620 Οὐκ
542 593 748 629 ὀρθαλμιῶντας
760 590 805 620 οὖν
817 593 880 624 τοὺς

86 640 138 674 ὀξὺ
155 640 301 675 βλέποντας
320 640 434 676 λέγομεν
457 638 524 667 εἶναι
539 640 555 676 ἢ
572 640 799 676 πεπηρωμένους,
812 639 880 666 ἀλλὰ

86 687 155 719 τοὺς
172 686 396 721 καλινδουμένους
410 687 506 722 ἀγνοίᾳ
519 685 586 712 Θεοῦ
599 686 647 712 ἐπὶ
662 687 726 717 τοὺς
743 685 820 718 νεὼς,
833 687 881 713 καὶ

87 734 124 760 τὰ
139 732 295 768 ἀγάλματα,
308 733 354 758 καὶ
368 732 417 764 τὰς
435 732 585 767 λεγομένας
597 732 765 768 ἱερομηνίας,
779 733 881 768 φάσκο-

90 786 143 811 μεν
159 777 347 812 τετυφλῶσθαι
358 777 403 804 τὸν
416 777 478 804 νοῦν
488 785 495 793 ’
510 779 556 804 καὶ
568 778 696 813 μάλιστα,
710 778 754 805 ὅτε
767 779 834 814 πρὸς
847 780 880 815 τῇ

87 821 204 859 ἀσεϐείᾳ
223 823 270 850 καὶ
281 824 309 849 ὲν
323 823 450 859 ἀσελγείᾳ.
461 823 553 856 ζῶσιν,
570 824 584 850 ὅ
599 824 625 850 τί
639 823 698 851 ποτ’
717 824 791 851 ἐστὶν
808 825 880 852 αἰδέ-

931 233 1044 263 possunt
1065 228 1098 256 ad
1124 235 1217 254 earum
1235 228 1405 256 conditorem
1427 228 1552 255 attollere
1570 227 1665 255 oculos
1687 234 1715 253 et

931 274 1086 309 perspicere
1108 273 1196 301 solum
1220 273 1293 300 ἰΙΙιιιιι
1315 281 1386 305 esse,
1403 274 1445 301 cui
1460 280 1632 309 prosternere
1647 281 1715 306 nos,

932 328 1012 356 quem
1038 320 1181 351 admirari,
1207 327 1287 355 quem
1313 321 1404 348 colere
1428 325 1564 356 oporteat;
1592 324 1621 348 et
1647 319 1715 347 nihil

932 374 1027 394 eorum
1042 373 1102 401 qua!
1114 367 1185 400 apud
1202 365 1324 393 homines
1341 367 1410 394 fiunt
1428 372 1456 394 et
1472 367 1505 394 ad
1528 367 1631 394 cultttm
1648 367 1714 393 deo-

933 422 993 441 rum
1006 414 1182 445 adhibentur,
1197 412 1247 438 rite
1259 420 1337 447 posse
1352 413 1417 445 coli,
1433 414 1488 440 sive
1501 414 1558 441 sine
1573 413 1627 440 Deo
1639 420 1717 440 crea-

932 464 1002 491 tore.
1018 460 1077 487 sive
1094 467 1156 487 cum
1171 459 1240 487 illo?
1257 458 1324 486 Nam
1347 467 1508 493 comparare
1528 467 1588 486 cum
1606 460 1651 486 illo
1667 458 1716 490 qui

932 511 1057 533 naturam
1083 513 1192 541 omnem
1219 512 1340 532 creatam
1365 505 1525 532 immensum
1548 509 1667 538 superat,
1683 512 1716 532 ea

932 558 992 586 qua:
1008 556 1144 585 nequeunt
1157 551 1322 586 comparari,
1341 551 1481 577 hominum
1497 554 1538 577 est
1553 555 1642 576 tuente
1664 557 1718 576 cat-

932 598 1109 625 cutienlium.
1126 597 1187 625 Non
1198 605 1265 632 ergo
1279 598 1459 625 criminamnr
1471 596 1628 631 lippitudine
1643 596 1718 623 labo-

933 650 995 670 rare
1009 647 1056 669 aut
1073 650 1160 670 (ηεροδ
1172 650 1244 675 esse,
1258 643 1305 677 qui
1321 648 1400 669 acute
1416 642 1521 674 vident;
1540 642 1587 668 sed
1598 642 1643 676 qui
1670 641 1717 668 Dei

931 687 1102 722 ignoratione
1117 687 1241 722 templis,
1257 687 1426 719 simulacris,
1443 686 1518 714 festis
1529 691 1601 714 stato
1617 693 1720 713 mensis

931 734 976 761 die
994 733 1197 761 recurrentibus
1213 734 1317 761 assidui
1336 738 1411 764 sunt,
1434 732 1483 761 hos
1499 737 1589 759 mente
1603 731 1719 759 dicimus

933 785 1085 807 occmcatos
1104 787 1185 807 esse:
1201 780 1352 814 praesertim
1369 778 1391 805 si
1411 778 1445 805 ad
1464 777 1570 805 illorum
1594 777 1719 812 impieta-

934 831 986 852 tem
1004 826 1116 852 accedat
1133 826 1188 852 vita
1213 825 1370 852 libidinibus
1386 824 1503 859 perdita,
1519 829 1546 851 et
1567 824 1642 850 nulla
1666 823 1718 850 ho-

89 875 172 902 σιμον
184 868 263 903 ἔργον
273 868 340 904 μηδὲ
348 868 503 904 ζητοῦντες,
513 868 581 896 ἀλλὰ
592 869 669 897 πάντ’
680 869 809 906 αίσχύνης
817 870 865 902 aeu

957 870 1044 899 astatis
1056 870 1147 898 habita
1168 870 1274 897 ratione
1288 870 1377 905 turpia
1390 870 1481 897 omnia
1495 874 1653 904 perpetrent

88 915 269 951 πράττοντες.

125 960 204 987 Μετὰ
216 961 301 987 ταῦτα
315 960 424 988 τοσαῦθ’
445 962 518 997 ἡμᾶς
534 961 727 997 αἰτιασάμενος
746 962 816 989 θέλει
829 963 880 998 ὲμ-

88 1007 187 1041 φῆναι,
203 1007 244 1034 ὅτι
257 1007 303 1034 καὶ
318 1007 398 1043 ἕτερα
413 1007 482 1044 ἔχων
499 1008 597 1043 λέγειν,
613 1009 780 1044 παρασιωπᾷ
800 1009 879 1036 αὑτά.

91 1052 170 1089 Ἔχει
185 1054 206 1080 δ’
221 1053 307 1086 οὕτως
322 1054 402 1080 αὑτοῦ
418 1054 515 1090 ἡλέξις
532 1055 578 1090 (5)·
597 1064 606 1080 ι
622 1054 715 1082 Ταῦτα
726 1054 775 1090 μὲν
786 1054 880 1081 αίτιῶ-

90 1109 143 1135 μαι
167 1099 213 1126 καὶ
236 1100 269 1126 τὰ
291 1100 418 1132 τοιαῦτα,
433 1100 477 1127 ἵνα
502 1099 539 1136 μὴ
559 1100 636 1127 πάντ’
657 1099 815 1135 ἁπαριθμῶ,
835 1099 881 1126 καί

89 1154 164 1181 φημι
186 1145 352 1181 πλημμελεῖν
365 1146 461 1177 αὐτοὺς
480 1145 678 1181 ὲπηρεάζοντας
692 1147 730 1177 εἰς
744 1146 790 1172 τὸν
804 1145 879 1178 Θεὸν,

89 1191 135 1218 ἵνα
167 1192 300 1227 πονηροὺς
328 1191 486 1227 ἀνθρώπους
510 1192 667 1225 ὺπάγωνται
695 1192 809 1226 κούφαις
837 1192 880 1218 ἐλ-

88 1237 164 1269 πίσι,
180 1237 226 1264 καὶ
243 1238 431 1272 παραπείσωσι
450 1238 655 1273 καταφρονῆσαι
679 1238 733 1265 τῶν
759 1239 875 1275 κρειττό-

90 1291 157 1315 νων,
179 1283 235 1315 ὡς,
264 1283 311 1310 ἐὰν
343 1283 498 1319 ἀπέχωνται
522 1284 627 1316 αὐτῶν,
653 1284 763 1320 ἄμεινον
789 1285 880 1317 αὐτοῖς

89 1329 178 1356 ἔσται.
196 1339 204 1354 ι
227 1329 280 1355 Καὶ
298 1329 366 1364 πρὸς
378 1329 462 1355 ταῦτα
477 1330 504 1355 δὲ
518 1329 614 1364 λέγοιτ’
634 1330 666 1357 ἂν
686 1330 739 1357 ἀπὸ
755 1331 803 1366 τῆς
817 1331 880 1366 περὶ

91 1375 146 1402 τῶν
162 1375 387 1410 προσερχομένων
401 1375 437 1411 (6)
451 1376 655 1412 Χριστιανισμῷ
668 1377 818 1412 ἐνεργείας,
838 1377 880 1404 ὃτι

90 1420 122 1447 οὺ
153 1420 224 1447 πάνυ
245 1430 271 1448 τι
297 1421 410 1456 πονηροὶ
433 1422 583 1456 ὑπάγονται
604 1422 643 1458 τῷ
663 1422 745 1458 λόγῳ,
770 1423 832 1450 ὅσον
855 1424 897 1450 οι-

90 1466 283 1502 ἑπλούστεροι,
298 1467 345 1494 καὶ
361 1468 368 1496 ί
376 1467 414 1499 ὡς
428 1467 460 1495 ἂν
472 1469 496 1494 οἱ
517 1468 608 1495 πολλοὶ
623 1469 794 1505 ὀνομάσαιεν)
813 1478 881 1505 κομ-

90 1512 147 1547 ψοί.
170 1511 248 1540 Οὗτοι
272 1513 327 1550 γὰρ
353 1514 427 1550 φόϐῳ
444 1513 483 1550 τῷ
505 1515 568 1550 περὶ
591 1515 645 1542 τῶν
667 1515 803 1544 κολάσεων
825 1516 879 1543 τῶν

90 1555 348 1594 ἀπαγγελλομένων,
360 1549 477 1586 κινοῦντι
488 1549 586 1592 αὐτοὺς
597 1561 644 1588 καὶ
652 1562 831 1597 προτρέποντι
842 1562 884 1597 (7)
893 1549 915 1579 C

91 1605 139 1632 ἐπὶ
154 1605 187 1632 τὸ
201 1605 349 1641 ἀπέχεσθαι
361 1606 473 1638 τούτων,
493 1607 526 1633 δι’
538 1607 556 1634 ἃ.
568 1608 596 1634 αί
614 1607 749 1641 κολάσεις,
765 1608 882 1644 πειρῶν-

90 1659 136 1677 ται
156 1650 303 1678 ἐπιδιδόναι
323 1652 435 1684 ἑαυτοὺς
450 1653 483 1687 τῇ
500 1652 570 1679 κατὰ
590 1653 801 1689 Χριστιανισμὺν
824 1653 883 1679 Θεο-

93 1697 203 1732 σεϐείᾳο
216 1698 262 1724 ἐπὶ
273 1698 398 1724 τοσοῦτον
415 1699 467 1725 ὑπὸ
477 1698 525 1725 τοῦ
537 1699 617 1734 λόγου
638 1699 828 1735 κρατούμενοι.
845 1700 882 1731 ὡς

91 1743 169 1779 φόϐῳ
189 1743 244 1771 τῶν
266 1744 338 1771 κατὰ
363 1745 409 1772 τὸν
432 1745 509 1780 λόγον
531 1746 738 1781 ὀνομαζομένων
766 1747 882 1773 αίωνίων

91 1789 240 1821 κολάσεων,
264 1790 354 1826 πάσης
373 1791 422 1826 τῆς
444 1791 509 1827 παρ’
532 1791 684 1827 ἀνθρώποις
710 1792 769 1819 κατ’
792 1792 881 1819 αὐτῶν

91 1836 287 1872 ὶπινοουμένης
299 1836 336 1872 (8)
363 1837 480 1872 βασάνου
503 1839 549 1865 καὶ
571 1838 642 1874 μετὰ
669 1839 772 1874 μυρίων
791 1839 881 1866 πόνων

91 1882 210 1909 θανάτου
226 1885 415 1918 καταφρονεῖν,
443 1884 511 1920 ὅπερ
531 1884 618 1916 οὐδεὶς
642 1885 676 1912 ἂν
696 1886 750 1911 τῶν
770 1883 798 1912 εὖ
817 1893 882 1921 φρο-

89 1927 210 1953 νούντων
237 1928 320 1963 φήσαι
344 1928 469 1964 πονηρῶν
491 1929 676 1964 προαιρέσεων
695 1929 776 1965 ἔργον
802 1928 879 1956 εἶναι.

91 1973 155 2006 Πῶς
180 1972 204 2000 δ’
228 1973 282 2000 ἀπὸ
304 1974 490 2011 προαιρέσεως
514 1976 634 2010 πονηρᾶς
661 1976 808 2011 ἐγκράτεια
835 1976 881 2003 καὶ

91 2018 254 2055 σωφροσύνη
270 2020 404 2052 ἀσκεῖται,
423 2020 441 2056 ἢ
460 2020 490 2046 τὸ
508 2021 682 2055 μεταδοτικὸν
699 2021 746 2048 καὶ
758 2029 881 2048 κοινωνι-

91 2064 158 2098 κ6ν;
188 2064 257 2091 Ἀλλ·
276 2065 332 2092 οὐδ’
346 2067 360 2092 ὁ
381 2067 448 2101 προς
469 2066 499 2092 τὸ
523 2066 599 2093 Θεῖον
619 2066 709 2101 φόϐος,
733 2067 774 2102 ἐφ’
793 2067 822 2094 ὃν
844 2068 881 2098 ὡς

91 2112 227 2147 χρήσιμον
240 2113 295 2144 τοῖς
316 2112 421 2144 πολλοῖς
436 2112 594 2148 παρακαλεῖ
619 2113 632 2139 ὁ
654 2113 730 2147 λόγος
751 2114 814 2145 τοὺς
835 2123 882 2149 μη-

90 2158 166 2184 δέπω
186 2158 350 2193 δυναμένους
372 2160 402 2186 τὸ
417 2160 452 2186 δι’
471 2159 538 2186 αὑτὸ
559 2160 667 2195 αἱρετὸν
691 2160 808 2194 βλέπειν,
834 2160 882 2186 καὶ

90 2203 227 2239 αἱρεῖσθαι
241 2204 316 2236 αὐτὸ,
328 2204 366 2235 ὡς
380 2204 507 2240 μέγιστον
520 2205 632 2239 ἀγαθὸν,
651 2205 697 2231 καὶ
709 2205 779 2240 ὑπὲρ
792 2206 880 2232 πᾶσαν

91 2249 274 2284 ἐπαγγελίανο
296 2250 325 2283 ἐξ
344 2247 382 2277 ὧν
401 2251 430 2277 οὐ
452 2251 531 2277 τοῦτο
542 2251 580 2286 τῷ
598 2250 669 2278 κατὰ
689 2251 820 2287 πονηρίαν
839 2253 881 2278 αἱ-

94 2296 217 2331 ρουμένῳ
229 2296 280 2332 ζῇν
291 2296 449 2330 ἐγγενέσθαι
467 2297 598 2331 πέφυκεν.

132 2343 195 2369 Ἐὰν
219 2343 246 2369 δέ
266 2351 308 2375 τις
334 2343 362 2369 ὲν
383 2343 487 2374 τούτοις
508 2342 717 2379 δεισιδαιμονίαν
742 2342 840 2378 μᾶλλον
861 2342 877 2378 ἦ

93 2390 223 2425 πονηρῗαν
238 2389 300 2424 περὶ⁸
312 2389 374 2421 τοὺς
385 2389 496 2421 πολλοὺς
506 2389 560 2416 τῶν
571 2389 748 2416 πιστευόντων
757 2388 796 2424 τῷ
808 2388 879 2424 λόγῳ

91 2432 160 2461 εἶναι
189 2434 367 2471 φαντάζηται,
394 2436 440 2462 καὶ
467 2436 568 2472 ἐγκαλῇ
610 2436 648 2468 ὡς
680 2435 879 2470 δεισιδαίμονας

92 2480 213 2507 ποιοῦντι
234 2480 273 2516 τῷ
288 2480 359 2517 λόγῳ
380 2481 467 2517 ἡμῶν·
492 2482 613 2517 φήσομεν
633 2481 701 2517 πρὸς
722 2480 812 2511 αὑτὸν,
827 2481 878 2512 ὅτι,

92 2526 185 2563 ὥσπερ
199 2527 276 2562 ἔλεγὲ
294 2536 336 2560 τις
349 2527 402 2555 τῶν
422 2527 572 2564 νομοθετῶν
588 2528 625 2564 (9)
650 2527 718 2563 πρὸς
737 2527 880 2562 ἐρωτῶντα

127 2653 165 2689 (5)
186 2653 286 2686 Λέξις.
309 2653 531 2689 Ηωερὶιειὶιιενίιι
551 2657 651 2689 textu.
677 2653 764 2685 τάξις.
791 2653 876 2681 Paulo

94 2693 224 2725 [imbuisti
238 2709 246 2718 ,
260 2689 337 2715 πάντ’
354 2688 510 2724 ἁπαριθμῶ.
527 2688 610 2725 Alias,
632 2689 709 2715 πάντ’
721 2688 838 2725 ἀριθμῶ.

130 2723 166 2757 (li)
186 2722 283 2760 Quieto
309 2722 480 2751 SCFlllt’lllllllll
501 2724 617 2760 videtur,
632 2724 695 2760 περὶ
711 2722 773 2755 τοὺς
788 2722 875 2760 προσ-

94 2758 266 2793 είιχομένυυς,
292 2765 315 2785 et
342 2759 421 2793 paulo
440 2764 512 2793 post,
532 2759 650 2793 ἄκομψοι
667 2758 714 2793 pro
728 2758 837 2794 κομψοί.

129 2794 166 2823 t7)
189 2794 357 2821 llwschelius
382 2794 408 2821 in
435 2799 524 2824 textu.
542 2794 681 2826 κινοῦντος
709 2795 807 2825 αὐτοὺς
830 2795 876 2821 καὶ

96 2829 309 2865 ἶιροτρέποντος,
340 2837 400 2865 qua:
428 2829 527 2865 Guieto
557 2830 678 2865 additi;ia
705 2830 874 2865 videbantur.

97 2860 177 2892 Paulo
193 2863 262 2892 infra
280 2860 374 2893 Omnes
388 2873 445 2894 mss
459 2885 465 2897 ,
482 2864 535 2891 ὑπὸ
549 2863 594 2891 τοῦ
619 2864 698 2899 λόγου
724 2864 875 2902 κρατούμε-

966 959 1011 988 78.
1034 959 1099 988 Post
1122 959 1327 987 criminationes
1354 963 1408 986 tam
1434 963 1554 991 atroces,
1574 958 1663 986 innuit
1688 965 1721 986 se

932 1007 1010 1044 plura
1035 1007 1136 1035 habere
1158 1014 1219 1041 qua:
1235 1005 1313 1033 nobis
1336 1006 1458 1041 objiciat,
1483 1005 1531 1033 sed
1550 1005 1594 1033 illa
1609 1005 1719 1033 silentio

932 1055 1153 1090 praelerutitlere.
1177 1053 1222 1081 Sic
1239 1058 1330 1080 autent
1348 1052 1489 1087 loquitur:
1516 1062 1526 1078 ‹
1551 1054 1642 1088 Atque
1661 1052 1719 1080 haec

931 1106 994 1129 sunt
1004 1108 1064 1136 qtne
1078 1100 1132 1127 illis
1150 1099 1305 1135 objicienda
1323 1099 1398 1127 duxi.
1415 1100 1521 1127 Similia
1542 1100 1640 1127 ail‘erre
1652 1107 1718 1134 pos-

932 1149 982 1175 sim
996 1156 1003 1175 :
1018 1147 1065 1174 sed
1086 1152 1113 1174 ut
1128 1155 1162 1174 ne
1177 1148 1268 1175 omnia
1282 1156 1439 1183 persequar,
1455 1147 1560 1174 allirmo
1577 1147 1641 1174 illos
1667 1146 1719 1173 ini-

931 1201 985 1228 que
999 1193 1090 1220 facere
1112 1198 1141 1220 et
1165 1193 1191 1220 itt
1215 1194 1299 1221 Deum
1327 1194 1474 1228 iujuriosos
1498 1201 1569 1225 esse,
1592 1200 1664 1226 cum,
1688 1196 1718 1219 ut

933 1240 1018 1266 malos
1034 1240 1159 1267 homines
1174 1240 1298 1274 illiriant,
1312 1241 1370 1268 illos
1387 1249 1456 1268 vana
1472 1248 1518 1275 spe
1532 1240 1643 1271 lactant.
1659 1246 1718 1274 per-

932 1286 1101 1319 suadentqne
1118 1290 1147 1312 ut
1162 1285 1231 1313 lvona
1249 1286 1412 1321 despiciant,
1425 1286 1501 1318 quasi
1520 1285 1573 1312 illis
1598 1284 1719 1311 dimissis

932 1331 1124 1366 praestantiora
1151 1332 1335 1359 consecuturi.
1355 1340 1364 1357 ι
1379 1331 1418 1358 Ad
1433 1331 1490 1357 lucc
1511 1329 1719 1363 respondebitur

932 1378 1030 1405 virtute
1047 1378 1101 1411 illa,
1119 1385 1178 1413 qua:
1188 1377 1310 1404 homines
1321 1378 1354 1402 ad
1367 1376 1523 1410 religionem
1535 1374 1718 1401 Christianam

932 1425 1053 1457 adducit,
1071 1432 1124 1450 non
1142 1424 1255 1450 ontniuo
1270 1427 1324 1450 lzuu
1344 1422 1425 1449 facile
1441 1421 1598 1456 persuaderi
1618 1420 1720 1454 impro-

933 1468 991 1502 bos,
1007 1476 1089 1503 quam
1103 1468 1284 1502 simpliciores
1299 1472 1336 1498 et,
1355 1471 1383 1493 ιιι
1397 1466 1433 1493 ita
1457 1466 1563 1500 loquar,
1585 1465 1720 1492 subrusti-

931 1523 988 1542 cos.
1020 1514 1049 1541 Hi
1072 1514 1144 1541 enim
1165 1514 1372 1548 suppliciorum,
1403 1520 1462 1548 qua:
1483 1514 1605 1540 doctrina
1625 1517 1718 1539 nostra

932 1561 1085 1592 minitatur.
1114 1565 1185 1588 metu
1210 1566 1335 1587 movente
1364 1560 1439 1594 ipsos
1464 1564 1492 1586 et
1515 1559 1659 1586 inducente
1684 1560 1719 1586 ad

934 1608 1126 1635 abstinendum
1153 1607 1196 1640 iis,
1214 1607 1313 1641 quibus
1337 1607 1471 1633 destinata
1493 1606 1622 1640 supplicia
1643 1611 1718 1636 sunt,

932 1658 1082 1688 prOperant
1107 1661 1136 1680 se
1167 1652 1388 1680 Christianorum
1414 1651 1535 1687 religioni
1563 1653 1719 1685 devovere;

933 1707 1018 1734 usqtte
1033 1699 1100 1727 adeo
1113 1703 1204 1725 nostra
1223 1699 1344 1726 doctrina
1358 1698 1434 1728 victi,
1449 1703 1488 1729 ut,
1509 1705 1606 1731 pcenas
1626 1697 1720 1729 veriti,

931 1753 1001 1780 quas
1012 1751 1128 1771 aeternas
1140 1743 1224 1780 499
1238 1748 1329 1775 vocat,
1345 1744 1436 1770 omnia
1462 1748 1596 1770 tormenta
1619 1744 1652 1770 ab
1669 1743 1718 1770 lto-

933 1790 1053 1818 tninibus
1073 1795 1167 1817 contra
1194 1791 1268 1823 ipsos
1292 1790 1456 1821 excogitata,
1482 1796 1618 1816 aerumnas
1639 1789 1718 1815 innu-

932 1843 1031 1868 meras,
1054 1841 1169 1863 mortem
1197 1836 1281 1870 ipsam
1307 1839 1482 1862 contunmere
1510 1842 1563 1861 non
1584 1835 1717 1864 dubitent.

932 1883 989 1910 Hoc
1002 1888 1091 1909 autern
1114 1890 1194 1908 nemo
1212 1889 1285 1908 same
1303 1882 1402 1907 utentis
1419 1881 1518 1908 dixerit
1539 1881 1564 1907 in
1586 1888 1719 1915 perversae

933 1930 1078 1957 voluntatis
1092 1929 1215 1956 homines
1230 1933 1393 1961 competere.
1409 1927 1477 1954 Num
1497 1929 1568 1955 enim
1589 1936 1717 1962 perversa

932 1976 1058 2003 voluntas
1077 1975 1167 2002 studet
1193 1973 1390 2008 temperantiae,
1416 1973 1576 2007 sobrietati,
1596 1973 1719 2000 liberali-

933 2022 992 2053 tati,
1011 2020 1220 2049 beneﬂccntiae?
1245 2019 1272 2046 In
1296 2027 1355 2046 eam
1379 2027 1412 2046 uc
1428 2019 1476 2046 Dei
1503 2020 1584 2047 timor
1608 2020 1716 2053 quidem

932 2068 1014 2099 cadit,
1027 2067 1060 2094 ad
1075 2074 1154 2101 quem
1169 2066 1293 2093 timorem
1309 2070 1399 2093 tamen
1414 2070 1505 2092 nostra
1521 2067 1642 2093 doctrina
1655 2067 1718 2094 hor~

933 2118 1005 2140 tatur
1020 2118 1049 2140 ut
1064 2113 1156 2139 utilem
1173 2112 1275 2144 multis,
1292 2112 1336 2146 qui
1350 2113 1467 2140 nondum
1502 2111 1541 2144 id,
1559 2113 1631 2148 quod
1654 2120 1718 2147 pro-

933 2164 991 2193 pter
1017 2167 1045 2186 se
1059 2159 1238 2194 expetendum
1249 2163 1301 2190 est,
1321 2163 1368 2185 aut
1384 2159 1516 2194 dispicere
1534 2163 1656 2194 possunt,
1671 2165 1717 2186 aut

933 2206 1032 2239 eligere
1056 2211 1085 2232 ut
1108 2213 1244 2232 sumntum
1263 2205 1364 2232 bonum
1388 2209 1415 2232 et
1440 2205 1514 2232 outni
1538 2205 1718 2239 promissione

934 2250 1039 2286 majus;
1066 2252 1138 2287 quod
1169 2252 1263 2279 horum
1290 2252 1389 2279 nemini
1412 2252 1535 2279 accidere
1551 2257 1652 2286 potest,
1671 2251 1718 2287 qui

934 2298 1062 2331 nequiter
1077 2298 1169 2325 vivere
1181 2297 1363 2333 proposuerit.

967 2344 1012 2372 79.
1031 2344 1195 2378 Cogitaverit
1213 2345 1329 2372 fortasse
1350 2344 1483 2378 quispiam
1504 2345 1530 2371 in
1551 2345 1593 2372 his
1610 2345 1714 2372 nostris

933 2389 1064 2416 institutis
1081 2398 1133 2416 llOn
1151 2391 1301 2424 nequitiam
1319 2389 1440 2425 quidem,
1455 2390 1501 2417 sed
1516 2395 1604 2417 tamen
1618 2398 1716 2425 super-

933 2435 1070 2461 stitionem
1081 2442 1153 2466 esse.
1170 2436 1288 2470 hincque
1301 2435 1432 2463 doctrinae
1449 2441 1550 2464 nostra:
1565 2436 1628 2463 vitio
1642 2437 1717 2463 dabit

933 2480 1003 2516 quod
1029 2481 1233 2515 superstitiosos
1250 2481 1342 2509 faciat.
1362 2481 1607 2517 Respondebimus,
1621 2490 1718 2517 quem-

932 2527 1077 2554 admodum
1101 2527 1212 2561 quidam
1233 2534 1267 2554 ex
1302 2527 1501 2563 lcgislatoribus
1524 2529 1715 2563 interroganti,

929 2665 978 2683 vat.
996 2656 1074 2699 'Libh.
1096 2657 1192 2699 excusi
1215 2657 1241 2684 in
1264 2660 1338 2684 textu
1356 2657 1472 2690 habent,
1492 2656 1545 2683 ὑπὸ
1565 2655 1612 2683 τοῦ
1635 2655 1715 2690 λόγου

929 2695 1004 2718 κινού
1009 2695 1100 2727 μενοι.ἴ

965 2727 1002 2762 (ξ)
1012 2727 1179 2762 llysultelius
1189 2726 1214 2753 in
1227 2731 1311 2758 textu.
1320 2726 1530 2761 ὲπινοουμένοις.
1544 2727 1613 2753 Infra
1625 2726 1713 2755 idem.

928 2762 956 2795 ἐξ
970 2760 1010 2789 ’ὧν
1023 2761 1056 2789 αὖ
1070 2762 1149 2789 τοῦτο
1162 2762 1201 2797 τῷ
1213 2762 1293 2793 κατὰ.
1307 2768 1372 2793 clm,
1388 2763 1467 2788 male.

963 2798 1000 2834 (9)
1013 2798 1073 2825 Τῶν·
1081 2795 1257 2832 νομοθετῶν.
1273 2799 1310 2824 lta
1326 2803 1398 2834 recte
1411 2797 1521 2834 omnino
1534 2796 1613 2834 habet
1628 2795 1716 2824 codex

927 2830 1048 2862 Julianus
1063 2830 1181 2862 secunda
1196 2841 1287 2861 manu.
1302 2833 1387 2867 Alias,
1402 2831 1448 2858 τὸν
1465 2830 1625 2867 νομοθέτην.
