1848 3091
102 152 170 181 ΙΟΞθ

676 154 814 182 CONTRA
829 153 979 190 CELSULL
985 154 1048 182 LIB.
1064 154 1108 183 iV.

1645 161 1712 188 i030

99 211 296 248 συγγράμματι
315 211 397 238 αὐτοῦ
417 211 557 247 οἰκοδομῆς
572 212 749 248 παραπλήσια
764 214 796 249 τῇ
809 213 863 240 οἰκι

959 219 1013 240 tere
1023 213 1186 246 construxit,
1203 215 1275 242 haud
1289 215 1419 244 dissimile
1432 217 1546 245 aedilicio
1556 225 1649 246 eorum
1662 220 1708 253 qui

97 257 166 292 δομῇ
179 257 233 283 τῶν
244 257 374 283 εἰπόντων
387 265 394 272 ·
409 266 419 282 ι
434 257 526 287 Δεῦτε.
542 257 761 293 οἰκοδομήσωμεν
774 259 880 290 ἑαυτοῖς

97 302 176 328 πόλιν
193 302 240 329 καὶ
256 302 369 337 πύργον,
382 298 413 328 οὗ
430 303 446 338 ἡ
460 302 656 339 κεφαλὴ¹ἔσται
669 303 721 335 ἓως
735 303 782 329 τοῦ
795 303 878 339 οὐρα-

97 347 144 373 νοῦ
153 356 160 362 ·
175 358 184 373 ι
194 347 261 375 ἀλλὰ
270 347 316 374 καὶ
327 347 461 383 χρῄζομεν
472 348 565 383 σοφίας
578 358 587 374 ι
601 349 782 385 κατασπώσης
792 350 880 376 πάντα

89 376 133 420 ’τὰ
143 393 308 428 έπαιρόμενα
399 376 448 428 τὴς
457 376 580 428 γνιῖίσείῦς
587 394 633 420 τοῦ
643 394 709 420 Θεοῦ
718 376 859 430 ὑψίὺματα.
867 404 876 421 ι

98 438 144 464 καὶ
159 438 188 464 τὸ
201 438 303 465 Κέλσου
314 438 492 474 ἐπαιρόμενον
503 439 563 466 καθ’
575 440 652 474 ήμῶν
662 440 711 474 τῆς
721 440 878 472 ἀλαζονείας

96 482 207 518 ὕψωμα.
231 481 288 509 Εἶτ’
308 483 368 509 ἐπεὶ
389 484 426 518 μὴ
443 483 494 519 χρὴ
517 483 679 518 καταλήγειν
693 484 765 518 ἡμᾶς
788 484 832 509 ἐπὶ
848 483 878 510 τὸ

95 528 221 565 ὲκριξοῦν
241 529 286 555 καὶ
299 529 497 555 κατασκάπτειν
513 529 546 556 τὰ
559 529 752 565 προειρημένα,
768 529 825 555 ἀλλ’
839 530 878 561 εἰς

97 574 147 609 μὲν
160 574 210 610 τὴν
225 574 313 610 χώραν
329 574 382 599 τῶν
406 572 605 609 ὲκριζωθέντων
619 574 813 608 καταφυτεύειν
826 583 877 608 φυ-

94 619 171 645 τείαν
186 628 196 644 ‹
210 618 255 645 τοῦ
272 618 341 645 κατὰ
354 618 418 644 Θεὸν
433 618 577 654 γεωργίου,
599 629 608 644 ι
626 620 665 651 εἰς
678 619 706 645 δὲ
728 619 773 646 τὸν
795 620 877 646 τόπον

94 664 149 691 τῶν
169 664 397 698 κατασκαφέντων
413 664 561 699 οἰκοδομεῖν
585 664 652 690 Θεοῦ
677 664 818 700 οἰκοδομὴν
831 665 877 691 καὶ

95 710 157 736 ναὸν
167 710 245 745 δόξης
255 710 336 736 Θεοῦ·
349 709 392 735 διὰ
407 709 495 741 τοῦτο⁷
510 710 555 736 καὶ
567 711 633 745 ἡμῖν
647 710 756 737 εὐκτέον
768 711 826 736 ἐστὶ
838 710 877 746 τῷ

94 756 221 783 δεδωκότι
234 755 327 792 Κυρίῳ
341 755 376 782 τὰ
391 756 419 783 ἐν
432 755 471 791 τῷ
491 756 608 792 Ἱερεμίᾳ
623 756 800 792 γεγραμμένα
811 776 818 788 ,
833 757 876 783 ἵνα

94 802 142 829 καὶ
159 802 224 837 ἡμῖν
239 801 276 837 δῷ
298 801 393 836 λόγους
414 802 460 828 καί
474 802 542 837 πρὸς
556 802 586 829 τὸ
606 802 755 838 οἰκοδομεῖν
778 802 813 829 τὰ
829 802 876 829 τοῦ

94 847 223 883 Χριστοῦ,
233 847 279 874 καὶ
286 847 481 881 καταφυτεύειν
489 848 533 875 τὸν
542 848 723 883 πνευματικὸν
730 849 820 884 νόμον,
830 849 876 875 καὶ

930 257 1073 285 dicebant:
1097 267 1107 285 ε
1125 258 1231 292 Venite,
1261 259 1392 289 faciamus
1420 263 1496 290 nobis
1514 263 1654 291 civitatem
1681 268 1709 292 et

930 303 1037 336 turrim,
1050 303 1126 338 cujus
1140 304 1245 331 culmen
1259 306 1391 341 pertiugut
1404 308 1436 334 ad
1450 308 1547 335 rcelum
1560 309 1592 336 ".
1609 319 1619 336 ι
1635 309 1709 344 Opus

929 349 1060 376 habemus
1073 350 1218 384 sapientia.
1234 359 1293 384 qme
1311 361 1321 377 ι
1341 353 1476 386 dispt‘l‘tiat
1492 361 1570 381 neum
1581 363 1708 382 «omnem

928 394 1098 422 altitudinem
1129 396 1307 423 extollentem
1339 405 1369 424 se
1399 399 1531 428 adversus
1568 403 1710 428 scientiam

928 439 975 467 Dei
989 440 1024 473 “,
1043 449 1053 466 ι
1075 444 1131 467 tum
1146 443 1312 475 arrogantiae
1327 443 1508 477 altitudinem,
1526 454 1577 479 qua
1602 455 1631 473 se
1648 447 1710 474 Cel-

928 493 974 514 sus
991 490 1086 514 contra
1107 494 1157 513 nos
1172 487 1288 514 extollit.
1324 488 1375 515 Sed
1392 497 1486 524 parum
1499 491 1579 519 fuerit
1594 492 1710 520 evellere

927 536 954 559 et
969 532 1131 564 destruere;
1148 537 1255 566 oportet
1273 533 1332 560 loco
1347 542 1440 561 eorum
1455 555 1462 567 ,
1486 544 1545 570 qum.
1571 539 1708 566 erudicata

929 575 1041 608 fuerint.
1057 577 1108 603 alia
1125 584 1219 604 serere
1233 586 1293 612 qna-
1308 589 1317 605 ι
1334 579 1380 606 Dei
1397 581 1567 615 agricultura:
1583 591 1593 608 ι
1608 591 1709 611 conve-

927 622 1005 649 niant
1029 623 1063 654 ³⁸.
1079 629 1106 650 et
1123 623 1321 650 destructorum
1349 625 1409 652 loco
1436 626 1484 652 Dei
1510 628 1655 655 a'dificium
1682 634 1710 656 et

928 668 1053 702 templum
1067 669 1160 703 gloria:
1176 668 1222 695 Dei
1237 675 1407 698 construere.
1423 670 1556 704 Quocirca
1573 675 1711 708 rogandus

926 720 967 742 est
983 714 1121 746 Dominus,
1139 722 1231 741 eorum
1246 723 1306 749 quae
1322 717 1348 742 in
1362 716 1478 744 Jeremia
1505 725 1708 752 meruerautur,

926 760 1047 794 largitor.
1062 765 1091 787 ut
1102 765 1129 787 et
1139 761 1215 787 nobis
1229 761 1274 787 det
1286 768 1317 788 ea
1330 761 1413 796 loqui,
1427 763 1526 797 quibus
1537 772 1596 798 qme
1609 765 1708 792 Christi

926 812 989 832 sunt
1001 806 1146 839 aedificare,
1163 806 1367 841 spiritulemque
1378 807 1463 842 legem
1478 815 1506 836 et
1521 809 1660 838 referenda
1676 812 1709 838 ad

926 851 999 878 illam
1013 851 1169 886 prophetica
1186 853 1294 879 oracula
1307 861 1399 880 serere
1411 854 1557 883 valeamus.
1571 855 1633 884 Haec
1644 865 1709 885 vero

92 894 157 926 τοὺς
166 893 294 928 ἀνάλογον
306 894 379 929 αὺτῴ
391 895 573 930 προφητικοὺς
581 894 683 928 λόγους.
695 895 748 921 Καὶ
761 894 863 929 μάλιστ(

959 896 1034 923 acula
1054 904 1125 924 nilne
1149 898 1268 925 maxime
1285 899 1429 926 ostendere
1454 908 1523 935 opus
1538 907 1579 928 est
1595 903 1708 936 pulchre

93 940 173 974 χρεία
187 941 251 975 ἡμῖν
267 941 335 976 πρὸς
355 940 388 967 τὰ
412 940 459 967 νῦν
473 940 535 976 ἑξῆς
549 942 604 972 τοῖς
617 941 822 977 προειρημένοις
835 941 875 977 τῷ

94 985 192 1021 Κέλσῳ
203 985 336 1021 λεγόμενα
347 987 604 1018 κατασκευάσαι,ὅτι
613 986 700 1018 καλῶς
711 987 745 1014 τὰ
755 987 817 1022 περὶ
826 986 873 1013 τοῦ

95 1031 214 1067 Χριστοῦ
234 1032 463 1068 πεπροφήτευται.
480 1032 554 1068 Ἅμα
564 1032 617 1068 γὰρ
629 1032 696 1068 πρὸς
706 1033 874 1069 ἀμφοτέρους

94 1077 237 1112 ἰστάμενος
250 1078 264 1104 ὁ
277 1077 389 1109 Κέλσος,
410 1077 551 1109 Ἰουδαίους
577 1078 625 1113 μὲν
641 1078 818 1114 ἀρνουμένους
830 1087 875 1113 γε-

92 1123 200 1157 γονέναι
215 1123 263 1158 τὴν
277 1123 394 1159 Χριστοῦ
406 1123 561 1159 ἐπιδημίαν,
586 1123 742 1156 ἐλπίζοντας
756 1124 778 1151 δ’
791 1123 874 1159 αὐτὴν

91 1167 219 1200 έσεσϐαι,
241 1168 417 1204 Χριστιανοὺς
440 1169 468 1196 δὲ
491 1168 686 1204 ὁμολογοῦντας
708 1169 753 1196 τὸν
773 1169 874 1205 Ἰησοῦν

93 1212 164 1240 εἶναι
180 1213 225 1240 τὸν
239 1214 458 1251 προφητευθέντα
470 1215 595 1251 Χριστὸν,
610 1215 707 1252 φησίν·

150 1267 160 1283 ι
180 1258 240 1284 ’Ότι
264 1258 292 1284 δὲ
306 1259 352 1285 καὶ
364 1259 531 1295 Χριστιανῶν
545 1268 617 1292 τινες
631 1260 677 1287 καὶ
698 1260 832 1292 Ἰουδαῖοι,
848 1261 873 1287 οἰ

94 1303 145 1339 μὲν
160 1303 372 1339 καταϐεϐηκέναι
395 1306 475 1340 φασιν
490 1305 565 1340 (‘25),
580 1306 605 1332 οἱ
620 1305 647 1333 δὲ
674 1306 874 1342 καταϐήσεσθαι

92 1350 133 1381 εἰς
147 1349 196 1385 τὴν
210 1350 260 1385 γῆν
273 1359 332 1377 τινα
353 1351 418 1378 Θεὸν
430 1352 447 1388 ἢ
462 1351 528 1378 Θεοῦ
553 1351 617 1379 Υἱὸν
630 1352 684 1379 τῶν
696 1352 758 1388 τῇδε
771 1352 875 1380 δικαιω-

91 1396 153 1432 τὴν,
167 1396 238 1422 τοῦτ’
253 1396 404 1432 αἴσχιστον,
419 1397 466 1424 καὶ
480 1397 539 1425 οὐδὲ
551 1398 634 1425 δεῖται
651 1398 756 1434 μακροῦ
767 1398 845 1433 λόγου
860 1399 874 1425 ὁ

92 1442 213 1477 ἐλεγχος.
233 1452 242 1468 ι
259 1443 313 1469 Καὶ
326 1443 398 1470 δοκεῖ
411 1444 466 1479 (24)
483 1453 515 1479 γε
531 1444 650 1480 ἀκριϐῶς
662 1444 725 1480 περὶ
741 1444 789 1480 μὲν
809 1444 874 1471 ’1ου-

90 1487 175 1514 δαίων
188 1489 218 1515 οὐ
230 1488 310 1515 τινῶν
320 1508 327 1520 ,
341 1489 408 1516 ἀλλά
423 1489 531 1516 πάντων
541 1489 639 1524 λέγειν,
654 1490 694 1516 ὅτι
708 1488 876 1517 οίονταίτινα

90 1534 295 1570 καταϐήσεσθαι
307 1535 353 1562 ἐπὶ
368 1535 417 1572 τὴν
431 1536 483 1571 γῆν
493 1544 501 1551 ·
518 1537 583 1571 περὶ
595 1535 623 1562 δὲ
639 1535 819 1572 Χριστιανῶν,
833 1536 874 1563 ὃτι

926 940 960 968 de
976 941 1083 969 Christo
1099 942 1171 969 edita
1189 942 1283 973 fuisse.
1295 950 1321 970 ul
1340 952 1399 977 qua:
1414 945 1540 980 deinceps
1556 947 1648 974 Celsus
1659 949 1708 976 oh-

923 986 983 1022 jicit
996 987 1156 1015 refutantur.
1172 987 1305 1022 Utrosque
1316 990 1388 1016 enim
1402 992 1548 1026 impugnat,
1556 992 1706 1027 etJu-lazos,

926 1032 973 1066 qui
986 1032 1124 1060 Christum
1138 1034 1280 1079 advenisse
1290 1040 1388 1070 negant
1400 1037 1632 1073 adventurumque
1645 1047 1705 1074 spc-

926 1084 999 1112 rant,
1012 1085 1038 1106 ct
1054 1079 1226 1107 Christianos
1245 1081 1292 1112 qui
1304 1079 1396 1108 Iesum
1413 1089 1473 1110 esse
1487 1083 1624 1111 Christum
1640 1093 1706 1112 conc

926 1125 1037 1153 fitentur
1068 1134 1147 1161 quem
1178 1127 1317 1162 prophetae
1343 1129 1536 1162 przcdixerunl.
1560 1129 1606 1157 Sic
1625 1131 1706 1166 igitur

926 1172 970 1200 ille
982 1180 990 1200 :

959 1258 987 1286 2.
1005 1269 1014 1285 ι
1032 1259 1146 1293 Quidam
1163 1267 1179 1288 e
1193 1259 1355 1288 Christianis
1372 1265 1398 1288 et
1413 1260 1497 1288 Judaei
1514 1262 1661 1296 disputant,
1676 1263 1703 1290 hi

925 1306 1032 1341 quidem
1046 1306 1071 1332 in
1083 1312 1181 1333 terram
1194 1307 1387 1333 descensurum
1401 1314 1462 1333 esse
1475 1308 1551 1333 deum
1562 1310 1703 1340 quv-mdam

925 1355 972 1377 aut
991 1350 1038 1378 Dei
1053 1350 1149 1377 Filium
1166 1352 1245 1386 hujus
1261 1357 1340 1378 terra:
1358 1352 1462 1379 incolas
1478 1351 1701 1386 justilicaturum;

927 1396 964 1424 illi
982 1404 1046 1424 vero
1057 1396 1112 1431 jam
1141 1398 1324 1425 descendisse.
1348 1397 1437 1432 Turpe
1457 1398 1608 1431 dissidinm,
1631 1401 1703 1434 quod

926 1442 1050 1477 pluribus
1067 1443 1190 1470 refellere
1215 1451 1412 1478 supervacuum
1434 1449 1514 1471 esset.
1533 1439 1554 1489 ᾖ
1571 1445 1704 1472 Accurate

927 1488 952 1515 id
969 1489 1078 1523 quidem
1095 1488 1201 1517 .ludteos
1220 1497 1273 1516 non
1287 1490 1429 1523 quosdam,
1444 1490 1490 1517 sed
1507 1498 1600 1518 Omnes
1612 1492 1705 1518 existi-

927 1541 1001 1561 mare
1026 1535 1093 1561 hanc
1113 1535 1138 1561 in
1156 1540 1255 1562 terram
1270 1537 1412 1569 quemdam
1427 1543 1486 1563 esse
1501 1537 1702 1571 descensurum;

88 1581 164 1613 τινὲς
178 1581 267 1608 αὐτῶν
281 1582 496 1618 καταὸεὸηκέναι
513 1582 645 1617 λέγδυσιν.
667 1582 806 1618 Ἐμφαίνει
821 1582 863 1618 γὰι

959 1580 1055 1608 losdam
1072 1587 1162 1608 autem
1184 1581 1375 1609 eChristianis
1406 1582 1577 1609 deSrendisse
1602 1584 1702 1610 dicere.

88 1627 155 1659 τοὺς
182 1627 236 1654 ἀπὸ
258 1628 408 1655 Ἰουδαϊκῶν
429 1629 544 1664 Γραφῶν
559 1629 811 1662 κατασκευάζοντας
825 1629 875 1665 τὴν

88 1673 212 1710 Χριστοῦ
238 1673 293 1709 (25)
316 1674 461 1710 ἐπιδημίαν
476 1674 514 1707 ὠς
535 1675 583 1711 ἤδη
599 1675 801 1711 γεγενημένηνο
827 1674 875 1702 καὶ

88 1719 179 1745 ἔοικεν
193 1719 299 1752 εἰδέναι,
313 1720 353 1746 ὅτι
367 1720 419 1746 εἰσί
428 1729 499 1752 τινες
508 1721 626 1756 αἱρέσεις
636 1721 797 1757 ἀρνούμενω
808 1722 876 1756 Χρι-

88 1765 155 1792 στὸν
176 1765 277 1800 Ἰησοῦν
291 1763 359 1792 εἶναι
378 1766 424 1793 τὸν
450 1767 716 1802 προπεφητευμένον.
733 1766 801 1802 Ἤδη
826 1767 874 1802 μὲν

85 1809 135 1838 οὖν
150 1812 198 1838 καὶ
222 1813 252 1838 ἐν
275 1813 330 1844 τοῖς
342 1812 483 1848 προτέροις
495 1813 558 1848 περὶ
570 1812 617 1839 τοῦ
637 1811 874 1847 προπεφητεῦσθαι

86 1858 134 1884 τὸν
150 1859 266 1893 Χριστὸν
280 1858 350 1886 κατά
362 1858 474 1894 δύναμιν
484 1858 674 1894 διειλήφαμεν·
689 1858 729 1885 διὸ
743 1858 777 1884 τὰ
790 1857 874 1884 πολλά

85 1904 143 1931 τῶν
167 1905 322 1940 δυναμένων
342 1904 467 1939 λέγεσθαι
480 1906 520 1936 εἰς
543 1904 588 1931 τὸν
611 1904 693 1931 τόπον
708 1904 758 1930 οὐκ
773 1904 874 1930 ἐπανα-

86 1950 265 1986 λαμᾱίνομεν
277 1972 283 1982 ,
308 1952 351 1978 ἵνα
367 1951 403 1987 μὴ
420 1951 632 1986 παλιλλογῶμεν.
657 1951 726 1986 Ὅρα
747 1950 795 1986 δὴ,
811 1951 852 1977 ὅτι
864 1970 872 1982 ,

87 1998 170 2033 εἴπερ
185 1997 253 2032 μετά
269 2006 339 2029 τινος
349 1998 401 2024 κᾶν
416 1997 544 2032 δοκούσης
557 1997 612 2033 (26)
627 1996 782 2027 ἀκολουθίας
796 1996 873 2023 ἐϐού-

86 2043 151 2070 λετο
163 2044 326 2079 ἀνατρέπειν
342 2044 391 2080 τὴν
406 2044 471 2080 περ)⁸
492 2043 545 2070 τῶν
573 2042 752 2079 προφητειῶν,
776 2041 792 2078 ἦ
810 2043 874 2078 περὶ

85 2089 136 2117 τοῦ
146 2090 324 2126 ἐπιδημήσειν
334 2090 350 2125 ἦ
361 2089 584 2125 ἐπιδεδημηκέναι
594 2089 638 2116 τὸν
646 2089 762 2125 Χριστὸν
771 2089 872 2122 ’πίει-τιν⁹

87 2136 178 2172 ἐχρῆν
193 2136 273 2162 αὐτὴν
285 2136 370 2167 αὐτὰς
384 2135 510 2162 ἐκθέσθαι
523 2136 572 2167 τὰς
587 2136 754 2171 προφητείας
765 2155 772 2167 ,
786 2133 830 2167 αἶς
844 2136 873 2162 ὲν

83 2182 126 2217 τῷ
141 2181 314 2215 διαλέγεσθαι
329 2181 396 2217 πρὸς
410 2181 539 2217 ἀλλήλους
561 2181 689 2216 χρώμεθα
716 2181 873 2216 Χριστιανοὶ

84 2227 135 2254 καὶ
156 2226 285 2252 Ἰουδαῖοι.
303 2226 379 2252 Οὒτω
390 2226 444 2262 γὰρ
459 2226 491 2253 ἂν
505 2225 554 2253 κᾶν
568 2226 640 2258 εδοξε
657 2226 720 2257 τοὺς
736 2234 872 2261 περισπω-
888 2243 911 2270 D

86 2272 190 2308 μένους
203 2271 255 2297 ὑπὸ
269 2272 327 2307 τῆς,
350 2272 387 2303 ὡς
401 2273 483 2298 οἴεται
493 2292 501 2303 ,
526 2271 701 2307 πιθανότητος
713 2273 799 2298 δοκεῖν
817 2272 872 2308 (27)

86 2318 252 2354 ἀνατρέπειν
275 2318 328 2345 ἀπὸ
341 2319 389 2354 τῆς
411 2319 478 2354 πρὸς
492 2318 526 2345 τὰ
540 2318 692 2353 προφητικὰ
710 2319 874 2352 συγκαταθέ-

86 2372 170 2396 σεως.
184 2364 230 2390 καὶ
246 2365 294 2399 τῆς
309 2364 351 2390 διὰ
374 2364 408 2390 τὰ
430 2364 585 2399 προφητικά
598 2365 638 2395 εἰς
662 2363 706 2390 τὸν
723 2364 824 2399 Ἰησοῦν
837 2364 874 2395 ὡς

84 2411 153 2437 ὅντα
169 2410 283 2445 Χριστδν
299 2411 426 2441 πίστεως.
444 2410 511 2436 Νυνὶ
528 2409 572 2441 δὲ,
601 2410 658 2444 ἤτοι
675 2409 710 2444 μὴ
728 2409 873 2444 δυνάμενος

84 2458 244 2492 ἀπαντῆσαι
269 2457 336 2493 πρὸς
350 2457 399 2489 τὰς
426 2456 490 2492 περὶ
511 2455 627 2492 Χριστοῦ
643 2456 827 2491 προφητείας,
854 2455 869 2490 ἢ

85 2503 157 2539 μηδὲ
173 2503 227 2537 (28)
245 2503 292 2538 τὴν
313 2503 400 2538 ἀρχὴν
423 2501 500 2534 εἰδὼς
513 2502 573 2529 τίνα
593 2502 650 2528 ἐστὶ
664 2501 696 2528 τὰ
710 2501 773 2536 περὶ
788 2500 869 2527 αὑτοῦ

84 2548 313 2584 προφητευόμενα
323 2567 330 2579 ,
344 2548 470 2584 οὐδεμίαν
486 2548 533 2584 μὲν
549 2547 621 2580 λέξιν
633 2547 721 2583 τίθησι
738 2555 871 2582 προφητι-

120 2607 146 2623 ¹⁸
163 2607 233 2634 Gen.
244 2614 279 2640 λι.
290 2607 318 2635 4.
357 2607 380 2622 ’⁸
394 2607 414 2635 ll
427 2607 489 2635 Cor.
507 2615 534 2639 ι,
548 2606 574 2634 5.
613 2606 635 2622 "
652 2606 660 2633 l
674 2607 737 2633 Cor.
755 2614 792 2637 ut,
806 2607 833 2633 υ.

118 2672 184 2709 (25)
199 2673 304 2700 Φασίν.
323 2673 465 2709 Omittitur
490 2674 516 2700 in
530 2673 607 2700 libris
622 2679 700 2701 aulea
715 2673 806 2708 editis,
823 2674 869 2701 sed

83 2708 225 2743 reperitur
238 2710 263 2735 in
290 2711 384 2736 codice
401 2708 517 2736 Julinno.

121 2743 184 2777 (24)
198 2743 274 2771 Libb.
302 2745 438 2778 impressi,
453 2745 500 2771 καὶ
512 2744 543 2770 οὐ
557 2743 630 2770 δοκεῖ
641 2763 648 2776 ,
676 2744 722 2771 sed
736 2744 829 2770 vnerda
843 2742 873 2769 οὐ

83 2779 167 2808 abest
184 2779 216 2804 ab
231 2779 354 2806 omnibus
372 2787 437 2806 niss.

121 2814 387 2851 (25)7Xpictofz.lta
398 2814 483 2851 ‘codd.
502 2813 580 2849 Reg"
599 2813 680 2840 Busil.
701 2819 729 2840 et
745 2814 797 2840 duo
815 2813 871 2838 An-

82 2849 304 2886 giiimnisuhas.
323 2849 421 2886 Ἰησοῦ.

122 2885 186 2921 (26)
205 2883 373 2913 tlmscliclius
389 2886 414 2912 in
431 2889 505 2912 textu
516 2903 524 2917 ,
540 2883 590 2910 οὐκ
605 2883 637 2910 ἂν
651 2883 790 2918 ὃοκοὺσχς.

925 1625 971 1653 Sic
982 1626 1052 1653 enim
1071 1626 1174 1655 indicat
1185 1632 1214 1654 et
1228 1635 1292 1659 eos.
1317 1628 1361 1661 qui
1378 1635 1393 1655 e
1415 1628 1535 1655 Judaicis
1557 1629 1704 1662 Scripturis

924 1676 1047 1699 astruimt
1057 1671 1256 1708 Christumjam
1264 1674 1415 1706 advenisse,
1426 1679 1454 1701 et
1465 1676 1594 1708 quasdam
1604 1680 1702 1707 sectas.

924 1725 986 1753 quae
999 1717 1090 1746 Jesum
1107 1723 1207 1754 negant
1223 1726 1283 1746 esse
1298 1718 1437 1746 Christum
1452 1728 1466 1744 a
1482 1721 1623 1755 prophetis
1637 1728 1704 1754 prae-

924 1764 1088 1791 nuntiatum.
1110 1764 1210 1799 Atjam
1226 1772 1306 1799 supra
1321 1772 1372 1799 pro
1387 1765 1490 1793 viribus
1500 1765 1657 1793 confirmavi
1670 1766 1704 1793 de

924 1809 971 1836 ilo
985 1809 1056 1836 edita
1071 1817 1132 1837 esse
1147 1804 1339 1845 prophetarum
1356 1809 1497 1836 vaticinia.
1513 1810 1602 1843 Quare
1629 1816 1657 1837 ut
1671 1818 1704 1838 ue

924 1855 1018 1883 eadem
1034 1855 1129 1883 iterem
1144 1856 1257 1890 sa-pius.
1275 1863 1335 1890 qua:
1354 1856 1405 1883 hoc
1425 1856 1484 1883 loco
1502 1856 1555 1883 dici
1574 1862 1701 1890 possent,

923 1900 1046 1928 consulto
1068 1900 1223 1936 praeteribo.
1246 1900 1302 1927 lloc
1327 1905 1432 1928 tantum
1459 1903 1587 1928 observes
1606 1902 1700 1932 velim,

925 1945 1032 1973 Celsum
1043 1965 1052 1979 ,
1077 1947 1100 1973 si
1115 1947 1186 1981 quod
1213 1947 1369 1981 prmdietum
1385 1948 1467 1974 fuisse
1481 1948 1593 1974 credunt
1606 1946 1702 1979 Judaei.

925 1991 1062 2020 Christum
1077 1997 1223 2019 venturum
1238 2000 1310 2025 esse.
1334 1998 1381 2019 aut
1392 1994 1461 2027 quod
1475 1992 1632 2024 Christiani,
1645 1993 1700 2027 jam

924 2038 1041 2071 venisse,
1054 2037 1173 2065 refutare
1188 2043 1250 2073 apte
1264 2038 1348 2065 videri
1363 2039 1502 2070 voluisset,
1515 2039 1643 2067 debuisse
1656 2048 1703 2066 va-

925 2084 1014 2111 ticinia
1034 2091 1183 2111 memorare
1196 2104 1203 2115 ,
1222 2084 1322 2118 quibus
1339 2085 1445 2118 utrique
1470 2085 1539 2111 inter
1562 2085 1588 2111 di
1607 2090 1702 2119 putan-

924 2129 988 2157 dum
1004 2133 1125 2156 utuntur.
1139 2129 1185 2156 Sic
1196 2130 1268 2156 enim
1284 2137 1351 2163 quos
1365 2133 1440 2164 putat
1455 2129 1645 2164 probabilitate
1659 2131 1703 2158 de-

923 2182 1026 2212 ceptos,
1042 2184 1056 2204 a
1076 2177 1128 2203 fide
1147 2176 1281 2204 vaticiniis
1297 2177 1465 2210 adjungenda
1489 2185 1626 2211 revocare,
1644 2183 1671 2205 et
1686 2188 1700 2205 ιι

925 2225 1058 2251 sententia
1074 2231 1105 2250 ex
1125 2223 1263 2249 vaticiniis
1274 2228 1348 2254 natu.
1374 2222 1466 2249 Jesum
1479 2231 1540 2250 esse
1552 2223 1698 2258 Chrisium,

925 2274 1047 2296 avertere
1064 2269 1137 2295 visus
1149 2267 1255 2295 fuisset.
1267 2268 1366 2295 Contra
1381 2268 1438 2300 ille,
1453 2267 1509 2295 sive
1525 2269 1652 2296 vaticinia
1669 2271 1702 2297 de

922 2314 1028 2342 Christo
1041 2314 1119 2349 503
1133 2314 1260 2348 defugere
1272 2321 1325 2341 non
1341 2318 1444 2347 posset,
1457 2315 1513 2341 sive
1528 2322 1579 2341 non
1591 2316 1702 2342 Olnltilln

921 2366 1096 2395 cognosceret
1121 2367 1246 2394 quaenam
1269 2359 1302 2386 de
1329 2359 1375 2386 illo
1390 2364 1482 2386 essent
1505 2360 1650 2394 praedicta;
1668 2369 1701 2388 ne

923 2407 1033 2433 verbum
1051 2407 1159 2439 quidem
1175 2413 1190 2433 e
1203 2406 1339 2432 vaticiniis
1353 2405 1470 2440 Profert,
1487 2413 1641 2440 quanquam
1658 2405 1702 2434 in-
1713 2425 1723 2434 .

925 2462 1036 2482 numera
1050 2455 1082 2480 de
1095 2453 1205 2481 Christo
1216 2454 1284 2485 sint;
1305 2458 1333 2480 et
1348 2453 1391 2480 illa
1406 2453 1455 2480 sibi
1481 2455 1644 2487 redarguere
1661 2454 1703 2481 vi-

925 2501 1013 2531 detur,
1031 2506 1064 2526 ne
1085 2498 1206 2532 exposita
1221 2499 1347 2533 quidem,
1363 2506 1442 2532 quam
1460 2498 1512 2525 illis
1529 2499 1618 2525 inesse
1628 2499 1702 2533 judi-

925 2550 978 2578 cet,
995 2544 1194 2579 probabilitate.
1208 2543 1300 2578 Neque
1313 2544 1396 2571 etiam
1409 2545 1488 2571 scivit
1498 2552 1557 2572 eam
1573 2552 1626 2571 non
1642 2551 1703 2571 εδει

959 2671 1014 2706 (‘27)
1030 2668 1142 2696 Δοκεῖν.
1153 2666 1261 2706 "biecito‘
1273 2664 1430 2706 Bolicrcllus
1455 2667 1598 2706 delendum
1615 2673 1702 2702 putat.

923 2700 992 2741 Quid
1006 2700 1042 2742 sit
1062 2700 1224 2742 eninuEBois
1248 2700 1350 2742 δοκεζν;
1376 2703 1478 2742 Ibidem
1500 2704 1571 2742 libb._
1590 2700 1703 2735 eicusi,

923 2738 978 2769 ἀπὸ
1003 2740 1052 2775 τῆς
1064 2740 1103 2770 εἰς
1119 2738 1153 2765 τὰ
1167 2738 1324 2771 προφητικὰ
1334 2753 1342 2766 ,
1370 2739 1416 2763 sed
1432 2744 1497 2764 mss.
1521 2742 1550 2764 ut
1564 2739 1591 2766 in
1611 2743 1705 2766 nostro

1037 2810 1083 2847 ‘H_
1092 2807 1180 2843 μηδὲ.
1205 2805 1289 2847 Recte
1306 2804 1390 2832 codex
1411 2803 1544 2834 Julianus.
1563 2808 1603 2835 Ab
1623 2814 1701 2836 ante:

923 2841 1127 2875 editis'esciutt
1154 2843 1248 2870 vocula
1276 2841 1305 2875 ἦ.
