1848 3091
174 106 240 135 £031

171 165 292 191 Omnium
307 161 460 190 Judaaorum
473 164 647 196 sententiam,
662 164 799 192 Christum
810 185 818 197 ,
829 166 873 200 qui
888 174 948 194 ven-
964 171 985 198 Α

172 216 247 236 turus
267 212 318 240 est,
336 209 419 236 Deum
432 208 491 236 fore
509 214 556 236 aut
576 209 623 236 Dei
639 208 748 242 Filium,
769 215 798 238 ut
810 211 865 244 jam
885 212 947 239 alibi

170 256 235 283 dixi.
251 255 352 282 Tamen
367 254 432 282 satis
447 261 507 282 esse
521 260 598 290 putat
610 256 734 283 retulisse
749 257 819 290 quod
832 257 947 284 dicimus

169 300 306 328 Christum
322 300 496 328 descendisse
507 321 515 333 ,
531 306 558 328 et
575 302 646 336 quod
668 301 754 329 Judaei
774 302 884 334 dicunt,
901 303 947 329 de-

170 352 329 372 scensurum
343 353 404 372 esse
415 353 460 380 qui
471 345 615 380 justiticet,
628 351 657 374 ut
672 348 698 374 id
713 349 792 382 quasi
816 353 893 383 turpe
907 349 946 376 vi-

170 395 275 424 tuperet
294 395 322 418 et
338 391 415 425 longa
441 390 602 420 refutatione
621 392 769 427 indignum.

167 435 292 470 λέγεσθαι
305 436 518 472 καταϐεϐηκέναι
529 459 537 470 ,
551 438 604 464 ὑπὸ
624 439 755 466 Ἰουδαίων
769 440 798 467 δὲ
814 441 983 477 καταϐήσεσο

167 491 223 514 νου,
239 483 276 514 ὼς
297 484 433 518 αἰσχίστου
449 486 495 511 καὶ
510 486 569 513 οὐδὲ
582 488 686 524 μακροῦ
701 489 812 525 ἐλέγχου
826 490 961 525 δεομένου.

201 531 228 557 5.
250 529 346 556 Postea
357 550 364 562 .
385 540 394 556 ε
406 539 459 566 quo
475 534 588 561 consilio
599 554 607 567 ,
627 540 717 570 rogat,
742 537 812 564 Deus
830 538 881 564 huc
896 538 943 564 dc-

167 577 334 603 sceudisset?
348 585 357 601 )
369 576 468 612 Nempe
479 579 584 612 ignorat
594 580 828 615 hujusdescensus
842 590 856 608 a
868 584 944 610 nobis

167 625 300 659 assignari
321 626 474 652 consilium.
497 627 633 662 Praecipue
652 629 773 662 quidem,
793 633 822 655 ut
840 636 900 663 qua:
916 629 941 656 in

166 671 313 705 Evangelio
330 673 457 699 dicuntur
472 681 536 701 oves
551 675 647 702 domus
674 676 773 707 lsrael.
800 682 942 704 converte-

165 723 280 751 rentur;
298 719 406 750 deinde,
425 723 454 745 ut
468 726 577 755 propter
592 721 696 748 illarum
728 722 941 749 incredulitatem

165 765 318 791 auferretur
331 766 364 792 ab
391 765 431 792 eis
459 767 530 800 quod
549 774 662 801 regnum
690 767 736 794 Dei
752 772 878 798 vocatur,
895 776 942 796 ex-

164 811 299 845 clusfsque
324 812 420 845 priscis
445 812 561 846 Iudaeis,
586 814 698 841 daretur
723 814 785 840 aliis
802 815 938 849 agricolis.

163 856 326 884 Christianis
351 858 490 890 nimirum,
506 859 552 893 qui
573 858 677 887 fructus
689 860 764 895 regni
783 860 842 892 Dei,
860 867 939 894 opera

162 904 289 930 nimirum
320 905 375 932 suis
402 913 513 940 quaeque
543 906 706 940 temporibus
733 907 787 933 Deo
810 907 939 933 reddituri

162 954 249 976 erant.
281 950 370 983 Atque
384 950 440 977 hac
461 958 546 984 pauca
567 951 599 978 de
623 950 714 977 multis
730 951 762 977 ad
781 951 849 977 hanc
869 951 938 978 Celsi

162 993 412 1030 interrogationem,
441 1004 513 1030 «quo
537 996 649 1023 consilio
674 996 745 1024 Deus
760 997 812 1024 huc
828 997 940 1024 descen-

161 1040 253 1068 disset.
274 1051 283 1066 ι
315 1041 372 1067 Alia
390 1042 440 1068 sibi
467 1042 576 1077 quidem
598 1042 721 1076 reponit,
746 1043 792 1069 sed
816 1050 875 1077 quae
890 1051 939 1071 nec

161 1085 258 1119 Judaei,
275 1094 325 1114 nec
342 1087 426 1114 nostri
442 1087 577 1121 dicerent;
594 1098 602 1113 ι
616 1097 696 1121 lllllll,
710 1088 813 1123 inquit,
832 1094 862 1116 ut
879 1097 938 1124 quae

161 1132 231 1159 inter
260 1133 383 1159 homines
412 1132 480 1160 ﬁunt
509 1133 670 1160 disceret?»
705 1133 789 1160 Nemo
816 1139 937 1161 nostrum

159 1177 232 1203 enim
251 1178 350 1204 dixerit
366 1177 504 1205 Christum
529 1179 581 1206 huc
606 1179 720 1211 venisSe,
740 1180 768 1206 nt
788 1180 887 1207 certior
904 1179 937 1206 de

159 1223 241 1249 rebus
257 1223 380 1250 humanis
397 1224 485 1251 ﬁeret.
522 1223 622 1251 Tamen
637 1225 713 1258 quasi
736 1224 843 1259 quidam
861 1225 936 1252 dice-

159 1273 228 1300 rent,
250 1278 259 1295 ι
273 1275 300 1295 ut
320 1277 361 1296 res
373 1270 503 1297 humanas
519 1270 653 1302 disceret,
665 1279 674 1296 ι
696 1269 788 1305 objicit
802 1270 859 1305 ipse
873 1270 934 1303 sibi,

161 1324 170 1340 ε
183 1323 270 1342 annon
288 1316 389 1342 sciebat
399 1316 511 1343 omnia?
528 1326 536 1342 ο
565 1316 632 1342 Tum
650 1316 730 1344 veluti
745 1323 873 1350 responso
888 1324 934 1344 ac-

158 1366 263 1395 ceptim
275 1360 378 1388 sciebat
392 1370 398 1387 :
415 1371 424 1386 ι
445 1372 453 1388 ι
463 1362 583 1394 Sciebat,
596 1371 604 1387 ι
618 1367 695 1396 rogat
710 1362 868 1394 illeiterum,
885 1372 895 1388 ‹
907 1368 934 1390 et

157 1414 210 1434 non
232 1409 367 1439 correxit.
396 1416 446 1435 nec
469 1408 606 1442 corrigere
627 1413 687 1434 erat
707 1408 733 1434 in
759 1408 848 1435 divina
876 1409 934 1443 ejus

157 1454 310 1486 potestate?
326 1462 335 1478 ι
352 1454 452 1480 llorum
473 1454 539 1480 nihil
561 1461 613 1480 non
629 1453 836 1487 ineptissimum.
856 1453 932 1480 Sem-
946 1472 966 1500 ο

158 1506 206 1531 per
221 1499 291 1525 enim
314 1499 384 1525 Dens
397 1503 422 1525 et
438 1498 587 1532 quibusque
603 1498 767 1532 temporibus
785 1498 871 1526 Verbo
883 1506 932 1526 suo

157 1542 184 1569 in
199 1547 306 1570 sanctas
325 1543 432 1569 animus
449 1544 630 1570 descendente
642 1548 669 1570 ct
686 1543 788 1571 amicos
804 1544 857 1572 Deo
870 1552 932 1579 pro-

156 1589 304 1622 plietasque
315 1594 490 1623 comparante
500 1589 612 1623 corrigit
624 1589 780 1623 quicunque
791 1597 821 1617 se
832 1590 931 1617 dociles

156 1635 286 1669 pnebent,
301 1638 328 1661 et
342 1635 377 1661 ab
387 1635 504 1661 adventu
522 1635 621 1661 Christi
636 1634 792 1662 Christiana
808 1636 930 1663 doctrina

157 1682 240 1707 utitur
255 1681 288 1708 ad
312 1680 488 1715 corrigendos
501 1689 553 1708 non
568 1682 612 1715 qui
639 1681 740 1714 nolunt,
756 1682 802 1708 sed
814 1682 859 1717 qui
876 1690 930 1710 me-

154 1726 247 1752 liorem
270 1731 428 1761 gratamque
453 1726 507 1755 Deo
524 1727 606 1753 vitam
623 1727 734 1762 eligunt.
768 1726 820 1754 Sed
838 1727 930 1756 Celsus

154 1773 245 1799 nescio
269 1772 418 1807 cujusmodi
443 1773 635 1799 correctionem
658 1772 756 1800 laetam
780 1773 862 1800 fuisse
883 1781 930 1801 vo-

153 1819 210 1845 lens
226 1827 232 1846 :
252 1828 260 1844 ε
274 1819 370 1846 Aulion
385 1819 410 1845 in
421 1819 512 1845 divina
526 1818 583 1852 ejus
600 1823 745 1853 potestate.
760 1819 856 1853 inquit,
871 1825 929 1847 erat

152 1864 307 1897 corrigere,
340 1863 391 1890 nisi
417 1863 476 1897 quis
502 1863 614 1901 adhuc
637 1863 697 1890 data
726 1870 806 1897 opera
833 1864 930 1891 missus

151 1911 270 1938 inisset?
289 1920 298 1936 ι
325 1910 365 1937 An
383 1910 461 1937 vellet
479 1916 519 1943 ut,
543 1911 597 1937 Deo
614 1910 758 1944 nequitiam
774 1910 863 1937 subito
877 1911 927 1936 tol-

151 1956 223 1983 lente
239 1961 266 1983 et
283 1957 408 1983 virtutem
426 1957 572 1987 inserente,
600 1956 722 1983 homines
746 1956 822 1983 novis
839 1963 927 1982 rerum

150 2003 312 2038 imaginibus
326 2003 463 2037 conceptis
476 2002 707 2029 emet-darentur?
737 2002 763 2028 Id
792 2002 928 2036 qttarsierit

151 2049 220 2076 alius
239 2057 273 2075 au
289 2053 390 2075 natura:
402 2049 436 2074 sit
450 2052 659 2074 consentaneum
671 2067 679 2079 ,
693 2054 727 2073 an
744 2047 803 2074 lleri
822 2046 925 2081 possit;

150 2103 200 2130 ego
208 2103 280 2126 vero,
288 2095 329 2121 fac
338 2102 417 2129 posse
427 2092 517 2128 505.
525 2094 569 2120 sed
578 2093 640 2127 quid
651 2093 736 2120 libero
743 2093 855 2120 arbitrio
863 2091 926 2119 fiet?

150 2141 289 2174 Quomodo
309 2140 386 2167 laude
402 2141 482 2175 digna
496 2142 548 2168 erit
561 2141 622 2167 data
637 2139 747 2166 veritati
765 2137 926 2165 consensio?
944 2135 963 2161 D

149 2187 288 2219 Quomodo
312 2187 479 2213 merulacium
499 2187 617 2213 aversari
642 2187 668 2212 in
696 2185 773 2212 laude
791 2184 926 2218 ponetur?

149 2232 188 2259 Do
211 2238 275 2257 vero
290 2231 314 2258 id
335 2236 361 2257 et
374 2231 492 2265 potuisse
509 2235 537 2258 et
560 2231 682 2258 dceuisse
698 2230 774 2262 lieni;
801 2233 828 2255 at
849 2234 925 2264 roget

149 2278 281 2312 quispiam
305 2277 412 2304 Celsum
438 2276 570 2307 imitatus,
591 2275 711 2309 nunquid
728 2282 780 2301 non
801 2273 871 2301 Deus
884 2274 924 2302 di-

148 2325 209 2351 vina
225 2331 272 2351 sua
287 2325 384 2350 virtute
397 2323 527 2358 potuisset
549 2322 672 2348 homines
693 2321 726 2347 ab
744 2321 819 2347 initio
830 2328 923 2348 creare

147 2370 185 2397 ita
202 2369 295 2396 virtuti
314 2368 448 2399 addictos,
472 2368 508 2394 ita
536 2366 678 2402 perfectos,
702 2371 733 2393 ut
761 2365 832 2392 nulla
850 2370 923 2393 esset

147 2415 281 2450 nequitia,
315 2415 441 2448 nullaque
466 2413 534 2440 adeo
559 2413 728 2440 correctione
754 2411 921 2446 indigerent?

146 2459 208 2486 Hutc
227 2459 363 2493 simplices
385 2458 501 2486 fortasse
512 2465 544 2484 ac
568 2457 661 2484 tardos
685 2463 843 2490 permovere
857 2463 920 2490 pos-

145 2507 217 2538 sint,
245 2515 297 2533 non
324 2506 386 2532 item
402 2513 463 2532 eum
490 2504 536 2539 qui
564 2504 591 2530 in
610 2510 698 2529 rerum
718 2507 814 2530 natura
836 2502 922 2528 intro-

145 2553 235 2586 spicit.
255 2552 334 2578 Novit
347 2551 418 2578 enim
436 2551 559 2578 virtutem
576 2555 670 2576 natura
684 2556 743 2576 esse
755 2556 839 2583 usque
851 2549 919 2574 adeo

264 2592 277 2602 ν

958 799 978 826 Β

180 2630 236 2664 (29)
261 2628 439 2662 Ἐπαινορθοῖ.
469 2628 514 2655 Sic
533 2635 596 2654 mss.
618 2627 691 2654 Alias
705 2633 770 2653 vero
786 2626 813 2652 in
833 2629 919 2656 textu,

147 2664 235 2700 ἐπηνώ
239 2665 310 2699 ρθου.

180 2694 329 2734 (ὃυίνοκ,
353 2699 451 2734 φύσει,
480 2698 584 2725 videtur
612 2694 920 2734 Bolie‘rellocommode

144 2731 342 2768 posse'alies~e,
428 2742 486 2759 cum
499 2733 548 2759 hac
560 2734 616 2769 ipsa
631 2732 726 2766 pagina
741 2731 782 2769 bis
794 2734 917 2769 ponatur,

145 2764 221 2794 lacile
237 2769 322 2802 potuit
336 2764 388 2795 huic
411 2768 560 2800 irrepsisse.
571 2764 681 2793 'lnid'eiu
697 2767 783 2802 code;
798 2764 919 2802 Julianus

145 2798 260 2838 secunda
277 2811 354 2838 manu
375 2798 612 2836 φαντασιουμένοις
627 2803 681 2832 τοῖς
701 2798 919 2838 ἁνθριῦποιςηῦπὺ

145 2836 212 2862 υεοῦ
228 2834 422 2868 ἀπειληφότος,
449 2834 543 2864 melius
557 2845 622 2864 sunt:
638 2844 716 2869 quant
737 2835 835 2862 habent
852 2834 916 2860 libb.

893 108 1054 137 ORIGENIS

1712 116 1720 141 Ι
1725 115 1768 141 οπο

1001 167 1060 202 κὴν.
1078 167 1196 202 καίτοιγε
1213 169 1306 204 μυρίαι
1321 169 1380 196 ὅσαι
1397 170 1450 196 aldi.
1471 171 1535 206 περὶ
1549 171 1680 206 Χριστοῦ·
1699 181 1767 208 κατη-

1000 212 1089 249 γορεῖν
1113 213 1141 240 δὲ
1162 213 1245 241 οἴεται
1260 214 1313 241 τῶν
1330 215 1513 251 προφητικῶν,
1529 216 1589 252 μηδ’
1602 217 1635 252 ἣν
1662 218 1728 244 εἴποι
1741 219 1768 245 ἂν

1000 260 1100 291 ἐκεῖνος
1115 260 1278 295 πιθανότητα
1294 261 1380 288 αὐτῶν
1401 262 1553 297 ἐκθέμενος.
1579 264 1636 289 Οὺκ
1651 261 1702 290 οἶδε
1716 264 1768 299 μέν-

1000 312 1083 338 τοιγε,
1092 305 1131 331 ὃτι
1146 305 1176 332 οὺ
1192 306 1262 332 πάνυ
1277 315 1303 333 τι
1327 307 1446 333 Ἰουδαῖοι
1457 307 1562 342 λέγουσι
1577 308 1643 335 Θεὸν
1658 309 1719 335 ὂντα
1731 310 1767 336 rev

999 350 1114 386 Χριστὸν
1129 351 1327 386 καταϐήσεσθαι
1342 352 1358 387 ἢ
1376 353 1442 379 Θεοῦ
1461 353 1536 384 Υἰὸν.
1553 354 1590 386 ὡς
1606 355 1653 381 καὶ
1681 356 1766 387 ἐντοῖς

998 396 1124 431 ἀνωτέρω
1137 397 1296 432 εἰρήκαμεν.
1311 398 1364 424 Καὶ
1376 398 1459 424 εἰπὼν
1473 398 1551 425 αὑτὸν
1563 419 1570 430 ,
1583 399 1628 433 ὑφ’
1639 399 1715 434 ἡμῶν
1726 400 1766 434 μὲν

987 450 1014 468 αι
1029 442 1182 477 δικαιωτήν.
1199 443 1366 480 Κατηγορεῖν
1378 444 1489 471 αὐτόθεν
1503 445 1587 471 οἴεται
1602 445 1649 471 τοῦ
1665 445 1767 481 λεγομέ-

1033 538 1086 564 Καί
1113 547 1193 573 φησι’
1219 549 1228 564 ‹
1240 539 1286 570 Τίς
1301 540 1315 565 ό
1337 539 1398 571 νοῦς
1421 539 1470 574 τῆς
1485 540 1589 566 τοιᾶσδε
1609 540 1718 567 καθόδου
1733 541 1766 576 τῷ

996 583 1073 618 Θεῷ;
1089 593 1098 609 ι
1119 584 1167 619 οὐχ
1186 585 1266 620 όρῶν,
1288 585 1328 611 ὅτι
1351 586 1397 611 καὶ
1412 585 1471 612 καθ’
1486 586 1560 620 ἡμᾶς
1579 586 1635 612 ἐστι
1658 586 1707 621 τῆς
1723 595 1766 613 κα-

996 629 1070 656 θόδου
1085 632 1099 656 6
1117 630 1195 662 νοῦς,
1212 632 1420 666 προηγουμένως
1438 632 1485 667 μὲν
1500 632 1533 658 τὰ
1546 632 1678 667 λεγόμενα
1693 634 1719 658 ἐν
1731 632 1766 668 τῷ

995 677 1151 713 Εὐαγγελίῳ
1166 678 1320 705 ἀπολωλότα
1336 678 1458 714 πρόϐατα
1481 678 1553 705 οἴκου
1575 679 1684 714 Ἰσραὴλ
1711 680 1766 706 ἑπι-

994 723 1126 757 στρέψαι·
1157 723 1289 759 δευτέρως
1316 723 1345 750 δὲ
1373 723 1403 749 τὸ
1430 723 1473 749 διὰ
1491 723 1540 758 τὴν
1565 724 1677 750 ἐκείνων
1693 724 1765 750 ἀπεί-

993 766 1067 793 θειαν
1094 765 1159 803 ἆραι
1180 768 1226 794 ἀπ’
1243 767 1331 794 αὐτῶν
1346 768 1394 803 τὴν
1414 768 1606 803 ὀνομασθεῖσαν
1633 768 1766 803 βασιλείαν

991 813 1037 839 τοῦ
1067 813 1145 845 Θεοῦ,
1168 815 1215 840 καὶ
1241 814 1332 840 δοῦναι
1358 814 1446 846 ἄλλοις
1468 816 1600 850 γεωργοῖς
1618 815 1694 851 παρά
1707 817 1766 848 τοὺς

992 859 1072 886 πάλαι
1092 859 1233 891 Ἰουδαίους
1251 860 1436 895 Χριστιανοῖς,
1448 860 1509 891 τοὺς
1524 861 1645 896 καρποὺς
1661 861 1709 896 τῆς
1721 861 1765 888 τοῦ

989 906 1055 933 Θεοῦ
1071 906 1205 941 βασιλείας
1222 905 1387 932 ἀποδώσουσι
1404 905 1442 940 τῷ
1453 905 1522 941 Θεῷ,
1535 907 1564 932 ἐν
1579 908 1634 938 τοῖς
1653 907 1765 942 ἑκάστης

990 952 1112 987 πράξεως
1119 951 1200 987 οὔσης
1211 952 1330 986 καρποὺς
1342 951 1391 986 τῆς
1404 951 1540 986 βασιλείας
1552 954 1668 987 καιροῖς.
1676 953 1764 987 Ἡμεῖς

990 997 1039 1033 μὲν
1049 995 1094 1024 οὖν
1107 997 1159 1024 ἀπὺ
1170 997 1298 1024 πλειόνων
1308 996 1384 1030 ὀλίγα
1396 997 1508 1032 εἴπομεν
1520 997 1588 1032 πρὸς
1601 997 1651 1032 τὴν
1664 998 1763 1024 Κέλσου

988 1042 1084 1069 πεῦσιν
1107 1043 1243 1074 εἰπόντος’
1267 1043 1314 1074 Τίς
1331 1042 1384 1078 γὰρ
1407 1043 1421 1069 ὁ
1447 1043 1508 1074 νοῦς
1522 1043 1571 1078 τῆς
1593 1044 1699 1070 τοιᾶσδε
1715 1053 1763 1071 κα-

987 1087 1062 1113 θόδου
1077 1087 1115 1122 τῷ
1130 1087 1208 1122 Θεῷ;
1228 1088 1330 1119 Κέλσος
1353 1088 1380 1114 δὲ
1402 1088 1435 1114 τὰ
1451 1089 1519 1124 μήτε
1543 1087 1596 1114 ὑπὸ
1621 1089 1762 1121 Ἰουδαίων,

988 1130 1055 1165 μήτε
1081 1130 1125 1164 ὑφ’
1150 1130 1227 1165 ἡμῶν
1255 1130 1382 1165 λεχθέντα
1407 1131 1442 1158 ἂν
1464 1132 1551 1167 ἑαυτῷ
1575 1132 1760 1167 ἀποφαίνεται,

986 1175 1081 1210 λέγων,
1113 1185 1122 1200 c
1137 1176 1171 1202 Ἦ
1202 1176 1245 1202 ἴνα
1263 1177 1335 1213 μάθῃ
1357 1177 1391 1204 τὰ
1405 1178 1433 1204 ἐν
1454 1177 1625 1213 ἁνθρὼποις;
1642 1188 1651 1204 ›
1673 1179 1761 1211 Οὐδεὶς

985 1221 1039 1256 γὰρ
1065 1221 1141 1256 ἡμῶν
1160 1231 1251 1257 φησιν,
1266 1223 1323 1254 ὅτι,
1341 1223 1384 1249 ἶνα
1406 1222 1479 1259 μάθῃ
1493 1223 1527 1249 τὰ
1544 1223 1572 1249 ἐν
1596 1223 1759 1259 ἀνθρώποις.

985 1267 1100 1302 Χριστὸς
1114 1268 1238 1303 ἐπιδημεῖ
1248 1268 1285 1303 τῷ
1298 1268 1356 1304 βίῳ.
1370 1267 1445 1300 Εἶτα,
1454 1269 1491 1300 ὡς
1506 1269 1635 1296 εἰπόντων
1646 1270 1677 1296 ἄν
1686 1278 1760 1296 τινων

984 1316 1008 1339 τ”
1020 1331 1028 1344 ,
1039 1323 1049 1338 ι
1062 1313 1104 1340 ἶνα
1124 1314 1194 1349 μάθῃ
1209 1314 1243 1340 τὰ
1257 1315 1285 1340 ὲν
1299 1314 1461 1350 ἀνθρώποις,
1477 1325 1486 1340 ι
1498 1315 1588 1350 ἑαυτῷ
1609 1315 1759 1350 ἀνθυποῳέ-

985 1368 1025 1395 ρει
1049 1360 1115 1396 πρὸς
1135 1359 1212 1386 τοῦτο
1226 1360 1265 1392 τὸ,
1288 1370 1297 1386 ι
1313 1361 1349 1387 Οὐ
1364 1361 1417 1396 γὰρ
1429 1359 1481 1387 οἶδε
1497 1361 1600 1394 πάντα;
1623 1360 1706 1393 Εἶτα,
1723 1362 1759 1393 ὡς

983 1406 1227 1441 ὰποκρινουμένων,
1244 1408 1283 1433 ὅτι
1297 1404 1360 1438 οἶδε,
1374 1417 1383 1432 ›
1401 1407 1481 1433 πάλιν
1500 1408 1643 1443 ὲπαπορεῖ,
1655 1408 1738 1442 λέγων
1749 1416 1756 1422 “

983 1453 1024 1478 ὅτι
1040 1462 1049 1478 ι
1063 1451 1134 1488 Ἀρα
1148 1451 1199 1479 οἶδε
1215 1453 1273 1487 μὲν,
1289 1453 1339 1479 οὐκ
1355 1453 1498 1488 ἐπανορθοῖ
1512 1453 1566 1487 (29)
1577 1453 1623 1485 δὲ,
1638 1453 1690 1479 οὐδ’
1706 1450 1758 1480 οἷον

983 1507 1011 1524 τε
1025 1498 1098 1534 αὐτῷ
1118 1498 1176 1534 θείᾳ
1197 1499 1307 1534 δυνάμει
1328 1498 1511 1534 ἐπανορθοῦν;
1528 1509 1536 1524 ι
1556 1500 1611 1525 Καὶ
1625 1499 1710 1525 ταῦτα
1731 1499 1758 1526 δὲ

982 1547 1070 1573 πάντα
1085 1546 1188 1581 εὐήθως
1213 1545 1294 1579 λέγει.
1322 1546 1377 1572 Ἀεὶ
1398 1545 1452 1580 γὰρ
1473 1546 1487 1572 ὁ
1512 1546 1578 1577 Θεὸς
1603 1545 1642 1580 τῷ
1663 1545 1756 1572 ἑαυτοῦ

981 1591 1051 1625 λέγω
1074 1589 1143 1616 κατὰ
1169 1590 1263 1623 γενεὰς
1288 1590 1328 1621 εὶς
1349 1590 1436 1625 ψυχὰς
1459 1590 1534 1621 ὁσίας
1561 1590 1756 1625 μεταδαίνοντι,

982 1636 1028 1662 καὶ
1055 1636 1147 1670 φίλους
1179 1635 1245 1662 Θεοῦ
1273 1635 1319 1662 καὶ
1350 1636 1490 1670 προφήτας
1519 1635 1757 1667 κατασκευάζοντι,

981 1681 1124 1716 ἐπανορθοῖ
1142 1681 1204 1712 τοὺς
1225 1680 1370 1711 ἀκούοντας
1397 1680 1450 1706 τῶν
1477 1680 1645 1715 λεγομένων·
1663 1681 1710 1708 καὶ
1730 1681 1758 1706 ὲν

980 1729 1012 1763 τῇ
1030 1726 1146 1762 Χριστοῦ
1159 1727 1187 1753 δὲ
1201 1727 1332 1762 ἐπιδημίᾳ
1346 1725 1486 1761 ἐπανορθοῖ
1500 1725 1538 1760 τῷ
1548 1726 1619 1753 κατὰ
1629 1727 1759 1761 Χριστια-

979 1773 1074 1808 νισμὸν
1088 1773 1169 1807 λόγῳ,
1190 1773 1249 1807 οὐχὶ
1267 1773 1329 1804 τοὺς
1347 1772 1383 1807 μὴ
1399 1771 1592 1806 βουλομένους,
1615 1771 1683 1798 ἀλλὰ
1697 1773 1759 1804 τοὺς

979 1818 1024 1845 τὸν
1037 1818 1177 1854 κρείττονα
1192 1818 1247 1853 βίον
1262 1818 1307 1844 καὶ
1321 1818 1469 1853 ἀρέσκοντα
1483 1817 1521 1852 τῷ
1532 1817 1591 1852 Θεῷ
1603 1817 1756 1852 ἑλομένους.

979 1865 1036 1891 Οὐκ
1052 1862 1110 1891 οἶδα
1128 1864 1156 1890 δὲ
1172 1865 1218 1890 καὶ
1234 1865 1357 1899 ποταπὴν
1369 1862 1552 1899 ἐπανόρθωσιν
1570 1863 1730 1898 βουλόμενος
1745 1865 1758 1889 ὁ

979 1909 1080 1941 Κέλσος
1095 1909 1234 1943 γενέσθαι,
1258 1908 1414 1944 ὲπηπόρησε
1430 1907 1515 1942 λέγων
1539 1917 1547 1932 ι
1560 1905 1623 1944 'Ap‘
1638 1909 1690 1944 οὐχ
1704 1906 1758 1934 οἷόν

978 1964 1006 1982 τε
1021 1955 1094 1990 αὐτῴ
1110 1955 1220 1990 δυνάμει
1235 1954 1294 1990 θείᾳ
1312 1954 1485 1990 ἐπανορθοῦν,
1499 1953 1545 1980 ἐὰν
1559 1954 1596 1989 μὴ
1610 1953 1692 1988 φύσει
1703 1954 1756 1989 (50)

977 2001 1036 2027 τινὰ
1059 2001 1104 2026 ὲπὶ
1127 2000 1204 2027 τοῦτο
1229 2000 1339 2036 πέμψῃς
1353 2009 1362 2025 ι
1380 1997 1453 2034 ’Ἄρα
1473 1999 1526 2034 γὰρ
1548 1999 1627 2034 ἤθελε
1657 2009 1760 2034 φαντα-

978 2038 1128 2080 σιουμένοις
1152 2048 1207 2077 τοῖς
1226 2045 1376 2081 ἀνθρώποις
1398 2045 1449 2071 ὑπὸ
1472 2045 1551 2077 Θεοῦ,
1577 2046 1759 2081 ἀπειληφότος

979 2091 1027 2125 μὲν
1044 2090 1148 2126 ἁθρόως
1162 2090 1210 2126 τὴν
1234 2091 1341 2121 κακίαν,
1361 2090 1507 2125 ἐμφύοντος
1531 2090 1558 2116 δὲ
1579 2091 1628 2125 τὴν
1643 2092 1756 2127 ἀρετὴν.

977 2135 1025 2171 τὴν
1039 2135 1221 2171 ἐπανόρθωσιν
1238 2134 1377 2168 γενέσθαι;
1405 2135 1499 2166 Ἄλλος
1516 2136 1564 2170 μὲν
1584 2133 1630 2162 οὖν
1644 2136 1759 2171 ζητήσει

976 2180 1000 2206 εἰ
1016 2180 1169 2212 ἀκόλουθον,
1183 2181 1199 2216 ἢ
1215 2181 1239 2206 εί
1250 2180 1359 2206 δυνατόν
1373 2181 1428 2206 ἐστι
1442 2181 1474 2215 τῇ
1490 2181 1568 2213 φύσει
1581 2181 1609 2206 τὸ
1620 2181 1756 2207 τοιοῦτον

975 2227 1055 2262 ἡμεῖς
1071 2227 1098 2252 δὲ
1119 2227 1240 2261 εἴποιμεν
1255 2226 1303 2258 ἂν,
1318 2227 1357 2253 ὅτι
1381 2227 1458 2257 ἔστω,
1483 2227 1528 2253 καὶ
1550 2227 1661 2253 δυνατὸν
1690 2226 1759 2253 αὐτὸ

976 2270 1054 2299 εἶναι.
1073 2272 1127 2299 Ποῦ
1144 2270 1190 2298 οὖν
1204 2272 1232 2298 τὺ
1246 2273 1287 2306 ἐφ’
1303 2273 1386 2308 ἡμῖν;
1407 2272 1453 2298 καὶ
1468 2272 1518 2299 ποῦ
1539 2273 1670 2307 ἐπαινετὴ
1689 2281 1757 2306 συγ-

975 2319 1118 2351 κατάθεσις
1136 2320 1202 2354 πρὸς
1223 2319 1252 2346 τὸ
1276 2319 1386 2353 ἁληθές;
1413 2319 1428 2353 ἢ
1453 2318 1585 2353 ἀποδεκτὴ
1610 2319 1758 2350 ἁνάνευσις

974 2365 1027 2392 ἀπὸ
1051 2365 1097 2391 τοῦ
1119 2365 1249 2399 ψεύδους
1272 2364 1351 2391 Ἀλλὰ
1372 2365 1418 2391 καὶ
1440 2365 1462 2390 εί
1479 2364 1551 2396 ἅπαξ
1574 2364 1681 2399 δοθείη,
1708 2366 1758 2390 καὶ

973 2410 1082 2437 δυνατὸν
1109 2409 1196 2442 τοῦτο,
1223 2411 1269 2437 καὶ
1296 2410 1452 2445 πρεπόντως
1475 2409 1632 2444 γινόμενον·
1656 2410 1702 2436 διὰ
1730 2410 1757 2436 τί

972 2456 1031 2491 οὐχὶ
1061 2455 1159 2491 μᾶλλον
1186 2456 1295 2491 ζητήσει
1315 2464 1356 2487 τις
1378 2455 1426 2490 τὴν
1450 2455 1546 2490 ἀρχὴν,
1570 2455 1702 2489 ἀνάλογόν
1729 2464 1757 2482 τι

974 2501 1084 2535 φάσκων
1097 2501 1135 2536 τῷ
1147 2501 1250 2536 Κέλσῳ,
1269 2502 1308 2527 ὃτι
1326 2501 1374 2536 οὐχ
1387 2498 1441 2527 οἷόν
1457 2509 1485 2526 τε
1504 2499 1538 2536 ἦν
1560 2500 1600 2535 τῷ
1617 2501 1677 2536 Θεῷ
1694 2501 1757 2537 θείᾳ

972 2546 1082 2581 δυνάμει
1102 2545 1162 2581 μηδ’
1179 2545 1386 2581 ἐπανορθώσεως
1398 2545 1538 2580 δεομένους
1557 2545 1670 2580 ποιῆσαι
1689 2546 1756 2577 τοὺς

969 2624 1105 2657 impressi,
1116 2623 1358 2658 φαντασιουμένους
1369 2623 1430 2653 τοὺς
1444 2622 1601 2657 ἀνθρώπους
1617 2622 1670 2650 ὑπὸ
1682 2623 1753 2649 Θεοῦ

969 2657 1151 2694 ἀνειληφότος,
1168 2666 1215 2693 pro
1224 2657 1320 2694 quibus
1335 2657 1490 2694 Bohrreltus
1504 2659 1610 2692 tegebat
1624 2667 1631 2683 :
1649 2666 1753 2694 φαντα-

970 2691 1117 2728 σιουμένων
1132 2691 1186 2720 τῶν
1209 2691 1368 2728 ἀνθρώπων,
1385 2698 1436 2719 etc.
1453 2691 1536 2728 ‘Utut'
1555 2698 1597 2719 est
1610 2712 1618 2724 ,
1636 2693 1751 2720 verbum

967 2726 1156 2764 ἁνειληφότος,
1172 2734 1218 2754 aut
1233 2726 1559 2764 ἀπειληφότοςηϐιιὶεῑυδ
1576 2728 1681 2764 nullum
1703 2727 1750 2754 hic

969 2762 1059 2792 locum
1071 2765 1169 2792 habere
1185 2767 1260 2798 putat
1271 2783 1279 2792 .
1291 2762 1382 2798 et'legi
1399 2763 1453 2789 vult
1466 2762 1644 2799 ἀνῃρηκότος.
