1848 3091
91 166 99 193 l
106 166 160 195 033

677 162 819 191 CONTRA
835 162 975 190 CELSUM
992 163 1056 191 LIB.
1077 163 1121 191 ιν.

1652 160 1720 187 1054

87 223 252 259 ἀνθρώπους
263 245 271 256 ,
293 223 349 251 ἀλλ’
365 223 478 251 αὐτόθεν
501 222 660 255 σπουδαίους
684 224 730 250 καὶ
745 223 874 255 τελείους

965 231 1060 255 ieram,
1075 228 1105 249 ut
1118 223 1225 250 sublata
1242 223 1378 255 libertate,
1394 223 1452 258 ipsa
1465 229 1480 250 e
1494 222 1583 249 medio
1597 221 1719 250 tollatur.

92 272 154 298 οὐδὲ
179 271 228 306 τὴν
255 271 341 306 ἀρχὴν
358 270 514 305 ὑποστάσης
541 270 590 304 τῆς
611 270 728 302 κακίας;
747 270 838 296 Ταῦτα
861 270 882 296 δ’

96 317 205 348 ἰδιώτας
224 317 272 352 μὲν
293 317 339 343 καὶ
352 316 497 348 ἀδυνάτους
509 316 561 352 (51)
574 316 684 346 δύναται
701 316 883 351 συναρπάσαι,

88 361 118 388 οὗ
133 361 187 396 μὴν
204 360 310 387 καὶτὸν
327 360 462 396 ἐνορῶντα
481 361 513 395 τῇ
534 360 614 394 φύσει
631 360 684 387 τῶν
697 361 883 396 πραγμάτων·

88 406 129 433 δτι
142 407 244 442 ἀρετῆς
259 406 307 441 μὲν
324 406 369 432 ἐὰν
381 406 477 442 ἀνέλῃς
488 406 518 431 τὺ
534 405 667 437 ἑκούσιον,
681 405 785 437 ἀνεῖλες
799 405 885 440 αὐτῆς

89 453 135 479 καὶ
163 451 210 488 τὴν
237 452 350 478 οὐσίαν·
374 451 439 487 ὅλης
466 451 488 477 δ’
514 451 555 483 εἰς
583 451 669 478 ταῦτα
692 451 882 487 πραγματείας

88 497 169 533 χρεία
181 505 189 512 ο
210 498 276 533 περὶ
291 495 325 533 ἦς
341 497 391 524 οὐκ
407 495 484 531 ὀλίγα
497 497 526 522 ὲν
538 498 592 527 τοῖς
608 497 671 530 περὶ
686 497 816 531 Προνοίας
837 496 884 522 καὶ

90 542 220 578 Ἕλληνες
249 543 409 578 εἰρήκασιν·
444 541 468 568 οὶ
495 541 532 577 μὴ
560 542 682 574 είπύντες
708 542 758 574 ἂν,
775 541 846 576 ὅπερ
870 543 884 568 ὁ

936 268 1036 295 Verum
1060 269 1111 296 hae
1128 270 1160 296 de
1186 277 1214 296 re
1245 273 1299 295 lolo
1319 275 1435 296 tractatu
1455 276 1521 303 opus
1541 273 1623 296 esset.
1644 267 1722 296 lianc

936 314 1024 341 Grteci
1052 314 1078 341 in
1102 314 1158 342 suis
1177 315 1209 341 de
1225 315 1399 342 Providentia
1417 314 1491 342 libris
1507 315 1566 341 fuse
1585 319 1722 342 tractave-

938 364 1010 391 runt.
1030 361 1073 387 ubi
1090 360 1202 387 multum
1219 361 1295 387 abest
1311 366 1337 387 ιιι
1352 361 1443 388 dicant
1459 361 1531 396 quod
1551 361 1595 388 hic
1607 361 1701 388 Celsus
1716 371 1722 388 :

941 413 950 430 I
962 404 1072 432 Sciebat
1098 406 1180 440 igitur
1195 406 1239 433 ille
1253 411 1278 433 el
1304 414 1356 433 non
1371 407 1501 438 correxit,
1517 414 1568 434 nec
1586 407 1613 433 in
1631 406 1723 434 divina

941 452 1001 486 ejus
1021 456 1157 486 potestate
1171 457 1230 479 erat
1250 453 1396 487 corrigere.
1411 462 1420 478 ›
1443 453 1512 485 Quin
1527 457 1554 480 et
1572 460 1621 488 ego
1636 460 1724 487 quan-

939 502 994 524 tutn
1022 499 1094 532 potui
1118 498 1150 524 de
1176 498 1209 524 iis
1221 505 1292 532 saepe
1315 505 1469 526 sermonem
1488 498 1557 530 feci,
1583 503 1610 526 et
1627 499 1724 526 divinze

939 542 1085 577 Scriptura:
1110 543 1203 570 eadem
1218 547 1395 576 contirmant,
1422 544 1502 571 modo
1526 545 1723 579 intelligantur.

87 588 191 620 Κέλσος
220 588 327 620 ἐξέθετο
356 588 461 622 λέγων·
488 587 570 615 «Οἵδε
596 587 645 623 μὲν
676 585 733 620 οὖν,
753 588 803 614 οὐκ
823 588 969 624 ἐπανορθοῖ
993 589 1032 621 δὲ,
1054 589 1083 615 οὐ
1106 589 1128 615 δ’
1147 586 1202 616 οἷόν
1228 598 1258 616 τε
1290 590 1364 625 αὐτῷ
1389 590 1503 626 δυνάμει
1530 591 1590 627 θείᾳ
1608 593 1724 627 ἐπανορ-

87 636 162 664 θοῦν.
176 646 185 662 ι
206 636 261 663 Καὶ
277 637 358 672 ἡμεῖς
371 636 399 662 δὲ
421 635 554 671 πολλαχοῦ
579 635 651 662 κατὰ
672 635 703 661 τὺ
728 635 838 662 δυνατὸν
857 635 922 670 ἡμῖν
939 637 1088 672 είρήκαμεν
1113 637 1178 672 περὶ
1201 636 1318 669 τούτων,
1335 638 1381 664 καὶ
1412 638 1436 663 οἱ
1468 638 1534 664 θεῖοι
1563 638 1635 673 λόγοι
1666 640 1723 670 τοῖς

87 682 197 710 ἀκούειν
213 682 373 717 δυναμένοις
391 682 481 709 αὐτῶν
495 682 681 718 παρέστησαν.

124 728 267 762 Λελέξεται
283 726 344 760 οὖν,
358 729 428 764 ὅπερ
445 730 511 765 ἡμῖν
527 729 572 756 καὶ
592 729 727 761 Ἰουδαίοις
747 730 879 766 προσάγει

86 774 101 800 ὁ
115 773 235 805 Κέλσος,
253 774 300 801 καὶ
316 774 383 810 πρὸς
395 775 486 807 αὑτὸν,
511 775 551 801 ὅτι.
567 772 649 811 Ἀρα,
665 773 687 802 ὦ
702 772 793 807 οὗτος⁷
810 774 880 802 οἶδεν

86 819 102 846 ό
130 819 177 846 ἐπὶ
203 821 269 846 πᾶσι
295 820 361 852 Θεὸς
382 820 416 847 τὰ
440 822 469 849 ὲν
490 822 661 857 ἀνθρώποις,
688 822 702 857 ἦ
727 823 777 849 οὐκ
791 820 878 854 οἷδεν;
898 842 918 868 Β

96 865 166 891 Ἀλλ’
182 864 262 900 εἴπερ
286 866 365 901 τίθης
381 865 449 893 εἶναι
463 867 528 894 Θεὸν
546 869 592 895 καὶ
613 868 754 904 Πρόνοιαν,
773 868 810 900 ὡς
829 869 878 903 ὲμ-

90 910 182 944 φαίνει
206 919 252 937 σου
273 911 303 938 τὸ
318 911 484 947 σύγγραμμα
494 932 502 944 ,
516 914 663 947 ἀναγκαῖον
675 913 757 940 αὑτὸν
770 913 877 940 εἰδέναι.

89 957 123 982 Εἰ
141 956 164 982 δ’
176 954 240 988 οἶδε,
259 955 303 983 διὰ
323 957 348 983 τί
368 957 417 984 οὐκ
446 958 608 994 ὲπανορθοί;
627 960 661 986 Ἦ
681 959 747 994 ἡμῖν
764 959 811 994 μὲν
832 959 879 985 ἀν-

89 1002 207 1035 αγκαῖον
220 1002 411 1036 ἀπολογεῖσθαι
424 1003 468 1030 διὰ
480 1003 506 1029 τί
515 1003 592 1035 εἰδὼς
602 1004 651 1031 οὐκ
663 1004 806 1038 ἐπανορθοῖ
816 1012 822 1018 ·
839 1005 880 1031 σοὶ

87 1047 118 1074 δὲ
131 1067 138 1079 ,
170 1047 207 1082 μὴ
230 1047 300 1074 πάνυ
321 1047 479 1082 ἐμφαίνοντι
495 1049 591 1077 διὰτοῦ
603 1049 817 1086 συγγράμματος
834 1049 879 1076 τὸν

101 1093 299 1128 Ἐπικούρειον,
327 1093 394 1120 ἀλλά
421 1095 643 1129 προσποιουμένῳ
659 1095 789 1130 Πρόνοιαν
814 1094 880 1120 εἰδέ-

84 1148 146 1175 rvat,
173 1140 223 1166 οὐκ
245 1139 341 1174 ἐπίσης
359 1139 509 1172 λελέξεται,
533 1140 576 1166 διὰ
592 1140 618 1166 τί
638 1139 716 1171 εἰδὼς
734 1140 768 1166 τὰ
782 1141 810 1166 ὲν
834 1141 880 1166 ἀν-

87 1185 210 1220 θρώποις
227 1186 315 1212 πάντα
341 1187 355 1212 ὁ
380 1185 445 1217 Θεὸς
467 1186 517 1212 οὐκ
549 1186 712 1221 ἐπανορθοῖ,
736 1185 796 1212 οὐδὲ
819 1186 880 1222 θείᾳ

85 1232 203 1266 δυνάμει
224 1231 392 1258 ἀπαλλάσσει
409 1231 513 1263 πάντας
535 1231 584 1266 τῆς
602 1231 718 1263 κακίας;
747 1231 817 1258 Ἀλλ’
830 1232 879 1258 οὐκ

86 1277 272 1312 αἰσχυνόμεθα
294 1277 384 1311 λέγειν
401 1278 467 1312 (5'2),
485 1277 526 1304 ὅτι
547 1277 590 1304 ἀεὶ
614 1278 663 1312 μὲν
688 1277 792 1312 πέμπει
816 1279 880 1310 τοὺς

87 1322 372 1358 ὲπανορθωσομὲνους.
402 1323 433 1349 Ol
463 1323 517 1358 γὰρ
536 1323 581 1348 ἐπὶ
607 1322 641 1348 τὰ
665 1322 792 1357 βέλτιστα
814 1331 881 1358 προ-

86 1367 248 1403 καλούμενοι
269 1368 353 1402 λόγοι,
374 1367 442 1394 Θεοῦ
461 1368 560 1399 αὐτοὺς
581 1367 742 1401 δεδωκότος,
763 1369 831 1396 είσὶν
851 1370 880 1396 ἐν

86 1410 253 1446 ἀνθρώποις.
286 1412 355 1447 Ἤδη
386 1412 414 1438 δὲ
438 1412 492 1438 τῶν
517 1412 734 1448 διακονουμένων
757 1413 797 1449 τῷ
820 1413 879 1450 Θεῷ

87 1457 185 1484 πολλαί
200 1458 253 1484 εισι
269 1457 412 1492 διαφοραὶ,
433 1459 479 1485 καὶ
497 1457 582 1492 ὀλίγοι
603 1460 671 1486 εἰσὶν
686 1460 711 1486 οἱ
725 1459 811 1495 πάντη
830 1469 880 1486 κα-

968 728 996 756 4.
1017 728 1093 761 Quod
1117 728 1199 763 igitur
1216 728 1295 755 nobis
1318 727 1473 762 Judzeisque
1499 728 1594 756 Celsus
1618 729 1721 763 objicit,

935 773 1006 801 idem
1024 777 1118 801 contra
1139 773 1228 808 ipsum
1242 773 1426 802 adhibebitur.
1448 773 1496 802 Dic
1508 774 1591 808 enim,
1606 782 1622 802 o
1642 776 1722 808 bone,

935 819 1005 846 Deus
1027 820 1139 846 novitne
1158 826 1203 846 res
1226 819 1370 851 humanas,
1385 820 1497 846 annon?
1523 821 1545 848 si
1575 821 1658 848 Deum
1676 822 1723 848 ad-

937 865 1044 892 miseris
1062 869 1089 892 ct
1102 864 1317 896 Providentiam,
1334 869 1362 892 ut
1376 872 1409 892 ex
1425 869 1469 893 tuo
1483 866 1585 901 scripto
1598 865 1724 900 judicare

932 911 1006 943 licet,
1022 915 1100 938 notas
1115 911 1150 938 illi
1166 917 1226 938 esse
1241 910 1353 938 fatearis
1375 918 1486 938 necesse
1505 917 1558 938 est.
1575 911 1622 939 Sin
1635 913 1722 946 novit,

931 964 982 984 cur
998 965 1051 984 non
1069 957 1203 992 corrigit?
1223 957 1264 984 An
1280 957 1360 985 nobis
1373 958 1559 985 necessarium
1571 963 1614 985 est
1624 966 1722 986 causas

932 1003 1055 1035 reddere,
1070 1010 1119 1030 cur
1144 1003 1276 1031 humanas
1303 1010 1347 1031 res
1375 1011 1428 1030 non
1444 1003 1584 1038 corrigat,
1609 1006 1721 1032 tametsi

932 1048 1089 1082 cognoscit;
1105 1053 1132 1075 tu
1146 1056 1222 1082 vero,
1234 1049 1280 1084 qui
1296 1049 1322 1076 in
1339 1052 1385 1075 tuo
1397 1049 1501 1083 scripto
1519 1054 1544 1076 te
1557 1049 1720 1084 Epicureum

931 1099 984 1119 non
1015 1097 1108 1127 aperte
1135 1094 1238 1128 prodis,
1264 1093 1310 1120 sed
1338 1093 1540 1121 Providentiam
1571 1101 1721 1128 agnoscere

932 1138 1054 1171 simulas,
1068 1139 1159 1167 dicere
1175 1147 1229 1167 non
1250 1140 1362 1172 teneris,
1375 1147 1424 1166 cur
1440 1140 1512 1167 Deus
1527 1139 1661 1167 humanas
1677 1148 1721 1166 res

933 1190 1091 1220 perspectas
1116 1185 1219 1213 habens
1235 1194 1288 1213 non
1314 1186 1460 1218 emendet,
1486 1193 1536 1213 nec
1559 1193 1653 1213 omnes
1673 1193 1721 1213 ne-

933 1231 1018 1266 quitia
1040 1231 1137 1258 liberet
1158 1231 1246 1258 divina
1264 1232 1416 1266 potestate?
1439 1231 1474 1258 At
1489 1239 1539 1259 nos
1552 1231 1643 1259 dicere
1666 1241 1718 1258 non

933 1277 1098 1308 dubitamus,
1116 1284 1130 1303 ιι
1145 1277 1199 1305 Deo
1212 1285 1321 1312 semper
1334 1277 1403 1304 mitti
1418 1277 1463 1312 qui
1479 1278 1630 1312 corrigam.
1648 1278 1719 1304 Sunt

931 1321 1004 1348 enim
1032 1321 1104 1348 inter
1132 1321 1256 1349 homines
1271 1322 1432 1350 documenta
1458 1323 1525 1357 ipsis
1542 1330 1556 1349 ιι
1575 1324 1628 1350 Deo
1645 1324 1717 1355 data,

931 1368 1030 1402 quibus
1051 1367 1084 1394 ad
1100 1368 1201 1402 optima
1232 1374 1430 1402 prorocentur;
1461 1377 1617 1404 quanquam
1649 1371 1720 1398 inter

932 1413 1080 1446 ministros,
1096 1413 1195 1448 quibus
1213 1414 1298 1441 utitur
1324 1416 1411 1446 Deus,
1434 1416 1546 1443 multum
1563 1417 1600 1444 sit
1619 1417 1719 1445 discri-

932 1458 1026 1486 minis.
1048 1458 1153 1492 Quippe
1166 1463 1231 1485 sunt
1251 1459 1328 1493 pauci
1342 1460 1388 1493 qui
1405 1467 1472 1494 pure
1485 1461 1595 1488 omnino
1616 1463 1718 1490 verita-

87 1503 181 1538 θαρῶς
201 1503 397 1539 πρεσϐεύοντες
410 1504 444 1530 τὰ
457 1504 507 1539 τῆς
525 1505 653 1540 ἀληθείας
663 1525 670 1535 ,
684 1506 731 1531 καὶ
744 1505 793 1541 τὴν
808 1514 874 1533 παν-

965 1512 985 1530 at
1014 1504 1131 1531 doceant.
1158 1508 1185 1530 et
1213 1504 1368 1532 hominibus
1401 1506 1521 1540 perfecte
1547 1507 1718 1542 corrigendis

84 1549 152 1584 τελῆ
172 1549 359 1585 ἐπανόρθωσιν
389 1547 582 1586 ὲργαζόμενοι·
611 1552 698 1578 ὁποῖοι
712 1549 781 1587 ἦσαν
795 1552 878 1579 Μωῡ-

86 1596 138 1631 σῆς
153 1596 200 1623 καὶ
218 1597 242 1623 οἱ
264 1596 411 1632 προφῆται.
443 1597 522 1632 Παρὰ
536 1597 564 1623 δὲ
585 1597 695 1629 τούτους
710 1598 813 1630 πάντας
831 1607 878 1634 με·

84 1643 158 1678 γάλη
176 1644 193 1678 ἡ
215 1642 258 1669 διὰ
273 1642 320 1669 τοῦ
341 1642 428 1679 Ἰησοῦ
443 1642 629 1678 ἐπανόρθωσις
650 1643 680 1670 οὐ
698 1644 761 1676 τοὺς
784 1645 813 1671 ὲν
829 1646 878 1681 μιᾷ

84 1689 175 1725 γωνίᾳ
198 1690 248 1724 τῆς
275 1689 436 1724 οἰκουμένης
464 1688 641 1723 βουληθέντος
673 1689 770 1724 μόνους
798 1690 878 1726 θερα-

85 1735 233 1768 πεύεσθαι,
260 1734 339 1767 ἀλλὰ,
359 1734 390 1760 τὺ
408 1734 468 1760 ὅσον
481 1734 524 1760 ἐπ’
543 1733 627 1768 αὐτῷ,
647 1734 693 1760 καὶ
707 1734 770 1765 τοὺς
781 1743 878 1761 παντα-

85 1781 137 1816 χοῦ
149 1790 157 1796 -
175 1780 270 1816 Σωτήρ
286 1780 341 1815 γὰρ
358 1778 423 1815 ἦλθε
437 1780 544 1806 πάντων
559 1779 719 1816 ἀνθρώπων.

123 1826 202 1853 Μετὰ
215 1826 292 1852 ταῦθ’
306 1827 320 1853 ὁ
329 1826 515 1859 γενναιότατος
528 1825 645 1856 Κέλσος,
657 1825 708 1851 οὐκ
717 1823 765 1852 οἷδ’
779 1825 876 1852 ὁπόθεν

84 1869 188 1902 λαϐὼν,
201 1872 335 1907 ὲπαπορεῖ
346 1871 413 1906 πρὸς
425 1871 499 1906 ἡμᾶς
509 1870 546 1902 ὡς
559 1870 688 1905 λέγοντας
696 1891 703 1903 ,
718 1871 759 1897 ὅτι
776 1880 785 1896 ι
797 1871 878 1902 αὐτὸς

84 1917 192 1944 κάτεισι
208 1917 275 1951 πρὸς
293 1916 450 1952 ἀνθρώπους
461 1916 475 1942 ὁ
488 1916 581 1948 Θεὸς.)
601 1917 655 1942 Καὶ
672 1916 756 1943 οἴεται
766 1917 877 1944 ἀκολου-

85 1961 144 1988 θεῖν
158 1961 246 1996 τούτῳ
256 1961 297 1993 τὺ,
308 1970 317 1986 ι
330 1961 378 1996 τὴν
389 1959 485 1987 ἑαυτοῦ
503 1961 584 1996 ἕδραν
595 1961 675 1988 αὑτὸν
683 1960 852 1988 καταλιπεῖν.
865 1970 874 1986 ι

84 2007 125 2034 Οὔ
140 2009 198 2045 γὰρ
210 2005 264 2033 οἶδε
279 2006 393 2041 δύναμιν
407 2005 486 2038 Θεοῦ,
507 2007 553 2032 καὶ
570 2007 611 2033 ὅτι
627 2016 636 2032 ‹
647 2006 759 2041 Πνεῦμα
773 2007 876 2041 Κυρίου

83 2052 254 2089 πεπλήρωκε
264 2052 312 2087 τὴν
322 2053 396 2078 οίκου
402 2051 485 2087 μένην
493 2059 500 2066 ·
513 2051 560 2077 καὶ
575 2051 606 2077 τὸ
624 2051 735 2087 συνέχον
745 2051 778 2078 τὰ
788 2052 877 2079 πάντα

82 2098 187 2133 γνῶσιν
201 2097 256 2132 ἔχει
267 2097 368 2132 φωνῆς.
380 2107 388 2122 ι
404 2097 471 2123 Οὐδὲ
482 2098 599 2123 συνιέναι
607 2097 719 2124 δύναται
733 2099 767 2126 τὸ
789 2107 797 2123 ι
810 2098 876 2133 Οὐχὶ

82 2144 132 2171 τὸν
153 2143 268 2179 οὐρανὸν
287 2143 334 2169 καὶ
359 2143 409 2178 τὴν
439 2143 491 2178 γῆν
516 2142 571 2176 ἐγὼ
589 2142 695 2177 πληρῶ,
719 2142 793 2177 λέγει
818 2143 875 2170 Κύ-

932 1550 996 1577 dent
1012 1557 1135 1585 operam.
1156 1550 1316 1585 Hujusmodi
1331 1550 1437 1586 Moyses
1452 1555 1480 1579 el.
1502 1554 1640 1587 prolihetae
1656 1554 1717 1581 fue-

931 1599 1016 1622 runt:
1036 1595 1083 1622 sed
1109 1594 1134 1621 in
1164 1595 1215 1622 hoc
1242 1595 1396 1630 corrigendi
1413 1596 1633 1634 negotio-omnes
1657 1598 1717 1625 illos

930 1639 1008 1675 longe
1031 1641 1170 1675 superavit
1195 1640 1294 1673 Jesus,
1323 1641 1368 1675 qui
1397 1648 1451 1668 non
1480 1643 1559 1669 unius
1583 1650 1715 1671 terrarum
1764 1670 1767 1673 .

929 1686 1022 1721 anguli
1038 1686 1156 1719 incolas,
1171 1687 1217 1714 sed
1232 1694 1326 1714 omnes
1345 1687 1463 1722 undique
1487 1695 1618 1723 quantum
1643 1690 1669 1717 in
1686 1698 1716 1718 se

928 1732 990 1765 fuit,
1007 1737 1117 1760 sanatos
1131 1732 1224 1760 voluit.
1247 1731 1325 1760 Venit
1343 1734 1416 1760 enim
1436 1738 1464 1761 ut
1480 1736 1600 1762 omnium
1629 1735 1717 1764 homi-

930 1785 993 1804 num
1011 1778 1136 1806 Salvator
1154 1783 1240 1806 esset.

969 1823 997 1851 5.
1020 1824 1121 1851 Deinde
1136 1824 1261 1859 egregius
1276 1824 1320 1852 ille
1335 1824 1377 1851 vir
1390 1825 1483 1852 nescio
1502 1826 1572 1853 unde
1591 1828 1714 1854 occasi0<

929 1875 990 1895 nem
1020 1873 1116 1895 nactus
1144 1870 1322 1904 quaestionem
1355 1870 1484 1897 adversus
1521 1879 1570 1898 nos
1609 1877 1712 1906 movet,

931 1906 1008 1948 quasi
1034 1914 1185 1941 diceremus
1220 1915 1325 1942 «Deum
1351 1917 1436 1950 ipsum
1463 1915 1496 1942 ad
1528 1924 1577 1943 nos
1602 1916 1715 1944 descen-

928 1966 1022 1986 surum
1048 1967 1118 1986 esse.
1135 1969 1144 1985 ι
1180 1959 1256 1988 Unde
1282 1961 1409 1995 consequi
1443 1966 1533 1995 putat,
1558 1967 1608 1988 «ut
1636 1970 1714 1990 suum

928 2005 979 2039 ipsi
1002 2005 1098 2032 solium
1113 2005 1293 2033 deserendum
1316 2006 1408 2033 fuerit.
1425 2015 1435 2032 ι
1456 2005 1548 2033 Nescit
1567 2007 1639 2033 enim
1655 2015 1715 2041 qtun

929 2050 975 2078 Dei
991 2053 1024 2078 sit
1042 2056 1179 2085 potestas,
1205 2053 1292 2080 nescit
1318 2062 1327 2078 ι
1342 2053 1472 2087 Spiritum
1486 2053 1591 2080 Domini
1608 2053 1714 2088 replere

928 2097 1021 2124 orbem
1033 2089 1177 2124 terrarum
1191 2103 1217 2125 et
1233 2099 1284 2125 hoc
1296 2098 1368 2132 quod
1381 2098 1505 2126 continet
1518 2099 1608 2126 omnia
1625 2099 1712 2126 scien-

929 2142 994 2168 tiam
1012 2142 1112 2170 babere
1125 2143 1199 2170 vocis
1207 2143 1241 2170 “.
1255 2153 1265 2169 ι
1287 2143 1380 2177 Neque
1393 2151 1491 2178 capere
1507 2148 1598 2178 potest
1619 2144 1690 2172 istud
1704 2154 1710 2171 :

85 2198 162 2226 ριος;
210 2189 276 2216 Οὐδὲ
294 2189 396 2224 βλέπει,
414 2189 455 2215 ὅτι
474 2188 543 2215 κατὰ
557 2188 602 2215 τὸν
615 2189 784 2223 Χριστιανῶν
797 2189 873 2223 λόγον

965 2187 1009 2222 D5
1030 2196 1039 2212 ι
1058 2187 1184 2222 Nunquid
1201 2196 1254 2215 non
1271 2189 1369 2216 caelum
1381 2194 1408 2216 et
1426 2194 1525 2217 terram
1539 2197 1589 2225 ego
1603 2190 1711 2224 impleo,

82 2237 109 2263 οἱ
124 2236 227 2267 πάντες
242 2236 270 2262 ὲν
282 2234 356 2269 αὐτῷ
373 2234 528 2269 ζῶμεν,καὶ
545 2233 702 2269 κινούμεθα,
713 2234 761 2261 καὶ
779 2235 872 2270 ἐσμὲν,

82 2282 123 2312 ὼς
146 2281 194 2308 καὶ
219 2280 324 2311 Παῦλος
350 2281 378 2306 ὲν
393 2281 425 2315 τῇ
450 2279 518 2314 πρὸς
540 2279 696 2313 Ἀθηναίους
721 2279 874 2316 δημηγορίᾳ

83 2326 199 2359 ἐδίδαξε.
218 2327 279 2353 Κᾶν
293 2327 307 2352 ὁ
322 2326 388 2357 Θεὸς
403 2325 492 2352 τοίνυν
507 2325 560 2351 τῶν
576 2325 644 2352 ὅλων
660 2327 693 2360 τῇ
716 2326 813 2352 ἑαυτοῦ
829 2326 874 2353 δυ-

82 2374 167 2408 νάμει
182 2371 385 2407 συγκαταϐαίνῃ
403 2372 457 2406 (55)
473 2371 511 2406 τῷ
535 2370 622 2406 Ἰησοῦ
637 2371 677 2402 είς
696 2371 740 2397 τὸν
756 2371 809 2398 τῶν
828 2373 875 2399 άν-

83 2419 203 2456 θρώπων
221 2418 287 2453 βίον,
304 2418 355 2445 κᾶν
375 2418 389 2443 ὸ
413 2419 441 2444 ὲν
460 2417 531 2452 ἀρχῇ
549 2416 617 2452 πρὸς
632 2417 676 2443 τὸν
693 2416 758 2444 Θεὸν
778 2417 873 2452 Λόγος,

83 2464 152 2496 Θεὸς
168 2464 215 2490 καὶ
229 2463 309 2495 αὐτὸς
324 2463 371 2495 ὢν,
390 2463 502 2498 ἔρχηται
516 2463 583 2497 πρὸς
599 2463 672 2497 ἡμᾶς
682 2471 688 2477 ·
705 2462 755 2488 οὐκ
769 2462 874 2498 ageam;

83 2509 200 2544 γίνεται,
214 2509 274 2535 οὐδὲ
287 2508 444 2536 καταλείπει
459 2508 506 2544 τὴν
523 2507 619 2534 ἑαυτοῦ
639 2508 735 2544 ἕδραν⁴
757 2509 795 2540 ὤς
813 2517 873 2535 τινα

83 2555 136 2590 μὲν
152 2555 234 2581 τόπον
250 2555 326 2581 κενὸν
346 2554 428 2581 αὐτοῦ
450 2553 528 2586 εἶναι,
552 2554 644 2590 ἕτερον
670 2555 698 2580 δὲ
721 2554 821 2590 πλήρη,
843 2555 872 2581 οὺ

83 2599 218 2635 πρότερον
243 2599 323 2626 αὑτὸν
350 2599 454 2634 ἔχοντα.
485 2598 627 2633 Ἐπιδημεί
649 2598 677 2624 δὲ
696 2598 809 2634 δύναμις
827 2599 873 2625 καὶ

82 2645 180 2680 θεότης
193 2644 261 2670 Θεοῦ
278 2645 310 2670 δι’
327 2641 357 2671 οἶδ
372 2643 505 2679 βούλεται,
521 2644 568 2670 καὶ
585 2645 613 2670 ὲν
639 2641 660 2677 ᾧ
683 2643 803 2679 εὑρίσκει
818 2643 872 2679 χὼ-

82 2698 147 2726 ραν,
165 2690 215 2716 οὐκ
228 2689 387 2724 ἀμείϐοντος
403 2689 495 2719 τόπον,
518 2689 572 2714 οὐδ’
593 2688 763 2718 ἐκλείποντος
781 2686 873 2723 χώραν

120 2734 144 2750 ³⁸
157 2734 223 2768 Sap.
239 2742 257 2765 ι,
271 2733 297 2760 7.
337 2734 358 2749 ³⁷
372 2733 473 2761 Jerem.
499 2741 573 2765 xxut,
587 2733 631 2759 ‘24.

120 2779 178 2815 (5i)
206 2778 397 2813 Ἂδυνάτους.
430 2779 500 2814 Lege
514 2787 574 2806 cum
591 2778 748 2815 Boliercllo,
773 2779 870 2806 ἀσυνέ-

82 2812 157 2846 τους.
169 2812 289 2840 ἘΠ-υιιε
305 2815 364 2841 l'ons
376 2812 427 2841 iuit
443 2812 494 2841 vox
513 2822 629 2848 sequens
643 2812 763 2839 δύναται.

132 2849 178 2883 52)
199 2849 284 2875 Codd.
298 2849 397 2883 Regius
414 2855 441 2876 ct
460 2849 639 2879 llusilecnsis,
665 2848 722 2874 ἀλλ’
745 2849 871 2883 αἰσχυνό-

85 2882 271 2920 μεθαὶέγειν
324 2882 396 2911 Infra
428 2884 508 2911 iidem
537 2884 615 2911 codd.
639 2882 727 2918 πάντη
745 2882 870 2920 καθαρῶς

248 2932 381 2962 ΡΑτιιοι.
399 2933 456 2962 (in.
478 2933 531 2962 ΧΙ.

928 2234 996 2260 dicit
1009 2232 1141 2260 Dominus
1158 2233 1201 2260 '7?
1218 2243 1228 2260 ι
1251 2233 1344 2267 Neque
1361 2234 1432 2261 videt
1446 2242 1479 2262 ex
1496 2234 1712 2262 Christianorum

927 2279 1050 2305 doctrina
1065 2285 1114 2305 nos
1128 2285 1223 2305 omnes
1239 2278 1267 2305 in
1281 2278 1342 2312 ipso
1359 2279 1460 2312 vivere,
1478 2280 1581 2307 moveri
1599 2284 1626 2307 et
1641 2288 1711 2314 esse,

928 2329 957 2350 ut
969 2323 1068 2351 Paulus
1086 2323 1113 2350 in
1132 2324 1337 2351 Atheniensium
1353 2324 1484 2352 concione
1499 2325 1590 2352 docuit
1605 2326 1637 2352 ’³.
1654 2327 1711 2354 Etsi

929 2368 1013 2402 igitur
1031 2368 1217 2395 universorum
1242 2367 1313 2394 Deus
1333 2375 1382 2394 sua
1407 2368 1492 2402 ipsius
1508 2372 1641 2403 potestate
1663 2370 1711 2396 de-

928 2415 1041 2441 scendat
1056 2421 1116 2441 cum
1145 2413 1209 2441 Jesu
1233 2413 1259 2440 in
1286 2413 1355 2440 hanc
1371 2413 1511 2440 hominum
1535 2415 1635 2448 vitam;
1659 2416 1710 2442 etsi

929 2459 1001 2493 quod
1025 2459 1051 2485 in
1071 2459 1206 2493 principio
1226 2459 1296 2493 apud
1317 2459 1399 2485 Deum
1415 2463 1474 2485 erat
1490 2459 1622 2492 Verbum,
1638 2459 1710 2486 Deus

928 2505 996 2539 ipse,
1013 2504 1104 2531 veniat
1126 2505 1159 2531 ad
1176 2512 1236 2537 nos,
1251 2494 1304 2531 rion
1324 2504 1425 2531 idcirco
1440 2512 1455 2531 e
1478 2504 1547 2531 solio
1561 2505 1709 2540 egreditur,

928 2554 974 2577 aut
997 2550 1061 2576 illud
1089 2550 1232 2584 relinquit;
1262 2550 1298 2577 ita
1326 2554 1366 2582 ut,
1392 2550 1449 2578 loco
1479 2557 1564 2577 vacuo
1589 2551 1709 2584 deserto,

928 2597 1009 2623 alium
1027 2596 1137 2631 impleat
1150 2597 1195 2624 ubi
1214 2597 1288 2632 prius
1306 2606 1358 2625 non
1371 2602 1439 2625 erat.
1458 2597 1512 2625 Sed
1527 2598 1572 2625 Dei
1589 2602 1710 2632 potestas

928 2650 959 2670 ac
972 2642 1101 2669 divinitas
1111 2650 1163 2676 quo
1175 2642 1232 2669 vult
1250 2636 1431 2677 proll'ciscitur
1446 2648 1473 2670 et
1492 2651 1655 2678 quocunque
1670 2643 1709 2670 lo-

928 2695 988 2715 cum
1013 2688 1126 2720 invenit,
1152 2694 1204 2715 non
1221 2688 1309 2716 eloco
1335 2689 1360 2716 in
1386 2689 1473 2716 locum
1498 2690 1708 2725 transmignius,

682 2733 703 2748 ³⁸
718 2731 778 2759 Act.
802 2740 865 2765 ιιι-ιι,
885 2733 930 2760 28.

924 2779 1130 2840 ἔτρεσϐεύοντες.
1165 2779 1259 2813 Alias,
1286 2781 1374 2817 πάντη
1402 2782 1448 2809 καὶ
1482 2781 1607 2818 καθαρῶς
1622 2791 1708 2819 πρετ-

941 2823 1058 2840 ευοντες.

941 2823 1058 2841 ευοντες.

960 2824 1032 2841 δοντε
1052 2835 1058 2841 .

960 2851 1017 2884 (55)
1035 2824 1137 2886 ginnas
1152 2857 1230 2880 mss.,
1242 2850 1457 2886 συγκαταϐαίνῃ,
1471 2857 1554 2885 recte,
1572 2861 1632 2880 cuut
1645 2861 1707 2883 mox

924 2890 1053 2918 sequatur
1069 2885 1191 2920 ἔρχηται.
1208 2885 1291 2919 Alias,
1309 2887 1530 2918 συγκαταδαὶνει.

1529 2936 1568 2964 33
