  <div class='ocr_page' id='page_1' title='image "/cluster/home/n/w/nwhite01/storage/ocr_20150623/11/njp.32101077772414/607.png"; bbox 0 0 1848 3091; ppageno 0'>
   <div class='ocr_carea' id='block_1_1' title="bbox 190 125 260 154">
    <p class='ocr_par' dir='ltr' id='par_1_1' title="bbox 190 125 260 154">
     <span class='ocr_line' id='line_1_1' title="bbox 190 125 260 154; baseline 0 0"><span class='ocrx_word' id='word_1_1' title='bbox 190 125 260 154; x_wconf 67' lang='lat'><strong>1335</strong></span> 
     </span>
    </p>
   </div>
   <div class='ocr_carea' id='block_1_2' title="bbox 913 126 1077 156">
    <p class='ocr_par' dir='ltr' id='par_1_2' title="bbox 913 126 1077 156">
     <span class='ocr_line' id='line_1_2' title="bbox 913 126 1077 156; baseline 0.006 -1"><span class='ocrx_word' id='word_1_2' title='bbox 913 126 1077 156; x_wconf 77' lang='lat' dir='ltr'><strong>ORIGENIS</strong></span> 
     </span>
    </p>
   </div>
   <div class='ocr_carea' id='block_1_3' title="bbox 1744 130 1805 162">
    <p class='ocr_par' dir='ltr' id='par_1_3' title="bbox 1744 130 1805 162">
     <span class='ocr_line' id='line_1_3' title="bbox 1744 130 1805 162; baseline 0.016 -2"><span class='ocrx_word' id='word_1_3' title='bbox 1744 134 1752 160; x_wconf 81' lang='grc' dir='ltr'><strong>ί</strong></span> <span class='ocrx_word' id='word_1_4' title='bbox 1757 130 1805 162; x_wconf 65' lang='grc'><strong>058</strong></span> 
     </span>
    </p>
   </div>
   <div class='ocr_carea' id='block_1_4' title="bbox 191 183 939 228">
    <p class='ocr_par' dir='ltr' id='par_1_4' title="bbox 191 183 939 221">
     <span class='ocr_line' id='line_1_4' title="bbox 191 183 939 221; baseline 0 -9"><span class='ocrx_word' id='word_1_5' title='bbox 191 192 240 212; x_wconf 85' lang='lat' dir='ltr'><strong>nec</strong></span> <span class='ocrx_word' id='word_1_6' title='bbox 253 191 333 211; x_wconf 91' lang='lat' dir='ltr'><strong>unum</strong></span> <span class='ocrx_word' id='word_1_7' title='bbox 350 190 379 211; x_wconf 90' lang='lat' dir='ltr'><strong>se</strong></span> <span class='ocrx_word' id='word_1_8' title='bbox 392 190 506 211; x_wconf 88' lang='lat' dir='ltr'><strong>vacuum</strong></span> <span class='ocrx_word' id='word_1_9' title='bbox 531 183 686 220; x_wconf 88' lang='lat' dir='ltr'><strong>relinquens</strong></span> <span class='ocrx_word' id='word_1_10' title='bbox 700 188 729 212; x_wconf 90' lang='lat' dir='ltr'><strong>ut</strong></span> <span class='ocrx_word' id='word_1_11' title='bbox 742 185 825 213; x_wconf 86' lang='lat' dir='ltr'><strong>alium</strong></span> <span class='ocrx_word' id='word_1_12' title='bbox 846 193 939 221; x_wconf 78' lang='lat' dir='ltr'><strong>OCCUpt</strong></span> 
     </span>
    </p>
   </div>
   <div class='ocr_carea' id='block_1_5' title="bbox 1027 183 1800 228">
    <p class='ocr_par' dir='ltr' id='par_1_5' title="bbox 1027 187 1800 228">
     <span class='ocr_line' id='line_1_5' title="bbox 1027 187 1800 228; baseline 0.008 -15"><span class='ocrx_word' id='word_1_13' title='bbox 1027 187 1105 213; x_wconf 67' lang='grc' dir='ltr'>αὑτοῦ</span> <span class='ocrx_word' id='word_1_14' title='bbox 1127 187 1218 223; x_wconf 84' lang='grc' dir='ltr'>κενὴν,</span> <span class='ocrx_word' id='word_1_15' title='bbox 1245 188 1292 215; x_wconf 77' lang='grc' dir='ltr'><strong>καὶ</strong></span> <span class='ocrx_word' id='word_1_16' title='bbox 1315 187 1397 223; x_wconf 78' lang='grc' dir='ltr'>ἄλλην</span> <span class='ocrx_word' id='word_1_17' title='bbox 1421 187 1598 226; x_wconf 57' lang='grc' dir='ltr'>πληροῦνται.</span> <span class='ocrx_word' id='word_1_18' title='bbox 1614 190 1674 217; x_wconf 85' lang='grc' dir='ltr'>Ἶνα</span> <span class='ocrx_word' id='word_1_19' title='bbox 1695 191 1747 228; x_wconf 79' lang='grc' dir='ltr'>γὰρ</span> <span class='ocrx_word' id='word_1_20' title='bbox 1761 196 1800 222; x_wconf 61' lang='grc' dir='ltr'>καὶ</span> 
     </span>
    </p>
   </div>
   <div class='ocr_carea' id='block_1_6' title="bbox 191 229 970 262">
    <p class='ocr_par' dir='ltr' id='par_1_6' title="bbox 191 229 970 262">
     <span class='ocr_line' id='line_1_6' title="bbox 191 229 970 262; baseline 0.001 -6"><span class='ocrx_word' id='word_1_21' title='bbox 191 229 225 258; x_wconf 90' lang='lat' dir='ltr'><strong>Ut</strong></span> <span class='ocrx_word' id='word_1_22' title='bbox 248 231 318 257; x_wconf 88' lang='lat' dir='ltr'><strong>enim</strong></span> <span class='ocrx_word' id='word_1_23' title='bbox 334 229 453 256; x_wconf 81' lang='lat' dir='ltr'><strong>dicamus</strong></span> <span class='ocrx_word' id='word_1_24' title='bbox 477 229 592 256; x_wconf 87' lang='lat' dir='ltr'><strong>alterum</strong></span> <span class='ocrx_word' id='word_1_25' title='bbox 617 229 650 256; x_wconf 87' lang='lat' dir='ltr'><strong>ab</strong></span> <span class='ocrx_word' id='word_1_26' title='bbox 674 229 719 257; x_wconf 93' lang='lat' dir='ltr'><strong>illo</strong></span> <span class='ocrx_word' id='word_1_27' title='bbox 740 230 840 262; x_wconf 80' lang='lat' dir='ltr'><strong>deseri,</strong></span> <span class='ocrx_word' id='word_1_28' title='bbox 856 230 970 257; x_wconf 84' lang='lat' dir='ltr'><strong>alterum</strong></span> 
     </span>
    </p>
   </div>
   <div class='ocr_carea' id='block_1_7' title="bbox 192 274 970 309">
    <p class='ocr_par' dir='ltr' id='par_1_7' title="bbox 192 274 970 309">
     <span class='ocr_line' id='line_1_7' title="bbox 192 274 970 309; baseline 0 -7"><span class='ocrx_word' id='word_1_29' title='bbox 192 275 307 309; x_wconf 85' lang='lat' dir='ltr'><strong>repleri,</strong></span> <span class='ocrx_word' id='word_1_30' title='bbox 326 274 352 301; x_wconf 90' lang='lat' dir='ltr'><strong>id</strong></span> <span class='ocrx_word' id='word_1_31' title='bbox 378 281 430 301; x_wconf 93' lang='lat' dir='ltr'><strong>non</strong></span> <span class='ocrx_word' id='word_1_32' title='bbox 453 274 487 301; x_wconf 88' lang='lat' dir='ltr'><strong>de</strong></span> <span class='ocrx_word' id='word_1_33' title='bbox 510 274 568 302; x_wconf 85' lang='lat' dir='ltr'><strong>loco</strong></span> <span class='ocrx_word' id='word_1_34' title='bbox 593 274 768 309; x_wconf 86' lang='lat' dir='ltr'><strong>intelligimus</strong></span> <span class='ocrx_word' id='word_1_35' title='bbox 785 284 792 302; x_wconf 89' lang='lat'>:</span> <span class='ocrx_word' id='word_1_36' title='bbox 811 276 858 302; x_wconf 92' lang='lat' dir='ltr'><strong>sed</strong></span> <span class='ocrx_word' id='word_1_37' title='bbox 879 280 970 303; x_wconf 86' lang='lat' dir='ltr'><strong>nostra</strong></span> 
     </span>
    </p>
   </div>
   <div class='ocr_carea' id='block_1_8' title="bbox 188 319 971 355">
    <p class='ocr_par' dir='ltr' id='par_1_8' title="bbox 188 319 971 355">
     <span class='ocr_line' id='line_1_8' title="bbox 188 319 971 355; baseline 0 -9"><span class='ocrx_word' id='word_1_38' title='bbox 188 327 265 349; x_wconf 84' lang='lat' dir='ltr'><strong>mens</strong></span> <span class='ocrx_word' id='word_1_39' title='bbox 283 325 337 350; x_wconf 81' lang='lat' dir='ltr'><strong>est.</strong></span> <span class='ocrx_word' id='word_1_40' title='bbox 353 319 470 354; x_wconf 84' lang='lat' dir='ltr'><strong>improbi</strong></span> <span class='ocrx_word' id='word_1_41' title='bbox 486 323 513 346; x_wconf 88' lang='lat' dir='ltr'><strong>et</strong></span> <span class='ocrx_word' id='word_1_42' title='bbox 530 320 651 354; x_wconf 78' lang='lat' dir='ltr'><strong>nequitia</strong></span> <span class='ocrx_word' id='word_1_43' title='bbox 674 321 771 355; x_wconf 93' lang='lat' dir='ltr'><strong>perditi</strong></span> <span class='ocrx_word' id='word_1_44' title='bbox 786 320 902 348; x_wconf 88' lang='lat' dir='ltr'><strong>hominis</strong></span> <span class='ocrx_word' id='word_1_45' title='bbox 916 321 971 347; x_wconf 85' lang='lat' dir='ltr'><strong>ani-</strong></span> 
     </span>
    </p>
   </div>
   <div class='ocr_carea' id='block_1_9' title="bbox 188 364 969 400">
    <p class='ocr_par' dir='ltr' id='par_1_9' title="bbox 188 364 969 400">
     <span class='ocr_line' id='line_1_9' title="bbox 188 364 969 400; baseline 0.003 -10"><span class='ocrx_word' id='word_1_46' title='bbox 188 372 258 391; x_wconf 81' lang='lat' dir='ltr'><strong>mam</strong></span> <span class='ocrx_word' id='word_1_47' title='bbox 279 371 294 390; x_wconf 86' lang='lat' dir='ltr'><strong>a</strong></span> <span class='ocrx_word' id='word_1_48' title='bbox 312 364 365 391; x_wconf 87' lang='lat' dir='ltr'><strong>Deo</strong></span> <span class='ocrx_word' id='word_1_49' title='bbox 385 364 517 399; x_wconf 86' lang='lat' dir='ltr'><strong>relinqui;</strong></span> <span class='ocrx_word' id='word_1_50' title='bbox 533 365 650 392; x_wconf 88' lang='lat' dir='ltr'><strong>animam</strong></span> <span class='ocrx_word' id='word_1_51' title='bbox 665 370 757 392; x_wconf 91' lang='lat' dir='ltr'><strong>autem</strong></span> <span class='ocrx_word' id='word_1_52' title='bbox 770 366 838 400; x_wconf 79' lang='lat' dir='ltr'><strong>ejus,</strong></span> <span class='ocrx_word' id='word_1_53' title='bbox 852 366 897 400; x_wconf 92' lang='lat' dir='ltr'><strong>qui</strong></span> <span class='ocrx_word' id='word_1_54' title='bbox 914 365 969 392; x_wconf 91' lang='lat' dir='ltr'><strong>vir-</strong></span> 
     </span>
    </p>
   </div>
   <div class='ocr_carea' id='block_1_10' title="bbox 186 410 999 450">
    <p class='ocr_par' dir='ltr' id='par_1_10' title="bbox 186 410 999 450">
     <span class='ocr_line' id='line_1_10' title="bbox 186 410 999 450; baseline 0.002 -14"><span class='ocrx_word' id='word_1_55' title='bbox 186 414 272 437; x_wconf 90' lang='lat' dir='ltr'><strong>tutem</strong></span> <span class='ocrx_word' id='word_1_56' title='bbox 290 410 317 437; x_wconf 93' lang='lat' dir='ltr'><strong>in</strong></span> <span class='ocrx_word' id='word_1_57' title='bbox 333 410 448 437; x_wconf 91' lang='lat' dir='ltr'><strong>vivendo</strong></span> <span class='ocrx_word' id='word_1_58' title='bbox 460 410 557 438; x_wconf 87' lang='lat' dir='ltr'><strong>sectari</strong></span> <span class='ocrx_word' id='word_1_59' title='bbox 571 411 676 444; x_wconf 88' lang='lat' dir='ltr'><strong>statuit,</strong></span> <span class='ocrx_word' id='word_1_60' title='bbox 695 411 738 438; x_wconf 87' lang='lat' dir='ltr'><strong>vel</strong></span> <span class='ocrx_word' id='word_1_61' title='bbox 755 411 781 438; x_wconf 93' lang='lat' dir='ltr'><strong>in</strong></span> <span class='ocrx_word' id='word_1_62' title='bbox 799 419 829 438; x_wconf 86' lang='lat' dir='ltr'><strong>ea</strong></span> <span class='ocrx_word' id='word_1_63' title='bbox 844 419 969 446; x_wconf 81' lang='lat' dir='ltr'><strong>progrcs-</strong></span> <span class='ocrx_word' id='word_1_64' title='bbox 997 447 999 450; x_wconf 9' lang='grc' dir='ltr'><strong>γ</strong></span> 
     </span>
    </p>
   </div>
   <div class='ocr_carea' id='block_1_11' title="bbox 184 455 968 491">
    <p class='ocr_par' dir='ltr' id='par_1_11' title="bbox 184 455 968 491">
     <span class='ocr_line' id='line_1_11' title="bbox 184 455 968 491; baseline 0 -9"><span class='ocrx_word' id='word_1_65' title='bbox 184 456 287 483; x_wconf 77' lang='lat' dir='ltr'><strong>sionem</strong></span> <span class='ocrx_word' id='word_1_66' title='bbox 306 455 381 488; x_wconf 88' lang='lat' dir='ltr'><strong>facit,</strong></span> <span class='ocrx_word' id='word_1_67' title='bbox 399 455 441 483; x_wconf 85' lang='lat' dir='ltr'><strong>vel</strong></span> <span class='ocrx_word' id='word_1_68' title='bbox 455 456 538 483; x_wconf 87' lang='lat' dir='ltr'><strong>etiam</strong></span> <span class='ocrx_word' id='word_1_69' title='bbox 553 457 585 482; x_wconf 88' lang='lat' dir='ltr'><strong>ad</strong></span> <span class='ocrx_word' id='word_1_70' title='bbox 601 463 660 483; x_wconf 89' lang='lat' dir='ltr'><strong>eam</strong></span> <span class='ocrx_word' id='word_1_71' title='bbox 675 463 738 484; x_wconf 91' lang='lat' dir='ltr'><strong>suos</strong></span> <span class='ocrx_word' id='word_1_72' title='bbox 750 464 840 483; x_wconf 89' lang='lat' dir='ltr'><strong>mores</strong></span> <span class='ocrx_word' id='word_1_73' title='bbox 861 463 968 491; x_wconf 83' lang='lat' dir='ltr'><strong>compo-</strong></span> 
     </span>
    </p>
   </div>
   <div class='ocr_carea' id='block_1_12' title="bbox 182 501 959 536">
    <p class='ocr_par' dir='ltr' id='par_1_12' title="bbox 182 501 959 536">
     <span class='ocr_line' id='line_1_12' title="bbox 182 501 959 536; baseline 0 -8"><span class='ocrx_word' id='word_1_74' title='bbox 182 501 235 534; x_wconf 88' lang='lat' dir='ltr'><strong>nit,</strong></span> <span class='ocrx_word' id='word_1_75' title='bbox 263 501 362 536; x_wconf 88' lang='lat' dir='ltr'><strong>repleri</strong></span> <span class='ocrx_word' id='word_1_76' title='bbox 384 505 431 528; x_wconf 89' lang='lat' dir='ltr'><strong>aut</strong></span> <span class='ocrx_word' id='word_1_77' title='bbox 455 501 574 536; x_wconf 85' lang='lat' dir='ltr'><strong>Spiritus</strong></span> <span class='ocrx_word' id='word_1_78' title='bbox 601 501 684 528; x_wconf 84' lang='lat' dir='ltr'><strong>divini</strong></span> <span class='ocrx_word' id='word_1_79' title='bbox 709 508 770 528; x_wconf 87' lang='lat' dir='ltr'><strong>esse</strong></span> <span class='ocrx_word' id='word_1_80' title='bbox 788 501 959 536; x_wconf 78' lang='lat' dir='ltr'><strong>participem.</strong></span> 
     </span>
    </p>
   </div>
   <div class='ocr_carea' id='block_1_13' title="bbox 182 545 966 577">
    <p class='ocr_par' dir='ltr' id='par_1_13' title="bbox 182 545 966 577">
     <span class='ocr_line' id='line_1_13' title="bbox 182 545 966 577; baseline 0.001 -5"><span class='ocrx_word' id='word_1_81' title='bbox 182 545 312 577; x_wconf 83' lang='lat' dir='ltr'><strong>Quamvis</strong></span> <span class='ocrx_word' id='word_1_82' title='bbox 332 545 414 577; x_wconf 69' lang='lat' dir='ltr'><strong>igitur</strong></span> <span class='ocrx_word' id='word_1_83' title='bbox 428 545 551 573; x_wconf 83' lang='lat' dir='ltr'><strong>Christus</strong></span> <span class='ocrx_word' id='word_1_84' title='bbox 576 547 720 574; x_wconf 83' lang='lat' dir='ltr'><strong>descendat</strong></span> <span class='ocrx_word' id='word_1_85' title='bbox 732 551 778 573; x_wconf 89' lang='lat' dir='ltr'><strong>aut</strong></span> <span class='ocrx_word' id='word_1_86' title='bbox 791 546 824 572; x_wconf 87' lang='lat' dir='ltr'><strong>ad</strong></span> <span class='ocrx_word' id='word_1_87' title='bbox 840 547 966 573; x_wconf 88' lang='lat' dir='ltr'><strong>homines</strong></span> 
     </span>
    </p>
   </div>
   <div class='ocr_carea' id='block_1_14' title="bbox 181 589 965 625">
    <p class='ocr_par' dir='ltr' id='par_1_14' title="bbox 181 589 965 625">
     <span class='ocr_line' id='line_1_14' title="bbox 181 589 965 625; baseline 0.004 -9"><span class='ocrx_word' id='word_1_88' title='bbox 181 589 296 617; x_wconf 77' lang='lat' dir='ltr'><strong>accedat</strong></span> <span class='ocrx_word' id='word_1_89' title='bbox 313 590 393 621; x_wconf 84' lang='lat' dir='ltr'><strong>Deus,</strong></span> <span class='ocrx_word' id='word_1_90' title='bbox 417 597 470 616; x_wconf 90' lang='lat' dir='ltr'><strong>non</strong></span> <span class='ocrx_word' id='word_1_91' title='bbox 495 590 625 617; x_wconf 87' lang='lat' dir='ltr'><strong>continuo</strong></span> <span class='ocrx_word' id='word_1_92' title='bbox 650 591 699 625; x_wconf 88' lang='lat' dir='ltr'><strong>ipsi</strong></span> <span class='ocrx_word' id='word_1_93' title='bbox 715 591 802 625; x_wconf 92' lang='lat' dir='ltr'><strong>major</strong></span> <span class='ocrx_word' id='word_1_94' title='bbox 816 591 965 619; x_wconf 87' lang='lat' dir='ltr'><strong>deserenda</strong></span> 
     </span>
    </p>
   </div>
   <div class='ocr_carea' id='block_1_15' title="bbox 182 635 964 667">
    <p class='ocr_par' dir='ltr' id='par_1_15' title="bbox 182 635 964 667">
     <span class='ocr_line' id='line_1_15' title="bbox 182 635 964 667; baseline 0 -4"><span class='ocrx_word' id='word_1_95' title='bbox 182 636 260 663; x_wconf 81' lang='lat' dir='ltr'><strong>sedes</strong></span> <span class='ocrx_word' id='word_1_96' title='bbox 280 635 340 667; x_wconf 81' lang='lat' dir='ltr'><strong>fuit,</strong></span> <span class='ocrx_word' id='word_1_97' title='bbox 358 641 403 662; x_wconf 88' lang='lat' dir='ltr'><strong>ant</strong></span> <span class='ocrx_word' id='word_1_98' title='bbox 422 643 534 663; x_wconf 90' lang='lat' dir='ltr'><strong>necesse</strong></span> <span class='ocrx_word' id='word_1_99' title='bbox 549 640 591 663; x_wconf 87' lang='lat' dir='ltr'><strong>est</strong></span> <span class='ocrx_word' id='word_1_100' title='bbox 607 641 636 662; x_wconf 94' lang='lat' dir='ltr'><strong>ut</strong></span> <span class='ocrx_word' id='word_1_101' title='bbox 650 636 695 663; x_wconf 91' lang='lat' dir='ltr'><strong>hic</strong></span> <span class='ocrx_word' id='word_1_102' title='bbox 711 640 848 664; x_wconf 86' lang='lat' dir='ltr'><strong>mutentur</strong></span> <span class='ocrx_word' id='word_1_103' title='bbox 863 637 964 664; x_wconf 84' lang='lat' dir='ltr'><strong>omnia.</strong></span> 
     </span>
    </p>
   </div>
   <div class='ocr_carea' id='block_1_16' title="bbox 181 681 965 718">
    <p class='ocr_par' dir='ltr' id='par_1_16' title="bbox 181 681 965 718">
     <span class='ocr_line' id='line_1_16' title="bbox 181 681 965 718; baseline -0.001 -9"><span class='ocrx_word' id='word_1_104' title='bbox 181 683 258 716; x_wconf 85' lang='lat' dir='ltr'><strong>Quod</strong></span> <span class='ocrx_word' id='word_1_105' title='bbox 286 688 373 710; x_wconf 89' lang='lat' dir='ltr'><strong>tamen</strong></span> <span class='ocrx_word' id='word_1_106' title='bbox 401 683 539 718; x_wconf 89' lang='lat' dir='ltr'><strong>opinatum</strong></span> <span class='ocrx_word' id='word_1_107' title='bbox 569 683 652 709; x_wconf 85' lang='lat' dir='ltr'><strong>fuisse</strong></span> <span class='ocrx_word' id='word_1_108' title='bbox 681 681 788 709; x_wconf 86' lang='lat' dir='ltr'><strong>Celsum</strong></span> <span class='ocrx_word' id='word_1_109' title='bbox 817 682 875 709; x_wconf 66' lang='lat' dir='ltr'><strong>haec</strong></span> <span class='ocrx_word' id='word_1_110' title='bbox 905 681 965 716; x_wconf 83' lang='lat' dir='ltr'><strong>ejus</strong></span> 
     </span>
    </p>
   </div>
   <div class='ocr_carea' id='block_1_17' title="bbox 181 727 965 762">
    <p class='ocr_par' dir='ltr' id='par_1_17' title="bbox 181 727 965 762">
     <span class='ocr_line' id='line_1_17' title="bbox 181 727 965 762; baseline -0.004 -6"><span class='ocrx_word' id='word_1_111' title='bbox 181 729 264 756; x_wconf 82' lang='lat' dir='ltr'><strong>verba</strong></span> <span class='ocrx_word' id='word_1_112' title='bbox 281 729 421 756; x_wconf 87' lang='lat' dir='ltr'><strong>indicant:</strong></span> <span class='ocrx_word' id='word_1_113' title='bbox 441 737 450 754; x_wconf 76' lang='grc' dir='ltr'><strong>ι</strong></span> <span class='ocrx_word' id='word_1_114' title='bbox 469 728 497 755; x_wconf 87' lang='lat' dir='ltr'><strong>Si</strong></span> <span class='ocrx_word' id='word_1_115' title='bbox 515 728 586 755; x_wconf 90' lang='lat' dir='ltr'><strong>enim</strong></span> <span class='ocrx_word' id='word_1_116' title='bbox 612 728 655 754; x_wconf 91' lang='lat' dir='ltr'><strong>hic</strong></span> <span class='ocrx_word' id='word_1_117' title='bbox 675 735 758 755; x_wconf 92' lang='lat' dir='ltr'><strong>unum</strong></span> <span class='ocrx_word' id='word_1_118' title='bbox 779 728 845 762; x_wconf 88' lang='lat' dir='ltr'><strong>quid</strong></span> <span class='ocrx_word' id='word_1_119' title='bbox 861 728 902 754; x_wconf 88' lang='lat' dir='ltr'><strong>vel</strong></span> <span class='ocrx_word' id='word_1_120' title='bbox 925 727 965 754; x_wconf 88' lang='lat' dir='ltr'><strong>le-</strong></span> 
     </span>
    </p>
   </div>
   <div class='ocr_carea' id='block_1_18' title="bbox 180 772 963 805">
    <p class='ocr_par' dir='ltr' id='par_1_18' title="bbox 180 772 963 805">
     <span class='ocr_line' id='line_1_18' title="bbox 180 772 963 805; baseline 0 -6"><span class='ocrx_word' id='word_1_121' title='bbox 180 773 320 801; x_wconf 86' lang='lat' dir='ltr'><strong>vissimum</strong></span> <span class='ocrx_word' id='word_1_122' title='bbox 333 772 489 805; x_wconf 86' lang='lat' dir='ltr'><strong>mutaveris,</strong></span> <span class='ocrx_word' id='word_1_123' title='bbox 504 772 635 800; x_wconf 86' lang='lat' dir='ltr'><strong>subversa</strong></span> <span class='ocrx_word' id='word_1_124' title='bbox 650 777 729 800; x_wconf 92' lang='lat' dir='ltr'><strong>ruent</strong></span> <span class='ocrx_word' id='word_1_125' title='bbox 743 772 844 799; x_wconf 88' lang='lat' dir='ltr'><strong>omnia.</strong></span> <span class='ocrx_word' id='word_1_126' title='bbox 864 781 873 798; x_wconf 77' lang='grc' dir='ltr'><strong>ι</strong></span> <span class='ocrx_word' id='word_1_127' title='bbox 888 772 963 805; x_wconf 85' lang='lat' dir='ltr'><strong>Quod</strong></span> 
     </span>
    </p>
   </div>
   <div class='ocr_carea' id='block_1_19' title="bbox 179 819 964 854">
    <p class='ocr_par' dir='ltr' id='par_1_19' title="bbox 179 819 964 854">
     <span class='ocr_line' id='line_1_19' title="bbox 179 819 964 854; baseline 0 -8"><span class='ocrx_word' id='word_1_128' title='bbox 179 820 203 846; x_wconf 87' lang='lat' dir='ltr'><strong>si</strong></span> <span class='ocrx_word' id='word_1_129' title='bbox 226 819 380 854; x_wconf 86' lang='lat' dir='ltr'><strong>quempiam</strong></span> <span class='ocrx_word' id='word_1_130' title='bbox 403 826 452 853; x_wconf 89' lang='lat' dir='ltr'><strong>per</strong></span> <span class='ocrx_word' id='word_1_131' title='bbox 477 819 650 854; x_wconf 61' lang='lat' dir='ltr'><strong>praesentiam</strong></span> <span class='ocrx_word' id='word_1_132' title='bbox 673 819 782 846; x_wconf 88' lang='lat' dir='ltr'><strong>virtutis</strong></span> <span class='ocrx_word' id='word_1_133' title='bbox 801 819 848 847; x_wconf 91' lang='lat' dir='ltr'><strong>Dei</strong></span> <span class='ocrx_word' id='word_1_134' title='bbox 865 823 892 847; x_wconf 91' lang='lat' dir='ltr'><strong>et</strong></span> <span class='ocrx_word' id='word_1_135' title='bbox 916 827 964 854; x_wconf 91' lang='lat' dir='ltr'><strong>per</strong></span> 
     </span>
    </p>
   </div>
   <div class='ocr_carea' id='block_1_20' title="bbox 1022 232 1799 274">
    <p class='ocr_par' dir='ltr' id='par_1_20' title="bbox 1022 232 1799 274">
     <span class='ocr_line' id='line_1_20' title="bbox 1022 232 1799 274; baseline 0.008 -16"><span class='ocrx_word' id='word_1_136' title='bbox 1022 232 1158 258; x_wconf 78' lang='grc' dir='ltr'><strong>ἐκλείπειν</strong></span> <span class='ocrx_word' id='word_1_137' title='bbox 1171 233 1227 268; x_wconf 67' lang='grc'>(54)</span> <span class='ocrx_word' id='word_1_138' title='bbox 1241 234 1322 260; x_wconf 83' lang='grc' dir='ltr'>αὑτὸν</span> <span class='ocrx_word' id='word_1_139' title='bbox 1335 234 1439 269; x_wconf 83' lang='grc' dir='ltr'>φῶμεν,</span> <span class='ocrx_word' id='word_1_140' title='bbox 1453 235 1501 262; x_wconf 74' lang='grc' dir='ltr'>καὶ</span> <span class='ocrx_word' id='word_1_141' title='bbox 1515 236 1594 263; x_wconf 83' lang='grc' dir='ltr'>ἄλλον</span> <span class='ocrx_word' id='word_1_142' title='bbox 1606 236 1670 263; x_wconf 75' lang='grc' dir='ltr'>τινα</span> <span class='ocrx_word' id='word_1_143' title='bbox 1682 238 1799 274; x_wconf 78' lang='grc' dir='ltr'>πληροῦν,</span> 
     </span>
    </p>
   </div>
   <div class='ocr_carea' id='block_1_21' title="bbox 1020 277 1799 318">
    <p class='ocr_par' dir='ltr' id='par_1_21' title="bbox 1020 277 1799 318">
     <span class='ocr_line' id='line_1_21' title="bbox 1020 277 1799 318; baseline 0.008 -15"><span class='ocrx_word' id='word_1_144' title='bbox 1020 278 1050 303; x_wconf 85' lang='grc' dir='ltr'><strong>οὐ</strong></span> <span class='ocrx_word' id='word_1_145' title='bbox 1068 277 1131 313; x_wconf 74' lang='grc' dir='ltr'>περὶ</span> <span class='ocrx_word' id='word_1_146' title='bbox 1143 279 1226 304; x_wconf 85' lang='grc' dir='ltr'><strong>τόπου</strong></span> <span class='ocrx_word' id='word_1_147' title='bbox 1242 279 1272 305; x_wconf 87' lang='grc' dir='ltr'><strong>τὸ</strong></span> <span class='ocrx_word' id='word_1_148' title='bbox 1289 279 1407 306; x_wconf 79' lang='grc' dir='ltr'>τοιοῦτον</span> <span class='ocrx_word' id='word_1_149' title='bbox 1426 281 1657 317; x_wconf 78' lang='grc' dir='ltr'>ἁποφανούμεθα’</span> <span class='ocrx_word' id='word_1_150' title='bbox 1675 283 1740 309; x_wconf 76' lang='grc' dir='ltr'>ἀλλὰ</span> <span class='ocrx_word' id='word_1_151' title='bbox 1758 284 1799 318; x_wconf 74' lang='grc' dir='ltr'>τὴν</span> 
     </span>
    </p>
   </div>
   <div class='ocr_carea' id='block_1_22' title="bbox 1022 322 1800 363">
    <p class='ocr_par' dir='ltr' id='par_1_22' title="bbox 1022 322 1800 363">
     <span class='ocr_line' id='line_1_22' title="bbox 1022 322 1800 363; baseline 0.008 -15"><span class='ocrx_word' id='word_1_152' title='bbox 1022 322 1071 357; x_wconf 85' lang='grc' dir='ltr'>μὲν</span> <span class='ocrx_word' id='word_1_153' title='bbox 1087 322 1134 349; x_wconf 87' lang='grc' dir='ltr'><strong>τοῦ</strong></span> <span class='ocrx_word' id='word_1_154' title='bbox 1161 323 1264 357; x_wconf 80' lang='grc' dir='ltr'>φαύλου</span> <span class='ocrx_word' id='word_1_155' title='bbox 1280 325 1326 351; x_wconf 79' lang='grc' dir='ltr'><strong>καὶ</strong></span> <span class='ocrx_word' id='word_1_156' title='bbox 1343 326 1491 361; x_wconf 78' lang='grc' dir='ltr'>κεχυμένον</span> <span class='ocrx_word' id='word_1_157' title='bbox 1513 328 1542 353; x_wconf 83' lang='grc' dir='ltr'><strong>ὲν</strong></span> <span class='ocrx_word' id='word_1_158' title='bbox 1563 328 1595 362; x_wconf 79' lang='grc' dir='ltr'>τῇ</span> <span class='ocrx_word' id='word_1_159' title='bbox 1617 327 1701 362; x_wconf 67' lang='grc' dir='ltr'>κακίᾳ</span> <span class='ocrx_word' id='word_1_160' title='bbox 1722 328 1800 363; x_wconf 67' lang='grc' dir='ltr'>ψυχὴν</span> 
     </span>
    </p>
   </div>
   <div class='ocr_carea' id='block_1_23' title="bbox 1020 369 1799 408">
    <p class='ocr_par' dir='ltr' id='par_1_23' title="bbox 1020 369 1799 408">
     <span class='ocr_line' id='line_1_23' title="bbox 1020 369 1799 408; baseline 0.008 -14"><span class='ocrx_word' id='word_1_161' title='bbox 1020 369 1141 404; x_wconf 76' lang='grc' dir='ltr'>φήσομεν</span> <span class='ocrx_word' id='word_1_162' title='bbox 1162 369 1369 397; x_wconf 80' lang='grc' dir='ltr'><strong>καταλείπεσθαι</strong></span> <span class='ocrx_word' id='word_1_163' title='bbox 1392 371 1444 397; x_wconf 84' lang='grc' dir='ltr'><strong>ὑπὸ</strong></span> <span class='ocrx_word' id='word_1_164' title='bbox 1467 371 1514 398; x_wconf 88' lang='grc' dir='ltr'><strong>τοῦ</strong></span> <span class='ocrx_word' id='word_1_165' title='bbox 1535 372 1619 406; x_wconf 83' lang='grc' dir='ltr'>Θεοῦ,</span> <span class='ocrx_word' id='word_1_166' title='bbox 1641 373 1692 408; x_wconf 82' lang='grc' dir='ltr'>τὴν</span> <span class='ocrx_word' id='word_1_167' title='bbox 1715 374 1742 400; x_wconf 76' lang='grc' dir='ltr'>δὲ</span> <span class='ocrx_word' id='word_1_168' title='bbox 1758 374 1799 400; x_wconf 74' lang='grc' dir='ltr'><strong>τοῦ</strong></span> 
     </span>
    </p>
   </div>
   <div class='ocr_carea' id='block_1_24' title="bbox 1020 413 1796 455">
    <p class='ocr_par' dir='ltr' id='par_1_24' title="bbox 1020 413 1796 455">
     <span class='ocr_line' id='line_1_24' title="bbox 1020 413 1796 455; baseline 0.008 -15"><span class='ocrx_word' id='word_1_169' title='bbox 1020 413 1180 449; x_wconf 76' lang='grc' dir='ltr'><strong>βουλομένου</strong></span> <span class='ocrx_word' id='word_1_170' title='bbox 1197 414 1245 450; x_wconf 79' lang='grc' dir='ltr'><strong>ζῇν</strong></span> <span class='ocrx_word' id='word_1_171' title='bbox 1262 417 1322 442; x_wconf 77' lang='grc' dir='ltr'>κατ’</span> <span class='ocrx_word' id='word_1_172' title='bbox 1335 416 1446 452; x_wconf 77' lang='grc' dir='ltr'>ἀρετὴν,</span> <span class='ocrx_word' id='word_1_173' title='bbox 1461 418 1476 452; x_wconf 87' lang='grc' dir='ltr'>ἦ</span> <span class='ocrx_word' id='word_1_174' title='bbox 1496 418 1542 444; x_wconf 72' lang='grc' dir='ltr'><strong>καὶ</strong></span> <span class='ocrx_word' id='word_1_175' title='bbox 1559 418 1765 454; x_wconf 82' lang='grc' dir='ltr'>προκόπτοντος,</span> <span class='ocrx_word' id='word_1_176' title='bbox 1782 419 1796 455; x_wconf 77' lang='grc' dir='ltr'>ἢ</span> 
     </span>
    </p>
   </div>
   <div class='ocr_carea' id='block_1_25' title="bbox 1019 459 1797 500">
    <p class='ocr_par' dir='ltr' id='par_1_25' title="bbox 1019 459 1797 500">
     <span class='ocr_line' id='line_1_25' title="bbox 1019 459 1797 500; baseline 0.009 -15"><span class='ocrx_word' id='word_1_177' title='bbox 1019 460 1065 486; x_wconf 76' lang='grc' dir='ltr'><strong>καὶ</strong></span> <span class='ocrx_word' id='word_1_178' title='bbox 1076 460 1125 495; x_wconf 76' lang='grc' dir='ltr'>ἤδη</span> <span class='ocrx_word' id='word_1_179' title='bbox 1143 459 1242 493; x_wconf 82' lang='grc' dir='ltr'>ζῶντος</span> <span class='ocrx_word' id='word_1_180' title='bbox 1257 462 1316 488; x_wconf 73' lang='grc' dir='ltr'>κατ’</span> <span class='ocrx_word' id='word_1_181' title='bbox 1333 463 1426 497; x_wconf 79' lang='grc' dir='ltr'>αὐτὴν,</span> <span class='ocrx_word' id='word_1_182' title='bbox 1442 464 1657 499; x_wconf 68' lang='grc' dir='ltr'>ἀποφανούμεθα</span> <span class='ocrx_word' id='word_1_183' title='bbox 1671 465 1723 500; x_wconf 80' lang='grc'>(55)</span> <span class='ocrx_word' id='word_1_184' title='bbox 1736 465 1797 500; x_wconf 78' lang='grc' dir='ltr'>πλη-</span> 
     </span>
    </p>
   </div>
   <div class='ocr_carea' id='block_1_26' title="bbox 1019 505 1796 546">
    <p class='ocr_par' dir='ltr' id='par_1_26' title="bbox 1019 505 1796 546">
     <span class='ocr_line' id='line_1_26' title="bbox 1019 505 1796 546; baseline 0.009 -15"><span class='ocrx_word' id='word_1_185' title='bbox 1019 505 1140 542; x_wconf 80' lang='grc' dir='ltr'>ροῦσθαι,</span> <span class='ocrx_word' id='word_1_186' title='bbox 1159 506 1175 542; x_wconf 83' lang='grc' dir='ltr'><strong>ἢ</strong></span> <span class='ocrx_word' id='word_1_187' title='bbox 1196 507 1319 543; x_wconf 81' lang='grc' dir='ltr'><strong>μετέχειν</strong></span> <span class='ocrx_word' id='word_1_188' title='bbox 1336 507 1407 535; x_wconf 83' lang='grc' dir='ltr'>θείου</span> <span class='ocrx_word' id='word_1_189' title='bbox 1422 508 1590 544; x_wconf 81' lang='grc' dir='ltr'>Πνεύματος.</span> <span class='ocrx_word' id='word_1_190' title='bbox 1607 510 1646 537; x_wconf 73' lang='grc' dir='ltr'><strong>Οὐ</strong></span> <span class='ocrx_word' id='word_1_191' title='bbox 1666 511 1740 546; x_wconf 81' lang='grc' dir='ltr'>χρεία</span> <span class='ocrx_word' id='word_1_192' title='bbox 1757 508 1796 538; x_wconf 68' lang='grc' dir='ltr'><strong>οὖν</strong></span> 
     </span>
    </p>
   </div>
   <div class='ocr_carea' id='block_1_27' title="bbox 1017 551 1796 592">
    <p class='ocr_par' dir='ltr' id='par_1_27' title="bbox 1017 551 1796 592">
     <span class='ocr_line' id='line_1_27' title="bbox 1017 551 1796 592; baseline 0.008 -15"><span class='ocrx_word' id='word_1_193' title='bbox 1017 551 1057 583; x_wconf 88' lang='grc' dir='ltr'>εἰς</span> <span class='ocrx_word' id='word_1_194' title='bbox 1073 552 1122 587; x_wconf 81' lang='grc' dir='ltr'><strong>τὴν</strong></span> <span class='ocrx_word' id='word_1_195' title='bbox 1147 552 1198 578; x_wconf 80' lang='grc' dir='ltr'>τοῦ</span> <span class='ocrx_word' id='word_1_196' title='bbox 1219 552 1338 588; x_wconf 77' lang='grc' dir='ltr'><strong>Χριστοῦ</strong></span> <span class='ocrx_word' id='word_1_197' title='bbox 1363 554 1484 586; x_wconf 77' lang='grc' dir='ltr'>κάθοδον,</span> <span class='ocrx_word' id='word_1_198' title='bbox 1508 555 1524 590; x_wconf 87' lang='grc' dir='ltr'><strong>ῆ</strong></span> <span class='ocrx_word' id='word_1_199' title='bbox 1541 556 1581 587; x_wconf 85' lang='grc' dir='ltr'><strong>είς</strong></span> <span class='ocrx_word' id='word_1_200' title='bbox 1609 556 1660 591; x_wconf 77' lang='grc' dir='ltr'><strong>τὴν</strong></span> <span class='ocrx_word' id='word_1_201' title='bbox 1676 557 1741 592; x_wconf 76' lang='grc' dir='ltr'>πρὸς</span> <span class='ocrx_word' id='word_1_202' title='bbox 1754 558 1796 583; x_wconf 81' lang='grc' dir='ltr'>ἀν-</span> 
     </span>
    </p>
   </div>
   <div class='ocr_carea' id='block_1_28' title="bbox 1017 596 1796 638">
    <p class='ocr_par' dir='ltr' id='par_1_28' title="bbox 1017 596 1796 638">
     <span class='ocr_line' id='line_1_28' title="bbox 1017 596 1796 638; baseline 0.008 -15"><span class='ocrx_word' id='word_1_203' title='bbox 1017 596 1141 632; x_wconf 85' lang='grc' dir='ltr'>θρώπους</span> <span class='ocrx_word' id='word_1_204' title='bbox 1157 598 1322 633; x_wconf 78' lang='grc' dir='ltr'>ἐπιστροφὴν</span> <span class='ocrx_word' id='word_1_205' title='bbox 1337 599 1383 625; x_wconf 91' lang='grc' dir='ltr'><strong>τοῦ</strong></span> <span class='ocrx_word' id='word_1_206' title='bbox 1406 599 1482 632; x_wconf 83' lang='grc' dir='ltr'><strong>Θεοῦ,</strong></span> <span class='ocrx_word' id='word_1_207' title='bbox 1500 601 1710 628; x_wconf 68' lang='grc' dir='ltr'><strong>καταλείπεσθαι</strong></span> <span class='ocrx_word' id='word_1_208' title='bbox 1725 603 1796 638; x_wconf 76' lang='grc' dir='ltr'>ἕδραν</span> 
     </span>
    </p>
   </div>
   <div class='ocr_carea' id='block_1_29' title="bbox 1017 639 1796 680">
    <p class='ocr_par' dir='ltr' id='par_1_29' title="bbox 1017 639 1796 680">
     <span class='ocr_line' id='line_1_29' title="bbox 1017 639 1796 680; baseline 0.01 -15"><span class='ocrx_word' id='word_1_209' title='bbox 1017 639 1138 674; x_wconf 81' lang='grc' dir='ltr'>μείζονα,</span> <span class='ocrx_word' id='word_1_210' title='bbox 1161 641 1209 667; x_wconf 83' lang='grc' dir='ltr'>καὶ</span> <span class='ocrx_word' id='word_1_211' title='bbox 1234 642 1447 676; x_wconf 87' lang='grc' dir='ltr'>μεταϐάλλεσθαι</span> <span class='ocrx_word' id='word_1_212' title='bbox 1468 644 1502 670; x_wconf 77' lang='grc' dir='ltr'>τὰ</span> <span class='ocrx_word' id='word_1_213' title='bbox 1517 645 1590 680; x_wconf 86' lang='grc' dir='ltr'>τῇδε,</span> <span class='ocrx_word' id='word_1_214' title='bbox 1609 646 1647 677; x_wconf 82' lang='grc' dir='ltr'><strong>ὡς</strong></span> <span class='ocrx_word' id='word_1_215' title='bbox 1668 647 1682 672; x_wconf 76' lang='grc' dir='ltr'><strong><em>ὁ</em></strong></span> <span class='ocrx_word' id='word_1_216' title='bbox 1703 647 1796 680; x_wconf 82' lang='grc' dir='ltr'>Κέλσος</span> 
     </span>
    </p>
   </div>
   <div class='ocr_carea' id='block_1_30' title="bbox 1015 685 1795 728">
    <p class='ocr_par' dir='ltr' id='par_1_30' title="bbox 1015 685 1795 728">
     <span class='ocr_line' id='line_1_30' title="bbox 1015 685 1795 728; baseline 0.012 -17"><span class='ocrx_word' id='word_1_217' title='bbox 1015 685 1100 712; x_wconf 75' lang='grc' dir='ltr'>οἴεται</span> <span class='ocrx_word' id='word_1_218' title='bbox 1109 686 1194 720; x_wconf 82' lang='grc' dir='ltr'>λέγων</span> <span class='ocrx_word' id='word_1_219' title='bbox 1204 695 1211 702; x_wconf 93' lang='grc'><strong>·</strong></span> <span class='ocrx_word' id='word_1_220' title='bbox 1228 696 1237 713; x_wconf 73' lang='grc' dir='ltr'><strong>ι</strong></span> <span class='ocrx_word' id='word_1_221' title='bbox 1247 688 1278 714; x_wconf 86' lang='grc' dir='ltr'><strong>Εἰ</strong></span> <span class='ocrx_word' id='word_1_222' title='bbox 1289 688 1380 724; x_wconf 56' lang='grc' dir='ltr'>γὰρέν</span> <span class='ocrx_word' id='word_1_223' title='bbox 1395 698 1420 715; x_wconf 91' lang='grc' dir='ltr'><strong>τι</strong></span> <span class='ocrx_word' id='word_1_224' title='bbox 1434 690 1485 716; x_wconf 87' lang='grc' dir='ltr'>τῶν</span> <span class='ocrx_word' id='word_1_225' title='bbox 1494 690 1555 725; x_wconf 80' lang='grc' dir='ltr'>τῇδε</span> <span class='ocrx_word' id='word_1_226' title='bbox 1566 691 1619 727; x_wconf 78' lang='grc'><strong>(56)</strong></span> <span class='ocrx_word' id='word_1_227' title='bbox 1632 692 1795 728; x_wconf 74' lang='grc' dir='ltr'>τούλάχιστον</span> 
     </span>
    </p>
   </div>
   <div class='ocr_carea' id='block_1_31' title="bbox 1016 732 1794 772">
    <p class='ocr_par' dir='ltr' id='par_1_31' title="bbox 1016 732 1794 772">
     <span class='ocr_line' id='line_1_31' title="bbox 1016 732 1794 772; baseline 0.014 -15"><span class='ocrx_word' id='word_1_228' title='bbox 1016 732 1189 767; x_wconf 82' lang='grc' dir='ltr'>μεταϐάλοις,</span> <span class='ocrx_word' id='word_1_229' title='bbox 1206 733 1397 769; x_wconf 76' lang='grc' dir='ltr'><strong>ἀνατραπέντα</strong></span> <span class='ocrx_word' id='word_1_230' title='bbox 1412 736 1550 772; x_wconf 70' lang='grc' dir='ltr'>οἰχήσεταί</span> <span class='ocrx_word' id='word_1_231' title='bbox 1567 746 1608 764; x_wconf 83' lang='grc' dir='ltr'>σοι</span> <span class='ocrx_word' id='word_1_232' title='bbox 1624 738 1657 765; x_wconf 85' lang='grc' dir='ltr'><strong>τά</strong></span> <span class='ocrx_word' id='word_1_233' title='bbox 1674 739 1768 768; x_wconf 82' lang='grc' dir='ltr'>πάντα.</span> <span class='ocrx_word' id='word_1_234' title='bbox 1785 751 1794 768; x_wconf 74' lang='grc' dir='ltr'>ι</span> 
     </span>
    </p>
   </div>
   <div class='ocr_carea' id='block_1_32' title="bbox 1014 777 1797 820">
    <p class='ocr_par' dir='ltr' id='par_1_32' title="bbox 1014 777 1797 820">
     <span class='ocr_line' id='line_1_32' title="bbox 1014 777 1797 820; baseline 0.014 -19"><span class='ocrx_word' id='word_1_235' title='bbox 1014 777 1045 820; x_wconf 50' lang='lat' dir='ltr'><strong>lit</strong></span> <span class='ocrx_word' id='word_1_236' title='bbox 1067 777 1095 820; x_wconf 74' lang='grc' dir='ltr'>δὲ</span> <span class='ocrx_word' id='word_1_237' title='bbox 1118 777 1171 813; x_wconf 86' lang='grc' dir='ltr'>χρὴ</span> <span class='ocrx_word' id='word_1_238' title='bbox 1195 778 1284 811; x_wconf 79' lang='grc' dir='ltr'>λέγειν</span> <span class='ocrx_word' id='word_1_239' title='bbox 1309 780 1485 814; x_wconf 77' lang='grc' dir='ltr'>μεταϐάλλειν</span> <span class='ocrx_word' id='word_1_240' title='bbox 1502 783 1639 818; x_wconf 79' lang='grc' dir='ltr'><strong>παρουσίᾳ</strong></span> <span class='ocrx_word' id='word_1_241' title='bbox 1663 783 1797 820; x_wconf 80' lang='grc' dir='ltr'>δυνάμεως</span> 
     </span>
    </p>
   </div>
   <div class='ocr_carea' id='block_1_33' title="bbox 1014 818 1797 864">
    <p class='ocr_par' dir='ltr' id='par_1_33' title="bbox 1014 818 1797 864">
     <span class='ocr_line' id='line_1_33' title="bbox 1014 818 1797 864; baseline 0.015 -20"><span class='ocrx_word' id='word_1_242' title='bbox 1014 818 1080 845; x_wconf 82' lang='grc' dir='ltr'><strong>Θεοῦ</strong></span> <span class='ocrx_word' id='word_1_243' title='bbox 1097 820 1144 846; x_wconf 79' lang='grc' dir='ltr'>καὶ</span> <span class='ocrx_word' id='word_1_244' title='bbox 1162 821 1292 857; x_wconf 76' lang='grc' dir='ltr'><strong>ἐπιδημίᾳ</strong></span> <span class='ocrx_word' id='word_1_245' title='bbox 1307 823 1353 849; x_wconf 87' lang='grc' dir='ltr'><strong>τοῦ</strong></span> <span class='ocrx_word' id='word_1_246' title='bbox 1370 823 1456 858; x_wconf 88' lang='grc' dir='ltr'>Λόγου</span> <span class='ocrx_word' id='word_1_247' title='bbox 1480 825 1520 857; x_wconf 83' lang='grc' dir='ltr'>εἰς</span> <span class='ocrx_word' id='word_1_248' title='bbox 1546 826 1705 862; x_wconf 77' lang='grc' dir='ltr'><strong>ἀνθρώπους</strong></span> <span class='ocrx_word' id='word_1_249' title='bbox 1730 818 1797 864; x_wconf 69' lang='grc' dir='ltr'>τινὰ,</span> 
     </span>
    </p>
   </div>
   <div class='ocr_carea' id='block_1_34' title="bbox 178 854 939 908">
    <p class='ocr_par' dir='ltr' id='par_1_34' title="bbox 178 864 939 900">
     <span class='ocr_line' id='line_1_34' title="bbox 178 864 939 900; baseline 0.001 -10"><span class='ocrx_word' id='word_1_250' title='bbox 178 864 260 893; x_wconf 74' lang='lat' dir='ltr'><strong>Verbi</strong></span> <span class='ocrx_word' id='word_1_251' title='bbox 277 865 347 892; x_wconf 91' lang='lat' dir='ltr'><strong>inter</strong></span> <span class='ocrx_word' id='word_1_252' title='bbox 360 865 484 892; x_wconf 86' lang='lat' dir='ltr'><strong>homines</strong></span> <span class='ocrx_word' id='word_1_253' title='bbox 499 865 645 892; x_wconf 80' lang='lat' dir='ltr'><strong>adventum</strong></span> <span class='ocrx_word' id='word_1_254' title='bbox 659 864 711 892; x_wconf 88' lang='lat' dir='ltr'><strong>dici</strong></span> <span class='ocrx_word' id='word_1_255' title='bbox 730 869 861 892; x_wconf 85' lang='lat' dir='ltr'><strong>mutatum</strong></span> <span class='ocrx_word' id='word_1_256' title='bbox 881 873 939 900; x_wconf 62' lang='lat' dir='ltr'><strong>opor</strong></span> 
     </span>
    </p>
   </div>
   <div class='ocr_carea' id='block_1_35' title="bbox 1027 854 1798 908">
    <p class='ocr_par' dir='ltr' id='par_1_35' title="bbox 1027 854 1798 908">
     <span class='ocr_line' id='line_1_35' title="bbox 1027 854 1798 908; baseline 0.016 -18"><span class='ocrx_word' id='word_1_257' title='bbox 1027 864 1065 891; x_wconf 68' lang='grc' dir='ltr'>ιῦκ</span> <span class='ocrx_word' id='word_1_258' title='bbox 1091 854 1248 901; x_wconf 72' lang='grc' dir='ltr'>ὁκνήσομεν</span> <span class='ocrx_word' id='word_1_259' title='bbox 1272 854 1361 902; x_wconf 77' lang='grc' dir='ltr'>λέγειν</span> <span class='ocrx_word' id='word_1_260' title='bbox 1380 854 1558 904; x_wconf 67' lang='grc' dir='ltr'>μεταϐάλλειν</span> <span class='ocrx_word' id='word_1_261' title='bbox 1582 854 1614 899; x_wconf 64' lang='grc' dir='ltr'>ὲκ</span> <span class='ocrx_word' id='word_1_262' title='bbox 1636 854 1798 908; x_wconf 34' lang='grc' dir='ltr'>φαύλου-εξ</span> 
     </span>
    </p>
   </div>
   <div class='ocr_carea' id='block_1_36' title="bbox 179 910 963 943">
    <p class='ocr_par' dir='ltr' id='par_1_36' title="bbox 179 910 963 943">
     <span class='ocr_line' id='line_1_36' title="bbox 179 910 963 943; baseline 0.001 -6"><span class='ocrx_word' id='word_1_263' title='bbox 179 915 247 942; x_wconf 71' lang='lat' dir='ltr'><strong>teat,</strong></span> <span class='ocrx_word' id='word_1_264' title='bbox 262 911 352 938; x_wconf 88' lang='lat' dir='ltr'><strong>dicere</strong></span> <span class='ocrx_word' id='word_1_265' title='bbox 367 917 421 937; x_wconf 90' lang='lat' dir='ltr'><strong>non</strong></span> <span class='ocrx_word' id='word_1_266' title='bbox 446 910 602 938; x_wconf 89' lang='lat' dir='ltr'><strong>verebimur</strong></span> <span class='ocrx_word' id='word_1_267' title='bbox 620 918 635 938; x_wconf 90' lang='lat' dir='ltr'><strong>e</strong></span> <span class='ocrx_word' id='word_1_268' title='bbox 660 911 729 938; x_wconf 90' lang='lat' dir='ltr'><strong>bono</strong></span> <span class='ocrx_word' id='word_1_269' title='bbox 753 911 779 938; x_wconf 91' lang='lat' dir='ltr'><strong>in</strong></span> <span class='ocrx_word' id='word_1_270' title='bbox 803 911 912 943; x_wconf 91' lang='lat' dir='ltr'><strong>malum,</strong></span> <span class='ocrx_word' id='word_1_271' title='bbox 929 919 963 938; x_wconf 78' lang='lat' dir='ltr'><strong>ex</strong></span> 
     </span>
    </p>
   </div>
   <div class='ocr_carea' id='block_1_37' title="bbox 179 956 962 991">
    <p class='ocr_par' dir='ltr' id='par_1_37' title="bbox 179 956 962 991">
     <span class='ocr_line' id='line_1_37' title="bbox 179 956 962 991; baseline -0.001 -8"><span class='ocrx_word' id='word_1_272' title='bbox 179 956 323 983; x_wconf 88' lang='lat' dir='ltr'><strong>libidinoso</strong></span> <span class='ocrx_word' id='word_1_273' title='bbox 340 956 366 982; x_wconf 95' lang='lat' dir='ltr'><strong>in</strong></span> <span class='ocrx_word' id='word_1_274' title='bbox 385 960 593 990; x_wconf 81' lang='lat' dir='ltr'><strong>temperantem,</strong></span> <span class='ocrx_word' id='word_1_275' title='bbox 611 963 627 982; x_wconf 90' lang='lat' dir='ltr'><strong>e</strong></span> <span class='ocrx_word' id='word_1_276' title='bbox 645 956 833 991; x_wconf 86' lang='lat' dir='ltr'><strong>superstitioso</strong></span> <span class='ocrx_word' id='word_1_277' title='bbox 850 956 875 983; x_wconf 91' lang='lat' dir='ltr'><strong>in</strong></span> <span class='ocrx_word' id='word_1_278' title='bbox 888 956 962 990; x_wconf 91' lang='lat' dir='ltr'><strong>pium</strong></span> 
     </span>
    </p>
   </div>
   <div class='ocr_carea' id='block_1_38' title="bbox 178 1001 961 1037">
    <p class='ocr_par' dir='ltr' id='par_1_38' title="bbox 178 1001 961 1037">
     <span class='ocr_line' id='line_1_38' title="bbox 178 1001 961 1037; baseline -0.001 -7"><span class='ocrx_word' id='word_1_279' title='bbox 178 1003 289 1035; x_wconf 84' lang='lat' dir='ltr'><strong>mulari,</strong></span> <span class='ocrx_word' id='word_1_280' title='bbox 307 1003 461 1037; x_wconf 87' lang='lat' dir='ltr'><strong>quicunque</strong></span> <span class='ocrx_word' id='word_1_281' title='bbox 478 1001 525 1029; x_wconf 88' lang='lat' dir='ltr'><strong>Dei</strong></span> <span class='ocrx_word' id='word_1_282' title='bbox 550 1001 668 1030; x_wconf 85' lang='lat' dir='ltr'><strong>Verbum</strong></span> <span class='ocrx_word' id='word_1_283' title='bbox 693 1002 720 1029; x_wconf 94' lang='lat' dir='ltr'><strong>in</strong></span> <span class='ocrx_word' id='word_1_284' title='bbox 745 1009 820 1029; x_wconf 87' lang='lat' dir='ltr'><strong>suam</strong></span> <span class='ocrx_word' id='word_1_285' title='bbox 844 1002 961 1030; x_wconf 88' lang='lat' dir='ltr'><strong>animam</strong></span> 
     </span>
    </p>
   </div>
   <div class='ocr_carea' id='block_1_39' title="bbox 176 1048 412 1082">
    <p class='ocr_par' dir='ltr' id='par_1_39' title="bbox 176 1048 412 1082">
     <span class='ocr_line' id='line_1_39' title="bbox 176 1048 412 1082; baseline -0.008 -6"><span class='ocrx_word' id='word_1_286' title='bbox 176 1049 289 1076; x_wconf 84' lang='lat' dir='ltr'><strong>veniens</strong></span> <span class='ocrx_word' id='word_1_287' title='bbox 303 1048 412 1082; x_wconf 86' lang='lat' dir='ltr'><strong>recepit.</strong></span> 
     </span>
    </p>
   </div>
   <div class='ocr_carea' id='block_1_40' title="bbox 212 1092 961 1128">
    <p class='ocr_par' dir='ltr' id='par_1_40' title="bbox 212 1092 961 1128">
     <span class='ocr_line' id='line_1_40' title="bbox 212 1092 961 1128; baseline -0.001 -6"><span class='ocrx_word' id='word_1_288' title='bbox 212 1095 240 1122; x_wconf 80' lang='lat'><strong>6.</strong></span> <span class='ocrx_word' id='word_1_289' title='bbox 260 1093 319 1121; x_wconf 85' lang='lat' dir='ltr'><strong>Jam</strong></span> <span class='ocrx_word' id='word_1_290' title='bbox 344 1093 366 1121; x_wconf 91' lang='lat' dir='ltr'><strong>si</strong></span> <span class='ocrx_word' id='word_1_291' title='bbox 382 1092 502 1128; x_wconf 89' lang='lat' dir='ltr'><strong>postules</strong></span> <span class='ocrx_word' id='word_1_292' title='bbox 526 1097 554 1120; x_wconf 93' lang='lat' dir='ltr'><strong>ut</strong></span> <span class='ocrx_word' id='word_1_293' title='bbox 569 1093 651 1120; x_wconf 87' lang='lat' dir='ltr'><strong>etiam</strong></span> <span class='ocrx_word' id='word_1_294' title='bbox 676 1093 709 1121; x_wconf 90' lang='lat' dir='ltr'><strong>iis</strong></span> <span class='ocrx_word' id='word_1_295' title='bbox 732 1100 884 1126; x_wconf 84' lang='lat' dir='ltr'><strong>occurram,</strong></span> <span class='ocrx_word' id='word_1_296' title='bbox 901 1101 961 1128; x_wconf 63' lang='lat' dir='ltr'><strong>quae</strong></span> 
     </span>
    </p>
   </div>
   <div class='ocr_carea' id='block_1_41' title="bbox 175 1139 961 1171">
    <p class='ocr_par' dir='ltr' id='par_1_41' title="bbox 175 1139 961 1171">
     <span class='ocr_line' id='line_1_41' title="bbox 175 1139 961 1171; baseline -0.001 -4"><span class='ocrx_word' id='word_1_297' title='bbox 175 1141 294 1167; x_wconf 77' lang='lat' dir='ltr'><strong>maxime</strong></span> <span class='ocrx_word' id='word_1_298' title='bbox 313 1139 427 1167; x_wconf 86' lang='lat' dir='ltr'><strong>ridicula</strong></span> <span class='ocrx_word' id='word_1_299' title='bbox 449 1143 522 1171; x_wconf 89' lang='lat' dir='ltr'><strong>sunt,</strong></span> <span class='ocrx_word' id='word_1_300' title='bbox 546 1140 608 1167; x_wconf 86' lang='lat' dir='ltr'><strong>audi</strong></span> <span class='ocrx_word' id='word_1_301' title='bbox 625 1139 732 1168; x_wconf 83' lang='lat' dir='ltr'><strong>Celsmn</strong></span> <span class='ocrx_word' id='word_1_302' title='bbox 749 1149 756 1167; x_wconf 89' lang='lat'>:</span> <span class='ocrx_word' id='word_1_303' title='bbox 777 1148 787 1165; x_wconf 73' lang='grc' dir='ltr'><strong>ι</strong></span> <span class='ocrx_word' id='word_1_304' title='bbox 807 1139 877 1167; x_wconf 87' lang='lat' dir='ltr'><strong>Deus</strong></span> <span class='ocrx_word' id='word_1_305' title='bbox 892 1139 961 1167; x_wconf 87' lang='lat' dir='ltr'><strong>forte</strong></span> 
     </span>
    </p>
   </div>
   <div class='ocr_carea' id='block_1_42' title="bbox 175 1185 958 1220">
    <p class='ocr_par' dir='ltr' id='par_1_42' title="bbox 175 1185 958 1220">
     <span class='ocr_line' id='line_1_42' title="bbox 175 1185 958 1220; baseline -0.001 -8"><span class='ocrx_word' id='word_1_306' title='bbox 175 1185 330 1213; x_wconf 80' lang='lat' dir='ltr'><strong>hominibus</strong></span> <span class='ocrx_word' id='word_1_307' title='bbox 360 1185 486 1220; x_wconf 86' lang='lat' dir='ltr'><strong>ignotus,</strong></span> <span class='ocrx_word' id='word_1_308' title='bbox 512 1189 540 1212; x_wconf 87' lang='lat' dir='ltr'><strong>et</strong></span> <span class='ocrx_word' id='word_1_309' title='bbox 568 1190 711 1220; x_wconf 81' lang='lat' dir='ltr'><strong>propterea</strong></span> <span class='ocrx_word' id='word_1_310' title='bbox 737 1185 789 1213; x_wconf 89' lang='lat' dir='ltr'><strong>sibi</strong></span> <span class='ocrx_word' id='word_1_311' title='bbox 822 1185 958 1219; x_wconf 83' lang='lat' dir='ltr'><strong>quidpiam</strong></span> 
     </span>
    </p>
   </div>
   <div class='ocr_carea' id='block_1_43' title="bbox 176 1230 960 1266">
    <p class='ocr_par' dir='ltr' id='par_1_43' title="bbox 176 1230 960 1266">
     <span class='ocr_line' id='line_1_43' title="bbox 176 1230 960 1266; baseline -0.003 -7"><span class='ocrx_word' id='word_1_312' title='bbox 176 1232 270 1260; x_wconf 85' lang='lat' dir='ltr'><strong>deesse</strong></span> <span class='ocrx_word' id='word_1_313' title='bbox 283 1231 440 1263; x_wconf 86' lang='lat' dir='ltr'><strong>arbitratus,</strong></span> <span class='ocrx_word' id='word_1_314' title='bbox 458 1231 583 1266; x_wconf 79' lang='lat' dir='ltr'><strong>cognosci</strong></span> <span class='ocrx_word' id='word_1_315' title='bbox 599 1231 634 1259; x_wconf 90' lang='lat' dir='ltr'><strong>ab</strong></span> <span class='ocrx_word' id='word_1_316' title='bbox 647 1231 700 1259; x_wconf 89' lang='lat' dir='ltr'><strong>illis</strong></span> <span class='ocrx_word' id='word_1_317' title='bbox 715 1231 799 1258; x_wconf 88' lang='lat' dir='ltr'><strong>voluit</strong></span> <span class='ocrx_word' id='word_1_318' title='bbox 819 1236 847 1258; x_wconf 88' lang='lat' dir='ltr'><strong>et</strong></span> <span class='ocrx_word' id='word_1_319' title='bbox 867 1230 960 1265; x_wconf 82' lang='lat' dir='ltr'><strong>explo-</strong></span> 
     </span>
    </p>
   </div>
   <div class='ocr_carea' id='block_1_44' title="bbox 173 1276 958 1312">
    <p class='ocr_par' dir='ltr' id='par_1_44' title="bbox 173 1276 958 1312">
     <span class='ocr_line' id='line_1_44' title="bbox 173 1276 958 1312; baseline -0.003 -7"><span class='ocrx_word' id='word_1_320' title='bbox 173 1285 236 1305; x_wconf 84' lang='lat' dir='ltr'><strong>rare</strong></span> <span class='ocrx_word' id='word_1_321' title='bbox 256 1277 301 1312; x_wconf 88' lang='lat' dir='ltr'><strong>qui</strong></span> <span class='ocrx_word' id='word_1_322' title='bbox 317 1277 471 1309; x_wconf 86' lang='lat' dir='ltr'><strong>crederent,</strong></span> <span class='ocrx_word' id='word_1_323' title='bbox 487 1277 532 1311; x_wconf 91' lang='lat' dir='ltr'><strong>qui</strong></span> <span class='ocrx_word' id='word_1_324' title='bbox 548 1281 639 1304; x_wconf 89' lang='lat' dir='ltr'><strong>essent</strong></span> <span class='ocrx_word' id='word_1_325' title='bbox 656 1276 800 1304; x_wconf 89' lang='lat' dir='ltr'><strong>increduli.</strong></span> <span class='ocrx_word' id='word_1_326' title='bbox 818 1276 894 1303; x_wconf 83' lang='lat' dir='ltr'><strong>Haud</strong></span> <span class='ocrx_word' id='word_1_327' title='bbox 915 1283 958 1303; x_wconf 91' lang='lat' dir='ltr'><strong>se-</strong></span> 
     </span>
    </p>
   </div>
   <div class='ocr_carea' id='block_1_45' title="bbox 173 1321 956 1357">
    <p class='ocr_par' dir='ltr' id='par_1_45' title="bbox 173 1321 956 1357">
     <span class='ocr_line' id='line_1_45' title="bbox 173 1321 956 1357; baseline -0.003 -7"><span class='ocrx_word' id='word_1_328' title='bbox 173 1331 221 1350; x_wconf 87' lang='lat' dir='ltr'><strong>cus</strong></span> <span class='ocrx_word' id='word_1_329' title='bbox 237 1331 268 1350; x_wconf 87' lang='lat' dir='ltr'><strong>ac</strong></span> <span class='ocrx_word' id='word_1_330' title='bbox 289 1323 318 1354; x_wconf 94' lang='lat' dir='ltr'><strong>ii,</strong></span> <span class='ocrx_word' id='word_1_331' title='bbox 332 1322 377 1357; x_wconf 90' lang='lat' dir='ltr'><strong>qui</strong></span> <span class='ocrx_word' id='word_1_332' title='bbox 398 1321 470 1349; x_wconf 86' lang='lat' dir='ltr'><strong>inter</strong></span> <span class='ocrx_word' id='word_1_333' title='bbox 485 1323 608 1350; x_wconf 88' lang='lat' dir='ltr'><strong>homines</strong></span> <span class='ocrx_word' id='word_1_334' title='bbox 630 1322 733 1356; x_wconf 90' lang='lat' dir='ltr'><strong>amplas</strong></span> <span class='ocrx_word' id='word_1_335' title='bbox 753 1328 847 1349; x_wconf 88' lang='lat' dir='ltr'><strong>recens</strong></span> <span class='ocrx_word' id='word_1_336' title='bbox 867 1321 956 1355; x_wconf 84' lang='lat' dir='ltr'><strong>adepti</strong></span> 
     </span>
    </p>
   </div>
   <div class='ocr_carea' id='block_1_46' title="bbox 172 1364 958 1401">
    <p class='ocr_par' dir='ltr' id='par_1_46' title="bbox 172 1364 958 1401">
     <span class='ocr_line' id='line_1_46' title="bbox 172 1364 958 1401; baseline -0.005 -5"><span class='ocrx_word' id='word_1_337' title='bbox 172 1375 236 1397; x_wconf 89' lang='lat' dir='ltr'><strong>sunt</strong></span> <span class='ocrx_word' id='word_1_338' title='bbox 260 1369 413 1401; x_wconf 80' lang='lat' dir='ltr'><strong>facultates,</strong></span> <span class='ocrx_word' id='word_1_339' title='bbox 436 1372 575 1396; x_wconf 86' lang='lat' dir='ltr'><strong>ostentare</strong></span> <span class='ocrx_word' id='word_1_340' title='bbox 591 1368 652 1395; x_wconf 85' lang='lat' dir='ltr'><strong>illas</strong></span> <span class='ocrx_word' id='word_1_341' title='bbox 675 1367 774 1399; x_wconf 82' lang='lat' dir='ltr'><strong>solent,</strong></span> <span class='ocrx_word' id='word_1_342' title='bbox 793 1367 886 1401; x_wconf 87' lang='lat' dir='ltr'><strong>sicque</strong></span> <span class='ocrx_word' id='word_1_343' title='bbox 909 1364 958 1392; x_wconf 87' lang='lat' dir='ltr'><strong>ad-</strong></span> 
     </span>
    </p>
   </div>
   <div class='ocr_carea' id='block_1_47' title="bbox 171 1412 956 1446">
    <p class='ocr_par' dir='ltr' id='par_1_47' title="bbox 171 1412 956 1446">
     <span class='ocr_line' id='line_1_47' title="bbox 171 1412 956 1446; baseline -0.005 -4"><span class='ocrx_word' id='word_1_344' title='bbox 171 1423 267 1443; x_wconf 86' lang='lat' dir='ltr'><strong>versus</strong></span> <span class='ocrx_word' id='word_1_345' title='bbox 291 1416 373 1442; x_wconf 90' lang='lat' dir='ltr'><strong>Deum</strong></span> <span class='ocrx_word' id='word_1_346' title='bbox 399 1414 594 1446; x_wconf 79' lang='lat' dir='ltr'><strong>testificantur,</strong></span> <span class='ocrx_word' id='word_1_347' title='bbox 619 1413 694 1441; x_wconf 91' lang='lat' dir='ltr'><strong>illum</strong></span> <span class='ocrx_word' id='word_1_348' title='bbox 718 1413 798 1440; x_wconf 90' lang='lat' dir='ltr'><strong>valde</strong></span> <span class='ocrx_word' id='word_1_349' title='bbox 825 1412 956 1440; x_wconf 86' lang='lat' dir='ltr'><strong>delectari</strong></span> 
     </span>
    </p>
   </div>
   <div class='ocr_carea' id='block_1_48' title="bbox 171 1457 955 1496">
    <p class='ocr_par' dir='ltr' id='par_1_48' title="bbox 171 1457 955 1496">
     <span class='ocr_line' id='line_1_48' title="bbox 171 1457 955 1496; baseline -0.003 -8"><span class='ocrx_word' id='word_1_350' title='bbox 171 1461 279 1490; x_wconf 86' lang='lat' dir='ltr'><strong>mortali</strong></span> <span class='ocrx_word' id='word_1_351' title='bbox 298 1461 395 1496; x_wconf 81' lang='lat' dir='ltr'><strong>gloria.</strong></span> <span class='ocrx_word' id='word_1_352' title='bbox 425 1469 434 1486; x_wconf 82' lang='grc'><strong>›</strong></span> <span class='ocrx_word' id='word_1_353' title='bbox 451 1460 583 1494; x_wconf 76' lang='lat' dir='ltr'><strong>Equidem</strong></span> <span class='ocrx_word' id='word_1_354' title='bbox 608 1459 695 1486; x_wconf 86' lang='lat' dir='ltr'><strong>fateor</strong></span> <span class='ocrx_word' id='word_1_355' title='bbox 717 1459 800 1486; x_wconf 87' lang='lat' dir='ltr'><strong>Deum</strong></span> <span class='ocrx_word' id='word_1_356' title='bbox 826 1457 955 1492; x_wconf 83' lang='lat' dir='ltr'><strong>improbis</strong></span> 
     </span>
    </p>
   </div>
   <div class='ocr_carea' id='block_1_49' title="bbox 171 1503 989 1546">
    <p class='ocr_par' dir='ltr' id='par_1_49' title="bbox 171 1503 989 1546">
     <span class='ocr_line' id='line_1_49' title="bbox 171 1503 989 1546; baseline -0.006 -11"><span class='ocrx_word' id='word_1_357' title='bbox 171 1508 326 1535; x_wconf 87' lang='lat' dir='ltr'><strong>hominibus</strong></span> <span class='ocrx_word' id='word_1_358' title='bbox 347 1507 470 1542; x_wconf 78' lang='lat' dir='ltr'><strong>ignotum</strong></span> <span class='ocrx_word' id='word_1_359' title='bbox 499 1506 582 1532; x_wconf 85' lang='lat' dir='ltr'><strong>fuisse</strong></span> <span class='ocrx_word' id='word_1_360' title='bbox 595 1509 622 1532; x_wconf 89' lang='lat' dir='ltr'><strong>et</strong></span> <span class='ocrx_word' id='word_1_361' title='bbox 642 1506 675 1532; x_wconf 91' lang='lat' dir='ltr'><strong>ab</strong></span> <span class='ocrx_word' id='word_1_362' title='bbox 697 1504 750 1532; x_wconf 89' lang='lat' dir='ltr'><strong>illis</strong></span> <span class='ocrx_word' id='word_1_363' title='bbox 774 1503 890 1532; x_wconf 83' lang='lat' dir='ltr'><strong>voluisse</strong></span> <span class='ocrx_word' id='word_1_364' title='bbox 909 1510 989 1546; x_wconf 56' lang='lat' dir='ltr'><strong>co—c</strong></span> 
     </span>
    </p>
   </div>
   <div class='ocr_carea' id='block_1_50' title="bbox 169 1550 952 1587">
    <p class='ocr_par' dir='ltr' id='par_1_50' title="bbox 169 1550 952 1587">
     <span class='ocr_line' id='line_1_50' title="bbox 169 1550 952 1587; baseline -0.005 -7"><span class='ocrx_word' id='word_1_365' title='bbox 169 1553 279 1587; x_wconf 84' lang='lat' dir='ltr'><strong>gnosci;</strong></span> <span class='ocrx_word' id='word_1_366' title='bbox 309 1561 361 1580; x_wconf 88' lang='lat' dir='ltr'><strong>non</strong></span> <span class='ocrx_word' id='word_1_367' title='bbox 382 1552 452 1586; x_wconf 91' lang='lat' dir='ltr'><strong>quod</strong></span> <span class='ocrx_word' id='word_1_368' title='bbox 471 1551 558 1585; x_wconf 88' lang='lat' dir='ltr'><strong>aliqua</strong></span> <span class='ocrx_word' id='word_1_369' title='bbox 576 1557 604 1578; x_wconf 92' lang='lat' dir='ltr'><strong>re</strong></span> <span class='ocrx_word' id='word_1_370' title='bbox 624 1551 703 1578; x_wconf 83' lang='lat' dir='ltr'><strong>defici</strong></span> <span class='ocrx_word' id='word_1_371' title='bbox 725 1550 777 1577; x_wconf 91' lang='lat' dir='ltr'><strong>sibi</strong></span> <span class='ocrx_word' id='word_1_372' title='bbox 797 1550 952 1582; x_wconf 87' lang='lat' dir='ltr'><strong>videretur;</strong></span> 
     </span>
    </p>
   </div>
   <div class='ocr_carea' id='block_1_51' title="bbox 168 1595 952 1633">
    <p class='ocr_par' dir='ltr' id='par_1_51' title="bbox 168 1595 952 1633">
     <span class='ocr_line' id='line_1_51' title="bbox 168 1595 952 1633; baseline -0.005 -7"><span class='ocrx_word' id='word_1_373' title='bbox 168 1600 216 1627; x_wconf 86' lang='lat' dir='ltr'><strong>sed</strong></span> <span class='ocrx_word' id='word_1_374' title='bbox 231 1603 269 1632; x_wconf 88' lang='lat' dir='ltr'><strong>ut,</strong></span> <span class='ocrx_word' id='word_1_375' title='bbox 283 1599 328 1633; x_wconf 91' lang='lat' dir='ltr'><strong>qui</strong></span> <span class='ocrx_word' id='word_1_376' title='bbox 346 1602 552 1633; x_wconf 77' lang='lat' dir='ltr'><strong>cognoscerent,</strong></span> <span class='ocrx_word' id='word_1_377' title='bbox 567 1605 599 1624; x_wconf 79' lang='lat' dir='ltr'><strong>ex</strong></span> <span class='ocrx_word' id='word_1_378' title='bbox 616 1596 734 1624; x_wconf 87' lang='lat' dir='ltr'><strong>miseriis</strong></span> <span class='ocrx_word' id='word_1_379' title='bbox 757 1595 952 1622; x_wconf 82' lang='lat' dir='ltr'><strong>eximerentur.</strong></span> 
     </span>
    </p>
   </div>
   <div class='ocr_carea' id='block_1_52' title="bbox 168 1641 953 1680">
    <p class='ocr_par' dir='ltr' id='par_1_52' title="bbox 168 1641 953 1680">
     <span class='ocr_line' id='line_1_52' title="bbox 168 1641 953 1680; baseline -0.008 -7"><span class='ocrx_word' id='word_1_380' title='bbox 168 1645 261 1680; x_wconf 82' lang='lat' dir='ltr'><strong>Neque</strong></span> <span class='ocrx_word' id='word_1_381' title='bbox 277 1645 359 1672; x_wconf 89' lang='lat' dir='ltr'><strong>etiam</strong></span> <span class='ocrx_word' id='word_1_382' title='bbox 383 1652 443 1672; x_wconf 88' lang='lat' dir='ltr'><strong>cum</strong></span> <span class='ocrx_word' id='word_1_383' title='bbox 456 1651 554 1671; x_wconf 85' lang='lat' dir='ltr'><strong>arcana</strong></span> <span class='ocrx_word' id='word_1_384' title='bbox 565 1644 683 1678; x_wconf 88' lang='lat' dir='ltr'><strong>quadam</strong></span> <span class='ocrx_word' id='word_1_385' title='bbox 698 1645 725 1668; x_wconf 92' lang='lat' dir='ltr'><strong>et</strong></span> <span class='ocrx_word' id='word_1_386' title='bbox 742 1641 831 1668; x_wconf 86' lang='lat' dir='ltr'><strong>divina</strong></span> <span class='ocrx_word' id='word_1_387' title='bbox 853 1641 953 1668; x_wconf 86' lang='lat' dir='ltr'><strong>virtute</strong></span> 
     </span>
    </p>
   </div>
   <div class='ocr_carea' id='block_1_53' title="bbox 168 1685 951 1726">
    <p class='ocr_par' dir='ltr' id='par_1_53' title="bbox 168 1685 951 1726">
     <span class='ocr_line' id='line_1_53' title="bbox 168 1685 951 1726; baseline -0.006 -9"><span class='ocrx_word' id='word_1_388' title='bbox 168 1692 195 1717; x_wconf 91' lang='lat' dir='ltr'><strong>in</strong></span> <span class='ocrx_word' id='word_1_389' title='bbox 214 1691 346 1726; x_wconf 83' lang='lat' dir='ltr'><strong>quosdam</strong></span> <span class='ocrx_word' id='word_1_390' title='bbox 369 1689 477 1717; x_wconf 87' lang='lat' dir='ltr'><strong>advenit</strong></span> <span class='ocrx_word' id='word_1_391' title='bbox 490 1694 536 1716; x_wconf 83' lang='lat' dir='ltr'><strong>aut</strong></span> <span class='ocrx_word' id='word_1_392' title='bbox 552 1696 629 1716; x_wconf 84' lang='lat' dir='ltr'><strong>suum</strong></span> <span class='ocrx_word' id='word_1_393' title='bbox 649 1687 786 1714; x_wconf 88' lang='lat' dir='ltr'><strong>Christum</strong></span> <span class='ocrx_word' id='word_1_394' title='bbox 806 1686 900 1718; x_wconf 88' lang='lat' dir='ltr'><strong>mittit,</strong></span> <span class='ocrx_word' id='word_1_395' title='bbox 925 1685 951 1712; x_wconf 92' lang='lat' dir='ltr'><strong>id</strong></span> 
     </span>
    </p>
   </div>
   <div class='ocr_carea' id='block_1_54' title="bbox 167 1732 953 1771">
    <p class='ocr_par' dir='ltr' id='par_1_54' title="bbox 167 1732 953 1771">
     <span class='ocr_line' id='line_1_54' title="bbox 167 1732 953 1771; baseline -0.006 -7"><span class='ocrx_word' id='word_1_396' title='bbox 167 1736 231 1764; x_wconf 80' lang='lat' dir='ltr'><strong>facit</strong></span> <span class='ocrx_word' id='word_1_397' title='bbox 257 1741 287 1763; x_wconf 92' lang='lat' dir='ltr'><strong>ut</strong></span> <span class='ocrx_word' id='word_1_398' title='bbox 308 1737 429 1771; x_wconf 81' lang='lat' dir='ltr'><strong>exploret</strong></span> <span class='ocrx_word' id='word_1_399' title='bbox 444 1736 555 1771; x_wconf 89' lang='lat' dir='ltr'><strong>quinam</strong></span> <span class='ocrx_word' id='word_1_400' title='bbox 578 1734 690 1762; x_wconf 88' lang='lat' dir='ltr'><strong>credant</strong></span> <span class='ocrx_word' id='word_1_401' title='bbox 711 1738 758 1761; x_wconf 89' lang='lat' dir='ltr'><strong>aut</strong></span> <span class='ocrx_word' id='word_1_402' title='bbox 774 1733 819 1767; x_wconf 91' lang='lat' dir='ltr'><strong>qui</strong></span> <span class='ocrx_word' id='word_1_403' title='bbox 841 1733 897 1760; x_wconf 89' lang='lat' dir='ltr'><strong>sint</strong></span> <span class='ocrx_word' id='word_1_404' title='bbox 911 1732 953 1759; x_wconf 88' lang='lat' dir='ltr'><strong>in-</strong></span> 
     </span>
    </p>
   </div>
   <div class='ocr_carea' id='block_1_55' title="bbox 166 1779 951 1815">
    <p class='ocr_par' dir='ltr' id='par_1_55' title="bbox 166 1779 951 1815">
     <span class='ocr_line' id='line_1_55' title="bbox 166 1779 951 1815; baseline -0.005 -6"><span class='ocrx_word' id='word_1_405' title='bbox 166 1783 287 1815; x_wconf 87' lang='lat' dir='ltr'><strong>creduli;</strong></span> <span class='ocrx_word' id='word_1_406' title='bbox 305 1783 352 1811; x_wconf 89' lang='lat' dir='ltr'><strong>sed</strong></span> <span class='ocrx_word' id='word_1_407' title='bbox 370 1787 399 1809; x_wconf 94' lang='lat' dir='ltr'><strong>ut</strong></span> <span class='ocrx_word' id='word_1_408' title='bbox 414 1783 538 1810; x_wconf 91' lang='lat' dir='ltr'><strong>omnibus</strong></span> <span class='ocrx_word' id='word_1_409' title='bbox 558 1780 674 1808; x_wconf 87' lang='lat' dir='ltr'><strong>miseriis</strong></span> <span class='ocrx_word' id='word_1_410' title='bbox 689 1779 813 1807; x_wconf 84' lang='lat' dir='ltr'><strong>exsolvat</strong></span> <span class='ocrx_word' id='word_1_411' title='bbox 832 1779 951 1814; x_wconf 40' lang='lat' dir='ltr'><strong>quicun‘</strong></span> 
     </span>
    </p>
   </div>
   <div class='ocr_carea' id='block_1_56' title="bbox 165 1823 950 1862">
    <p class='ocr_par' dir='ltr' id='par_1_56' title="bbox 165 1823 950 1862">
     <span class='ocr_line' id='line_1_56' title="bbox 165 1823 950 1862; baseline -0.006 -8"><span class='ocrx_word' id='word_1_412' title='bbox 165 1835 218 1862; x_wconf 90' lang='lat' dir='ltr'><strong>que</strong></span> <span class='ocrx_word' id='word_1_413' title='bbox 234 1827 400 1856; x_wconf 84' lang='lat' dir='ltr'><strong>crediderint</strong></span> <span class='ocrx_word' id='word_1_414' title='bbox 416 1831 443 1855; x_wconf 87' lang='lat' dir='ltr'><strong>et</strong></span> <span class='ocrx_word' id='word_1_415' title='bbox 457 1827 515 1862; x_wconf 89' lang='lat' dir='ltr'><strong>ejus</strong></span> <span class='ocrx_word' id='word_1_416' title='bbox 534 1826 700 1854; x_wconf 85' lang='lat' dir='ltr'><strong>divinitatem</strong></span> <span class='ocrx_word' id='word_1_417' title='bbox 719 1825 892 1859; x_wconf 87' lang='lat' dir='ltr'><strong>acceperint;</strong></span> <span class='ocrx_word' id='word_1_418' title='bbox 908 1823 950 1850; x_wconf 84' lang='lat' dir='ltr'><strong>in-</strong></span> 
     </span>
    </p>
   </div>
   <div class='ocr_carea' id='block_1_57' title="bbox 165 1871 948 1906">
    <p class='ocr_par' dir='ltr' id='par_1_57' title="bbox 165 1871 948 1906">
     <span class='ocr_line' id='line_1_57' title="bbox 165 1871 948 1906; baseline -0.008 -4"><span class='ocrx_word' id='word_1_419' title='bbox 165 1874 286 1902; x_wconf 86' lang='lat' dir='ltr'><strong>credulis</strong></span> <span class='ocrx_word' id='word_1_420' title='bbox 296 1881 360 1902; x_wconf 86' lang='lat' dir='ltr'><strong>vero</strong></span> <span class='ocrx_word' id='word_1_421' title='bbox 374 1881 481 1901; x_wconf 84' lang='lat' dir='ltr'><strong>omnem</strong></span> <span class='ocrx_word' id='word_1_422' title='bbox 494 1873 677 1901; x_wconf 73' lang='lat' dir='ltr'><strong>excusationis</strong></span> <span class='ocrx_word' id='word_1_423' title='bbox 689 1872 776 1899; x_wconf 90' lang='lat' dir='ltr'><strong>locum</strong></span> <span class='ocrx_word' id='word_1_424' title='bbox 790 1871 948 1906; x_wconf 71' lang='lat' dir='ltr'><strong>prtecludat,</strong></span> 
     </span>
    </p>
   </div>
   <div class='ocr_carea' id='block_1_58' title="bbox 165 1916 947 1953">
    <p class='ocr_par' dir='ltr' id='par_1_58' title="bbox 165 1916 947 1953">
     <span class='ocr_line' id='line_1_58' title="bbox 165 1916 947 1953; baseline -0.003 -7"><span class='ocrx_word' id='word_1_425' title='bbox 165 1927 195 1946; x_wconf 92' lang='lat' dir='ltr'><strong>se</strong></span> <span class='ocrx_word' id='word_1_426' title='bbox 211 1920 271 1946; x_wconf 86' lang='lat' dir='ltr'><strong>ideo</strong></span> <span class='ocrx_word' id='word_1_427' title='bbox 292 1926 344 1946; x_wconf 92' lang='lat' dir='ltr'><strong>non</strong></span> <span class='ocrx_word' id='word_1_428' title='bbox 362 1918 520 1951; x_wconf 87' lang='lat' dir='ltr'><strong>credidisse,</strong></span> <span class='ocrx_word' id='word_1_429' title='bbox 535 1918 615 1953; x_wconf 77' lang='lat'><strong>506</strong></span> <span class='ocrx_word' id='word_1_430' title='bbox 628 1917 689 1952; x_wconf 84' lang='lat' dir='ltr'><strong>quia</strong></span> <span class='ocrx_word' id='word_1_431' title='bbox 713 1916 834 1944; x_wconf 86' lang='lat' dir='ltr'><strong>doctrina</strong></span> <span class='ocrx_word' id='word_1_432' title='bbox 852 1916 947 1944; x_wconf 85' lang='lat' dir='ltr'><strong>defuit.</strong></span> 
     </span>
    </p>
   </div>
   <div class='ocr_carea' id='block_1_59' title="bbox 163 1961 947 1999">
    <p class='ocr_par' dir='ltr' id='par_1_59' title="bbox 163 1961 947 1999">
     <span class='ocr_line' id='line_1_59' title="bbox 163 1961 947 1999; baseline -0.006 -7"><span class='ocrx_word' id='word_1_433' title='bbox 163 1965 222 1998; x_wconf 86' lang='lat' dir='ltr'><strong>Qua</strong></span> <span class='ocrx_word' id='word_1_434' title='bbox 250 1965 330 1999; x_wconf 86' lang='lat' dir='ltr'><strong>igitur</strong></span> <span class='ocrx_word' id='word_1_435' title='bbox 344 1965 447 1992; x_wconf 83' lang='lat' dir='ltr'><strong>ratione</strong></span> <span class='ocrx_word' id='word_1_436' title='bbox 472 1964 622 1991; x_wconf 79' lang='lat' dir='ltr'><strong>ostenderit</strong></span> <span class='ocrx_word' id='word_1_437' title='bbox 643 1971 677 1990; x_wconf 85' lang='lat' dir='ltr'><strong>ex</strong></span> <span class='ocrx_word' id='word_1_438' title='bbox 702 1967 792 1990; x_wconf 85' lang='lat' dir='ltr'><strong>nostra</strong></span> <span class='ocrx_word' id='word_1_439' title='bbox 814 1961 947 1988; x_wconf 85' lang='lat' dir='ltr'><strong>sententia</strong></span> 
     </span>
    </p>
   </div>
   <div class='ocr_carea' id='block_1_60' title="bbox 163 2007 947 2045">
    <p class='ocr_par' dir='ltr' id='par_1_60' title="bbox 163 2007 947 2045">
     <span class='ocr_line' id='line_1_60' title="bbox 163 2007 947 2045; baseline -0.004 -9"><span class='ocrx_word' id='word_1_440' title='bbox 163 2010 303 2045; x_wconf 84' lang='lat' dir='ltr'><strong>consequi,</strong></span> <span class='ocrx_word' id='word_1_441' title='bbox 323 2015 352 2037; x_wconf 89' lang='lat' dir='ltr'><strong>nt</strong></span> <span class='ocrx_word' id='word_1_442' title='bbox 367 2009 437 2037; x_wconf 86' lang='lat' dir='ltr'><strong>Deus</strong></span> <span class='ocrx_word' id='word_1_443' title='bbox 454 2009 487 2036; x_wconf 86' lang='lat' dir='ltr'><strong>iis</strong></span> <span class='ocrx_word' id='word_1_444' title='bbox 500 2010 535 2037; x_wconf 89' lang='lat' dir='ltr'><strong>sit</strong></span> <span class='ocrx_word' id='word_1_445' title='bbox 552 2009 658 2041; x_wconf 82' lang='lat' dir='ltr'><strong>similis,</strong></span> <span class='ocrx_word' id='word_1_446' title='bbox 673 2008 719 2043; x_wconf 94' lang='lat' dir='ltr'><strong>qui</strong></span> <span class='ocrx_word' id='word_1_447' title='bbox 742 2007 841 2034; x_wconf 75' lang='lat' dir='ltr'><strong>divites</strong></span> <span class='ocrx_word' id='word_1_448' title='bbox 853 2014 947 2033; x_wconf 90' lang='lat' dir='ltr'><strong>recens</strong></span> 
     </span>
    </p>
   </div>
   <div class='ocr_carea' id='block_1_61' title="bbox 162 2052 947 2086">
    <p class='ocr_par' dir='ltr' id='par_1_61' title="bbox 162 2052 947 2086">
     <span class='ocr_line' id='line_1_61' title="bbox 162 2052 947 2086; baseline -0.005 -5"><span class='ocrx_word' id='word_1_449' title='bbox 162 2053 227 2081; x_wconf 81' lang='lat' dir='ltr'><strong>facti</strong></span> <span class='ocrx_word' id='word_1_450' title='bbox 250 2059 390 2082; x_wconf 81' lang='lat' dir='ltr'><strong>ostentare</strong></span> <span class='ocrx_word' id='word_1_451' title='bbox 411 2061 441 2081; x_wconf 90' lang='lat' dir='ltr'><strong>se</strong></span> <span class='ocrx_word' id='word_1_452' title='bbox 466 2053 538 2081; x_wconf 81' lang='lat' dir='ltr'><strong>soliti</strong></span> <span class='ocrx_word' id='word_1_453' title='bbox 561 2053 645 2080; x_wconf 81' lang='lat' dir='ltr'><strong>sunt?</strong></span> <span class='ocrx_word' id='word_1_454' title='bbox 665 2052 757 2086; x_wconf 88' lang='lat' dir='ltr'><strong>Neque</strong></span> <span class='ocrx_word' id='word_1_455' title='bbox 771 2052 852 2082; x_wconf 78' lang='lat' dir='ltr'><strong>enim.</strong></span> <span class='ocrx_word' id='word_1_456' title='bbox 871 2055 900 2078; x_wconf 89' lang='lat' dir='ltr'><strong>ut</strong></span> <span class='ocrx_word' id='word_1_457' title='bbox 917 2058 947 2077; x_wconf 88' lang='lat' dir='ltr'><strong>se</strong></span> 
     </span>
    </p>
   </div>
   <div class='ocr_carea' id='block_1_62' title="bbox 162 2095 944 2134">
    <p class='ocr_par' dir='ltr' id='par_1_62' title="bbox 162 2095 944 2134">
     <span class='ocr_line' id='line_1_62' title="bbox 162 2095 944 2134; baseline -0.006 -7"><span class='ocrx_word' id='word_1_458' title='bbox 162 2104 291 2134; x_wconf 84' lang='lat' dir='ltr'><strong>ostentet,</strong></span> <span class='ocrx_word' id='word_1_459' title='bbox 309 2101 379 2127; x_wconf 82' lang='lat' dir='ltr'><strong>Deus</strong></span> <span class='ocrx_word' id='word_1_460' title='bbox 399 2107 475 2127; x_wconf 93' lang='lat' dir='ltr'><strong>suam</strong></span> <span class='ocrx_word' id='word_1_461' title='bbox 493 2107 507 2126; x_wconf 91' lang='lat' dir='ltr'><strong>a</strong></span> <span class='ocrx_word' id='word_1_462' title='bbox 525 2099 601 2126; x_wconf 89' lang='lat' dir='ltr'><strong>nobis</strong></span> <span class='ocrx_word' id='word_1_463' title='bbox 621 2097 808 2126; x_wconf 77' lang='lat' dir='ltr'><strong>excellentiam</strong></span> <span class='ocrx_word' id='word_1_464' title='bbox 832 2095 944 2130; x_wconf 77' lang='lat' dir='ltr'><strong>intelligi</strong></span> 
     </span>
    </p>
   </div>
   <div class='ocr_carea' id='block_1_63' title="bbox 161 2141 945 2178">
    <p class='ocr_par' dir='ltr' id='par_1_63' title="bbox 161 2141 945 2178">
     <span class='ocr_line' id='line_1_63' title="bbox 161 2141 945 2178; baseline -0.005 -7"><span class='ocrx_word' id='word_1_465' title='bbox 161 2145 219 2171; x_wconf 88' lang='lat' dir='ltr'><strong>vult</strong></span> <span class='ocrx_word' id='word_1_466' title='bbox 232 2148 260 2172; x_wconf 90' lang='lat' dir='ltr'><strong>et</strong></span> <span class='ocrx_word' id='word_1_467' title='bbox 275 2145 438 2178; x_wconf 76' lang='lat' dir='ltr'><strong>cogitatione</strong></span> <span class='ocrx_word' id='word_1_468' title='bbox 457 2143 669 2178; x_wconf 86' lang='lat' dir='ltr'><strong>comprehendi;</strong></span> <span class='ocrx_word' id='word_1_469' title='bbox 688 2144 734 2170; x_wconf 89' lang='lat' dir='ltr'><strong>sed</strong></span> <span class='ocrx_word' id='word_1_470' title='bbox 754 2142 818 2176; x_wconf 93' lang='lat' dir='ltr'><strong>quia</strong></span> <span class='ocrx_word' id='word_1_471' title='bbox 843 2141 945 2168; x_wconf 82' lang='lat' dir='ltr'><strong>nostris</strong></span> 
     </span>
    </p>
   </div>
   <div class='ocr_carea' id='block_1_64' title="bbox 1014 910 1798 952">
    <p class='ocr_par' dir='ltr' id='par_1_64' title="bbox 1014 910 1798 952">
     <span class='ocr_line' id='line_1_64' title="bbox 1014 910 1798 952; baseline 0.015 -16"><span class='ocrx_word' id='word_1_472' title='bbox 1014 910 1129 943; x_wconf 79' lang='grc' dir='ltr'>ἀστεῖον,</span> <span class='ocrx_word' id='word_1_473' title='bbox 1147 912 1194 938; x_wconf 76' lang='grc' dir='ltr'>καὶ</span> <span class='ocrx_word' id='word_1_474' title='bbox 1207 912 1236 946; x_wconf 77' lang='grc' dir='ltr'><strong>ἐξ</strong></span> <span class='ocrx_word' id='word_1_475' title='bbox 1252 913 1399 941; x_wconf 80' lang='grc' dir='ltr'>ἀκολάστου</span> <span class='ocrx_word' id='word_1_476' title='bbox 1416 917 1456 947; x_wconf 86' lang='grc' dir='ltr'><strong>είς</strong></span> <span class='ocrx_word' id='word_1_477' title='bbox 1471 915 1606 952; x_wconf 68' lang='grc' dir='ltr'>σώφρονα,</span> <span class='ocrx_word' id='word_1_478' title='bbox 1616 919 1664 945; x_wconf 82' lang='grc' dir='ltr'><strong>καὶ</strong></span> <span class='ocrx_word' id='word_1_479' title='bbox 1673 920 1705 946; x_wconf 79' lang='grc' dir='ltr'>ἐκ</span> <span class='ocrx_word' id='word_1_480' title='bbox 1719 921 1798 947; x_wconf 83' lang='grc' dir='ltr'>δεισι-</span> 
     </span>
    </p>
   </div>
   <div class='ocr_carea' id='block_1_65' title="bbox 1012 955 1796 1000">
    <p class='ocr_par' dir='ltr' id='par_1_65' title="bbox 1012 955 1796 1000">
     <span class='ocr_line' id='line_1_65' title="bbox 1012 955 1796 1000; baseline 0.015 -19"><span class='ocrx_word' id='word_1_481' title='bbox 1012 955 1136 991; x_wconf 77' lang='grc' dir='ltr'><strong>δαίμονος</strong></span> <span class='ocrx_word' id='word_1_482' title='bbox 1159 957 1198 989; x_wconf 68' lang='lat' dir='ltr'><strong>ei;</strong></span> <span class='ocrx_word' id='word_1_483' title='bbox 1221 958 1330 994; x_wconf 80' lang='grc' dir='ltr'>εὐσεϐῆ,</span> <span class='ocrx_word' id='word_1_484' title='bbox 1361 960 1406 986; x_wconf 71' lang='grc' dir='ltr'><strong>τὸν</strong></span> <span class='ocrx_word' id='word_1_485' title='bbox 1425 962 1646 998; x_wconf 82' lang='grc' dir='ltr'>παραδεξάμενον</span> <span class='ocrx_word' id='word_1_486' title='bbox 1674 965 1722 1000; x_wconf 81' lang='grc' dir='ltr'><strong>τὴν</strong></span> <span class='ocrx_word' id='word_1_487' title='bbox 1752 966 1796 993; x_wconf 83' lang='grc' dir='ltr'><strong>τοῦ</strong></span> 
     </span>
    </p>
   </div>
   <div class='ocr_carea' id='block_1_66' title="bbox 1011 1001 1745 1046">
    <p class='ocr_par' dir='ltr' id='par_1_66' title="bbox 1011 1001 1745 1046">
     <span class='ocr_line' id='line_1_66' title="bbox 1011 1001 1745 1046; baseline 0.014 -19"><span class='ocrx_word' id='word_1_488' title='bbox 1011 1001 1098 1035; x_wconf 80' lang='grc' dir='ltr'>Λόγου</span> <span class='ocrx_word' id='word_1_489' title='bbox 1111 1002 1157 1029; x_wconf 87' lang='grc' dir='ltr'><strong>τοῦ</strong></span> <span class='ocrx_word' id='word_1_490' title='bbox 1173 1003 1240 1030; x_wconf 82' lang='grc' dir='ltr'>Θεοῦ</span> <span class='ocrx_word' id='word_1_491' title='bbox 1257 1005 1403 1040; x_wconf 77' lang='grc' dir='ltr'>ἐπιδημίαν</span> <span class='ocrx_word' id='word_1_492' title='bbox 1418 1008 1458 1038; x_wconf 75' lang='grc' dir='ltr'>εἰς</span> <span class='ocrx_word' id='word_1_493' title='bbox 1471 1007 1520 1043; x_wconf 79' lang='grc' dir='ltr'>τὴν</span> <span class='ocrx_word' id='word_1_494' title='bbox 1536 1008 1633 1036; x_wconf 81' lang='grc' dir='ltr'>ἑαυτοῦ</span> <span class='ocrx_word' id='word_1_495' title='bbox 1647 1009 1745 1046; x_wconf 76' lang='grc' dir='ltr'><strong>ψυχήν.</strong></span> 
     </span>
    </p>
   </div>
   <div class='ocr_carea' id='block_1_67' title="bbox 1049 1093 1796 1131">
    <p class='ocr_par' dir='ltr' id='par_1_67' title="bbox 1049 1093 1796 1131">
     <span class='ocr_line' id='line_1_67' title="bbox 1049 1093 1796 1131; baseline 0.013 -12"><span class='ocrx_word' id='word_1_496' title='bbox 1049 1093 1080 1119; x_wconf 74' lang='lat' dir='ltr'><strong>Et</strong></span> <span class='ocrx_word' id='word_1_497' title='bbox 1100 1093 1129 1120; x_wconf 81' lang='grc' dir='ltr'>δὲ</span> <span class='ocrx_word' id='word_1_498' title='bbox 1149 1094 1195 1120; x_wconf 72' lang='grc' dir='ltr'><strong>καὶ</strong></span> <span class='ocrx_word' id='word_1_499' title='bbox 1219 1095 1286 1130; x_wconf 80' lang='grc' dir='ltr'>πρὸς</span> <span class='ocrx_word' id='word_1_500' title='bbox 1308 1095 1342 1122; x_wconf 77' lang='grc' dir='ltr'>τὰ</span> <span class='ocrx_word' id='word_1_501' title='bbox 1362 1097 1615 1131; x_wconf 83' lang='grc' dir='ltr'>καταγελαστότατα</span> <span class='ocrx_word' id='word_1_502' title='bbox 1630 1100 1677 1127; x_wconf 86' lang='grc' dir='ltr'><strong>τοῦ</strong></span> <span class='ocrx_word' id='word_1_503' title='bbox 1693 1102 1796 1129; x_wconf 80' lang='grc' dir='ltr'>Κέλσου</span> 
     </span>
    </p>
   </div>
   <div class='ocr_carea' id='block_1_68' title="bbox 1010 1138 1795 1179">
    <p class='ocr_par' dir='ltr' id='par_1_68' title="bbox 1010 1138 1795 1179">
     <span class='ocr_line' id='line_1_68' title="bbox 1010 1138 1795 1179; baseline 0.013 -14"><span class='ocrx_word' id='word_1_504' title='bbox 1010 1138 1096 1171; x_wconf 84' lang='grc' dir='ltr'>θέλεις</span> <span class='ocrx_word' id='word_1_505' title='bbox 1111 1141 1186 1175; x_wconf 79' lang='grc' dir='ltr'>ἡμᾶς</span> <span class='ocrx_word' id='word_1_506' title='bbox 1198 1141 1328 1179; x_wconf 78' lang='grc' dir='ltr'>ἀπαντᾷν,</span> <span class='ocrx_word' id='word_1_507' title='bbox 1344 1141 1424 1169; x_wconf 83' lang='grc' dir='ltr'>ἄκουε</span> <span class='ocrx_word' id='word_1_508' title='bbox 1437 1143 1519 1170; x_wconf 85' lang='grc' dir='ltr'>αὐτοῦ</span> <span class='ocrx_word' id='word_1_509' title='bbox 1535 1144 1660 1179; x_wconf 81' lang='grc' dir='ltr'>λέγοντος</span> <span class='ocrx_word' id='word_1_510' title='bbox 1670 1155 1677 1161; x_wconf 90' lang='grc'>·</span> <span class='ocrx_word' id='word_1_511' title='bbox 1689 1156 1698 1173; x_wconf 78' lang='grc' dir='ltr'><strong>ι</strong></span> <span class='ocrx_word' id='word_1_512' title='bbox 1715 1147 1795 1175; x_wconf 80' lang='grc' dir='ltr'>Ἀλλά</span> 
     </span>
    </p>
   </div>
   <div class='ocr_carea' id='block_1_69' title="bbox 1009 1178 1795 1228">
    <p class='ocr_par' dir='ltr' id='par_1_69' title="bbox 1009 1178 1795 1228">
     <span class='ocr_line' id='line_1_69' title="bbox 1009 1178 1795 1228; baseline 0.013 -18"><span class='ocrx_word' id='word_1_513' title='bbox 1009 1184 1063 1220; x_wconf 74' lang='grc' dir='ltr'><strong>γὰρ</strong></span> <span class='ocrx_word' id='word_1_514' title='bbox 1074 1185 1254 1221; x_wconf 76' lang='grc' dir='ltr'><strong>ἀγνοούμενος</strong></span> <span class='ocrx_word' id='word_1_515' title='bbox 1265 1188 1279 1213; x_wconf 81' lang='grc' dir='ltr'><strong>ό</strong></span> <span class='ocrx_word' id='word_1_516' title='bbox 1300 1178 1366 1219; x_wconf 70' lang='grc' dir='ltr'>όεὺς</span> <span class='ocrx_word' id='word_1_517' title='bbox 1374 1188 1402 1214; x_wconf 81' lang='grc' dir='ltr'><strong>ὲν</strong></span> <span class='ocrx_word' id='word_1_518' title='bbox 1413 1178 1577 1224; x_wconf 75' lang='grc' dir='ltr'>ἀνθρώποις,</span> <span class='ocrx_word' id='word_1_519' title='bbox 1585 1192 1632 1218; x_wconf 79' lang='grc' dir='ltr'><strong>καὶ</strong></span> <span class='ocrx_word' id='word_1_520' title='bbox 1643 1192 1718 1228; x_wconf 85' lang='grc' dir='ltr'>παρὰ</span> <span class='ocrx_word' id='word_1_521' title='bbox 1725 1193 1795 1220; x_wconf 78' lang='grc' dir='ltr'>τοῦτ’</span> 
     </span>
    </p>
   </div>
   <div class='ocr_carea' id='block_1_70' title="bbox 1009 1229 1793 1270">
    <p class='ocr_par' dir='ltr' id='par_1_70' title="bbox 1009 1229 1793 1270">
     <span class='ocr_line' id='line_1_70' title="bbox 1009 1229 1793 1270; baseline 0.011 -14"><span class='ocrx_word' id='word_1_522' title='bbox 1009 1229 1117 1257; x_wconf 79' lang='grc' dir='ltr'>ἔλαττον</span> <span class='ocrx_word' id='word_1_523' title='bbox 1132 1231 1204 1266; x_wconf 78' lang='grc' dir='ltr'>ἔχειν</span> <span class='ocrx_word' id='word_1_524' title='bbox 1223 1231 1318 1264; x_wconf 83' lang='grc' dir='ltr'>δοκῶν,</span> <span class='ocrx_word' id='word_1_525' title='bbox 1331 1232 1416 1259; x_wconf 78' lang='grc' dir='ltr'>ἐθέλοι</span> <span class='ocrx_word' id='word_1_526' title='bbox 1429 1234 1462 1260; x_wconf 80' lang='grc' dir='ltr'><strong>ἂν</strong></span> <span class='ocrx_word' id='word_1_527' title='bbox 1478 1234 1644 1270; x_wconf 78' lang='grc' dir='ltr'>γνωσθῆναι,</span> <span class='ocrx_word' id='word_1_528' title='bbox 1662 1237 1708 1263; x_wconf 79' lang='grc' dir='ltr'>καὶ</span> <span class='ocrx_word' id='word_1_529' title='bbox 1728 1239 1793 1270; x_wconf 70' lang='grc' dir='ltr'>τοὺς</span> 
     </span>
    </p>
   </div>
   <div class='ocr_carea' id='block_1_71' title="bbox 1008 1275 1797 1316">
    <p class='ocr_par' dir='ltr' id='par_1_71' title="bbox 1008 1275 1797 1316">
     <span class='ocr_line' id='line_1_71' title="bbox 1008 1275 1797 1316; baseline 0.011 -15"><span class='ocrx_word' id='word_1_530' title='bbox 1008 1275 1183 1308; x_wconf 74' lang='grc' dir='ltr'>πιστεύοντας</span> <span class='ocrx_word' id='word_1_531' title='bbox 1198 1285 1228 1303; x_wconf 83' lang='grc' dir='ltr'><strong>τε</strong></span> <span class='ocrx_word' id='word_1_532' title='bbox 1244 1277 1290 1303; x_wconf 78' lang='grc' dir='ltr'>καὶ</span> <span class='ocrx_word' id='word_1_533' title='bbox 1306 1278 1485 1310; x_wconf 73' lang='grc' dir='ltr'>ἀπιστοῦντας</span> <span class='ocrx_word' id='word_1_534' title='bbox 1501 1279 1675 1316; x_wconf 85' lang='grc' dir='ltr'>διαπειράσαι</span> <span class='ocrx_word' id='word_1_535' title='bbox 1687 1290 1693 1297; x_wconf 90' lang='grc'>·</span> <span class='ocrx_word' id='word_1_536' title='bbox 1710 1283 1797 1310; x_wconf 76' lang='grc' dir='ltr'>καθά-</span> 
     </span>
    </p>
   </div>
   <div class='ocr_carea' id='block_1_72' title="bbox 1009 1322 1794 1364">
    <p class='ocr_par' dir='ltr' id='par_1_72' title="bbox 1009 1322 1794 1364">
     <span class='ocr_line' id='line_1_72' title="bbox 1009 1322 1794 1364; baseline 0.01 -17"><span class='ocrx_word' id='word_1_537' title='bbox 1009 1330 1062 1357; x_wconf 87' lang='grc' dir='ltr'><strong>περ</strong></span> <span class='ocrx_word' id='word_1_538' title='bbox 1071 1323 1094 1348; x_wconf 93' lang='grc' dir='ltr'><strong>οἰ</strong></span> <span class='ocrx_word' id='word_1_539' title='bbox 1107 1322 1261 1349; x_wconf 84' lang='grc' dir='ltr'>νεόπλουτοι</span> <span class='ocrx_word' id='word_1_540' title='bbox 1271 1323 1324 1349; x_wconf 87' lang='grc' dir='ltr'><strong>τῶν</strong></span> <span class='ocrx_word' id='word_1_541' title='bbox 1333 1323 1484 1359; x_wconf 79' lang='grc' dir='ltr'>ἀνθρώπων</span> <span class='ocrx_word' id='word_1_542' title='bbox 1500 1325 1715 1360; x_wconf 82' lang='grc' dir='ltr'>ὲπιδεικτιῶντες</span> <span class='ocrx_word' id='word_1_543' title='bbox 1727 1329 1794 1364; x_wconf 78' lang='grc'><strong>(57),</strong></span> 
     </span>
    </p>
   </div>
   <div class='ocr_carea' id='block_1_73' title="bbox 1008 1367 1795 1407">
    <p class='ocr_par' dir='ltr' id='par_1_73' title="bbox 1008 1367 1795 1407">
     <span class='ocr_line' id='line_1_73' title="bbox 1008 1367 1795 1407; baseline 0.011 -14"><span class='ocrx_word' id='word_1_544' title='bbox 1008 1367 1108 1403; x_wconf 86' lang='grc' dir='ltr'>πολλήν</span> <span class='ocrx_word' id='word_1_545' title='bbox 1120 1376 1180 1394; x_wconf 86' lang='grc' dir='ltr'>τινα</span> <span class='ocrx_word' id='word_1_546' title='bbox 1197 1368 1243 1395; x_wconf 79' lang='grc' dir='ltr'>καὶ</span> <span class='ocrx_word' id='word_1_547' title='bbox 1269 1369 1339 1395; x_wconf 86' lang='grc' dir='ltr'>πάνυ</span> <span class='ocrx_word' id='word_1_548' title='bbox 1363 1369 1464 1405; x_wconf 86' lang='grc' dir='ltr'>θνητὴν</span> <span class='ocrx_word' id='word_1_549' title='bbox 1486 1371 1642 1407; x_wconf 81' lang='grc' dir='ltr'>φιλοτιμίαν</span> <span class='ocrx_word' id='word_1_550' title='bbox 1662 1374 1708 1400; x_wconf 89' lang='grc' dir='ltr'><strong>τοῦ</strong></span> <span class='ocrx_word' id='word_1_551' title='bbox 1726 1374 1795 1403; x_wconf 85' lang='grc' dir='ltr'>Θεοῦ</span> 
     </span>
    </p>
   </div>
   <div class='ocr_carea' id='block_1_74' title="bbox 1007 1414 1796 1455">
    <p class='ocr_par' dir='ltr' id='par_1_74' title="bbox 1007 1414 1796 1455">
     <span class='ocr_line' id='line_1_74' title="bbox 1007 1414 1796 1455; baseline 0.01 -16"><span class='ocrx_word' id='word_1_552' title='bbox 1007 1414 1255 1449; x_wconf 79' lang='grc' dir='ltr'>καταμαρτυροῦσι.</span> <span class='ocrx_word' id='word_1_553' title='bbox 1285 1424 1294 1441; x_wconf 79' lang='grc' dir='ltr'><strong>ι</strong></span> <span class='ocrx_word' id='word_1_554' title='bbox 1327 1416 1417 1450; x_wconf 78' lang='grc' dir='ltr'>Φαμὲν</span> <span class='ocrx_word' id='word_1_555' title='bbox 1445 1414 1501 1449; x_wconf 81' lang='grc' dir='ltr'>οὖν,</span> <span class='ocrx_word' id='word_1_556' title='bbox 1531 1418 1582 1450; x_wconf 84' lang='grc' dir='ltr'>ὅτι,</span> <span class='ocrx_word' id='word_1_557' title='bbox 1613 1419 1796 1455; x_wconf 76' lang='grc' dir='ltr'><strong>ἀγνοούμενος</strong></span> 
     </span>
    </p>
   </div>
   <div class='ocr_carea' id='block_1_75' title="bbox 1006 1458 1795 1500">
    <p class='ocr_par' dir='ltr' id='par_1_75' title="bbox 1006 1458 1795 1500">
     <span class='ocr_line' id='line_1_75' title="bbox 1006 1458 1795 1500; baseline 0.009 -14"><span class='ocrx_word' id='word_1_558' title='bbox 1006 1458 1072 1491; x_wconf 78' lang='grc' dir='ltr'>Θεὸς</span> <span class='ocrx_word' id='word_1_559' title='bbox 1094 1460 1154 1497; x_wconf 66' lang='lat' dir='ltr'><strong>{me}</strong></span> <span class='ocrx_word' id='word_1_560' title='bbox 1167 1459 1275 1493; x_wconf 83' lang='grc' dir='ltr'>φαύλων</span> <span class='ocrx_word' id='word_1_561' title='bbox 1296 1460 1462 1496; x_wconf 78' lang='grc' dir='ltr'>ἀνθρώπιον,</span> <span class='ocrx_word' id='word_1_562' title='bbox 1488 1463 1518 1489; x_wconf 84' lang='grc' dir='ltr'><strong>οὐ</strong></span> <span class='ocrx_word' id='word_1_563' title='bbox 1550 1464 1625 1500; x_wconf 87' lang='grc' dir='ltr'><strong>παρά</strong></span> <span class='ocrx_word' id='word_1_564' title='bbox 1652 1465 1684 1491; x_wconf 79' lang='grc' dir='ltr'><strong>τὸ</strong></span> <span class='ocrx_word' id='word_1_565' title='bbox 1711 1466 1795 1498; x_wconf 69' lang='grc' dir='ltr'>αὐτὸς</span> 
     </span>
    </p>
   </div>
   <div class='ocr_carea' id='block_1_76' title="bbox 1005 1504 1794 1548">
    <p class='ocr_par' dir='ltr' id='par_1_76' title="bbox 1005 1504 1794 1548">
     <span class='ocr_line' id='line_1_76' title="bbox 1005 1504 1794 1548; baseline 0.01 -18"><span class='ocrx_word' id='word_1_566' title='bbox 1005 1504 1114 1532; x_wconf 77' lang='grc' dir='ltr'>ἔλαττον</span> <span class='ocrx_word' id='word_1_567' title='bbox 1129 1505 1200 1540; x_wconf 80' lang='grc' dir='ltr'>ἔχειν</span> <span class='ocrx_word' id='word_1_568' title='bbox 1209 1505 1296 1532; x_wconf 85' lang='grc' dir='ltr'>δοκεῖν</span> <span class='ocrx_word' id='word_1_569' title='bbox 1312 1507 1381 1534; x_wconf 83' lang='grc' dir='ltr'>θέλοι</span> <span class='ocrx_word' id='word_1_570' title='bbox 1395 1507 1427 1534; x_wconf 81' lang='grc' dir='ltr'>ἂν</span> <span class='ocrx_word' id='word_1_571' title='bbox 1441 1508 1602 1544; x_wconf 85' lang='grc' dir='ltr'>γνωσθῆναι,</span> <span class='ocrx_word' id='word_1_572' title='bbox 1618 1510 1686 1537; x_wconf 77' lang='grc' dir='ltr'>ἀλλὰ</span> <span class='ocrx_word' id='word_1_573' title='bbox 1699 1511 1731 1538; x_wconf 79' lang='grc' dir='ltr'>τὸ</span> <span class='ocrx_word' id='word_1_574' title='bbox 1746 1512 1794 1548; x_wconf 64' lang='grc' dir='ltr'><strong>τὴν</strong></span> 
     </span>
    </p>
   </div>
   <div class='ocr_carea' id='block_1_77' title="bbox 1005 1550 1795 1591">
    <p class='ocr_par' dir='ltr' id='par_1_77' title="bbox 1005 1550 1795 1591">
     <span class='ocr_line' id='line_1_77' title="bbox 1005 1550 1795 1591; baseline 0.011 -16"><span class='ocrx_word' id='word_1_575' title='bbox 1005 1550 1106 1584; x_wconf 84' lang='grc' dir='ltr'>γνῶσιν</span> <span class='ocrx_word' id='word_1_576' title='bbox 1123 1550 1203 1577; x_wconf 77' lang='grc' dir='ltr'>αὑτοῦ</span> <span class='ocrx_word' id='word_1_577' title='bbox 1219 1552 1425 1587; x_wconf 81' lang='grc' dir='ltr'>κακοδαιμονίας</span> <span class='ocrx_word' id='word_1_578' title='bbox 1437 1554 1620 1582; x_wconf 78' lang='grc' dir='ltr'>ἀπαλλάσσειν</span> <span class='ocrx_word' id='word_1_579' title='bbox 1639 1556 1684 1583; x_wconf 82' lang='grc' dir='ltr'>τὸν</span> <span class='ocrx_word' id='word_1_580' title='bbox 1697 1558 1795 1591; x_wconf 76' lang='grc' dir='ltr'>γιγνώ-</span> 
     </span>
    </p>
   </div>
   <div class='ocr_carea' id='block_1_78' title="bbox 1006 1596 1795 1634">
    <p class='ocr_par' dir='ltr' id='par_1_78' title="bbox 1006 1596 1795 1634">
     <span class='ocr_line' id='line_1_78' title="bbox 1006 1596 1795 1634; baseline 0.01 -13"><span class='ocrx_word' id='word_1_581' title='bbox 1006 1603 1103 1622; x_wconf 85' lang='grc' dir='ltr'>σκοντα</span> <span class='ocrx_word' id='word_1_582' title='bbox 1115 1604 1122 1611; x_wconf 73' lang='grc' dir='ltr'><strong>ο</strong></span> <span class='ocrx_word' id='word_1_583' title='bbox 1136 1596 1193 1622; x_wconf 78' lang='grc' dir='ltr'>ἀλλ’</span> <span class='ocrx_word' id='word_1_584' title='bbox 1210 1596 1269 1623; x_wconf 80' lang='grc' dir='ltr'>οὐδὲ</span> <span class='ocrx_word' id='word_1_585' title='bbox 1284 1597 1457 1634; x_wconf 79' lang='grc' dir='ltr'>διαπειράσαι</span> <span class='ocrx_word' id='word_1_586' title='bbox 1474 1598 1558 1626; x_wconf 85' lang='grc' dir='ltr'>θέλων</span> <span class='ocrx_word' id='word_1_587' title='bbox 1574 1601 1637 1633; x_wconf 74' lang='grc' dir='ltr'>τοὺς</span> <span class='ocrx_word' id='word_1_588' title='bbox 1651 1603 1795 1629; x_wconf 70' lang='grc' dir='ltr'>πιστεύον-</span> 
     </span>
    </p>
   </div>
   <div class='ocr_carea' id='block_1_79' title="bbox 1003 1642 1794 1683">
    <p class='ocr_par' dir='ltr' id='par_1_79' title="bbox 1003 1642 1794 1683">
     <span class='ocr_line' id='line_1_79' title="bbox 1003 1642 1794 1683; baseline 0.01 -16"><span class='ocrx_word' id='word_1_589' title='bbox 1003 1649 1062 1673; x_wconf 82' lang='grc' dir='ltr'>τας,</span> <span class='ocrx_word' id='word_1_590' title='bbox 1083 1642 1099 1677; x_wconf 84' lang='grc' dir='ltr'>ἦ</span> <span class='ocrx_word' id='word_1_591' title='bbox 1124 1642 1186 1674; x_wconf 80' lang='grc' dir='ltr'>τοὺς</span> <span class='ocrx_word' id='word_1_592' title='bbox 1206 1643 1396 1675; x_wconf 80' lang='grc' dir='ltr'>ἀπιστοῦντας,</span> <span class='ocrx_word' id='word_1_593' title='bbox 1422 1644 1482 1680; x_wconf 71' lang='grc' dir='ltr'>ἦτοι</span> <span class='ocrx_word' id='word_1_594' title='bbox 1507 1646 1588 1677; x_wconf 76' lang='grc' dir='ltr'>αὐτὸς</span> <span class='ocrx_word' id='word_1_595' title='bbox 1613 1647 1726 1683; x_wconf 74' lang='grc' dir='ltr'>ἀρρήτῳ</span> <span class='ocrx_word' id='word_1_596' title='bbox 1747 1650 1794 1675; x_wconf 73' lang='grc' dir='ltr'>καὶ</span> 
     </span>
    </p>
   </div>
   <div class='ocr_carea' id='block_1_80' title="bbox 1003 1687 1794 1730">
    <p class='ocr_par' dir='ltr' id='par_1_80' title="bbox 1003 1687 1794 1730">
     <span class='ocr_line' id='line_1_80' title="bbox 1003 1687 1794 1730; baseline 0.008 -16"><span class='ocrx_word' id='word_1_597' title='bbox 1003 1687 1063 1723; x_wconf 82' lang='grc' dir='ltr'>θείᾳ</span> <span class='ocrx_word' id='word_1_598' title='bbox 1078 1687 1190 1723; x_wconf 84' lang='grc' dir='ltr'>δυνάμει</span> <span class='ocrx_word' id='word_1_599' title='bbox 1206 1687 1234 1714; x_wconf 78' lang='grc' dir='ltr'><strong>ἓν</strong></span> <span class='ocrx_word' id='word_1_600' title='bbox 1253 1697 1323 1715; x_wconf 87' lang='grc' dir='ltr'>τισιν</span> <span class='ocrx_word' id='word_1_601' title='bbox 1339 1689 1474 1725; x_wconf 73' lang='grc' dir='ltr'>ἐπιδημεῖ,</span> <span class='ocrx_word' id='word_1_602' title='bbox 1490 1690 1506 1726; x_wconf 81' lang='grc' dir='ltr'>ἦ</span> <span class='ocrx_word' id='word_1_603' title='bbox 1527 1691 1630 1726; x_wconf 86' lang='grc' dir='ltr'>πέμπει</span> <span class='ocrx_word' id='word_1_604' title='bbox 1655 1693 1700 1720; x_wconf 66' lang='grc' dir='ltr'>τὸν</span> <span class='ocrx_word' id='word_1_605' title='bbox 1723 1694 1794 1730; x_wconf 83' lang='grc' dir='ltr'>Χρι-</span> 
     </span>
    </p>
   </div>
   <div class='ocr_carea' id='block_1_81' title="bbox 1003 1734 1795 1772">
    <p class='ocr_par' dir='ltr' id='par_1_81' title="bbox 1003 1734 1795 1772">
     <span class='ocr_line' id='line_1_81' title="bbox 1003 1734 1795 1772; baseline 0.008 -12"><span class='ocrx_word' id='word_1_606' title='bbox 1003 1734 1065 1760; x_wconf 78' lang='grc' dir='ltr'>στὸν</span> <span class='ocrx_word' id='word_1_607' title='bbox 1080 1734 1172 1767; x_wconf 83' lang='grc' dir='ltr'>αὑτοῦ,</span> <span class='ocrx_word' id='word_1_608' title='bbox 1189 1734 1246 1761; x_wconf 83' lang='grc' dir='ltr'>ἀλλ’</span> <span class='ocrx_word' id='word_1_609' title='bbox 1263 1735 1336 1770; x_wconf 81' lang='grc' dir='ltr'>ὑπὲρ</span> <span class='ocrx_word' id='word_1_610' title='bbox 1351 1734 1397 1761; x_wconf 90' lang='grc' dir='ltr'><strong>τοῦ</strong></span> <span class='ocrx_word' id='word_1_611' title='bbox 1417 1735 1592 1768; x_wconf 85' lang='grc' dir='ltr'>πιστεύοντας</span> <span class='ocrx_word' id='word_1_612' title='bbox 1608 1737 1657 1772; x_wconf 81' lang='grc' dir='ltr'><strong>μὲν</strong></span> <span class='ocrx_word' id='word_1_613' title='bbox 1682 1739 1731 1765; x_wconf 68' lang='grc' dir='ltr'><strong>καὶ</strong></span> <span class='ocrx_word' id='word_1_614' title='bbox 1745 1748 1795 1766; x_wconf 79' lang='grc' dir='ltr'>κα-</span> 
     </span>
    </p>
   </div>
   <div class='ocr_carea' id='block_1_82' title="bbox 1000 1779 1793 1817">
    <p class='ocr_par' dir='ltr' id='par_1_82' title="bbox 1000 1779 1793 1817">
     <span class='ocr_line' id='line_1_82' title="bbox 1000 1779 1793 1817; baseline 0.008 -11"><span class='ocrx_word' id='word_1_615' title='bbox 1000 1779 1222 1816; x_wconf 81' lang='grc' dir='ltr'>ταλαμϐάνοντας</span> <span class='ocrx_word' id='word_1_616' title='bbox 1237 1780 1320 1807; x_wconf 76' lang='grc' dir='ltr'>αὑτοῦ</span> <span class='ocrx_word' id='word_1_617' title='bbox 1346 1781 1396 1816; x_wconf 85' lang='grc' dir='ltr'>τὴν</span> <span class='ocrx_word' id='word_1_618' title='bbox 1426 1780 1550 1817; x_wconf 86' lang='grc' dir='ltr'>θεότητα,</span> <span class='ocrx_word' id='word_1_619' title='bbox 1569 1783 1793 1812; x_wconf 70' lang='grc' dir='ltr'>ἀπαλλάσσεσθαι</span> 
     </span>
    </p>
   </div>
   <div class='ocr_carea' id='block_1_83' title="bbox 1001 1826 1793 1865">
    <p class='ocr_par' dir='ltr' id='par_1_83' title="bbox 1001 1826 1793 1865">
     <span class='ocr_line' id='line_1_83' title="bbox 1001 1826 1793 1865; baseline 0.006 -13"><span class='ocrx_word' id='word_1_620' title='bbox 1001 1826 1091 1861; x_wconf 79' lang='grc' dir='ltr'>πάσης</span> <span class='ocrx_word' id='word_1_621' title='bbox 1107 1826 1325 1862; x_wconf 84' lang='grc' dir='ltr'>κακοδαιμονίας,</span> <span class='ocrx_word' id='word_1_622' title='bbox 1349 1827 1529 1860; x_wconf 77' lang='grc' dir='ltr'>ἀπιστοῦντας</span> <span class='ocrx_word' id='word_1_623' title='bbox 1551 1828 1580 1855; x_wconf 84' lang='grc' dir='ltr'>δὲ</span> <span class='ocrx_word' id='word_1_624' title='bbox 1606 1829 1669 1865; x_wconf 82' lang='grc' dir='ltr'>μηδ’</span> <span class='ocrx_word' id='word_1_625' title='bbox 1691 1831 1793 1857; x_wconf 75' lang='grc' dir='ltr'>ἀπολο-</span> 
     </span>
    </p>
   </div>
   <div class='ocr_carea' id='block_1_84' title="bbox 1000 1871 1793 1910">
    <p class='ocr_par' dir='ltr' id='par_1_84' title="bbox 1000 1871 1793 1910">
     <span class='ocr_line' id='line_1_84' title="bbox 1000 1871 1793 1910; baseline 0.008 -13"><span class='ocrx_word' id='word_1_626' title='bbox 1000 1871 1062 1905; x_wconf 86' lang='grc' dir='ltr'>γίας</span> <span class='ocrx_word' id='word_1_627' title='bbox 1078 1871 1117 1898; x_wconf 77' lang='grc' dir='ltr'>ἔτι</span> <span class='ocrx_word' id='word_1_628' title='bbox 1134 1872 1227 1908; x_wconf 81' lang='grc' dir='ltr'>χώραν</span> <span class='ocrx_word' id='word_1_629' title='bbox 1239 1872 1321 1907; x_wconf 76' lang='grc' dir='ltr'>ἔχειν,</span> <span class='ocrx_word' id='word_1_630' title='bbox 1336 1872 1373 1904; x_wconf 81' lang='grc' dir='ltr'>ὡς</span> <span class='ocrx_word' id='word_1_631' title='bbox 1390 1873 1465 1908; x_wconf 77' lang='grc' dir='ltr'>παρὰ</span> <span class='ocrx_word' id='word_1_632' title='bbox 1479 1874 1508 1900; x_wconf 80' lang='grc' dir='ltr'>τὺ</span> <span class='ocrx_word' id='word_1_633' title='bbox 1525 1874 1562 1910; x_wconf 78' lang='grc' dir='ltr'>μὴ</span> <span class='ocrx_word' id='word_1_634' title='bbox 1576 1875 1728 1910; x_wconf 78' lang='grc' dir='ltr'><strong>ἀκηκοέναι</strong></span> <span class='ocrx_word' id='word_1_635' title='bbox 1747 1878 1793 1903; x_wconf 74' lang='grc' dir='ltr'>καὶ</span> 
     </span>
    </p>
   </div>
   <div class='ocr_carea' id='block_1_85' title="bbox 999 1916 1792 1956">
    <p class='ocr_par' dir='ltr' id='par_1_85' title="bbox 999 1916 1792 1956">
     <span class='ocr_line' id='line_1_85' title="bbox 999 1916 1792 1956; baseline 0.005 -13"><span class='ocrx_word' id='word_1_636' title='bbox 999 1917 1150 1952; x_wconf 85' lang='grc' dir='ltr'>δεδιδάχθαι</span> <span class='ocrx_word' id='word_1_637' title='bbox 1158 1918 1189 1943; x_wconf 85' lang='grc' dir='ltr'>οὐ</span> <span class='ocrx_word' id='word_1_638' title='bbox 1205 1917 1402 1949; x_wconf 83' lang='grc' dir='ltr'>πιστεύσαντας</span> <span class='ocrx_word' id='word_1_639' title='bbox 1414 1918 1480 1952; x_wconf 80' lang='grc'><strong>(58).</strong></span> <span class='ocrx_word' id='word_1_640' title='bbox 1498 1919 1546 1950; x_wconf 89' lang='grc' dir='ltr'><strong>Τίς</strong></span> <span class='ocrx_word' id='word_1_641' title='bbox 1563 1916 1611 1946; x_wconf 80' lang='grc' dir='ltr'>οῦν</span> <span class='ocrx_word' id='word_1_642' title='bbox 1621 1919 1701 1955; x_wconf 78' lang='grc' dir='ltr'>λόγος</span> <span class='ocrx_word' id='word_1_643' title='bbox 1719 1930 1792 1956; x_wconf 85' lang='grc' dir='ltr'>παρ-</span> 
     </span>
    </p>
   </div>
   <div class='ocr_carea' id='block_1_86' title="bbox 1001 1961 1793 1998">
    <p class='ocr_par' dir='ltr' id='par_1_86' title="bbox 1001 1961 1793 1998">
     <span class='ocr_line' id='line_1_86' title="bbox 1001 1961 1793 1998; baseline 0.003 -10"><span class='ocrx_word' id='word_1_644' title='bbox 1001 1962 1105 1998; x_wconf 87' lang='grc' dir='ltr'>ίστησιν</span> <span class='ocrx_word' id='word_1_645' title='bbox 1132 1961 1286 1988; x_wconf 83' lang='grc' dir='ltr'>ἀκολουθεῖν</span> <span class='ocrx_word' id='word_1_646' title='bbox 1312 1962 1377 1997; x_wconf 84' lang='grc' dir='ltr'>ἡμῖν</span> <span class='ocrx_word' id='word_1_647' title='bbox 1408 1961 1437 1988; x_wconf 81' lang='grc' dir='ltr'>τὺ</span> <span class='ocrx_word' id='word_1_648' title='bbox 1459 1962 1503 1988; x_wconf 77' lang='grc' dir='ltr'>τὸν</span> <span class='ocrx_word' id='word_1_649' title='bbox 1537 1962 1603 1989; x_wconf 84' lang='grc' dir='ltr'>Θεὸν</span> <span class='ocrx_word' id='word_1_650' title='bbox 1630 1963 1692 1990; x_wconf 80' lang='grc' dir='ltr'>καθ’</span> <span class='ocrx_word' id='word_1_651' title='bbox 1715 1965 1793 1998; x_wconf 69' lang='grc' dir='ltr'>ἡμᾶς</span> 
     </span>
    </p>
   </div>
   <div class='ocr_carea' id='block_1_87' title="bbox 998 2005 1792 2043">
    <p class='ocr_par' dir='ltr' id='par_1_87' title="bbox 998 2005 1792 2043">
     <span class='ocr_line' id='line_1_87' title="bbox 998 2005 1792 2043; baseline 0.003 -10"><span class='ocrx_word' id='word_1_652' title='bbox 998 2005 1076 2039; x_wconf 70' lang='grc' dir='ltr'>εἶναι,</span> <span class='ocrx_word' id='word_1_653' title='bbox 1099 2007 1137 2039; x_wconf 88' lang='grc' dir='ltr'>ὼς</span> <span class='ocrx_word' id='word_1_654' title='bbox 1162 2007 1224 2038; x_wconf 81' lang='grc' dir='ltr'>τοὺς</span> <span class='ocrx_word' id='word_1_655' title='bbox 1249 2006 1422 2038; x_wconf 83' lang='grc' dir='ltr'>νεοπλούτους</span> <span class='ocrx_word' id='word_1_656' title='bbox 1439 2007 1493 2034; x_wconf 85' lang='grc' dir='ltr'>τῶν</span> <span class='ocrx_word' id='word_1_657' title='bbox 1513 2007 1667 2043; x_wconf 83' lang='grc' dir='ltr'>ἀνθρώπων</span> <span class='ocrx_word' id='word_1_658' title='bbox 1689 2010 1792 2035; x_wconf 78' lang='grc' dir='ltr'>ἐπιδει-</span> 
     </span>
    </p>
   </div>
   <div class='ocr_carea' id='block_1_88' title="bbox 998 2052 1791 2090">
    <p class='ocr_par' dir='ltr' id='par_1_88' title="bbox 998 2052 1791 2090">
     <span class='ocr_line' id='line_1_88' title="bbox 998 2052 1791 2090; baseline 0.003 -11"><span class='ocrx_word' id='word_1_659' title='bbox 998 2053 1148 2086; x_wconf 65' lang='grc' dir='ltr'>κτιῶντας,;</span> <span class='ocrx_word' id='word_1_660' title='bbox 1174 2053 1210 2080; x_wconf 81' lang='grc' dir='ltr'><strong>Οὐ</strong></span> <span class='ocrx_word' id='word_1_661' title='bbox 1232 2052 1287 2089; x_wconf 77' lang='grc' dir='ltr'><strong>γὰρ</strong></span> <span class='ocrx_word' id='word_1_662' title='bbox 1312 2053 1461 2088; x_wconf 78' lang='grc' dir='ltr'>ὲπιδεικτιᾷ</span> <span class='ocrx_word' id='word_1_663' title='bbox 1484 2053 1497 2079; x_wconf 81' lang='grc' dir='ltr'><strong>ὁ</strong></span> <span class='ocrx_word' id='word_1_664' title='bbox 1520 2053 1586 2085; x_wconf 83' lang='grc' dir='ltr'>Θεὸς</span> <span class='ocrx_word' id='word_1_665' title='bbox 1610 2054 1682 2090; x_wconf 78' lang='grc' dir='ltr'>πρὸς</span> <span class='ocrx_word' id='word_1_666' title='bbox 1702 2057 1791 2090; x_wconf 72' lang='grc' dir='ltr'>ἡμᾶς,</span> 
     </span>
    </p>
   </div>
   <div class='ocr_carea' id='block_1_89' title="bbox 997 2098 1791 2136">
    <p class='ocr_par' dir='ltr' id='par_1_89' title="bbox 997 2098 1791 2136">
     <span class='ocr_line' id='line_1_89' title="bbox 997 2098 1791 2136; baseline 0.004 -12"><span class='ocrx_word' id='word_1_667' title='bbox 997 2098 1155 2133; x_wconf 81' lang='grc' dir='ltr'>βουλόμενος</span> <span class='ocrx_word' id='word_1_668' title='bbox 1170 2098 1245 2133; x_wconf 75' lang='grc' dir='ltr'>ἡμᾶς</span> <span class='ocrx_word' id='word_1_669' title='bbox 1258 2098 1375 2125; x_wconf 79' lang='grc' dir='ltr'>συνιέναι</span> <span class='ocrx_word' id='word_1_670' title='bbox 1390 2098 1437 2124; x_wconf 71' lang='grc' dir='ltr'><strong>καὶ</strong></span> <span class='ocrx_word' id='word_1_671' title='bbox 1449 2100 1518 2125; x_wconf 86' lang='grc' dir='ltr'>νοεῖν</span> <span class='ocrx_word' id='word_1_672' title='bbox 1537 2098 1618 2125; x_wconf 80' lang='grc' dir='ltr'>αὑτοῦ</span> <span class='ocrx_word' id='word_1_673' title='bbox 1635 2099 1684 2135; x_wconf 81' lang='grc' dir='ltr'>τὴν</span> <span class='ocrx_word' id='word_1_674' title='bbox 1699 2101 1791 2136; x_wconf 78' lang='grc' dir='ltr'>ὑπερ-</span> 
     </span>
    </p>
   </div>
   <div class='ocr_carea' id='block_1_90' title="bbox 996 2142 1793 2180">
    <p class='ocr_par' dir='ltr' id='par_1_90' title="bbox 996 2142 1793 2180">
     <span class='ocr_line' id='line_1_90' title="bbox 996 2142 1793 2180; baseline 0.005 -12"><span class='ocrx_word' id='word_1_675' title='bbox 996 2143 1061 2178; x_wconf 88' lang='grc' dir='ltr'>οχήν</span> <span class='ocrx_word' id='word_1_676' title='bbox 1077 2142 1131 2178; x_wconf 82' lang='grc'>(59)</span> <span class='ocrx_word' id='word_1_677' title='bbox 1142 2151 1148 2157; x_wconf 81' lang='grc'><strong><em>³</em></strong></span> <span class='ocrx_word' id='word_1_678' title='bbox 1166 2142 1234 2169; x_wconf 82' lang='grc' dir='ltr'><strong>ἀλλά</strong></span> <span class='ocrx_word' id='word_1_679' title='bbox 1249 2142 1297 2178; x_wconf 86' lang='grc' dir='ltr'><strong>τὴν</strong></span> <span class='ocrx_word' id='word_1_680' title='bbox 1314 2143 1368 2169; x_wconf 82' lang='grc' dir='ltr'><strong>ἀπὸ</strong></span> <span class='ocrx_word' id='word_1_681' title='bbox 1383 2142 1430 2169; x_wconf 84' lang='grc' dir='ltr'><strong>τοῦ</strong></span> <span class='ocrx_word' id='word_1_682' title='bbox 1448 2143 1647 2177; x_wconf 84' lang='grc' dir='ltr'>γιγνώσκεσθαι</span> <span class='ocrx_word' id='word_1_683' title='bbox 1660 2146 1729 2180; x_wconf 83' lang='grc' dir='ltr'>ἡμῖν</span> <span class='ocrx_word' id='word_1_684' title='bbox 1743 2146 1793 2172; x_wconf 74' lang='grc' dir='ltr'><strong>αὗ-</strong></span> 
     </span>
    </p>
   </div>
   <div class='ocr_carea' id='block_1_91' title="bbox 161 2187 939 2226">
    <p class='ocr_par' dir='ltr' id='par_1_91' title="bbox 161 2187 939 2223">
     <span class='ocr_line' id='line_1_91' title="bbox 161 2187 939 2223; baseline -0.005 -6"><span class='ocrx_word' id='word_1_685' title='bbox 161 2191 261 2217; x_wconf 86' lang='lat' dir='ltr'><strong>animis</strong></span> <span class='ocrx_word' id='word_1_686' title='bbox 273 2190 430 2217; x_wconf 81' lang='lat' dir='ltr'><strong>felicitatem</strong></span> <span class='ocrx_word' id='word_1_687' title='bbox 454 2190 480 2216; x_wconf 94' lang='lat' dir='ltr'><strong>in</strong></span> <span class='ocrx_word' id='word_1_688' title='bbox 505 2189 545 2216; x_wconf 91' lang='lat' dir='ltr'><strong>sui</strong></span> <span class='ocrx_word' id='word_1_689' title='bbox 568 2189 725 2223; x_wconf 82' lang='lat' dir='ltr'><strong>cognitione</strong></span> <span class='ocrx_word' id='word_1_690' title='bbox 749 2187 865 2221; x_wconf 88' lang='lat' dir='ltr'><strong>positam</strong></span> <span class='ocrx_word' id='word_1_691' title='bbox 882 2195 939 2214; x_wconf 35' lang='lat' dir='ltr'><strong>cont</strong></span> 
     </span>
    </p>
   </div>
   <div class='ocr_carea' id='block_1_92' title="bbox 1027 2187 1791 2226">
    <p class='ocr_par' dir='ltr' id='par_1_92' title="bbox 1029 2188 1791 2226">
     <span class='ocr_line' id='line_1_92' title="bbox 1029 2188 1791 2226; baseline 0 -10"><span class='ocrx_word' id='word_1_692' title='bbox 1029 2198 1043 2216; x_wconf 85' lang='grc' dir='ltr'><strong>ν</strong></span> <span class='ocrx_word' id='word_1_693' title='bbox 1058 2188 1234 2224; x_wconf 80' lang='grc' dir='ltr'>ὲγγινομένην</span> <span class='ocrx_word' id='word_1_694' title='bbox 1249 2190 1309 2220; x_wconf 85' lang='grc' dir='ltr'>ταῖς</span> <span class='ocrx_word' id='word_1_695' title='bbox 1323 2188 1421 2224; x_wconf 76' lang='grc' dir='ltr'>ψυχαῖς</span> <span class='ocrx_word' id='word_1_696' title='bbox 1437 2188 1514 2224; x_wconf 80' lang='grc' dir='ltr'>ἡμῶν</span> <span class='ocrx_word' id='word_1_697' title='bbox 1534 2190 1728 2226; x_wconf 74' lang='grc' dir='ltr'>μακαριότητα</span> <span class='ocrx_word' id='word_1_698' title='bbox 1740 2192 1791 2225; x_wconf 77' lang='grc' dir='ltr'><strong>ἐμ-</strong></span> 
     </span>
    </p>
   </div>
   <div class='ocr_carea' id='block_1_93' title="bbox 160 2232 944 2270">
    <p class='ocr_par' dir='ltr' id='par_1_93' title="bbox 160 2232 944 2270">
     <span class='ocr_line' id='line_1_93' title="bbox 160 2232 944 2270; baseline -0.006 -7"><span class='ocrx_word' id='word_1_699' title='bbox 160 2236 233 2263; x_wconf 87' lang='lat' dir='ltr'><strong>ferre</strong></span> <span class='ocrx_word' id='word_1_700' title='bbox 248 2239 333 2270; x_wconf 89' lang='lat' dir='ltr'><strong>optat,</strong></span> <span class='ocrx_word' id='word_1_701' title='bbox 345 2236 379 2263; x_wconf 88' lang='lat' dir='ltr'><strong>ob</strong></span> <span class='ocrx_word' id='word_1_702' title='bbox 392 2235 462 2262; x_wconf 87' lang='lat' dir='ltr'><strong>hanc</strong></span> <span class='ocrx_word' id='word_1_703' title='bbox 485 2241 542 2262; x_wconf 90' lang='lat' dir='ltr'><strong>rem</strong></span> <span class='ocrx_word' id='word_1_704' title='bbox 564 2234 669 2261; x_wconf 83' lang='lat' dir='ltr'><strong>curavit</strong></span> <span class='ocrx_word' id='word_1_705' title='bbox 692 2238 720 2261; x_wconf 89' lang='lat' dir='ltr'><strong>ut</strong></span> <span class='ocrx_word' id='word_1_706' title='bbox 739 2233 862 2260; x_wconf 87' lang='lat' dir='ltr'><strong>Christus</strong></span> <span class='ocrx_word' id='word_1_707' title='bbox 877 2232 944 2259; x_wconf 80' lang='lat' dir='ltr'><strong>Ver-</strong></span> 
     </span>
    </p>
   </div>
   <div class='ocr_carea' id='block_1_94' title="bbox 159 2279 942 2316">
    <p class='ocr_par' dir='ltr' id='par_1_94' title="bbox 159 2279 942 2316">
     <span class='ocr_line' id='line_1_94' title="bbox 159 2279 942 2316; baseline -0.003 -8"><span class='ocrx_word' id='word_1_708' title='bbox 159 2282 278 2316; x_wconf 90' lang='lat' dir='ltr'><strong>bumquc</strong></span> <span class='ocrx_word' id='word_1_709' title='bbox 295 2284 424 2316; x_wconf 85' lang='lat' dir='ltr'><strong>perpetuo</strong></span> <span class='ocrx_word' id='word_1_710' title='bbox 448 2280 517 2314; x_wconf 86' lang='lat' dir='ltr'><strong>apud</strong></span> <span class='ocrx_word' id='word_1_711' title='bbox 532 2287 580 2306; x_wconf 93' lang='lat' dir='ltr'><strong>nos</strong></span> <span class='ocrx_word' id='word_1_712' title='bbox 596 2283 759 2312; x_wconf 77' lang='lat' dir='ltr'><strong>versaretur,</strong></span> <span class='ocrx_word' id='word_1_713' title='bbox 782 2286 886 2312; x_wconf 84' lang='lat' dir='ltr'><strong>nosque</strong></span> <span class='ocrx_word' id='word_1_714' title='bbox 908 2279 942 2306; x_wconf 91' lang='lat' dir='ltr'><strong>ad</strong></span> 
     </span>
    </p>
   </div>
   <div class='ocr_carea' id='block_1_95' title="bbox 159 2324 941 2361">
    <p class='ocr_par' dir='ltr' id='par_1_95' title="bbox 159 2324 941 2361">
     <span class='ocr_line' id='line_1_95' title="bbox 159 2324 941 2361; baseline -0.005 -7"><span class='ocrx_word' id='word_1_715' title='bbox 159 2327 218 2361; x_wconf 89' lang='lat' dir='ltr'><strong>ejus</strong></span> <span class='ocrx_word' id='word_1_716' title='bbox 233 2327 444 2354; x_wconf 88' lang='lat' dir='ltr'><strong>familiaritatem</strong></span> <span class='ocrx_word' id='word_1_717' title='bbox 467 2326 604 2353; x_wconf 86' lang='lat' dir='ltr'><strong>invitaret.</strong></span> <span class='ocrx_word' id='word_1_718' title='bbox 621 2324 726 2352; x_wconf 86' lang='lat' dir='ltr'><strong>Nullam</strong></span> <span class='ocrx_word' id='word_1_719' title='bbox 744 2325 826 2359; x_wconf 84' lang='lat' dir='ltr'><strong>igitur</strong></span> <span class='ocrx_word' id='word_1_720' title='bbox 839 2329 941 2350; x_wconf 81' lang='lat' dir='ltr'><strong>morta-</strong></span> 
     </span>
    </p>
   </div>
   <div class='ocr_carea' id='block_1_96' title="bbox 159 2369 940 2407">
    <p class='ocr_par' dir='ltr' id='par_1_96' title="bbox 159 2369 940 2407">
     <span class='ocr_line' id='line_1_96' title="bbox 159 2369 940 2407; baseline -0.006 -8"><span class='ocrx_word' id='word_1_721' title='bbox 159 2372 193 2400; x_wconf 86' lang='lat' dir='ltr'><strong>lis</strong></span> <span class='ocrx_word' id='word_1_722' title='bbox 215 2372 307 2407; x_wconf 68' lang='lat' dir='ltr'><strong>glorite</strong></span> <span class='ocrx_word' id='word_1_723' title='bbox 326 2371 502 2400; x_wconf 86' lang='lat' dir='ltr'><strong>ambitionem</strong></span> <span class='ocrx_word' id='word_1_724' title='bbox 525 2370 581 2398; x_wconf 90' lang='lat' dir='ltr'><strong>Deo</strong></span> <span class='ocrx_word' id='word_1_725' title='bbox 605 2370 700 2397; x_wconf 87' lang='lat' dir='ltr'><strong>tribuit</strong></span> <span class='ocrx_word' id='word_1_726' title='bbox 722 2369 940 2397; x_wconf 85' lang='lat' dir='ltr'><strong>Christianorum</strong></span> 
     </span>
    </p>
   </div>
   <div class='ocr_carea' id='block_1_97' title="bbox 158 2419 237 2446">
    <p class='ocr_par' dir='ltr' id='par_1_97' title="bbox 158 2419 237 2446">
     <span class='ocr_line' id='line_1_97' title="bbox 158 2419 237 2446; baseline 0 -1"><span class='ocrx_word' id='word_1_727' title='bbox 158 2419 237 2446; x_wconf 82' lang='lat' dir='ltr'><strong>tides.</strong></span> 
     </span>
    </p>
   </div>
   <div class='ocr_carea' id='block_1_98' title="bbox 193 2460 940 2499">
    <p class='ocr_par' dir='ltr' id='par_1_98' title="bbox 193 2460 940 2499">
     <span class='ocr_line' id='line_1_98' title="bbox 193 2460 940 2499; baseline -0.007 -7"><span class='ocrx_word' id='word_1_728' title='bbox 193 2465 221 2492; x_wconf 87' lang='lat'><strong>7.</strong></span> <span class='ocrx_word' id='word_1_729' title='bbox 243 2464 388 2499; x_wconf 84' lang='lat' dir='ltr'><strong>Postquam</strong></span> <span class='ocrx_word' id='word_1_730' title='bbox 404 2463 460 2490; x_wconf 78' lang='lat' dir='ltr'><strong>hzec</strong></span> <span class='ocrx_word' id='word_1_731' title='bbox 474 2469 534 2497; x_wconf 62' lang='lat' dir='ltr'><strong>quae</strong></span> <span class='ocrx_word' id='word_1_732' title='bbox 546 2461 696 2489; x_wconf 85' lang='lat' dir='ltr'><strong>refellimus</strong></span> <span class='ocrx_word' id='word_1_733' title='bbox 710 2460 809 2488; x_wconf 84' lang='lat' dir='ltr'><strong>frustra</strong></span> <span class='ocrx_word' id='word_1_734' title='bbox 825 2466 940 2495; x_wconf 75' lang='lat' dir='ltr'><strong>nugatus</strong></span> 
     </span>
    </p>
   </div>
   <div class='ocr_carea' id='block_1_99' title="bbox 157 2507 937 2544">
    <p class='ocr_par' dir='ltr' id='par_1_99' title="bbox 157 2507 937 2544">
     <span class='ocr_line' id='line_1_99' title="bbox 157 2507 937 2544; baseline -0.008 -6"><span class='ocrx_word' id='word_1_735' title='bbox 157 2515 208 2543; x_wconf 87' lang='lat' dir='ltr'><strong>est,</strong></span> <span class='ocrx_word' id='word_1_736' title='bbox 223 2515 315 2544; x_wconf 86' lang='lat' dir='ltr'><strong>postea</strong></span> <span class='ocrx_word' id='word_1_737' title='bbox 330 2511 422 2537; x_wconf 73' lang='lat' dir='ltr'><strong>nescio</strong></span> <span class='ocrx_word' id='word_1_738' title='bbox 440 2509 574 2544; x_wconf 86' lang='lat' dir='ltr'><strong>quomodo</strong></span> <span class='ocrx_word' id='word_1_739' title='bbox 590 2508 736 2540; x_wconf 87' lang='lat' dir='ltr'><strong>concludit,</strong></span> <span class='ocrx_word' id='word_1_740' title='bbox 754 2517 763 2533; x_wconf 85' lang='grc' dir='ltr'><strong>ι</strong></span> <span class='ocrx_word' id='word_1_741' title='bbox 785 2507 869 2533; x_wconf 83' lang='lat' dir='ltr'><strong>Deum</strong></span> <span class='ocrx_word' id='word_1_742' title='bbox 884 2513 937 2533; x_wconf 88' lang='lat' dir='ltr'><strong>non</strong></span> 
     </span>
    </p>
   </div>
   <div class='ocr_carea' id='block_1_100' title="bbox 155 2553 934 2592">
    <p class='ocr_par' dir='ltr' id='par_1_100' title="bbox 155 2553 934 2592">
     <span class='ocr_line' id='line_1_100' title="bbox 155 2553 934 2592; baseline -0.008 -8"><span class='ocrx_word' id='word_1_743' title='bbox 155 2561 266 2592; x_wconf 87' lang='lat' dir='ltr'><strong>propter</strong></span> <span class='ocrx_word' id='word_1_744' title='bbox 277 2564 306 2584; x_wconf 90' lang='lat' dir='ltr'><strong>se</strong></span> <span class='ocrx_word' id='word_1_745' title='bbox 329 2556 448 2590; x_wconf 76' lang='lat' dir='ltr'><strong>indigere</strong></span> <span class='ocrx_word' id='word_1_746' title='bbox 463 2559 491 2581; x_wconf 92' lang='lat' dir='ltr'><strong>ut</strong></span> <span class='ocrx_word' id='word_1_747' title='bbox 510 2558 699 2589; x_wconf 80' lang='lat' dir='ltr'><strong>cognoscatur.</strong></span> <span class='ocrx_word' id='word_1_748' title='bbox 713 2553 758 2580; x_wconf 87' lang='lat' dir='ltr'><strong>sed</strong></span> <span class='ocrx_word' id='word_1_749' title='bbox 774 2557 873 2579; x_wconf 70' lang='lat' dir='ltr'><strong>nostra:</strong></span> <span class='ocrx_word' id='word_1_750' title='bbox 888 2559 934 2578; x_wconf 87' lang='lat' dir='ltr'><strong>sa-</strong></span> 
     </span>
    </p>
   </div>
   <div class='ocr_carea' id='block_1_101' title="bbox 190 2630 933 2668">
    <p class='ocr_par' dir='ltr' id='par_1_101' title="bbox 190 2630 933 2668">
     <span class='ocr_line' id='line_1_101' title="bbox 190 2630 933 2668; baseline -0.008 -7"><span class='ocrx_word' id='word_1_751' title='bbox 190 2633 247 2668; x_wconf 67' lang='grc'><strong>(54)</strong></span> <span class='ocrx_word' id='word_1_752' title='bbox 267 2634 418 2668; x_wconf 84' lang='lat' dir='ltr'><strong>Spencerus</strong></span> <span class='ocrx_word' id='word_1_753' title='bbox 438 2633 464 2659; x_wconf 89' lang='lat' dir='ltr'><strong>in</strong></span> <span class='ocrx_word' id='word_1_754' title='bbox 482 2637 565 2662; x_wconf 80' lang='lat' dir='ltr'><strong>textu.</strong></span> <span class='ocrx_word' id='word_1_755' title='bbox 581 2631 628 2668; x_wconf 78' lang='grc' dir='ltr'><strong>ἐὰν</strong></span> <span class='ocrx_word' id='word_1_756' title='bbox 642 2631 695 2668; x_wconf 80' lang='grc' dir='ltr'>γὰρ</span> <span class='ocrx_word' id='word_1_757' title='bbox 718 2631 765 2658; x_wconf 79' lang='grc' dir='ltr'>καὶ</span> <span class='ocrx_word' id='word_1_758' title='bbox 787 2630 933 2656; x_wconf 76' lang='grc' dir='ltr'>ἐκλείπειν.</span> 
     </span>
    </p>
   </div>
   <div class='ocr_carea' id='block_1_102' title="bbox 154 2666 733 2702">
    <p class='ocr_par' dir='ltr' id='par_1_102' title="bbox 154 2666 733 2702">
     <span class='ocr_line' id='line_1_102' title="bbox 154 2666 733 2702; baseline -0.003 -8"><span class='ocrx_word' id='word_1_759' title='bbox 154 2666 314 2696; x_wconf 77' lang='lat' dir='ltr'><strong>Bohnrcllus</strong></span> <span class='ocrx_word' id='word_1_760' title='bbox 330 2668 404 2701; x_wconf 75' lang='lat' dir='ltr'><strong>legit,</strong></span> <span class='ocrx_word' id='word_1_761' title='bbox 419 2668 466 2693; x_wconf 74' lang='lat' dir='ltr'><strong>Eva.</strong></span> <span class='ocrx_word' id='word_1_762' title='bbox 478 2667 531 2702; x_wconf 75' lang='grc' dir='ltr'>γὰρ</span> <span class='ocrx_word' id='word_1_763' title='bbox 547 2668 571 2692; x_wconf 83' lang='grc' dir='ltr'><strong>εί</strong></span> <span class='ocrx_word' id='word_1_764' title='bbox 588 2666 733 2702; x_wconf 77' lang='grc' dir='ltr'>ἐκλείπειν.</span> 
     </span>
    </p>
   </div>
   <div class='ocr_carea' id='block_1_103' title="bbox 189 2699 933 2738">
    <p class='ocr_par' dir='ltr' id='par_1_103' title="bbox 189 2699 933 2738">
     <span class='ocr_line' id='line_1_103' title="bbox 189 2699 933 2738; baseline -0.008 -8"><span class='ocrx_word' id='word_1_765' title='bbox 189 2704 245 2738; x_wconf 82' lang='lat'><strong>(55)</strong></span> <span class='ocrx_word' id='word_1_766' title='bbox 265 2699 712 2738; x_wconf 37' lang='lat' dir='ltr'><strong>Codexliegiusfdt-kozpavodpseet,</strong></span> <span class='ocrx_word' id='word_1_767' title='bbox 741 2705 824 2728; x_wconf 81' lang='lat' dir='ltr'><strong>recte.</strong></span> <span class='ocrx_word' id='word_1_768' title='bbox 850 2699 933 2730; x_wconf 77' lang='lat' dir='ltr'><strong>Alias,</strong></span> 
     </span>
    </p>
   </div>
   <div class='ocr_carea' id='block_1_104' title="bbox 153 2737 367 2772">
    <p class='ocr_par' dir='ltr' id='par_1_104' title="bbox 153 2737 367 2772">
     <span class='ocr_line' id='line_1_104' title="bbox 153 2737 367 2772; baseline -0.005 -9"><span class='ocrx_word' id='word_1_769' title='bbox 153 2737 367 2772; x_wconf 79' lang='grc' dir='ltr'>ἀποφαινόμεθα.</span> 
     </span>
    </p>
   </div>
   <div class='ocr_carea' id='block_1_105' title="bbox 189 2768 932 2806">
    <p class='ocr_par' dir='ltr' id='par_1_105' title="bbox 189 2768 932 2806">
     <span class='ocr_line' id='line_1_105' title="bbox 189 2768 932 2806; baseline -0.007 -8"><span class='ocrx_word' id='word_1_770' title='bbox 189 2768 244 2806; x_wconf 66' lang='grc'><strong>(36)</strong></span> <span class='ocrx_word' id='word_1_771' title='bbox 265 2768 319 2798; x_wconf 71' lang='lat' dir='ltr'><strong>God</strong></span> <span class='ocrx_word' id='word_1_772' title='bbox 332 2780 353 2797; x_wconf 70' lang='grc' dir='ltr'>-κ</span> <span class='ocrx_word' id='word_1_773' title='bbox 377 2771 497 2806; x_wconf 76' lang='lat' dir='ltr'><strong>Julianus</strong></span> <span class='ocrx_word' id='word_1_774' title='bbox 522 2771 650 2806; x_wconf 18' lang='lat' dir='ltr'><strong>secunda,</strong></span> <span class='ocrx_word' id='word_1_775' title='bbox 664 2778 763 2806; x_wconf 63' lang='lat' dir='ltr'><strong>manu,</strong></span> <span class='ocrx_word' id='word_1_776' title='bbox 783 2768 836 2806; x_wconf 76' lang='grc' dir='ltr'>τῷν</span> <span class='ocrx_word' id='word_1_777' title='bbox 858 2768 932 2803; x_wconf 80' lang='grc' dir='ltr'>τῇδε,</span> 
     </span>
    </p>
   </div>
   <div class='ocr_carea' id='block_1_106' title="bbox 153 2804 932 2839">
    <p class='ocr_par' dir='ltr' id='par_1_106' title="bbox 153 2804 932 2839">
     <span class='ocr_line' id='line_1_106' title="bbox 153 2804 932 2839; baseline -0.005 -7"><span class='ocrx_word' id='word_1_778' title='bbox 153 2804 382 2835; x_wconf 70' lang='grc' dir='ltr'><strong>Υυοιθ.ἈΙίυδ,τοῦ</strong></span> <span class='ocrx_word' id='word_1_779' title='bbox 390 2806 462 2839; x_wconf 79' lang='grc' dir='ltr'>τῇδε.</span> <span class='ocrx_word' id='word_1_780' title='bbox 476 2805 557 2830; x_wconf 80' lang='lat' dir='ltr'><strong>Paulo</strong></span> <span class='ocrx_word' id='word_1_781' title='bbox 565 2811 623 2839; x_wconf 86' lang='lat' dir='ltr'><strong>post</strong></span> <span class='ocrx_word' id='word_1_782' title='bbox 632 2805 798 2832; x_wconf 66' lang='lat' dir='ltr'><strong>llmschelius</strong></span> <span class='ocrx_word' id='word_1_783' title='bbox 808 2804 914 2838; x_wconf 80' lang='lat' dir='ltr'><strong>in_textu</strong></span> <span class='ocrx_word' id='word_1_784' title='bbox 925 2823 932 2836; x_wconf 81' lang='lat'><strong>,</strong></span> 
     </span>
    </p>
   </div>
   <div class='ocr_carea' id='block_1_107' title="bbox 154 2839 642 2875">
    <p class='ocr_par' dir='ltr' id='par_1_107' title="bbox 154 2839 642 2875">
     <span class='ocr_line' id='line_1_107' title="bbox 154 2839 642 2875; baseline 0 -10"><span class='ocrx_word' id='word_1_785' title='bbox 154 2840 293 2875; x_wconf 70' lang='grc' dir='ltr'>παρρησίᾳ</span> <span class='ocrx_word' id='word_1_786' title='bbox 313 2840 452 2874; x_wconf 81' lang='grc' dir='ltr'>δυνάμεως</span> <span class='ocrx_word' id='word_1_787' title='bbox 467 2839 546 2871; x_wconf 88' lang='grc' dir='ltr'>Θεοῦ,</span> <span class='ocrx_word' id='word_1_788' title='bbox 564 2839 642 2866; x_wconf 87' lang='lat' dir='ltr'><strong>male.</strong></span> 
     </span>
    </p>
   </div>
   <div class='ocr_carea' id='block_1_108' title="bbox 997 2233 1790 2270">
    <p class='ocr_par' dir='ltr' id='par_1_108' title="bbox 997 2233 1790 2270">
     <span class='ocr_line' id='line_1_108' title="bbox 997 2233 1790 2270; baseline 0.001 -10"><span class='ocrx_word' id='word_1_789' title='bbox 997 2234 1110 2269; x_wconf 74' lang='grc' dir='ltr'>φύεσθαι</span> <span class='ocrx_word' id='word_1_790' title='bbox 1121 2235 1185 2270; x_wconf 77' lang='grc' dir='ltr'><strong>ἡμῖν</strong></span> <span class='ocrx_word' id='word_1_791' title='bbox 1198 2233 1292 2265; x_wconf 78' lang='grc' dir='ltr'>θέλων,</span> <span class='ocrx_word' id='word_1_792' title='bbox 1307 2233 1528 2269; x_wconf 82' lang='grc' dir='ltr'>πραγματεύεται</span> <span class='ocrx_word' id='word_1_793' title='bbox 1539 2233 1584 2260; x_wconf 82' lang='grc' dir='ltr'>διὰ</span> <span class='ocrx_word' id='word_1_794' title='bbox 1595 2234 1644 2261; x_wconf 81' lang='grc' dir='ltr'><strong>τοῦ</strong></span> <span class='ocrx_word' id='word_1_795' title='bbox 1656 2235 1790 2270; x_wconf 76' lang='grc' dir='ltr'>Χριστοῦ,</span> 
     </span>
    </p>
   </div>
   <div class='ocr_carea' id='block_1_109' title="bbox 997 2278 1790 2315">
    <p class='ocr_par' dir='ltr' id='par_1_109' title="bbox 997 2278 1790 2315">
     <span class='ocr_line' id='line_1_109' title="bbox 997 2278 1790 2315; baseline 0 -8"><span class='ocrx_word' id='word_1_796' title='bbox 997 2280 1042 2307; x_wconf 77' lang='grc' dir='ltr'><strong>καὶ</strong></span> <span class='ocrx_word' id='word_1_797' title='bbox 1067 2280 1115 2315; x_wconf 80' lang='grc' dir='ltr'>τῆς</span> <span class='ocrx_word' id='word_1_798' title='bbox 1137 2279 1181 2305; x_wconf 76' lang='grc' dir='ltr'><strong>ἀεὶ</strong></span> <span class='ocrx_word' id='word_1_799' title='bbox 1205 2278 1350 2314; x_wconf 75' lang='grc' dir='ltr'>ἐπιδημίας</span> <span class='ocrx_word' id='word_1_800' title='bbox 1378 2278 1425 2304; x_wconf 85' lang='grc' dir='ltr'><strong>τοῦ</strong></span> <span class='ocrx_word' id='word_1_801' title='bbox 1454 2279 1552 2313; x_wconf 84' lang='grc' dir='ltr'>Λόγου,</span> <span class='ocrx_word' id='word_1_802' title='bbox 1582 2279 1790 2314; x_wconf 69' lang='grc' dir='ltr'>ἀναλαμϐάνειν</span> 
     </span>
    </p>
   </div>
   <div class='ocr_carea' id='block_1_110' title="bbox 996 2323 1789 2361">
    <p class='ocr_par' dir='ltr' id='par_1_110' title="bbox 996 2323 1789 2361">
     <span class='ocr_line' id='line_1_110' title="bbox 996 2323 1789 2361; baseline 0 -9"><span class='ocrx_word' id='word_1_803' title='bbox 996 2326 1068 2360; x_wconf 83' lang='grc' dir='ltr'>ἡμᾶς</span> <span class='ocrx_word' id='word_1_804' title='bbox 1086 2325 1134 2360; x_wconf 80' lang='grc' dir='ltr'>τὴν</span> <span class='ocrx_word' id='word_1_805' title='bbox 1151 2325 1218 2360; x_wconf 76' lang='grc' dir='ltr'>πρὸς</span> <span class='ocrx_word' id='word_1_806' title='bbox 1238 2325 1318 2351; x_wconf 78' lang='grc' dir='ltr'>αὑτὸν</span> <span class='ocrx_word' id='word_1_807' title='bbox 1334 2324 1479 2352; x_wconf 81' lang='grc' dir='ltr'>οίκείωσιν.</span> <span class='ocrx_word' id='word_1_808' title='bbox 1497 2324 1633 2360; x_wconf 74' lang='grc' dir='ltr'>Οὑδεμίαν</span> <span class='ocrx_word' id='word_1_809' title='bbox 1650 2323 1698 2352; x_wconf 75' lang='grc' dir='ltr'>οὖν</span> <span class='ocrx_word' id='word_1_810' title='bbox 1721 2325 1789 2361; x_wconf 80' lang='grc' dir='ltr'>θνη-</span> 
     </span>
    </p>
   </div>
   <div class='ocr_carea' id='block_1_111' title="bbox 992 2369 1788 2407">
    <p class='ocr_par' dir='ltr' id='par_1_111' title="bbox 992 2369 1788 2407">
     <span class='ocr_line' id='line_1_111' title="bbox 992 2369 1788 2407; baseline 0 -10"><span class='ocrx_word' id='word_1_811' title='bbox 992 2371 1041 2406; x_wconf 87' lang='grc' dir='ltr'>τὴν</span> <span class='ocrx_word' id='word_1_812' title='bbox 1063 2370 1216 2406; x_wconf 82' lang='grc' dir='ltr'>φιλοτιμίαν</span> <span class='ocrx_word' id='word_1_813' title='bbox 1239 2371 1252 2396; x_wconf 87' lang='grc' dir='ltr'>ὁ</span> <span class='ocrx_word' id='word_1_814' title='bbox 1277 2369 1445 2406; x_wconf 78' lang='grc' dir='ltr'>Χριστιανῶν</span> <span class='ocrx_word' id='word_1_815' title='bbox 1472 2369 1550 2404; x_wconf 86' lang='grc' dir='ltr'>λόγος</span> <span class='ocrx_word' id='word_1_816' title='bbox 1575 2378 1788 2407; x_wconf 57' lang='grc' dir='ltr'>καταμαρτυρεῖ</span> 
     </span>
    </p>
   </div>
   <div class='ocr_carea' id='block_1_112' title="bbox 993 2415 1133 2442">
    <p class='ocr_par' dir='ltr' id='par_1_112' title="bbox 993 2415 1133 2442">
     <span class='ocr_line' id='line_1_112' title="bbox 993 2415 1133 2442; baseline -0.007 0"><span class='ocrx_word' id='word_1_817' title='bbox 993 2415 1038 2442; x_wconf 89' lang='grc' dir='ltr'><strong>τοῦ</strong></span> <span class='ocrx_word' id='word_1_818' title='bbox 1055 2415 1133 2442; x_wconf 88' lang='grc' dir='ltr'>Θεοῦ.</span> 
     </span>
    </p>
   </div>
   <div class='ocr_carea' id='block_1_113' title="bbox 1027 2458 1788 2496">
    <p class='ocr_par' dir='ltr' id='par_1_113' title="bbox 1027 2458 1788 2496">
     <span class='ocr_line' id='line_1_113' title="bbox 1027 2458 1788 2496; baseline 0.003 -10"><span class='ocrx_word' id='word_1_819' title='bbox 1027 2460 1083 2486; x_wconf 80' lang='grc' dir='ltr'><strong>Οὐκ</strong></span> <span class='ocrx_word' id='word_1_820' title='bbox 1102 2458 1159 2486; x_wconf 75' lang='grc' dir='ltr'>οἶδα</span> <span class='ocrx_word' id='word_1_821' title='bbox 1172 2460 1194 2486; x_wconf 75' lang='grc' dir='ltr'>δ’</span> <span class='ocrx_word' id='word_1_822' title='bbox 1208 2460 1281 2491; x_wconf 82' lang='grc' dir='ltr'>ὅπως</span> <span class='ocrx_word' id='word_1_823' title='bbox 1297 2459 1454 2496; x_wconf 75' lang='grc' dir='ltr'>φλυαρήσας</span> <span class='ocrx_word' id='word_1_824' title='bbox 1472 2459 1560 2494; x_wconf 81' lang='grc' dir='ltr'>μάτην</span> <span class='ocrx_word' id='word_1_825' title='bbox 1576 2460 1620 2494; x_wconf 74' lang='grc' dir='ltr'><strong>ἐφ’</strong></span> <span class='ocrx_word' id='word_1_826' title='bbox 1636 2459 1679 2493; x_wconf 72' lang='grc' dir='ltr'><strong>οἷς</strong></span> <span class='ocrx_word' id='word_1_827' title='bbox 1692 2461 1788 2494; x_wconf 57' lang='lat'><strong>£5595.-</strong></span> 
     </span>
    </p>
   </div>
   <div class='ocr_carea' id='block_1_114' title="bbox 993 2505 1786 2541">
    <p class='ocr_par' dir='ltr' id='par_1_114' title="bbox 993 2505 1786 2541">
     <span class='ocr_line' id='line_1_114' title="bbox 993 2505 1786 2541; baseline 0.001 -9"><span class='ocrx_word' id='word_1_828' title='bbox 993 2506 1072 2541; x_wconf 83' lang='grc' dir='ltr'>μεοα,</span> <span class='ocrx_word' id='word_1_829' title='bbox 1094 2505 1206 2541; x_wconf 80' lang='grc' dir='ltr'>ὕστερόν</span> <span class='ocrx_word' id='word_1_830' title='bbox 1231 2514 1296 2531; x_wconf 85' lang='grc' dir='ltr'>ποτε</span> <span class='ocrx_word' id='word_1_831' title='bbox 1314 2505 1460 2537; x_wconf 74' lang='grc' dir='ltr'>ἐκτίθεται,</span> <span class='ocrx_word' id='word_1_832' title='bbox 1482 2505 1522 2531; x_wconf 85' lang='grc' dir='ltr'>ὅτι</span> <span class='ocrx_word' id='word_1_833' title='bbox 1547 2514 1556 2531; x_wconf 77' lang='grc' dir='ltr'><strong>ι</strong></span> <span class='ocrx_word' id='word_1_834' title='bbox 1586 2506 1618 2532; x_wconf 80' lang='grc' dir='ltr'>οὐ</span> <span class='ocrx_word' id='word_1_835' title='bbox 1642 2506 1677 2532; x_wconf 76' lang='grc' dir='ltr'>δι’</span> <span class='ocrx_word' id='word_1_836' title='bbox 1701 2507 1786 2533; x_wconf 65' lang='grc' dir='ltr'>αὑτὸν</span> 
     </span>
    </p>
   </div>
   <div class='ocr_carea' id='block_1_115' title="bbox 987 2550 1782 2587">
    <p class='ocr_par' dir='ltr' id='par_1_115' title="bbox 987 2550 1782 2587">
     <span class='ocr_line' id='line_1_115' title="bbox 987 2550 1782 2587; baseline 0 -9"><span class='ocrx_word' id='word_1_837' title='bbox 987 2551 1113 2587; x_wconf 85' lang='grc' dir='ltr'>δεόμενος</span> <span class='ocrx_word' id='word_1_838' title='bbox 1127 2550 1290 2586; x_wconf 85' lang='grc' dir='ltr'>γνωσθῆναι,</span> <span class='ocrx_word' id='word_1_839' title='bbox 1311 2551 1379 2578; x_wconf 88' lang='grc' dir='ltr'><strong>ἀλλά</strong></span> <span class='ocrx_word' id='word_1_840' title='bbox 1400 2550 1443 2577; x_wconf 79' lang='grc' dir='ltr'><strong>διὰ</strong></span> <span class='ocrx_word' id='word_1_841' title='bbox 1462 2550 1510 2586; x_wconf 86' lang='grc' dir='ltr'>τὴν</span> <span class='ocrx_word' id='word_1_842' title='bbox 1530 2551 1672 2587; x_wconf 79' lang='grc' dir='ltr'>ἡμετέραν</span> <span class='ocrx_word' id='word_1_843' title='bbox 1692 2561 1782 2586; x_wconf 62' lang='lat' dir='ltr'><strong>curn;-</strong></span> 
     </span>
    </p>
   </div>
   <div class='ocr_carea' id='block_1_116' title="bbox 1026 2628 1784 2665">
    <p class='ocr_par' dir='ltr' id='par_1_116' title="bbox 1026 2628 1784 2665">
     <span class='ocr_line' id='line_1_116' title="bbox 1026 2628 1784 2665; baseline -0.001 -9"><span class='ocrx_word' id='word_1_844' title='bbox 1026 2629 1081 2665; x_wconf 75' lang='lat'><strong>(57)</strong></span> <span class='ocrx_word' id='word_1_845' title='bbox 1101 2628 1260 2665; x_wconf 84' lang='lat' dir='ltr'><strong>Boherellus</strong></span> <span class='ocrx_word' id='word_1_846' title='bbox 1274 2633 1334 2665; x_wconf 86' lang='lat' dir='ltr'><strong>post</strong></span> <span class='ocrx_word' id='word_1_847' title='bbox 1349 2629 1459 2656; x_wconf 88' lang='lat' dir='ltr'><strong>verbum</strong></span> <span class='ocrx_word' id='word_1_848' title='bbox 1471 2628 1702 2662; x_wconf 79' lang='grc' dir='ltr'>ὲπιδεικτιῶντες,</span> <span class='ocrx_word' id='word_1_849' title='bbox 1718 2630 1784 2656; x_wconf 83' lang='lat' dir='ltr'><strong>scri-</strong></span> 
     </span>
    </p>
   </div>
   <div class='ocr_carea' id='block_1_117' title="bbox 990 2663 1783 2698">
    <p class='ocr_par' dir='ltr' id='par_1_117' title="bbox 990 2663 1783 2698">
     <span class='ocr_line' id='line_1_117' title="bbox 990 2663 1783 2698; baseline 0.003 -8"><span class='ocrx_word' id='word_1_850' title='bbox 990 2663 1154 2697; x_wconf 71' lang='lat' dir='ltr'><strong>bit&#39;majoris</strong></span> <span class='ocrx_word' id='word_1_851' title='bbox 1168 2663 1350 2698; x_wconf 86' lang='lat' dir='ltr'><strong>distinctionis</strong></span> <span class='ocrx_word' id='word_1_852' title='bbox 1367 2667 1457 2689; x_wconf 91' lang='lat' dir='ltr'><strong>notam</strong></span> <span class='ocrx_word' id='word_1_853' title='bbox 1473 2670 1498 2690; x_wconf 89' lang='lat' dir='ltr'><strong>et</strong></span> <span class='ocrx_word' id='word_1_854' title='bbox 1517 2669 1580 2698; x_wconf 86' lang='lat' dir='ltr'><strong>post</strong></span> <span class='ocrx_word' id='word_1_855' title='bbox 1597 2673 1692 2692; x_wconf 85' lang='lat' dir='ltr'><strong>vocem</strong></span> <span class='ocrx_word' id='word_1_856' title='bbox 1714 2665 1783 2691; x_wconf 79' lang='grc' dir='ltr'>πολ-</span> 
     </span>
    </p>
   </div>
   <div class='ocr_carea' id='block_1_118' title="bbox 988 2697 1465 2734">
    <p class='ocr_par' dir='ltr' id='par_1_118' title="bbox 988 2697 1465 2734">
     <span class='ocr_line' id='line_1_118' title="bbox 988 2697 1465 2734; baseline 0 -10"><span class='ocrx_word' id='word_1_857' title='bbox 988 2698 1037 2734; x_wconf 83' lang='grc' dir='ltr'>λήν</span> <span class='ocrx_word' id='word_1_858' title='bbox 1052 2699 1124 2734; x_wconf 82' lang='lat' dir='ltr'><strong>addit</strong></span> <span class='ocrx_word' id='word_1_859' title='bbox 1139 2697 1222 2734; x_wconf 50' lang='grc' dir='ltr'><strong>γοῦνζ</strong></span> <span class='ocrx_word' id='word_1_860' title='bbox 1232 2698 1273 2725; x_wconf 85' lang='lat' dir='ltr'><strong>vel</strong></span> <span class='ocrx_word' id='word_1_861' title='bbox 1288 2698 1352 2733; x_wconf 90' lang='lat' dir='ltr'><strong>quid</strong></span> <span class='ocrx_word' id='word_1_862' title='bbox 1369 2698 1465 2734; x_wconf 74' lang='lat' dir='ltr'><strong>simile.</strong></span> 
     </span>
    </p>
   </div>
   <div class='ocr_carea' id='block_1_119' title="bbox 1023 2731 1781 2769">
    <p class='ocr_par' dir='ltr' id='par_1_119' title="bbox 1023 2731 1781 2769">
     <span class='ocr_line' id='line_1_119' title="bbox 1023 2731 1781 2769; baseline 0 -9"><span class='ocrx_word' id='word_1_863' title='bbox 1023 2734 1078 2769; x_wconf 74' lang='lat'><strong>(58)</strong></span> <span class='ocrx_word' id='word_1_864' title='bbox 1098 2733 1181 2760; x_wconf 83' lang='lat' dir='ltr'><strong>Codd.</strong></span> <span class='ocrx_word' id='word_1_865' title='bbox 1204 2731 1306 2767; x_wconf 78' lang='lat' dir='ltr'><strong>Regius</strong></span> <span class='ocrx_word' id='word_1_866' title='bbox 1336 2737 1363 2760; x_wconf 92' lang='lat' dir='ltr'><strong>et</strong></span> <span class='ocrx_word' id='word_1_867' title='bbox 1382 2732 1555 2764; x_wconf 77' lang='lat' dir='ltr'><strong>Basileensis,</strong></span> <span class='ocrx_word' id='word_1_868' title='bbox 1579 2733 1611 2758; x_wconf 78' lang='grc' dir='ltr'>οὐ</span> <span class='ocrx_word' id='word_1_869' title='bbox 1634 2733 1781 2760; x_wconf 78' lang='grc' dir='ltr'>πιστεύον-</span> 
     </span>
    </p>
   </div>
   <div class='ocr_carea' id='block_1_120' title="bbox 987 2777 1766 2838">
    <p class='ocr_par' dir='ltr' id='par_1_120' title="bbox 987 2777 1766 2838">
     <span class='ocr_line' id='line_1_120' title="bbox 987 2777 1766 2838; baseline -0.005 -8"><span class='ocrx_word' id='word_1_870' title='bbox 987 2777 1079 2838; x_wconf 62' lang='grc' dir='ltr'>ταῗὲθ)</span> <span class='ocrx_word' id='word_1_871' title='bbox 1099 2802 1268 2830; x_wconf 67' lang='grc' dir='ltr'>Πίεεεῑιριῐυε</span> <span class='ocrx_word' id='word_1_872' title='bbox 1289 2802 1316 2829; x_wconf 91' lang='lat' dir='ltr'><strong>in</strong></span> <span class='ocrx_word' id='word_1_873' title='bbox 1336 2805 1421 2834; x_wconf 83' lang='lat' dir='ltr'><strong>textu,</strong></span> <span class='ocrx_word' id='word_1_874' title='bbox 1445 2801 1529 2837; x_wconf 79' lang='grc' dir='ltr'>αὐτὴν</span> <span class='ocrx_word' id='word_1_875' title='bbox 1554 2801 1604 2836; x_wconf 77' lang='grc' dir='ltr'><strong>τὴν</strong></span> <span class='ocrx_word' id='word_1_876' title='bbox 1627 2802 1766 2838; x_wconf 66' lang='grc' dir='ltr'>ὑπεροχή-δ</span> 
     </span>
    </p>
   </div>
  </div>
