1848 3091
57 192 130 223 ιοδτ

625 190 766 219 CONTRA
781 189 919 218 CELSUM
937 190 1000 218 LIB.
1020 191 1064 219 IV.

1595 192 1664 219 1038

57 253 112 289 ρίαν
122 249 217 285 γνῶσιν
229 250 293 285 ήμϊν
310 249 459 286 παρασχεῖν
475 248 571 276 ἑαυτοῦ
602 249 738 285 βούλεται·
758 250 791 277 ἵν’
807 251 830 277 οξ

927 250 933 276 i
949 249 1100 282 consulere,
1115 256 1175 276 cum
1192 249 1232 276 sui
1250 249 1327 277 nobis
1350 248 1472 276 notitiam
1495 249 1614 283 praebet;
1636 253 1664 277 ut

57 299 101 333 μὲν
116 294 327 331 παραδεξάμενοι
346 295 431 331 αὐτὴν
447 296 560 331 χρηστοὶ
579 296 717 331 γενόμενοι
736 295 830 322 σωθῶ-

58 351 109 370 rm:
125 343 148 368 ol
159 341 186 367 δὲ
204 340 240 376 μὴ
257 340 472 376 παραδεξάμενοι
488 341 691 376 ἀποδειχθέντες
707 342 830 378 πονηροὶ,

56 387 222 415 κολασθῶσιν.
244 396 253 412 ι
276 387 330 413 Καὶ
349 386 493 421 ἐκθέμενός
506 396 535 413 τε
551 388 581 414 τὸ
596 386 713 414 τοιοῦτον
728 389 832 414 ἐπαπο-

57 435 94 470 ρεί
112 433 205 466 λέγων,
226 442 235 458 ι
260 432 317 458 Νῦν
340 430 394 467 ἆρα
412 433 479 467 μετὰ
500 433 625 459 τοσοῦτον
649 432 733 460 αἰῶνα
750 433 804 469 (40)
818 433 831 459 ὁ

56 479 115 510 Θεὸς
134 477 286 513 ἀνεμνήσθη
297 478 440 504 δικαιῶσαι
456 478 501 504 τὸν
514 478 664 514 ἀνθρώπων
682 479 747 514 βίον,
766 479 832 515 πρό-

55 533 126 560 τερον
141 523 167 550 δὲ
184 523 296 558 ὴμέλει;
317 533 326 549 ι
347 524 401 550 Καὶ
417 524 486 559 πρὸς
501 524 578 551 τοῦτο
595 525 623 551 δὲ
641 526 773 560 φήσομεν,
790 526 831 552 ὅτι

56 570 99 596 οὐκ
116 569 186 595 ἔστιν
201 569 240 595 ὅτ’
256 569 306 595 οὐκ
319 568 448 604 ἐϐουλήθη
468 570 608 596 δικαιῶσαι
621 569 665 596 τὸν
682 570 831 606 ἀνθρώπων

57 615 107 650 βίον
121 616 135 642 ὀ
149 615 215 646 Θεός
225 623 232 630 θ
250 614 317 641 ἀλλὰ
329 616 375 642 καὶ
388 615 431 641 ἀεὶ
448 615 613 651 ἐπεμελήθη,
630 616 718 648 διδοὺς
731 617 832 652 ἀρετῆς

55 661 173 696 ἀφορμὰς
188 661 235 688 τοῦ
252 661 464 697 ἐπανορθοῦσθαι
481 662 511 688 τὸ
534 661 640 695 λογικὸν
657 661 734 693 ζῶον.
754 662 832 688 Κατὰ

55 706 104 742 γὰρ
119 706 234 741 ἑκάστην
253 706 349 740 γενεὰν
373 707 390 742 ή
412 706 492 741 σοφία
517 706 564 733 τοῦ
588 706 655 732 Θεοῦ
677 707 717 738 εἰς
733 706 831 742 ψυχὰς,

55 752 84 783 ἃς
105 752 225 787 εὑρίσκει
248 752 334 784 ὁσίας,
357 753 563 787 μεταϐαίνουσα,
581 753 672 788 φίλους
697 753 763 780 Θεοῦ
786 754 833 780 καὶ

54 797 189 833 προφήτας
217 797 422 829 κατασκευάζει.
450 798 505 824 Καὶ
531 798 668 834 εὑρεθεῖεν
694 799 719 833 γ’
748 798 780 825 ἃν
804 800 832 825 ὲν

54 845 110 876 ταῖς
125 845 208 879 ῑεραῖς
225 843 323 878 βίϐλοις
339 844 363 870 oi
380 844 438 870 καθ’
455 843 575 880 ἑκάστην
591 845 687 879 γενεὰν
703 845 770 871 ὅσιοι
786 844 833 871 καὶ

54 890 164 916 δεκτικοὶ
179 889 227 915 τοῦ
251 888 322 916 θείου
344 888 515 924 Πνεύματος·
542 890 589 915 καὶ
610 889 648 921 ὡς
668 889 832 925 ἐπέστρεφον

54 935 112 966 τοὺς
127 936 185 962 κατ’
203 935 301 967 αὐτοὺς
318 935 383 971 (41),
401 935 450 969 ὅση
463 935 587 971 δύναμις.

86 1015 164 1041 Οὐδὲν
181 1015 210 1042 δὲ
223 1014 378 1050 Θαυμαστὸν
393 1015 424 1042 τὸ
442 1016 548 1049 γενεαῖς
564 1024 618 1042 τισι
634 1016 775 1052 προφήτας
788 1024 834 1050 γε·

54 1061 164 1094 γονέναι,
182 1061 364 1096 ὑπερέχοντας
377 1062 404 1087 ὲν
415 1063 447 1097 τῇ
465 1062 603 1097 παραδοχῇ
619 1062 669 1097 τῆς
687 1062 832 1097 θειότητος,

53 1106 93 1133 διὰ
103 1106 147 1132 τὸν
163 1108 210 1133 ἐπὶ
228 1106 317 1133 πλεῖον
334 1105 441 1132 εὔτονον
455 1107 502 1133 καὶ
518 1106 672 1142 ἐρρωμένον
690 1106 755 1141 βίον,
774 1106 833 1132 ὲτέ-

53 1161 104 1187 ρων
128 1152 274 1188 προφητῶν
290 1161 370 1179 τινων
389 1152 439 1187 μὲν
466 1153 526 1178 κατ’
552 1152 667 1185 αὐτοὺς,
694 1152 781 1179 ἄλλων
805 1152 834 1178 δὲ

53 1198 298 1234 προγενεστέρωνῆ
315 1198 561 1234 μεταγενεστέρων.
575 1198 652 1224 Οὕτω
671 1198 699 1224 δὲ
719 1198 748 1224 οὑ
770 1197 834 1224 θαυ-

53 1244 149 1279 μαστὸν
164 1244 212 1271 καί
226 1253 286 1270 τινα
309 1245 404 1280 καιρδν
427 1244 577 1278 γεγονέναι,
594 1245 632 1270 ὅτ’
649 1243 785 1280 ἐξαίρετόν
807 1253 833 1270 τι

52 1289 140 1324 χρῆμα
161 1290 345 1326 ἐπιδεδήμηκε
365 1289 404 1324 τῷ
428 1290 500 1324 γένει
526 1289 580 1315 τῶν
603 1289 769 1324 ἀνθρώπων,
787 1289 834 1316 καὶ

52 1334 173 1370 διαφέρον
194 1335 271 1370 παρὰ
293 1335 356 1366 τοὺς
385 1335 613 1371 προγενεστέρους
634 1334 715 1361 αὐτοῦ
744 1335 760 1370 ἢ
787 1336 834 1362 καὶ

53 1381 304 1416 μεταγενεστέρους.
322 1381 397 1416 Ἔχει
421 1381 450 1407 δέ
464 1390 490 1407 τι
512 1382 526 1407 ό
548 1381 612 1415 περὶ
632 1380 733 1407 τούτων
757 1380 835 1414 λόγος

53 1425 252 1461 μυστικώτερον
265 1425 312 1452 καὶ
329 1425 485 1460 βαθύτερον,
501 1425 547 1451 xa'l.
571 1424 607 1460 μὴ
632 1424 701 1450 πάνυ
723 1433 749 1450 τι
769 1424 836 1458 φθά-

51 1479 106 1498 νειν
124 1471 274 1506 δυνάμενον
299 1471 344 1497 ἐπὶ
369 1471 417 1506 τὴν
436 1470 642 1506 δημωδεστὲραν
661 1470 755 1505 ἀκοήν.
781 1469 835 1496 Kal.

52 1517 97 1549 δεῖ,
112 1518 182 1553 ὑπὲρ
212 1517 259 1544 τοῦ
282 1517 367 1543 ταῦτα
391 1515 445 1551 (42)
467 1516 658 1556 ἀφανισθῆναι,
682 1516 730 1541 καὶ
750 1515 836 1541 ἀπαν-

51 1564 162 1599 τηθῆναι
184 1564 254 1599 πρὸς
279 1563 313 1589 τὰ
333 1563 465 1597 λεγόμενα
485 1562 548 1597 περὶ
570 1562 619 1596 τῆς
636 1560 753 1597 Χριστοῦ
775 1562 834 1587 ὲπι-

52 1610 162 1644 δημίας,
188 1610 240 1645 (ὅτι
269 1618 278 1634 ι
304 1608 361 1635 Νῦν
390 1607 444 1643 ἄρα
466 1607 535 1642 μετὰ
561 1606 684 1633 τοσοῦτον
713 1606 799 1633 αἰῶνα
821 1603 869 1632 6C

51 1656 112 1688 Θεὸς
128 1655 287 1691 ἀνεμνήσθη
302 1654 444 1681 δικαιῶσαι
456 1653 485 1680 τὸ
500 1652 650 1689 ἀνθρώπων
663 1651 749 1687 γένος,
768 1652 835 1687 πρό-

51 1710 124 1738 τερον
140 1702 168 1728 δὲ
184 1701 301 1737 metu;
320 1702 342 1734 ι)
365 1699 483 1734 ἅψασθαι
502 1699 549 1725 τοῦ
574 1698 637 1734 περὶ
661 1698 775 1734 μερίδων
792 1697 836 1724 λό-

50 1755 107 1781 γου,
122 1748 170 1775 καὶ
187 1746 395 1782 σαφηνίσαι,διὰ
410 1746 447 1777 τί,
461 1746 504 1772 ὅτε
517 1743 670 1780 διεμέριζεν
680 1746 693 1771 ὁ
707 1745 837 1779 "Tel/toto;

51 1794 128 1828 ἔθνη,
153 1793 192 1825 ὡς
217 1793 368 1828 διέσπειρεν
400 1792 473 1823 υίοὺς
506 1790 611 1825 Ἀδὰμ,
638 1790 751 1825 ἔστησεν
775 1789 836 1824 ὅρια

50 1841 130 1868 ἐθνῶν
145 1839 335 1876 κατ”ἀριθμδν
346 1838 468 1872 ἀγγέλων
478 1835 545 1863 Θεοῦ
556 1845 562 1852 ·
574 1836 620 1863 καὶ
631 1836 745 1871 ἐγενήθη
759 1843 790 1870 με
795 1834 836 1870 pl;

51 1887 149 1922 Κυρίου
178 1887 245 1918 λαὸς
271 1885 352 1912 αὑτοῦ
391 1884 503 1916 Ἰακὼϐ,
537 1883 678 1919 σχοίνισμα
707 1882 837 1917 κληρονο-

52 1934 112 1968 μίας
137 1932 222 1960 αὑτοῦ
247 1931 370 1967 Ὶσραήλ”
387 1940 396 1956 ι
412 1930 458 1956 καὶ
474 1930 562 1965 δεήσει
579 1929 627 1964 τὴν
650 1928 737 1955 αἰτίαν
750 1928 836 1954 εἰπεῖν

49 1979 95 2014 τῆς
106 1979 145 2010 εἰς
159 1979 278 2005 ἕκαστον
288 1978 359 2012 ὄριον
372 1976 514 2011 γενέσεως,
528 1975 580 2001 ὑπὸ
596 1974 640 2001 τὸν
660 1972 836 2009 κεκληρωμέ-

50 2033 91 2050 νον
103 2024 133 2050 τὸ
145 2024 232 2059 ὅριον,
247 2023 294 2049 καὶ
306 2022 364 2054 πῶς
374 2019 491 2055 εὐλόγως
507 2019 622 2055 ἐγενήθη
638 2020 716 2055 μερὶς
735 2017 836 2054 Κυρίου

50 2069 111 2101 λαὸς
133 2069 218 2096 αὑτοῦ
249 2068 355 2100 Ἰακὼϐ,
383 2067 524 2103 σχοίνισμα
554 2065 734 2101 κληρονομίας
756 2063 836 2090 αὑτοῦ

56 2115 173 2150 Ἰσραήλ·
191 2115 242 2142 καὶ
267 2114 311 2140 διὰ
328 2114 354 2139 τί
371 2113 500 2148 πρότερον
518 2112 565 2147 μὲν
579 2109 612 2146 ἦν
637 2111 716 2146 μερὶς
735 2109 836 2145 Κυρίου

49 2160 110 2192 λαὸς
138 2161 225 2187 αὐτοῦ
254 2159 359 2191 Ἰακὼϐ,
387 2159 528 2194 σχοίνισμα
555 2156 734 2192 κληρονομίας
757 2155 838 2182 αὺτοῦ

50 2206 165 2242 Ἰσραήλ¹
180 2215 214 2233 πε
220 2206 247 2242 pl
261 2205 289 2232 δὲ
297 2205 350 2231 τῶν
363 2204 473 2239 ’ὕστερον
489 2202 675 2237 λέγεται-πρὸς
689 2201 734 2228 τὸν
747 2201 839 2236 Σωτῆ-

52 2259 83 2285 ρα
97 2251 150 2277 ὑπὸ
168 2251 217 2277 τοῦ
237 2250 353 2285 Πατρός,
369 2259 377 2274 t
394 2249 508 2284 Αἴτησαι
527 2250 590 2283 παρ’
607 2247 685 2283 ἐμοῦ,
703 2247 750 2274 καὶ
762 2246 840 2273 δώσω

52 2304 89 2322 σοι
117 2296 182 2332 ἔθνη
208 2297 260 2332 τὴν
279 2295 457 2331 κληρονομίαν
483 2303 539 2324 σου,
568 2293 614 2320 καὶ
634 2293 684 2328 τὴν
705 2293 838 2327 κατάσχε-

53 2343 91 2368 σίν
115 2351 162 2369 σου
188 2342 226 2369 τὰ
248 2341 354 2377 πέρατα
369 2341 422 2376 τῆς
443 2341 502 2376 γῆς.
521 2350 530 2366 ›
545 2340 605 2366 Εἰσὶ
628 2339 683 2374 γάρ
699 2347 769 2370 τινες
785 2339 840 2374 είρ-

53 2389 95 2424 μοὶ
117 2390 166 2416 καὶ
195 2387 352 2415 ἁκολουθίαι
380 2388 476 2422 ἄφατοί
501 2386 546 2412 καὶ
567 2385 753 2420 ἀνεκδιήγητοι
778 2384 841 2419 περὶ

51 2436 98 2471 τῆς
119 2435 194 2463 κατὰ
217 2434 270 2466 τὰς
294 2433 465 2469 ἀνθρωπίνας
491 2432 579 2467 ψυχὰς
610 2432 738 2466 διαφόρου
767 2432 841 2457 οἰκο-

52 2483 156 2517 νομίας.
625 2475 630 2481 ’

85 2525 189 2554 Ἶιλθεν
207 2524 269 2558 οὖν,
285 2526 335 2553 κᾶν
352 2525 389 2560 μὴ
407 2523 532 2559 βούληται
552 2523 656 2555 Κέλσος
667 2543 674 2554 ,
694 2522 762 2558 μετὰ
776 2521 841 2548 πολ-

51 2572 112 2605 λοὺς
121 2573 272 2608 προφήτας
283 2570 530 2606 ἐπανορθουμένους
547 2568 581 2595 τὰ
592 2568 638 2594 τοῦ
652 2567 759 2603 Ἰσραὴλ
774 2566 845 2593 ἐκεί-

52 2628 107 2651 νου,
129 2617 329 2653 ἐπανορθιιγτὴς
349 2616 410 2642 ὅλου
429 2614 476 2642 τοῦ
499 2614 602 2649 κόσμου
622 2614 635 2640 ὁ
657 2613 790 2648 Χριστός·
812 2612 842 2638 οὐ

52 2663 177 2698 δεόμενος
192 2662 268 2688 κατὰ
280 2661 327 2696 τὴν
343 2660 477 2696 προτέραν
494 2658 648 2693 οἰκονομίαν
660 2659 709 2693 τῆς
724 2657 783 2684 κατ’
795 2658 842 2683 ἀν-

53 2708 168 2744 θρώπων
182 2707 314 2744 χρήσεως
336 2705 483 2741 μαστίγων,
501 2706 547 2732 καὶ
562 2703 679 2739 δεσμῶν,
697 2703 744 2730 καὶ
761 2703 843 2738 βασα-

96 2768 119 2783 ¹⁹
133 2767 218 2794 Dent.
242 2772 310 2797 nrt,
325 2763 352 2796 8,
374 2763 401 2791 9.
441 2762 462 2778 ³⁰
482 2761 551 2788 Psal.
574 2770 604 2792 ιι,
617 2761 645 2787 8.

87 2808 143 2842 (ΔΟ)
163 2807 256 2835 Codd.
278 2806 343 2840 Reg.
366 2811 393 2833 et
413 2806 492 2833 Basil.
515 2809 588 2832 recte
606 2805 728 2840 omnino,
750 2805 847 2832 αἰῶνα.

53 2839 139 2874 κίεις,
152 2842 264 2876 ἀγῶνα,
280 2839 359 2867 male.

88 2878 144 2912 (4|)
165 2874 239 2904 Κατ’
254 2876 364 2912 αὺτούς
379 2875 489 2912 habent
502 2875 581 2912 codd.
607 2874 708 2912 Regius
720 2879 747 2912 et
771 2875 846 2901 Basi-

54 2909 169 2945 lee’usis,
185 2918 286 2946 sicque
300 2911 379 2946 paulo
392 2915 452 2945 post
464 2910 526 2938 libri
544 2910 670 2945 impressi
686 2910 732 2944 qui
755 2915 843 2937 tamen

881 295 926 329 qni
943 294 1014 321 illaut
1028 295 1192 329 acceperint,
1207 295 1269 322 boni
1281 295 1357 328 facti,
1371 295 1484 322 salutem
1499 302 1668 330 consequan-

883 344 942 373 tur;
966 341 1011 374 qui
1033 348 1098 368 vero
1120 339 1282 374 rejccerint,
1309 346 1401 375 aperta
1426 341 1556 375 nequitia,
1572 348 1666 375 puellas

882 386 966 413 luant.
986 396 996 412 ›
1015 386 1074 419 Quo
1092 386 1191 420 posito,
1213 387 1252 413 sic
1269 386 1418 420 interrogat
1435 395 1441 413 :
1462 396 1471 412 ‹
1494 386 1583 420 Quid?
1605 391 1668 420 post

883 437 921 460 tot
937 433 1034 460 saecula
1050 439 1121 458 nunc
1136 432 1243 458 tandem
1257 431 1311 458 Deo
1323 432 1350 459 in
1366 437 1482 459 mentem
1497 433 1570 459 venit
1584 432 1666 459 vitam

882 476 1021 503 hominum
1038 476 1214 511 adjustitiam
1231 477 1379 509 reducere;
1399 482 1462 504 ante
1484 483 1575 505 autem
1595 485 1667 504 etme

883 529 937 549 non
961 522 1031 549 fuit?
1057 531 1066 547 ι
1093 522 1253 556 Respondeo
1275 522 1357 549 Deum
1380 530 1517 557 nunquam
1542 531 1594 549 non
1619 531 1667 550 vo-

882 567 966 594 luisse
982 572 1010 594 ut
1029 567 1224 601 hominesjusti
1237 569 1352 602 tierent;
1366 569 1392 595 id
1406 577 1512 603 semper
1525 570 1599 596 cordi
1617 569 1667 596 hn-

863 612 993 646 ,buisse;
1018 613 1116 648 quippe
1146 615 1191 648 qui
1216 614 1325 641 animali
1353 615 1468 642 rationis
1497 615 1613 649 compoti
1640 619 1668 643 et

882 659 1070 686 consectanda:
1095 659 1200 686 virtutis
1224 665 1252 686 et
1275 665 1348 687 recte
1374 659 1488 687 faciendi
1510 661 1668 688 ocoasioncs

882 705 1038 738 praebuerit.
1056 705 1107 733 Per
1125 706 1246 741 singulas
1262 706 1334 733 enim
1350 706 1541 740 generationes
1561 705 1608 733 Dei
1625 714 1669 733 sa-

882 750 984 784 pientia
998 750 1024 777 in
1040 751 1155 784 animas,
1168 759 1235 786 quas
1247 755 1355 779 sanctas
1371 751 1481 784 invenit,
1498 751 1666 780 descendens

883 795 987 822 amicos
1000 795 1046 823 Dei
1061 798 1262 832 prophetasque
1277 797 1351 823 facit.
1366 797 1521 829 Quinetiam
1537 798 1562 824 in
1580 797 1666 824 sacris

883 840 960 868 libris
975 841 1098 869 invenire
1117 847 1168 874 est,
1188 843 1234 878 qui
1258 843 1409 878 quihuSque
1433 843 1556 870 zelatibns
1578 845 1666 871 sancti

882 886 984 914 fuerint
1002 892 1029 914 et
1054 887 1175 914 divinum
1197 888 1223 915 in
1247 895 1276 915 se
1299 888 1430 922 Spiritum
1454 889 1620 923 receperint,
1642 893 1668 917 et

885 939 932 966 pro
949 931 1052 959 viribus
1073 933 1105 959 ad
1120 933 1188 960 alios
1203 934 1399 960 convertendos
1414 933 1533 960 studium
1546 935 1669 961 contule-

885 978 939 1004 rint
952 983 979 1006 et
992 986 1113 1013 operam.

919 1025 946 1051 8.
967 1024 1101 1051 Cancrum
1125 1025 1222 1051 mirum
1239 1032 1291 1052 non
1315 1032 1375 1053 esse
1390 1025 1479 1059 debet,
1505 1025 1667 1060 quibusdam

884 1069 989 1096 sarculis
1003 1069 1086 1097 fuisse
1099 1070 1256 1105 prophetas,
1270 1071 1314 1105 qui
1329 1076 1440 1105 propter
1451 1072 1585 1106 aequalem
1599 1080 1669 1100 sema

885 1122 933 1148 per
949 1120 1171 1150 constantemque
1190 1116 1270 1143 vitam
1291 1117 1317 1143 in
1340 1117 1509 1151 suscipienda
1527 1118 1667 1146 divinitate

887 1166 1052 1195 superarent
1069 1162 1138 1189 alios
1149 1170 1205 1189 sum
1222 1164 1309 1190 anatis
1324 1164 1471 1197 prophetas
1485 1168 1531 1191 aut
1545 1166 1669 1199 superio-

886 1212 929 1232 res
948 1210 995 1232 aut
1017 1212 1150 1240 posteros.
1174 1206 1267 1240 Neque
1289 1208 1387 1234 mirum
1411 1208 1492 1235 etiam
1517 1214 1558 1235 est
1581 1209 1670 1243 quod—

887 1251 946 1277 dam
963 1250 1046 1278 fuisse
1068 1256 1182 1287 tempus,
1205 1260 1266 1279 cum
1283 1257 1416 1287 priestans
1438 1254 1502 1288 quid
1524 1258 1550 1280 et
1574 1255 1668 1290 singu-

886 1295 944 1323 lare
968 1297 1001 1323 atl
1026 1297 1172 1325 humanum
1196 1306 1281 1332 genus
1307 1299 1459 1332 adveniret,
1484 1300 1526 1327 cui
1542 1300 1608 1327 nihil
1623 1305 1669 1328 aut

886 1342 1072 1374 superioribus
1097 1343 1263 1377 temporibus
1285 1343 1384 1376 fuerit,
1410 1349 1455 1371 ant
1481 1347 1669 1373 consecuturis

886 1388 1009 1415 futurum
1025 1396 1073 1423 par
1089 1393 1117 1416 et
1138 1389 1226 1416 simile
1241 1394 1323 1418 esset.
1350 1390 1403 1417 Sed
1427 1391 1523 1418 horum
1549 1391 1669 1418 omnium

887 1432 1019 1459 occultior
1042 1437 1083 1459 est
1098 1438 1126 1460 et
1151 1433 1230 1460 altior
1254 1434 1337 1466 ratio,
1360 1442 1444 1468 quam
1467 1440 1496 1462 ut
1517 1443 1576 1463 eam
1597 1435 1670 1471 vulgi

886 1481 980 1510 captus
999 1478 1106 1511 assequi
1126 1478 1222 1512 possit.
1240 1477 1307 1505 Nam
1333 1479 1365 1505 ad
1382 1479 1539 1508 diluendum
1562 1481 1671 1509 solven-

887 1521 1004 1556 dumqnc
1021 1522 1046 1548 id
1072 1523 1143 1557 quod
1159 1523 1237 1551 nobis
1263 1523 1295 1551 de
1316 1523 1419 1551 Christi
1442 1526 1558 1553 adventu
1576 1526 1672 1560 objici-

888 1571 950 1595 tur:
969 1577 978 1593 ι
998 1567 1101 1602 Ecquid
1121 1573 1180 1603 post
1208 1573 1245 1596 tot
1269 1569 1366 1596 saecula
1390 1577 1462 1597 nunc
1484 1572 1592 1598 tandem
1618 1572 1673 1600 Deo

888 1613 914 1639 in
933 1618 1050 1641 mentem
1065 1614 1139 1641 venit
1160 1614 1243 1642 vitam
1260 1615 1398 1642 hominum
1423 1616 1558 1644 adducere
1580 1617 1612 1644 ad
1625 1618 1671 1652 ju-

888 1659 1000 1692 stitiam,
1016 1664 1094 1686 antea
1121 1664 1210 1687 autem
1235 1667 1307 1687 curae
1332 1668 1384 1688 non
1402 1660 1475 1688 fuit?
1500 1671 1509 1688 ›
1538 1662 1672 1690 disserere

888 1708 1012 1737 oporteat
1048 1705 1082 1732 de
1118 1705 1238 1740 gentium
1271 1706 1436 1740 partitione,
1472 1712 1500 1734 et
1536 1716 1672 1742 exponere

888 1755 946 1780 cur,
963 1757 973 1774 ‹
995 1749 1103 1783 quando
1126 1749 1263 1777 dividebat
1276 1751 1431 1779 Altissimus
1444 1757 1546 1786 gentes,
1566 1756 1673 1788 quando

888 1794 1031 1828 separabat
1057 1795 1127 1822 ﬁlios
1153 1796 1251 1827 Adam,
1269 1797 1441 1824 constituerit
1468 1799 1599 1827 terminos
1623 1807 1673 1834 po-

887 1840 1011 1874 pulorum
1041 1840 1120 1874 juxta
1159 1849 1300 1869 numerum
1341 1843 1500 1877 angelorum
1539 1844 1605 1877 Dei;
1646 1851 1675 1872 et

889 1892 951 1918 pars
969 1885 1073 1912 Domini
1096 1886 1176 1913 fuerit
1197 1887 1312 1921 populus
1329 1887 1387 1921 eius
1410 1888 1492 1916 Jacob
1509 1894 1542 1920 ,et
1563 1890 1673 1918 funicu-

888 1929 930 1955 lus
947 1929 1113 1957 hmreditatis
1127 1930 1186 1965 ejus
1199 1931 1282 1958 Israel
1299 1931 1331 1958 ".
1352 1941 1362 1958 ι
1381 1932 1454 1967 Opus
1465 1941 1574 1968 quoque
1592 1935 1674 1962 fuerit:

889 1973 968 2008 507
981 1973 1079 2002 afferre
1098 1982 1206 2002 causam
1231 1983 1280 2003 cur
1297 1977 1378 2004 certis
1395 1977 1556 2011 quibusdam
1573 1979 1599 2006 in
1614 1979 1675 2006 lini-

889 2020 939 2046 bus
960 2020 1067 2054 quidam
1089 2025 1246 2053 nascantur,
1262 2027 1291 2048 et
1305 2022 1332 2048 in
1346 2022 1404 2057 ejus
1421 2023 1522 2050 ditione
1537 2024 1581 2058 qui
1607 2025 1676 2052 fines

889 2065 949 2093 illos
969 2066 1080 2092 sortitus
1104 2070 1145 2093 est
1162 2075 1170 2093 :
1188 2074 1238 2093 cur
1261 2068 1359 2094 merito
1385 2076 1448 2102 pars
1470 2068 1576 2096 Domini
1594 2070 1676 2098 fuerit

889 2112 1001 2147 populus
1030 2113 1088 2147 ejus
1120 2112 1220 2144 Jacob,
1256 2112 1391 2140 funiculus
1422 2114 1589 2142 haereditalis
1615 2115 1675 2150 ejus

889 2158 988 2190 Israel;
1007 2166 1055 2185 cur
1067 2159 1141 2193 prius
1156 2165 1218 2192 pars
1230 2159 1333 2185 Domini
1349 2163 1421 2186 esset
1432 2160 1546 2194 populus
1561 2161 1620 2194 ejus
1630 2160 1675 2188 Ja-

890 2205 950 2236 cob,
968 2203 1103 2231 funiculus
1119 2204 1282 2231 hmreditntis
1291 2206 1349 2239 ejus
1363 2205 1459 2238 lsrael;
1476 2210 1569 2240 postea
1585 2211 1674 2234 autetn

892 2250 925 2277 ad
939 2250 1105 2277 Salvatorem
1128 2258 1142 2276 a
1160 2250 1241 2277 Patre
1258 2250 1360 2277 dictum
1382 2251 1484 2278 fuerit:
1506 2261 1514 2277 ι
1529 2251 1637 2280 Postnla
1659 2261 1675 2280 a

893 2304 946 2329 me,
963 2301 989 2323 et
1009 2295 1078 2323 dabo
1094 2296 1141 2324 tibi
1163 2302 1257 2331 gentes
1274 2297 1456 2323 haereditatem
1471 2302 1555 2330 tuam,
1571 2302 1598 2326 et
1617 2306 1679 2332 pos-

889 2343 1037 2370 sessionem
1068 2347 1139 2369 tuam
1168 2342 1296 2370 terminos
1327 2347 1407 2370 terra
1432 2342 1464 2369 '°.
1488 2352 1498 2368 I
1515 2342 1583 2370 Sunt
1605 2345 1676 2371 enim

891 2392 960 2422 aptae
977 2389 1049 2416 inter
1059 2396 1088 2416 se
1102 2393 1129 2416 et
1140 2396 1269 2416 connexa:
1287 2388 1398 2415 diversae
1413 2387 1544 2420 rationes,
1560 2396 1627 2423 quas
1644 2389 1677 2415 ad

891 2434 1021 2468 regendas
1045 2435 1178 2462 humanas
1202 2434 1400 2468 animasI'Deus
1423 2434 1552 2466 adhibet,
1567 2438 1595 2461 et
1609 2442 1678 2469 quas

892 2485 972 2505 nemo
985 2479 1113 2513 consequi
1135 2484 1162 2507 et
1178 2486 1308 2506 enarrare
1323 2483 1421 2513 potest.

933 2522 960 2550 9.
978 2522 1069 2556 Igitur,
1083 2524 1258 2558 quantumvis
1269 2522 1362 2550 Celsus
1380 2525 1517 2555 reclamet,
1535 2527 1595 2558 post
1610 2523 1680 2550 Inul-

897 2572 939 2593 tos
965 2568 1109 2602 prophetas
1135 2568 1181 2603 qui
1209 2568 1284 2595 illum
1302 2568 1383 2595 Israel
1412 2575 1572 2600 correxere,
1598 2568 1675 2594 vertit

897 2613 1023 2639 Christus
1036 2617 1065 2639 ut
1075 2613 1204 2640 mundum
1219 2621 1327 2641 omnem
1340 2614 1500 2648 corrigeret.
1510 2613 1604 2648 Neque
1612 2620 1681 2647 opus

898 2657 1002 2689 habuit,
1019 2662 1048 2684 ut
1063 2657 1090 2685 in
1108 2658 1194 2692 prima
1210 2658 1426 2692 dispensatione,
1442 2658 1538 2693 virgis,
1563 2658 1680 2685 vinculis

898 2707 926 2729 et
941 2703 1082 2730 tormentis
1099 2703 1132 2730 ad
1146 2703 1319 2738 castigandos
1332 2705 1467 2732 homines.
1482 2704 1596 2736 Quando
1607 2703 1681 2731 enim

903 2806 952 2834 hoc
964 2806 1023 2833 loco
1037 2805 1148 2838 habent,
1165 2804 1225 2831 καθ’
1242 2805 1353 2837 ἑαυτούς

937 2841 993 2876 (42)
1014 2841 1181 2903 ίῖςεευίιυιὶυε
1200 2841 1227 2868 in
1245 2845 1330 2874 textu,
1352 2840 1462 2874 ταύτας,
1480 2841 1573 2876 sicque
1589 2846 1683 2870 omnes

901 2884 966 2904 mss.
983 2884 1024 2903 ma
1037 2884 1061 2904 e.
