1908 3099
185 63 255 92 1043

923 63 1084 92 OIthENlS

1737 63 1812 91 ΜΗ

183 130 244 151 sum
259 127 429 158 compescat,
449 127 556 159 gustum
572 123 709 152 auditores
725 124 840 152 habeant
855 133 862 157 ;
877 129 963 159 postea

1020 125 1128 161 χλεύην,
1140 125 1185 151 ἐπὶ
1202 124 1235 151 τὰ
1248 124 1311 160 ἑξῆς
1319 123 1521 160 τραπησόμεθα.
1531 123 1637 159 Φησὶδὴ
1648 123 1663 149 6
1676 123 1747 154 θεῖος
1763 121 1812 149 λό-

182 169 218 197 ad
239 169 341 204 reliqua
370 174 462 204 perget
485 170 584 198 oratio.
601 170 696 198 Divina
720 170 858 206 Scriptura
880 172 963 198 Deum

182 218 304 241 nostrum
319 219 399 242 vocat
417 223 426 240 ι
444 214 532 250 ignem
545 219 750 243 consumentem
765 216 798 247 ³⁸,
818 225 826 241 ι
846 220 872 243 et
888 224 896 240 ι
916 215 966 241 iiu-

184 261 243 288 vios
269 260 340 295 ignis
360 260 426 287 dicit
439 260 529 296 egredi
547 269 560 287 a
577 260 647 288 facie
668 261 726 295 ejus
739 261 773 293 ",
795 270 804 286 I
824 265 851 288 et
875 260 965 294 ipsum

185 315 196 332 ι
212 307 315 341 ingredi
330 311 361 334 ut
376 307 465 341 ignem
485 307 648 334 conﬁantem
668 312 694 334 ct
712 311 838 342 tanquam
854 307 964 334 herbam

182 351 313 378 fullonum
333 356 363 379 ut
378 351 478 379 conﬂet
492 352 621 387 populum
635 360 713 380 suum
727 352 759 378 ".
775 361 784 378 ι
804 351 871 385 Quia
885 352 967 386 igitur

181 395 252 423 Deus
274 400 316 423 est
336 396 405 431 ignis
429 403 604 429 consumens,
623 397 686 432 quid
701 401 743 426 est
769 397 840 432 quod
855 398 888 424 ah
920 397 965 425 illo

181 442 304 468 consmni
327 443 473 476 oporteat?
493 443 613 471 Dicimus
633 451 682 471 nos
696 443 836 476 malitiam,
851 448 878 470 et
892 451 966 478 quae-

181 494 289 522 cunque
314 488 347 514 ab
375 495 406 515 ea
423 489 641 522 proﬁciscuntur,
658 496 772 524 quzeque
792 489 904 524 ﬁgurate
931 489 965 515 li-

182 539 276 566 gnum,
308 531 410 559 [mnum
425 537 452 560 et
472 533 570 567 stipula
591 537 734 566 vocantur,
766 541 809 561 res
822 541 881 561 esse
897 541 965 567 quas

182 578 254 605 Deus
275 581 304 604 ut
327 577 396 613 ignis
409 579 556 606 consumit.
573 578 658 606 Malus
679 586 743 614 ergo
759 579 859 606 dicitur
885 586 965 613 super

180 622 298 656 positum
311 623 386 657 prius
398 623 558 651 rationabile
571 623 779 651 fundamentum
799 624 965 658 superzediﬁ-

181 675 247 696 care
263 667 347 703 ligna,
360 668 462 696 {mnum
473 674 501 696 et
511 670 648 704 stipulam.
663 669 728 703 Qua:
741 671 763 697 si
774 670 888 705 probare
902 678 964 705 pos-

182 714 219 741 sit
241 714 269 741 in
282 714 373 741 animo
388 721 441 742 non
460 714 545 742 fuisse
563 716 623 743 haec
639 716 782 748 scribenti,
803 717 850 743 sed
875 717 965 751 potius

181 760 254 787 dicta
269 760 352 788 fuisse
365 760 397 788 de
410 761 482 789 malo
491 761 536 796 qui
548 769 610 789 vera
623 767 649 790 et
663 763 771 798 proprie
790 763 862 790 dicta
879 763 963 798 ligna,

181 804 284 832 fmnum
311 810 338 832 et
364 805 491 840 stipulam
523 808 722 842 snpermdiiicat
736 808 770 840 ³⁷,
786 809 858 836 hunc
877 809 963 844 ignem

182 850 275 884 utique
300 858 460 885 corporeum
485 857 512 878 et
543 853 695 880 sensibilem
719 853 830 887 intelligi
855 862 965 881 necesse

181 895 242 922 erit.
259 894 287 922 Si
303 900 392 923 autem
407 896 518 924 evidens
533 901 574 923 est
588 897 743 925 nominibus
764 898 840 932 ligni,
857 897 921 926 l‘ueui
937 903 964 926 ct

180 940 286 975 stipula:
309 948 391 976 opera
415 942 477 968 mali
501 942 619 970 hominis
642 943 807 978 signiﬁcari;
829 946 964 980 quomodo

181 994 234 1014 non
250 987 340 1014 statim
351 988 487 1015 succurrit
503 989 612 1023 quinam
633 989 703 1024 ignis
719 990 893 1024 accipiendns
916 991 962 1023 sit,

181 1039 235 1066 quo
258 1032 413 1067 hujusmodi
436 1033 507 1068 ligna
524 1032 738 1062 consumentur?
759 1044 768 1061 ι
787 1036 964 1071 Uninscujus-

180 1085 233 1112 que
240 1086 318 1113 opus,
333 1079 420 1113 inquit
432 1079 586 1114 Apostolus,
602 1080 681 1114 quale
692 1081 736 1114 sit,
749 1081 817 1116 ignis
828 1082 962 1116 probabit.

180 1123 209 1150 Si
225 1124 300 1158 cujus
316 1131 384 1158 opus
401 1125 531 1152 manserit
544 1126 615 1159 quod
635 1126 873 1160 superzediﬁcavit,
891 1135 965 1154 mer-

180 1169 273 1196 cedem
290 1170 415 1203 accipiet.
429 1170 456 1197 δι
473 1171 550 1205 cujus
564 1179 631 1206 opus
646 1173 755 1204 arserit,
770 1172 963 1199 detrimentum

179 1215 297 1250 patietur
310 1214 344 1242 ³⁸.
361 1225 371 1240 ›
390 1215 439 1243 llic
460 1223 527 1251 opus
542 1221 666 1244 exustum
691 1217 755 1252 quid
769 1218 840 1244 aliud
862 1218 973 1253 Sigllili-'

180 1265 234 1292 cat,
243 1267 323 1295 quam
338 1261 468 1296 quidquid
481 1269 512 1289 ex
530 1263 649 1297 nequitia
663 1264 772 1290 oritur?
787 1264 857 1290 Dens
871 1270 963 1291 noster

179 1305 264 1340 igitur
276 1314 286 1331 ‹
299 1305 369 1341 ignis
382 1313 544 1334 consumens
563 1317 573 1332 ι
588 1313 638 1340 est,
656 1315 711 1342 quo
725 1315 805 1335 sensu
820 1308 962 1342 explicavi.

182 1359 192 1376 ι
211 1350 364 1386 Ingreditur
387 1359 492 1386 quoque
523 1357 551 1379 ut
573 1353 642 1387 ignis
658 1353 787 1385 conﬂans,
810 1363 819 1380 ι
839 1358 964 1381 naturam

181 1397 294 1424 rationis
317 1397 474 1432 participem
498 1402 661 1432 purgaturus
684 1406 698 1424 ιι
722 1398 831 1432 plumbo
853 1398 963 1426 umiilia:

1016 177 1064 203 γος
1079 169 1123 195 τὸν
1139 169 1205 196 Θεὸν
1217 169 1294 205 ἡμῶν
1309 167 1377 196 εἶναι
1404 178 1412 194 ι
1434 168 1489 204 πῦρ
1503 168 1710 195 καταναλίσκοψ
1730 176 1740 192 ι
1761 167 1811 193 καὶ

1019 223 1029 239 ‹
1047 215 1185 249 ποταμοὺς
1197 214 1282 249 πυρὸς
1289 213 1378 240 ἕλκειν
1392 213 1542 249 ἔμπροσθεν
1555 212 1649 239 αὐτοῦ·
1663 222 1672 238 ι
1683 212 1753 238 ἀλλὰ
1762 213 1812 238 καὶ

1017 259 1097 286 αὑτὸν
1118 269 1127 284 ‹
1148 259 1352 295 εἰσπορεύεσθαι
1369 260 1406 291 ὡς
1421 259 1476 294 πῦρ
1496 258 1690 294 χωνευτηρίου,
1704 258 1754 284 καὶ
1771 257 1811 289 ὡς

1016 306 1085 332 πόαν
1094 305 1256 337 πλυνόντων,
1268 305 1310 331 ἵνα
1318 305 1439 341 χωνεύσῃ
1448 305 1492 331 τὸν
1504 303 1682 330 ἑαυτοῦλαόν.
1695 313 1704 329 ι
1721 303 1809 330 Ἐπὰν

1016 351 1062 378 οὖν
1083 352 1192 386 λέγηται
1205 351 1260 386 πῦρ
1276 350 1343 378 εἶναι
1360 344 1563 378 καταναλίσκον.
1585 349 1731 385 ζητοῦμεν,
1745 350 1808 375 τίνα

1017 397 1116 433 πρέπει
1126 397 1177 423 ὑπὸ
1185 396 1252 423 Θεοῦ
1261 395 1515 427 καταναλίσκεσθαις
1531 395 1585 422 Καί
1597 403 1697 430 φαμεν,
1708 395 1748 421 ὅτι
1758 395 1807 429 τὴν

1017 437 1124 475 κακίαν,
1143 443 1188 469 καὶ
1204 443 1238 468 τὰ
1253 443 1299 468 ἀπ’
1317 441 1401 477 αὐτῆς
1414 441 1585 476 πραττόμενα
1601 440 1668 476 (49),
1685 440 1732 467 καὶ
1745 448 1807 475 τρο-

1017 488 1105 519 πικῶς
1112 487 1245 523 λεγόμενα
1258 487 1322 519 ξύλα
1337 485 1416 518 εἶναι,
1429 487 1476 513 καὶ
1491 486 1596 522 χόρτον,
1607 485 1654 512 καὶ
1669 485 1805 520 καλάμην,

1016 532 1207 559 καταναλίσκει
1226 533 1240 558 ὁ
1253 532 1318 563 Θεὸς
1334 532 1371 563 ὡς
1392 531 1456 566 πῦρ.
1483 530 1685 565 Ἐποικοδομεῖν
1703 529 1768 563 γοῦν
1791 529 1806 555 6

1016 578 1117 612 φαῦλος
1131 577 1237 613 λέγεται
1249 577 1285 612 τῷ
1299 577 1485 612 προῦποϐεῧλη
1490 576 1562 610 μένῳ
1575 575 1677 609 λογικῷ
1690 574 1806 609 θεμελίῳ

1017 624 1081 656 ξύλα
1093 624 1139 650 καὶ
1147 625 1252 659 χόρτον,
1269 624 1316 650 καὶ
1332 623 1467 658 καλάμην.
1479 623 1510 648 Εἰ
1528 622 1576 656 μὲν
1590 619 1635 648 οὖν
1654 621 1710 656 ἔχει
1723 620 1806 653 δεῖξαι

1016 669 1102 701 ἄλλως
1122 669 1264 704 νενοῆσϐαι
1276 668 1361 695 ταῦτα
1379 668 1415 704 τῷ
1434 667 1632 704 ἁναγράψαντι,
1649 667 1697 693 καὶ
1713 675 1806 701 σωμα-

1016 715 1099 747 τικῶς
1118 714 1230 741 δύναταί
1245 723 1286 746 τις
1309 715 1482 750 παραστῆσαι
1507 713 1735 748 ἐποικοδομοῦντα
1762 712 1806 737 τὸν

1017 761 1116 796 φαῦλον
1132 761 1196 794 ξύλα
1209 761 1226 796 ἢ
1240 761 1335 801 χόρτον
1352 760 1368 796 ἢ
1391 761 1525 796 καλάμην·
1543 759 1633 795 δῆλον,
1654 759 1696 785 ὅτι
1712 758 1760 785 καὶ
1777 757 1806 784 τὸ

980 799 1000 827 Β
1015 808 1070 843 πῦρ
1090 807 1180 834 ὑλικὸν
1204 808 1250 834 καὶ
1266 799 1392 842 αἰσθητὸν
1408 806 1576 842 νοηοήσεταιο
1597 807 1620 832 εἰ
1639 805 1662 832 δ’
1678 805 1807 839 ἄντικρυς

1013 852 1216 889 τροπολογεῖται
1230 852 1266 879 τὰ
1282 852 1327 879 τοῦ
1340 852 1441 886 φαύλου
1460 852 1526 887 ἔργα
1538 850 1604 886 (30),
1619 850 1754 886 λεγόμενα
1767 848 1807 876 εἶ-

1014 907 1056 925 ναι
1072 898 1165 933 ξύλαῆ
1181 898 1298 933 χόρτοςῆ
1317 898 1436 933 καλάμη·
1453 897 1511 929 πῶς
1527 897 1576 923 οὐκ
1591 896 1704 922 αὐτόθεν
1723 903 1808 930 προσ-

1014 944 1107 970 πίπτει
1125 943 1243 970 ποδαπὸν
1260 943 1314 980 πῦρ
1327 943 1578 979 παραλαμϐάνεται,
1591 942 1634 968 ἵνα
1645 941 1678 968 τὰ
1693 939 1807 966 τοιαῦτα

1015 990 1080 1023 ξύλα
1105 990 1248 1025 ἀναλωθῇ,
1281 999 1290 1016 ι
1319 990 1449 1016 Ἐκάατου
1475 989 1538 1024 γὰρ,
1570 989 1648 1023 φησὶ,
1671 987 1702 1013 τὸ
1726 987 1807 1022 ἔργον

1013 1035 1103 1062 ὁποῖόν
1117 1037 1184 1067 ἐστι,
1200 1036 1230 1062 τὸ
1246 1036 1301 1071 πῦρ
1316 1036 1469 1070 δοκιμάσει.
1487 1035 1520 1061 Εἴ
1532 1043 1603 1065 τινος
1621 1034 1650 1060 τὺ
1662 1033 1741 1068 ἔργον
1758 1032 1806 1066 μέ-

1014 1091 1064 1113 νει,
1073 1082 1087 1109 ὃ
1103 1082 1304 1118 ἐπῳκοδόμησε,
1320 1082 1414 1118 μισθὸν
1421 1081 1543 1117 λήψεται·
1559 1081 1585 1106 εἴ
1597 1089 1669 1111 τινος
1681 1079 1713 1106 τὸ
1726 1079 1807 1114 ἔργον

1014 1129 1226 1163 κατακαήσεται,
1244 1127 1454 1163 ζημιωθήσεται.
1475 1136 1484 1152 ι
1503 1127 1602 1161 Ἔργον
1621 1125 1649 1152 δὲ
1660 1124 1808 1151 κατακαιὸ-

1016 1182 1095 1209 μενον
1119 1175 1192 1200 ποῖον
1208 1173 1240 1200 ἂν
1252 1174 1281 1200 ὲν
1291 1173 1394 1204 τούτοις
1409 1172 1551 1206 λέγοιτο,ἢ
1565 1172 1618 1198 πᾶν
1635 1171 1666 1197 τὸ
1682 1170 1736 1196 ἀπὸ
1757 1178 1806 1195 κα-

1014 1219 1076 1251 κίας
1091 1220 1290 1255 πραττόμενον;
1311 1219 1414 1245 Οὐκοῦν
1427 1220 1440 1245 6
1455 1218 1522 1249 Θεὸς
1534 1217 1612 1252 ἡμῶν
1629 1226 1639 1242 σ
1656 1215 1711 1251 πῦρ
1723 1223 1806 1241 κατα-

1014 1265 1139 1292 ναλίσκον
1156 1275 1164 1289 ι
1181 1265 1249 1296 ἐστὶ,
1262 1265 1299 1294 ὡς
1314 1263 1530 1298 ἀποδεδώκαμεν·
1547 1263 1592 1288 καὶ
1607 1261 1694 1293 οὕτως
1710 1271 1719 1286 ι
1748 1261 1807 1286 εἱσι

1015 1309 1169 1346 πορεύεται,
1198 1309 1236 1340 ὡς
1261 1309 1316 1344 πῦρ
1340 1309 1531 1344 χωνευτηρίου,
1555 1318 1564 1333 ι
1587 1307 1730 1343 χωνεύσων
1755 1306 1805 1341 τὴν

1015 1355 1125 1390 λογικὴν
1148 1354 1238 1389 φύσιν,
1263 1354 1479 1390 πεπληρωμένην
1495 1352 1542 1379 τοῦ
1562 1352 1615 1378 ἀπὸ
1630 1352 1678 1386 τῆς
1706 1350 1808 1382 κακίας

1017 1400 1157 1436 μολύϐδου,
1180 1400 1226 1426 καὶ
1239 1399 1292 1426 τῶν
1310 1399 1395 1426 ἄλλων
1416 1399 1578 1433 ἀκαθάρτων
1594 1397 1679 1429 ὑλῶν,
1693 1397 1742 1430 τὴν
1758 1395 1808 1422 τοῦ

179 1441 294 1476 aliisque
304 1442 418 1478 impuris
427 1443 557 1474 materiis.
569 1450 629 1477 quze
636 1451 758 1477 auream,
770 1449 799 1471 ut
810 1445 845 1472 ita
858 1444 962 1479 loquar,

1020 1446 1116 1482 χρυσοῦ
1131 1447 1181 1479 (i'v‘
1193 1445 1278 1478 οὕτως
1294 1444 1434 1480 ὀνομάσω)
1449 1445 1528 1479 φύσιν
1544 1443 1594 1479 τῆς
1602 1443 1701 1478 ψυχῆς,
1718 1441 1734 1476 ῆ
1756 1441 1808 1491 την

180 1492 370 1522 argenteamve
383 1489 479 1516 anima:
497 1493 620 1516 naturam
637 1489 800 1517 adulterant.
823 1490 868 1517 Sic
881 1491 964 1518 etiam

179 1532 253 1560 fluvii
267 1532 338 1567 ignis
363 1533 453 1567 egredi
474 1533 600 1560 dicuntur
613 1541 627 1560 ιι
650 1533 719 1561 facie
740 1534 800 1566 Dci,
815 1535 848 1561 ad
866 1541 965 1561 consu-

182 1578 310 1605 mendum
325 1577 454 1611 quidquid
469 1578 596 1610 neqnitite
607 1579 633 1605 in
649 1583 703 1606 tota
717 1579 806 1606 anima
820 1580 965 1607 admistum

179 1627 233 1649 est.
253 1623 341 1657 Atque
363 1624 420 1650 haec
445 1624 581 1651 suiliciunt
600 1624 731 1652 adversus
758 1625 852 1651 istud:
886 1625 966 1660 510

184 1678 194 1694 ι
224 1667 293 1696 Hinc
319 1669 420 1698 erroris
450 1678 531 1698 causa
557 1680 564 1697 :
605 1670 667 1697 hinc
701 1675 742 1698 est
775 1671 846 1705 quod
873 1671 966 1698 dicant

180 1714 265 1741 Deum
290 1715 483 1742 descensurum
505 1723 567 1743 esse
593 1716 703 1743 tortoris
728 1716 814 1743 instar
829 1721 963 1744 arenalum

180 1761 253 1795 igne.
272 1770 281 1787 I

216 1806 260 1834 Η.
277 1806 354 1834 Nunc
372 1807 509 1835 videamus
531 1815 590 1842 quae
612 1807 705 1835 Celsus
725 1808 853 1843 deinceps
869 1816 964 1844 magna

178 1852 362 1879 ostentatione
381 1854 556 1887 pronuntiat:
582 1862 591 1880 ι
610 1853 662 1880 Sed
685 1861 753 1885 rem,
769 1854 867 1888 inquit,
884 1855 965 1882 altius

179 1903 344 1933 repetamus,
369 1899 447 1933 idque
465 1899 588 1933 pluribus
609 1900 784 1934 argumentis.
800 1899 872 1926 Nihil
902 1900 964 1927 novi

178 1943 276 1976 dicam,
306 1945 353 1971 sed
372 1944 529 1979 jamdudum
551 1945 685 1972 confessa.
709 1945 779 1972 Dens
807 1949 849 1973 est
867 1945 963 1978 bonus,

179 1985 302 2020 pulcher,
318 1987 431 2018 beatus;
448 1988 576 2024 quidquid
597 1989 818 2023 pulcherrimum,
834 1990 964 2024 quidquid

178 2032 310 2066 optimum
325 2037 376 2065 est,
390 2033 416 2060 in
432 2041 460 2061 se
480 2034 609 2062 continet.
628 2035 656 2062 Si
670 2035 809 2062 descendit
824 2036 856 2062 ad
879 2035 966 2063 homi—

178 2083 240 2110 nes,
254 2077 280 2104 id
296 2078 417 2110 profeelo
432 2078 490 2106 sine
506 2079 655 2106 mutatione
670 2079 727 2106 ﬁeri
742 2087 794 2106 non
811 2085 918 2114 potest;
938 2086 966 2108 et

1017 1492 1149 1528 ἀργύρου,
1175 1491 1355 1518 δολωσάντων.
1372 1490 1449 1516 Οὕτω
1472 1490 1500 1516 δὲ
1516 1490 1562 1516 καὶ
1581 1488 1698 1523 ποταμοὶ
1718 1487 1808 1522 πυρὸς

1016 1536 1137 1572 λέγονται
1152 1536 1303 1572 ἔμπροσθεν
1311 1534 1379 1562 εἶναι
1393 1535 1438 1562 τοῦ
1449 1535 1526 1567 Θεοῦ,
1541 1534 1586 1561 τοῦ
1599 1533 1808 1568 ὲξαφανιοῦντος

1015 1583 1064 1617 τὴν
1081 1583 1112 1609 δι’
1123 1583 1184 1617 ὅλης
1200 1583 1248 1617 τῆς
1261 1582 1348 1617 ψυχῆς
1362 1580 1586 1616 ἀνακεκραμένην
1597 1579 1705 1606 κακίαν.
1723 1578 1808 1605 Ἀλλὰ

1015 1627 1069 1664 γὰρ
1078 1628 1156 1664 ἀρκεῖ
1163 1627 1246 1654 ταῦτα
1254 1628 1322 1663 πρὸς
1334 1626 1373 1653 τόν
1391 1637 1399 1651 ι
1412 1626 1492 1653 Ταῦτ’
1503 1626 1601 1661 αὐτοὺς
1612 1625 1737 1659 ἐποίησεν
1748 1624 1805 1658 (51)

1016 1673 1171 1709 ὲσφαλμένῃ
1195 1671 1256 1708 δόξῃ
1272 1672 1369 1706 λέγειν,
1387 1672 1427 1698 ὅτι
1442 1672 1456 1698 6
1477 1671 1542 1703 Θεὸς
1564 1670 1748 1706 καταϐήσεται
1771 1670 1809 1696 δί-

1016 1727 1067 1754 κην
1076 1717 1237 1753 βασανιποῦ
1251 1718 1307 1754 πῦρ
1319 1718 1417 1753 φέρων.
1439 1727 1448 1743 ι

1053 1807 1165 1842 Ἱδωμεν
1181 1806 1208 1833 δὲ
1223 1806 1270 1833 καὶ
1282 1806 1351 1842 ἆπερ
1363 1805 1427 1841 ἑξῆς
1439 1813 1518 1840 φησιν
1530 1805 1544 1831 6
1559 1804 1662 1836 Κέλσος
1680 1803 1750 1839 μετὰ
1764 1813 1808 1839 με-

1016 1851 1101 1888 γάλης
1114 1852 1282 1886 ἀπαγγελίας
1295 1851 1387 1878 τοῦτον
1401 1851 1446 1877 τὸν
1461 1851 1570 1886 τρόπον·
1592 1859 1601 1875 ι
1622 1851 1683 1876 Ἔτι
1698 1850 1735 1880 δὲ,
1753 1858 1807 1884 φη-

1017 1899 1069 1931 σὶν,
1085 1897 1186 1925 ἄνωθεν
1201 1897 1319 1924 πλείοσιν
1333 1896 1500 1928 ἀποδείξεσιν
1512 1895 1691 1930 ἀναλάϐωμεν
1710 1895 1755 1922 τὸν
1767 1895 1808 1921 λό-

1016 1952 1073 1977 γον.
1091 1944 1169 1978 Λέγω
1182 1943 1210 1970 δὲ
1237 1943 1312 1969 οὐδὲν
1334 1943 1435 1974 καινὸν,
1457 1942 1523 1968 ἀλλὰ
1539 1941 1623 1968 πάλαι
1646 1940 1807 1976 δεδογμένα.

1022 1990 1051 2015 Ὀ
1065 1989 1129 2020 Θεὸς
1149 1988 1250 2021 ἀγαθός
1271 1989 1338 2019 ἐστι,
1356 1988 1401 2014 καὶ
1418 1987 1511 2018 καλὸς.
1531 1987 1578 2013 καὶ
1593 1986 1740 2021 εὐδαίμων,
1762 1986 1809 2012 καὶ

1017 2034 1045 2060 ὲν
1060 2033 1100 2068 τῷ
1124 2033 1258 2067 καλλίστῳ
1278 2032 1324 2058 καὶ
1350 2032 1460 2068 ἀρίστῳ.
1485 2033 1516 2058 Ei
1535 2031 1566 2066 δὴ
1593 2032 1622 2063 ἐς
1643 2031 1810 2065 ἀνθρώπους

1017 2079 1131 2110 κάτεισι,
1149 2077 1297 2113 μεταϐολῆς
1310 2077 1383 2112 αὐτῷ
1395 2077 1442 2103 δεῖ’
1461 2076 1645 2112 μεταϐολῆςδὲ
1659 2076 1688 2109 ἐξ
1702 2076 1808 2109 ἀγαθοῦ

179 2122 237 2149 haec
252 2123 365 2150 mutatio
379 2123 430 2150 erit
444 2131 477 2150 ex
494 2123 564 2152 bono
579 2124 604 2150 in
620 2124 730 2158 malum,
756 2132 789 2152 ex
803 2125 915 2159 pulchro
937 2125 963 2152 in

1020 2125 1057 2156 εἰς
1072 2124 1166 2155 κακὸν,
1180 2124 1226 2150 καὶ
1245 2125 1277 2150 ὲκ
1290 2122 1372 2150 καλοῦ
1385 2124 1424 2154 εις
1439 2123 1561 2158 αἰσχρὸν,
1576 2122 1623 2148 καὶ
1641 2122 1670 2154 ἐξ
1683 2122 1809 2156 εὐδαιμο-

179 2171 294 2202 turpem,
311 2175 345 2194 ex
361 2167 438 2195 felice
454 2169 480 2194 in
495 2168 640 2200 infelicem,
653 2176 685 2196 ex
697 2169 798 2203 optimo
810 2170 836 2196 in
855 2171 966 2205 nequis-

178 2212 289 2239 simum.
306 2212 464 2249 Huiusmodi
481 2214 656 2240 mutationem
678 2214 771 2248 ecquis
785 2215 902 2248 experiri
918 2223 965 2242 ve-

178 2257 229 2285 lit?
248 2258 380 2286 Praeterea
408 2259 444 2286 rei
465 2259 573 2293 quidem
600 2260 722 2286 mortalis
747 2263 844 2286 natura
863 2267 894 2286 ea
911 2265 964 2292 est,

178 2308 238 2335 qua:
254 2301 351 2328 mutari
371 2301 504 2336 aliamque
519 2301 633 2329 formam
658 2303 770 2330 induere
789 2305 892 2337 possit;
913 2304 965 2331 im-

178 2346 302 2375 lliOl‘lﬂiiS
316 2354 391 2379 vero,
406 2353 435 2374 ut
450 2355 502 2374 una
516 2355 624 2381 semper
635 2352 662 2374 et
675 2348 767 2375 eadem
792 2355 960 2384 permaneat.

178 2392 232 2420 Deo
247 2392 329 2426 igitur
339 2393 484 2420 convenire
503 2400 556 2420 non
566 2398 653 2428 potest
667 2394 722 2421 haec
735 2395 860 2422 mutatio.
879 2403 888 2420 ι
902 2395 960 2422 Jam

176 2437 211 2465 ad
225 2440 282 2465 haec
293 2438 360 2466 satis
374 2438 437 2465 mihi
451 2438 556 2465 videtur
570 2445 631 2465 esse
654 2446 823 2474 responsum,
839 2447 901 2467 cum
915 2447 962 2467 cx-

176 2486 254 2519 posui
269 2491 323 2519 quo
340 2492 420 2512 sensu
435 2485 504 2512 Deus
521 2485 548 2511 in
566 2485 714 2519 Scripturis
726 2486 758 2513 ad
776 2493 817 2514 res
830 2486 961 2513 humanas

177 2531 342 2558 descendere
353 2531 470 2557 dicatur.
485 2530 541 2558 Hoc
560 2531 631 2558 enim
648 2536 676 2557 nt
692 2530 783 2564 faciat,
800 2531 866 2558 nihil
892 2539 960 2566 opus

211 2577 234 2594 ³⁵
249 2578 327 2606 Deut.
344 2585 381 2611 tv,
393 2577 464 2606 24."
482 2577 549 2605 Dan.
566 2585 616 2611 vn,
631 2578 674 2606 10.
713 2578 737 2595 ³⁸
754 2578 868 2606 Malach.
882 2586 924 2611 ιιι,
938 2579 965 2606 2.

212 2623 277 2660 (ιθ),
296 2623 382 2660 Codd.
406 2624 506 2660 Regius
530 2629 557 2651 et
579 2624 751 2657 Basileensis,
771 2625 805 2651 τὰ
819 2626 865 2652 ἀπ’
879 2626 963 2660 αὐτῆς

176 2658 359 2695 πραττόμενα..
377 2659 414 2695 Ita
438 2659 507 2686 infra
533 2660 580 2686 lib.
596 2661 732 2694 impressi,
751 2660 766 2695 ἥ
783 2661 837 2686 πᾶν
860 2661 890 2686 τὸ
909 2658 963 2686 ἀτεδ

177 2693 487 2730 κακίαςπραττὸμενον,
499 2695 544 2729 qui
560 2693 649 2722 tamen
663 2695 714 2722 hoc
728 2693 787 2723 loco
803 2696 913 2728 habent,
929 2695 964 2722 τὰ

177 2727 320 2764 ὑπίὲῠτῆἐ
331 2727 514 2764 πραέὲόμεναζ

213 2762 270 2797 (50)
293 2762 379 2790 Codd.
399 2762 499 2800 Regius
507 2768 534 2792 et
545 2763 720 2797 Basileensis,
736 2764 769 2794 τὰ
785 2763 872 2799 φαῦλα
883 2764 960 2800 ἔργα.

1013 2169 1073 2201 νίας
1095 2170 1135 2200 εἰς
1158 2169 1374 2204 κακοδαιμονίαν,
1401 2169 1447 2195 κα)⁴
1467 2170 1498 2194 ὲκ
1517 2168 1563 2194 τοῦ
1584 2168 1698 2204 ἀρίστου
1722 2168 1764 2199 εἰς
1778 2168 1808 2194 τὺ

1014 2214 1206 2250 πονηρότατον.
1223 2213 1270 2245 Τίς
1283 2214 1316 2240 ἂν
1328 2212 1374 2240 οὖν
1390 2213 1476 2240 ἕλοιτο
1489 2213 1616 2248 τοιαύτην
1637 2212 1806 2251 μεταϐολήνς

1013 2260 1069 2287 Καὶ
1085 2260 1135 2294 μὲν
1160 2259 1192 2294 δὴ
1207 2258 1245 2294 τῷ
1259 2259 1350 2294 θνητῷ
1378 2259 1427 2295 μὲν
1447 2258 1623 2285 ἀλλάττεσθαι
1651 2259 1700 2285 καὶ
1721 2267 1807 2293 μετα-

1014 2304 1179 2331 πλάττεσθαι
1197 2304 1276 2338 φύσις
1294 2304 1360 2339 (52)’
1379 2303 1417 2339 τῷ
1431 2304 1452 2330 δ’
1469 2304 1594 2339 ἀθανάτῳ
1606 2304 1678 2330 κατὰ
1690 2304 1724 2329 τὰ
1736 2304 1808 2330 αὐτὰ

1015 2350 1062 2376 καὶ
1074 2349 1203 2381 ὡσαύτως
1222 2349 1302 2384 ἔχειν.
1321 2350 1377 2376 Οὐκ
1395 2349 1428 2376 ἂν
1443 2347 1489 2376 οὖν
1503 2349 1563 2375 οὐδὲ
1576 2349 1679 2384 ταύτην
1692 2349 1740 2384 τὴν
1760 2358 1805 2384 μεθ

1014 2395 1129 2431 ταὸολὴν
1141 2396 1208 2426 Θεὸς
1221 2396 1331 2430 δέχοιτο.
1351 2405 1360 2421 ι
1377 2397 1455 2421 Δοκεῖ
1466 2395 1498 2430 δή
1519 2404 1563 2430 μοι
1576 2394 1645 2430 πρὸς
1659 2395 1748 2422 ταῦτα
1761 2396 1807 2422 λέ-

1014 2440 1109 2474 γεσθαι
1123 2440 1159 2467 τὰ
1171 2441 1273 2474 δέοντα,
1289 2441 1481 2476 διηγησαμένῳ
1495 2440 1543 2476 τὴν
1559 2442 1587 2467 ὲν
1604 2442 1665 2472 ταῖς
1683 2441 1806 2475 Γραφαῖς

1015 2485 1163 2521 λεγομένην
1184 2487 1334 2513 κατάϐασιν
1351 2486 1418 2512 Θεοῦ
1435 2486 1503 2521 πρὸς
1527 2485 1750 2520 τὰ-ἁνθρώπινα·
1767 2487 1806 2516 εἰς

1014 2532 1047 2566 ἢν
1060 2532 1090 2558 οὐ
1101 2531 1249 2567 μεταϐολῆς
1260 2532 1334 2567 αὐτῷ
1341 2531 1389 2564 δεῖ,
1406 2531 1443 2563 ὡς
1456 2531 1558 2563 Κέλσος
1572 2532 1648 2567 ἡμᾶς
1658 2532 1746 2558 οἴεται
1760 2531 1790 2558 λέ
1801 2547 1805 2550 -

1004 2579 1046 2606 ³⁷1
1063 2580 1126 2607 Cor.
1141 2587 1181 2612 ιιι,
1203 2579 1247 2606 1'2.
1286 2579 1328 2606 ³⁸1
1349 2579 1411 2607 Cor.
1427 2587 1467 2611 ιιι,
1493 2580 1535 2607 i3.

1020 2626 1104 2662 Paulo
1115 2631 1181 2662 post
1202 2627 1268 2662 libb.
1292 2626 1418 2662 impressi
1443 2626 1468 2662 in
1494 2627 1627 2662 margine.
1654 2626 1804 2662 προπίπτει

1016 2661 1195 2698 ποδαπόνζΕι
1206 2661 1278 2698 infra
1291 2661 1416 2698 ingtextn,
1437 2661 1466 2687 τὸ
1475 2661 1534 2698 ,πῦρ
1542 2660 1631 2698 [αὐτὸ]
1643 2660 1804 2698 δοκιμάσει.

1052 2695 1108 2731 (5|)
1131 2696 1298 2728 Ἐποίησεν.
1315 2696 1360 2722 Sic
1378 2704 1457 2729 supra
1474 2695 1648 2724 lihlifexcu'si
1663 2695 1740 2723 num.
1762 2697 1803 2730 ii,

1018 2730 1087 2758 male
1105 2735 1195 2757 autent
1213 2731 1256 2757 Ire
1273 2730 1389 2761 habent,
1407 2730 1533 2765 ποιῆσαν.

1054 2765 1110 2801 (52)
1118 2765 1199 2793 Recte
1210 2765 1320 2793 omnino
1329 2773 1405 2796 mss.,
1413 2765 1502 2801 φύσις.
1513 2765 1591 2794 Libb.
1602 2766 1699 2802 impr.,
1711 2766 1800 2803 φύσιν.
