1908 3099
102 118 169 148 19ιῦ

684 115 825 144 CONTRA
844 113 981 142 CELSUM
999 113 1061 140 LIB.
1083 112 1125 141 ιν.

1657 109 1725 138 1048

100 185 167 211 γειν,
185 160 252 202 οὕτε
260 175 363 211 τροπῆς
376 176 426 212 τῆς
440 176 470 208 ἐξ
481 175 582 210 ἀγαθοῦ
604 177 642 207 εἰς
657 175 751 207 κακὸν,
766 175 782 210 ἢ
796 176 829 201 ἑκ
838 184 880 202 κα-

938 178 978 201 est
1002 181 1062 200 eum
1099 173 1196 201 mutari
1223 173 1345 208 vertique
1366 179 1396 200 ex
1414 172 1485 200 bono
1509 172 1535 199 in
1556 171 1667 204 malum,
1689 180 1724 200 ex

96 222 139 248 λοῦ
153 222 192 252 είς
206 221 328 256 αἰσχρὸν,
342 220 358 256 ἢ
376 221 405 253 ἐξ
419 221 590 256 εὐδαιμονίας
610 222 649 252 εἰς
664 219 884 255 κακοδαιμονίαν,

95 267 112 302 ἢ
125 269 156 293 ὲκ
168 266 215 292 τοῦ
231 267 341 302 ἀρίστου
360 266 400 298 εἰς
415 266 445 292 τὸ
459 266 651 302 πονηρότατον.
673 265 769 293 Μένων
783 264 838 300 γὰρ
851 265 884 300 τῇ

95 312 171 347 οὐσίᾳ
193 313 338 347 ἄτρεπτος,
361 312 572 346 συγκαταϐαίνει
594 313 626 347 τῇ
653 311 765 348 προνοίᾳ
792 310 838 337 καὶ
851 311 884 345 τῇ

96 358 233 393 οἰκονομίᾳ
247 359 301 389 τοῖς
322 358 502 394 ἀνθρωπίνοις
525 358 693 392 πράγμασιν.
714 357 808 392 Ἡμεῖς
836 356 885 391 μὲν

96 401 139 430 οὖν
154 402 201 429 καὶ
219 402 252 429 τὰ
265 402 324 429 θεῖα
335 403 487 438 γράμματα
506 403 679 438 παρίει-ταμεν
692 402 824 438 ἄτρεπτον
839 401 883 427 λέ-

95 457 174 482 γοντα
187 449 233 475 τὸν
246 448 311 475 Θεὸν
328 448 356 475 ἐν
371 457 400 475 τε
414 449 463 484 τῷ,
480 459 488 474 ι
501 449 536 476 Σὺ
554 449 582 475 δὲ
597 449 611 475 ὁ
624 448 704 480 αὐτὸς
723 445 756 474 εἷ·
775 457 783 473 ι
795 448 840 474 καὶ
856 449 884 474 ἐν

95 493 140 528 τῷ,
152 503 160 518 ι
177 493 235 520 Οὐκ
249 493 407 529 ὴλλοίωμαι·
422 504 431 520 ›
447 495 472 520 oi.
482 494 562 521 δὲτοῦ
583 493 742 529 Ἐπικούρου
756 492 883 527 θεο“ι(55),

95 538 214 566 σύνθετοι
226 539 255 571 ἐξ
270 539 377 574 ἀτόμων
393 539 582 574 τυγχάνοντες,
599 540 647 566 καὶ
661 539 691 566 τὸ
704 540 765 566 ὅσον
791 539 836 565 ἐπὶ
850 539 882 573 τῇ

96 583 220 610 συστάσει
236 584 373 616 ἀνάλυτοι,
391 584 631 620 πραγματεύονται
643 584 692 616 τὰς
708 583 884 620 φθοροποιοὸς

95 628 209 664 ἀτόμους
236 629 421 657 ἀποσείεσθαι.
457 630 536 657 Ἀλλὰ
568 630 616 657 καὶ
641 630 655 656 ὁ
679 629 732 656 τῶν
758 628 884 657 Στωϊκῶν

94 673 156 704 Θεὸς
169 673 238 710 (54),
264 674 310 701 ἆτε
326 674 404 709 σῶμα
426 676 576 710 τυγχάνων,
593 675 636 701 ὁτὲ
659 675 708 710 μὲν
721 673 883 710 ἡγεμονικὸν

95 718 147 754 ἔχει
163 719 212 754 τὴν
228 719 292 755 ὅλην
319 720 423 754 οὐσίαν,
447 721 509 747 ὃταν
524 721 540 756 ὴ
555 720 710 757 ἐκπύρωσις
785 721 828 747 ὁτὲ
855 722 882 748 δὲ

94 765 137 790 ἐπὶ
145 764 246 800 μέρους
259 765 364 799 γίνεται
379 766 473 802 αὐτῆς,
492 767 554 793 ὅταν
605 767 792 802 διακόσμησις.
815 767 882 794 Οὐδὲ

94 809 144 845 γὰρ
156 809 312 845 δεδύνηνται
325 809 397 838 οὗτοι
407 812 543 848 τρανῶσαι
556 812 605 848 τὴν
619 813 735 848 φυσικὴν
750 813 797 840 τοῦ
814 813 880 840 Θεοῦ

938 218 1089 253 pulchr-oin
1112 223 1228 253 turpem,
1248 226 1279 246 ex
1302 218 1380 245 felice
1398 218 1424 245 in
1446 217 1590 250 infelicem,
1604 225 1637 245 ex
1649 219 1716 253 opti'

936 271 980 291 mo
1005 264 1030 290 in
1054 263 1262 297 nequissimum,
1278 268 1306 290 ut
1326 263 1404 290 nobis
1420 263 1524 298 afﬁngit
1538 262 1644 290 Celsus.
1658 263 1722 295 ςΞθιι

936 313 1031 336 natura
1048 308 1225 336 immutabilis
1239 316 1400 343 permanens
1419 309 1560 336 descendit
1578 308 1721 342 providen-

938 354 972 381 tia
989 358 1016 382 et
1036 361 1125 382 rerum
1142 355 1322 381 humanarum
1337 355 1538 389 procuratione.
1559 354 1626 382 Eum
1640 361 1722 389 porro

935 408 996 429 esse
1014 400 1209 428 immutabilem
1232 407 1263 427 ex
1279 400 1377 427 divinis
1390 400 1538 435 Scriptnris
1553 401 1720 428 astruimus:

939 457 948 474 ι
970 447 1009 475 Τυ
1035 451 1124 474 autem
1149 447 1219 474 idem
1238 446 1295 481 ipse
1307 453 1337 474 es
1351 446 1384 479 ³⁹,
1410 455 1419 472 ι
1438 447 1626 482 inquiuntuno
1648 447 1725 480 loco,

936 495 1022 522 altero
1040 497 1130 521 autem
1145 500 1153 520 :
1173 503 1182 517 σ
1202 493 1260 521 Non
1284 497 1373 521 mutor
1390 492 1424 521 ‘°.
1442 502 1452 519 ι
1472 493 1532 520 Alia
1544 498 1584 521 est
1608 494 1720 522 deorum

935 539 1043 574 Epicuri
1061 539 1140 566 ratio.
1164 537 1231 566 Nam
1248 546 1281 567 ex
1295 539 1395 567 atomis
1410 544 1579 572 constantes,
1595 539 1647 567 hoc
1662 540 1720 575 ipso

935 585 1044 613 dissolvi
1065 590 1188 620 possent,
1209 584 1258 612 nisi
1273 585 1306 611 ad
1325 589 1441 617 atomos,
1460 585 1529 611 unde
1542 585 1594 612 illis
1605 585 1720 612 dissolu-

935 630 1016 658 tionis
1032 629 1181 665 pcriculum
1196 633 1251 662 est,
1263 629 1439 656 excutiendas
1459 629 1564 657 naviter
1580 629 1721 657 incumbe-

934 681 1004 703 rent.
1020 675 1112 703 Sedet
1126 675 1279 703 Stoicorum
1298 675 1378 708 Deus,
1396 679 1489 710 utpote
1502 682 1660 710 corporeus,
1677 676 1712 702 in-

935 722 1038 749 terdum
1053 721 1109 749 sola
1123 726 1213 748 mente
1233 725 1317 749 totam
1332 725 1457 748 naturam
1474 721 1567 753 habet,
1584 728 1645 748 cum
1665 721 1721 749 sci-

933 766 996 793 licet
1009 765 1182 800 conﬂagratio
1198 765 1242 798 fit;
1263 765 1397 793 interdum
1418 769 1507 792 autem
1531 765 1560 792 fit
1577 772 1722 800 superpar-

934 811 1065 843 ticularis,
1075 818 1137 838 cum
1148 810 1239 838 mundi
1253 810 1393 838 renovatio
1408 809 1438 837 fit
1453 817 1593 845 novusque
1606 815 1720 838 ornatus

95 857 204 890 ἔννοιαν,
225 857 265 889 ὡς
284 857 371 892 πάντη
394 857 544 894 ἀφθάρτου,
562 860 609 885 καὶ
628 858 724 892 ἁπλοῦ,
741 860 787 886 καὶ
801 859 880 886 ἀσυν-

933 857 1030 885 oritur.
1045 856 1138 891 Neque
1148 857 1219 884 enim
1230 861 1376 892 potuerunt
1389 857 1426 884 illi
1440 856 1491 884 sibi
1507 857 1659 884 naturalem
1671 857 1718 884 Dei

94 902 178 936 θέτου,
190 904 238 931 καὶ
246 903 409 940 ἀδιαιρέτου.

127 991 162 1018 Τὸ
184 991 212 1018 δὲ
236 992 423 1027 καταϐεϐηκὸς
449 993 487 1024 είς
512 992 671 1028 ἀνθρώπους
696 1002 705 1019 ι
733 994 762 1020 ἐν
790 994 879 1029 μορφῇ

95 1038 157 1065 Θεοῦ
174 1047 182 1064 ι
207 1039 328 1074 ὑπῆρχε·
343 1039 390 1066 καὶ¹
406 1039 450 1066 διὰ
467 1040 669 1075 φιλανθρωπίαν
684 1049 692 1066 ι
706 1040 801 1066 ἑαυτὸν
820 1040 880 1066 ἐκέ-

96 1093 184 1116 νωσεν,
197 1095 206 1111 ι
228 1086 272 1112 ἵνα
290 1085 448 1121 χωρηθῆναι
466 1085 512 1111 ὑπ’
524 1084 674 1121 ἀνθρώπων
691 1085 745 1120 (55)
768 1085 879 1121 δυνηθῇ.

95 1131 129 1157 Οὺ
147 1131 231 1167 δήπου
247 1131 270 1156 δ’
286 1130 315 1163 ἐξ
332 1131 435 1165 ἀγαθοῦ
450 1132 490 1163 εἰς
504 1132 588 1158 κακὸν
610 1131 721 1165 γέγονεν
743 1131 816 1166 αὐτῷ
835 1140 882 1166 με-

98 1175 197 1211 ταϐολὴ,
216 1185 225 1202 ι
248 1172 397 1212 ’Λμαρτίαν
425 1176 476 1212 γὰρ
508 1177 558 1203 οὐκ
583 1177 747 1212 ἐποίησεν-ι
772 1178 824 1204 οὐδ’
849 1178 882 1204 ὲκ

95 1222 175 1249 καλοῦ
190 1224 230 1255 εἰς
255 1224 376 1259 αἰσχρὸν,
392 1233 400 1249 ι
416 1224 445 1250 οὐ
470 1223 524 1260 γὰρ
537 1223 606 1258 ἔγνω
630 1225 784 1260 ἁμαρτίανο
798 1234 807 1250 ι
826 1225 882 1252 οὐδ’

94 1269 122 1301 ἐξ
133 1269 304 1304 εὐδαιμονίας
317 1267 398 1304 ἦλθεν
413 1271 453 1302 εἰς
470 1271 681 1305 κακοδαιμονίαν
691 1278 697 1285 ·
718 1270 774 1297 ἀλλ’
787 1271 882 1298 ἑαυτὸν

96 1313 143 1348 μὲν
159 1313 351 1346 ἐταπείνωσεν,
373 1314 449 1340 οὐδὲν
472 1314 494 1340 δ’
511 1311 590 1350 ἦττον
617 1313 751 1349 μακάριος
773 1312 817 1350 ἦν,
836 1315 883 1342 καὶ

94 1358 134 1385 ὅτε
150 1359 342 1395 συμφερόντως
360 1359 399 1395 τῷ
420 1359 492 1394 γένει
514 1360 593 1395 ἡμῶν
613 1360 708 1388 ἑαυτὸν
725 1361 880 1388 ὲταπείνου.

100 1404 165 1431 Ἀλλ’
181 1404 242 1431 οὐδὲ
261 1404 396 1440 μεταϐολή
411 1413 452 1436 τις
471 1405 546 1440 αὐτῷ
567 1405 679 1439 γέγονεν
697 1406 728 1432 ἐκ
749 1405 797 1432 τοῦ
822 1406 883 1441 ἀρί-

95 1458 155 1475 στου
175 1451 214 1482 είς
236 1449 268 1476 τὸ
283 1449 480 1486 πονηρότατον·
505 1450 556 1476 ποῦ
573 1450 627 1486 γὰρ
651 1451 832 1486 πονηρότατον
852 1451 882 1478 τὸ

95 1495 204 1532 χρηστὸν
235 1495 282 1522 καὶ
308 1495 513 1532 φιλάνθρωπον;
540 1496 575 1522 Ἦ
603 1495 662 1532 ὥρα
690 1496 760 1532 (56)
782 1497 881 1532 λέγειν,

931 902 1067 930 notionem
1090 902 1181 929 animo
1205 902 1369 935 informare,
1389 907 1420 929 ut
1438 902 1477 929 rei
1493 902 1718 937 ineorruptibilis,

931 948 1074 982 simplicis,
1093 948 1289 983 incompositae,
1303 949 1458 976 individute.

966 994 1011 1021 15.
1024 994 1053 1022 Id
1077 999 1176 1027 autem,
1196 995 1266 1029 quod
1279 995 1312 1022 ad
1328 995 1451 1022 homines
1470 994 1622 1026 descendit,
1637 994 1716 1029 511

931 1044 989 1068 crat
1019 1041 1070 1068 «in
1098 1040 1183 1068 forma
1203 1040 1292 1074 Dei,»
1323 1045 1350 1068 et
1377 1048 1432 1075 pra:
1460 1048 1509 1068 suo
1538 1040 1564 1068 in
1595 1041 1718 1068 homines

931 1093 1023 1114 amore
1054 1087 1253 1121 rsernetipsum
1291 1087 1520 1121 exinanivit“,t
1551 1091 1580 1115 ut
1605 1087 1638 1114 ah
1664 1086 1718 1114 illis

932 1132 1122 1167 comprehendi
1139 1137 1238 1167 posset.
1254 1132 1347 1167 Neque
1362 1133 1466 1160 idcirco
1482 1140 1514 1161 ex
1534 1133 1604 1160 bono
1619 1133 1645 1160 in
1664 1141 1718 1159 ma-

932 1175 986 1203 lum
1014 1181 1133 1204 mutatus
1148 1181 1207 1209 est;
1227 1186 1236 1202 ί
1252 1182 1391 1212 peccatum
1408 1179 1481 1204 enim
1503 1178 1640 1209 non,fecit
1652 1178 1692 1210 u;
1705 1187 1715 1203 ι

932 1230 1020 1258 neque
1031 1230 1062 1250 ex
1081 1223 1194 1256 pulchro
1210 1223 1236 1250 in
1257 1228 1378 1257 turpem;
1396 1232 1405 1249 ι
1418 1231 1469 1250 non
1490 1223 1562 1250 enim
1578 1227 1717 1258 peccatmn

932 1269 1058 1301 novit";
1073 1278 1082 1295 ι
1107 1276 1194 1304 neque
1211 1277 1243 1296 ex
1266 1268 1397 1295 felicitate
1422 1269 1448 1296 in
1468 1268 1652 1296 infelicitatem
1669 1276 1716 1296 ve-

932 1315 992 1342 nit:
1009 1316 1056 1342 sed
1075 1316 1251 1351 semetipsum
1275 1316 1440 1348 humiliavit,
1457 1316 1525 1343 nihil
1548 1323 1605 1343 sum
1630 1316 1717 1343 felici-

932 1361 996 1388 tatis
1012 1362 1153 1395 amittens,
1172 1361 1215 1389 vel
1241 1369 1301 1389 cum
1327 1363 1447 1397 seipsum
1471 1362 1639 1389 humiliando
1668 1362 1718 1388 hu-

932 1406 1005 1433 mani
1025 1407 1133 1442 generis
1154 1407 1263 1435 utilitati
1283 1408 1449 1434 consuleret.
1474 1407 1566 1441 Neque
1585 1407 1666 1434 etiam
1684 1414 1717 1433 ex

931 1452 1034 1487 optimo
1062 1457 1183 1480 mtttatus
1210 1457 1252 1480 est
1280 1453 1305 1480 in
1338 1453 1545 1487 nequissimum.
1575 1452 1717 1486 Quomodo

931 1499 1004 1527 enim
1027 1499 1182 1534 benignitas
1205 1504 1232 1527 et
1252 1499 1407 1527 humanitas
1431 1499 1458 1526 in
1482 1499 1657 1534 nequissimis
1675 1507 1721 1527 es-

128 1587 148 1604 ”
163 1588 232 1616 Psal.
250 1596 286 1621 ct,
304 1588 351 1617 28.
387 1589 410 1606 ‘°
425 1589 539 1617 Malaeh.
558 1597 598 1623 ιιι,
611 1590 637 1616 6.
676 1590 698 1606 ⁸¹
711 1589 807 1625 Philip.
820 1597 849 1624 n,
864 1583 891 1618 ϐξ
921 1587 1054 1633 ηιιιιειτ.
1070 1595 1102 1621 ιι,
1120 1587 1164 1615 22.
1192 1586 1214 1603 “
1229 1586 1251 1614 ll
1273 1586 1336 1615 Cor.
1361 1595 1386 1620 v,
1400 1587 1446 1614 2|.

129 1657 181 1693 (55)
194 1659 226 1684 Οἱ
241 1657 276 1684 δὲ
286 1657 339 1693 τοῦ
353 1658 524 1692 Ἐπικούρου
537 1658 606 1691 θεοί,
616 1663 668 1685 etc.
681 1657 796 1687 Velleius
806 1658 876 1692 apud

933 1657 1069 1693 mundum,
1092 1655 1193 1687 stellas,
1218 1660 1337 1687 terram;
1354 1664 1510 1691 supremum
1528 1661 1629 1693 autem
1655 1664 1718 1684 om-

96 1692 178 1720 Cicer.
199 1692 265 1719 lib.|
285 1692 322 1719 De
335 1698 390 1719 mu.
404 1694 531 1719 deorum:
550 1702 559 1718 ι
578 1693 629 1720 Sed
641 1693 674 1720 ad
690 1693 760 1720 hanc
773 1694 876 1720 confir-

97 1728 216 1754 mandam
233 1728 388 1762 opinionem
412 1728 524 1762 inquirit
542 1728 648 1755 animus
669 1733 696 1755 et
710 1729 834 1760 formam,
848 1732 875 1755 et

95 1762 191 1793 vitam,
208 1767 237 1789 et
259 1762 393 1797 actionem
413 1763 523 1794 mentis,
547 1768 627 1797 atque
650 1763 823 1797 agitationem
846 1763 873 1789 in

96 1796 156 1824 Deo.
174 1797 211 1824 Ac
224 1797 260 1824 de
273 1796 358 1824 forma
376 1797 483 1831 quidem
497 1796 594 1832 partim
615 1796 710 1824 natura
721 1805 770 1824 nos
783 1798 876 1824 admo-

96 1836 147 1863 uel,
171 1832 268 1865 partim
299 1832 368 1858 ratio
397 1832 485 1859 docet.
512 1832 578 1859 Nam
600 1840 615 1859 a
631 1837 727 1859 natura
744 1832 874 1859 habemus

96 1873 185 1893 omnes
199 1867 321 1894 omnium
334 1867 452 1900 gentium
467 1868 583 1901 speciem
597 1867 699 1894 nullam
713 1867 804 1897 aliam,
823 1867 873 1893 nisi

96 1901 236 1928 humanam
260 1902 386 1933 deorum;
402 1909 462 1935 qua:
477 1902 549 1928 enim
573 1902 625 1928 alia
652 1901 738 1928 forma
756 1901 875 1928 occttrrit

97 1943 209 1970 unquam
226 1941 273 1962 aut
288 1936 409 1969 vigilanti
423 1937 559 1970 cuiquam,
575 1941 620 1963 aut
633 1937 777 1963 dormienti
790 1937 801 1961 Ἰ
813 1945 822 1961 ›
844 1936 875 1962 Et

96 1972 169 2004 paulo
183 1976 243 2005 post
258 1978 265 1998 :
283 1980 291 1996 ι
309 1971 386 2004 Quod
401 1971 552 1998 siomninm
561 1971 740 1998 animantium
761 1970 874 1997 formam

97 2006 327 2040 vincithorniuum
347 2005 431 2040 figura
449 2012 456 2032 :
477 2005 547 2032 Deus
564 2010 653 2033 autem
673 2007 797 2033 animans
818 2009 874 2037 est;

95 2047 124 2066 ea
135 2034 218 2074 figura
230 2039 352 2074 profecto
366 2034 417 2071 Est.
432 2048 491 2074 quae
507 2040 686 2074 pulcherrima
700 2041 735 2066 sit
745 2034 875 2066 omnium.

97 2074 279 2109 Quoniamque
295 2075 358 2101 deos
377 2075 547 2102 beatissimos
561 2082 622 2102 esse
642 2080 764 2107 constat;
782 2074 876 2101 beatus

98 2115 181 2136 autent
204 2117 265 2136 esse
280 2111 340 2136 sine
366 2110 465 2137 virtute
488 2117 566 2136 nemo
589 2115 688 2145 potest,
711 2117 759 2136 nec
791 2110 877 2135 virtus

97 2145 151 2171 sine
168 2145 274 2172 ratione
287 2149 424 2175 constare.
442 2152 493 2171 nec
507 2145 576 2171 ratio
588 2153 700 2179 usquam
720 2145 822 2174 inesse,
836 2145 879 2170 ni-

928 1693 1002 1719 nium
1028 1692 1139 1719 deorum
1168 1699 1228 1718 esse
1243 1697 1360 1719 mentem
1387 1699 1447 1726 qua:
1460 1695 1501 1719 est
1527 1692 1553 1718 in
1572 1692 1683 1719 :etltere.
1704 1701 1714 1717 ι

929 1727 996 1753 Vide
1011 1726 1198 1753 adnotationes
1210 1726 1241 1752 ad
1257 1727 1304 1753 lib.
1321 1735 1341 1757 ι,
1356 1734 1432 1753 num.
1448 1727 1493 1756 2L
1515 1726 1561 1754 lib.
1581 1734 1622 1758 ιιι,
1641 1734 1716 1752 num.

928 1762 973 1794 74,
991 1766 1018 1788 et
1030 1761 1076 1787 lib.
1088 1769 1124 1790 ιν,
1144 1768 1217 1787 num.
1228 1760 1271 1787 68.
1288 1760 1421 1788 Spsucen.
1436 1776 1471 1781 —
1487 1761 1570 1788 Totus
1582 1761 1627 1788 hic
1641 1761 1717 1788 locus

928 1797 967 1822 sic
989 1795 1165 1828 corrigendus
1189 1796 1294 1822 videtur
1310 1795 1423 1823 Guieto:
1450 1795 1530 1822 Ἀλλὰ
1554 1797 1602 1822 καὶ
1624 1796 1638 1821 ὁ
1662 1795 1718 1822 τῶν

928 1830 1055 1872 Στωϊκῷν
1068 1829 1143 1872 Θεὸς,
1157 1830 1206 1872 ᾖτε
1224 1830 1303 1872 cibust
1321 1831 1473 1872 τυγχάνων]
1490 1831 1535 1872 ore
1551 1831 1600 1865 μὲν
1615 1831 1716 1872 ήγεμοῖ

927 1866 1006 1901 νικῆν
1020 1865 1075 1901 ἔχει
1091 1864 1140 1901 τὴν
1155 1863 1219 1899 ὃλην
1235 1863 1339 1901 ουσίαν,
1354 1863 1422 1901 ὅταν
1432 1863 1665 1901 ﬂéxndpmatgﬁ:
1668 1863 1717 1891 '61s

927 1899 955 1926 δὲ
963 1898 1095 1936 emptam;
1111 1898 1214 1933 γίνεται
1227 1900 1318 1931 αὐτὸς,
1329 1901 1394 1926 ὅταν
1436 1898 1715 1936 διακόσμησιςίἛπι-

930 1934 1091 1970 μερήςςίιί
1114 1939 1174 1970 est,
1205 1943 1214 1959 I
1232 1934 1509 1970 dsuperparticnlaris.
1543 1944 1552 1961 ι
1569 1934 1716 1970 ’ῌοεγειιη

929 1967 1064 2004 ἐπιμερὴς
1080 1968 1195 2004 ἀριθμὸς
1215 1967 1284 1995 οὕτω
1307 1969 1426 2004 λέγεται,
1441 1970 1504 1996 ὅταν
1518 1970 1532 1996 ὁ
1552 1967 1651 2004 μείζων
1668 1969 1715 1996 τοῦ

929 2003 1068 2034 ἐλάττονος
1084 2003 1203 2038 ὑπερέχῃ
1225 2004 1302 2039 μέρει
1326 2003 1387 2031 τινί.
1414 2006 1484 2031 Deus
1508 2003 1660 2032 Stoicorum
1674 2010 1718 2030 est

929 2046 1037 2074 corpus.
1051 2038 1130 2072 idque
1145 2039 1244 2074 animal
1260 2038 1372 2066 materia
1392 2043 1419 2066 et
1434 2039 1520 2066 forma
1534 2044 1674 2070 constans,
1690 2039 1716 2066 id

929 2072 1117 2100 est'mundus.
1145 2072 1243 2105 Forma
1272 2081 1318 2100 seu
1338 2074 1428 2101 anima
1446 2074 1536 2101 mundi
1563 2079 1602 2100 est
1627 2074 1714 2106 ignis,

931 2109 1044 2135 materia
1074 2108 1285 2144 prmterAignem
1318 2110 1408 2135 omnia
1432 2117 1557 2144 corpora.
1572 2107 1715 2144 Ἐκπύρω-

931 2151 982 2175 σις,
998 2143 1023 2170 id
1040 2147 1083 2170 est
1097 2142 1204 2170 exustio
1220 2143 1250 2169 fit
1261 2151 1322 2169 cum
1337 2144 1405 2178 ignis
1420 2144 1464 2178 qui
1480 2142 1528 2178 per
1539 2148 1623 2171 totunt
1640 2142 1717 2170 Inim-

98 2179 155 2205 siin
167 2179 284 2206 hominis
299 2179 401 2213 figura;
417 2174 538 2206 hominis
553 2187 613 2206 esse
629 2174 719 2213 specie
735 2179 799 2206 deos
810 2186 877 2205 eon-
894 2174 918 2203 υ
932 2178 957 2205 di
973 2185 1071 2213 corpus
1097 2182 1224 2211 tauquam
1241 2177 1330 2204 anima
1344 2174 1458 2206 diffusus
1474 2174 1527 2210 est,
1545 2180 1571 2206 in
1597 2178 1715 2212 seipsum

98 2214 220 2240 titendnm
237 2218 289 2241 est.
306 2214 362 2240 Nec
378 2219 466 2240 tamen
490 2222 521 2241 ea
539 2215 644 2248 species
659 2221 756 2247 corpus
770 2218 820 2246 est,
834 2214 880 2241 sed

98 2248 170 2280 quasi
183 2255 301 2284 corpus;
316 2256 366 2275 nec
379 2249 461 2275 habet
477 2250 648 2284 sanguinem,
664 2250 711 2276 sed
726 2249 804 2283 quasi
818 2257 880 2276 san-

98 2283 209 2316 guinein.
231 2293 241 2308 ι
258 2283 388 2310 ΒΡΕΝεΕιι.

130 2317 183 2352 (54)
201 2318 229 2343 '0
246 2317 306 2344 τῶν
317 2317 454 2345 Στωϊκῶν
474 2320 556 2351 Θεός,
572 2323 623 2345 etc.
639 2317 777 2345 Plutarch.
796 2317 842 2345 lib.
860 2326 880 2348 ι.

98 2358 154 2386 Cap.
168 2353 193 2382 7,
212 2353 251 2378 De
263 2354 367 2386 placitis
382 2354 614 2387 philosophorum:
626 2354 657 2380 Οἱ
671 2353 783 2379 Στωϊκοὶ
798 2354 881 2380 κοινόν

97 2394 170 2424 τερον
189 2387 260 2424 Θεὸν
281 2388 474 2424 ἀποφαίνονται
490 2389 545 2424 πῦρ
558 2389 681 2422 τεχνικὸν
691 2387 743 2422 ὁδῷ
763 2387 879 2424 βαδίζον,

98 2395 170 2448 τερον
189 2395 260 2414 υεον
281 2395 474 2422 αποφαινονται
490 2397 545 2424 πυρ
558 2395 681 2422 τεχνικὸν
691 2395 743 2422 οοῳ
763 2395 879 2423 ραοιςον,

98 2421 130 2447 Et:
163 2423 271 2460 γενέσει.
299 2423 401 2460 κόσμου
426 2423 667 2460 ἐμπεριειληφότος
691 2423 794 2460 πᾲντας
819 2423 881 2460 τοῦς

99 2458 296 2492 σπερματικοὺς
308 2457 412 2492 λόγους,
426 2457 486 2485 καθ’
499 2457 544 2490 οὓς
560 2457 662 2485 ἕκαστα
677 2458 737 2485 καθ’
749 2458 881 2493 εἱμαρμέ-

98 2498 143 2536 νην
162 2492 273 2536 γίνεται.
288 2494 347 2536 Eat
370 2493 487 2536 πνεῦμα,
501 2494 550 2528 μὲν
578 2494 684 2536 Bri-lum"
693 2493 729 2536 ρι’
755 2492 880 2536 ὅνλουητοῦ

99 2499 143 2552 νὲν
162 2501 273 2526 γίνεται.
293 2499 347 2519 nat
370 2502 476 2528 πνεῦμα
501 2499 550 2528 μεν
578 2499 670 2536 σιηκον
695 2499 728 2520 δι’
755 2499 815 2520 ὀ).ου
833 2502 880 2519 του

99 2527 314 2566 κησμίουηὰςδίξ
338 2529 521 2566 προσηγορίας
544 2528 882 2566 μεταλαμϐάνονῠδιίῠὸλης

97 2560 233 2600 τῇςῦλης,
249 2563 282 2588 δι’
297 2560 331 2600 ἧς
346 2560 504 2600 κεχωρήκει
522 2560 698 2600 παραλλάξει·
714 2564 778 2600 Θεὸν
793 2563 821 2600 δὲ
835 2560 881 2600 καὶ.

127 2605 140 2622 ν
153 2597 270 2639 utinam,
280 2598 327 2624 καὶ
351 2599 413 2637 τοῦς
431 2597 683 2639 ὀξστέρριςςκαὶατὴν
697 2599 767 2639 -γῆν,
785 2598 881 2638 τὸνιδὲ

99 2630 222 2669 ξνωτάτω
236 2633 344 2669 πάντων
355 2633 427 2664 νοῦν,
441 2634 470 2669 εν
480 2630 578 2669 αἰθέρι.
594 2643 603 2659 ι
615 2630 888 2669 νδιόίεἰέὁιιιῐηυιιιηε.

100 2664 178 2705 licunt
192 2667 369 2705 pronuntiant
378 2675 437 2695 esse
449 2664 728 2705 ignem'artificiosum
740 2670 782 2705 via
793 2669 882 2705 ingre-

100 2699 214 2738 dientem
231 2702 264 2728 ad
278 2703 369 2730 mundi
385 2699 614 2737 procFeationem,
629 2704 674 2738 qui
688 2704 804 2730 mundus
814 2699 839 2730 iit
852 2710 881 2730 se

100 2736 233 2772 contineat
251 2744 347 2764 omnes
362 2736 508 2765 seminales
523 2736 685 2769 formasfex
703 2739 801 2772 quibus
823 2739 880 2765 sin-

101 2770 158 2801 gula
170 2769 226 2798 fato
239 2777 396 2808 nascantur.
413 2774 452 2799 Ac
465 2773 590 2807 spiritum
605 2769 719 2808 quidem.
729 2780 776 2808 per
793 2777 879 2800 totum

101 2809 238 2845 penetrare
250 2807 648 2845 mundum,'nont_iuaautemia
657 2807 787 2845 materim,
798 2815 879 2842 quam

103 2841 230 2874 pervadit,
248 2849 356 2873 sumere
368 2843 574 2871 mutationibus.
586 2843 626 2870 Ad
644 2844 700 2871 haec
717 2841 885 2871 Deum’esse-

932 2213 1110 2244 contrahitur,
1128 2216 1155 2238 et
1167 2214 1207 2240 sic
1220 2212 1351 2239 valentior
1364 2213 1474 2240 effectus
1487 2214 1589 2248 reliqua
1603 2221 1715 2247 corpora

932 2249 1022 2274 exurit
1039 2253 1066 2274 et
1083 2248 1192 2281 purgat.
1207 2248 1392 2283 Διακόσμησις
1414 2249 1443 2274 fit
1457 2255 1632 2283 cumprursus
1648 2249 1717 2283 ignis

932 2283 959 2309 in
972 2290 1085 2316 corpora
1104 2282 1146 2309 illa
1170 2282 1315 2311 exustione
1334 2282 1475 2318 repurgata
1492 2282 1667 2315 diffunditur,
1689 2287 1718 2309 et

932 2318 1051 2344 ntundus
1067 2324 1223 2345 renovatur.
1241 2318 1309 2344 Deus
1323 2323 1425 2349 autem,
1443 2318 1468 2344 id
1487 2323 1528 2344 est
1544 2318 1715 2352 ignis,totam

932 2353 1110 2388 substantiam
1141 2353 1317 2388 ἡγεμονικήν,
1342 2353 1368 2379 id
1382 2357 1424 2379 cst
1466 2352 1650 2386 principalem,
1667 2354 1716 2378 ha-

931 2387 997 2414 bere
1029 2387 1138 2419 dicitur,
1174 2396 1234 2414 eum
1269 2387 1295 2414 in
1329 2395 1358 2414 se
1388 2392 1499 2414 coactus
1531 2392 1590 2419 est;
1619 2388 1716 2422 ἐπιμε-

932 2422 983 2457 ρὴς
1007 2429 1081 2453 vero,
1108 2430 1168 2449 curn
1195 2427 1250 2450 tuto
1269 2423 1361 2449 tuttndi
1377 2429 1491 2455 corpore
1515 2422 1644 2457 cenfusus
1675 2425 1717 2448 est

932 2461 958 2484 et
972 2462 1069 2490 prmter
1081 2458 1216 2492 propriam
1228 2457 1406 2485 substantiam
1421 2458 1539 2492 igneam,
1550 2456 1715 2492 reliquorum

932 2498 1075 2525 corporum
1094 2491 1274 2519 substantiam
1290 2491 1440 2526 assumpsit
1451 2491 1528 2525 cujus
1543 2492 1649 2518 ratione
1660 2491 1718 2525 ipse

932 2526 982 2553 sibi
1004 2526 1043 2562 τῷ
1069 2526 1224 2563 ἡγεμονικῷ
1254 2533 1425 2562 comparatus
1453 2526 1504 2554 hoc
1531 2533 1633 2563 nomen
1653 2526 1717 2563 ades

951 2566 994 2588 tus
1016 2565 1058 2588 est
1086 2564 1166 2589 ducta
1200 2561 1216 2588 a
1246 2561 1366 2590 numeris
1393 2563 1560 2594 metaphora.
1586 2561 1717 2587 Boherel-

943 2603 973 2657 uss
998 2597 1109 2630 mavult,
1125 2597 1172 2623 ἐπὶ
1199 2597 1300 2632 μέρους
1321 2598 1425 2631 γίνεται
1443 2596 1529 2629 αὖθις,
1550 2594 1643 2632 ὅτανῇ
1659 2595 1718 2622 διοι-

943 2639 949 2657 ῑ
964 2639 1073 2657 σιιησιε.

932 2639 1073 2662 κόσμησις.

967 2639 1229 2701 ῗὲἵᾏσιξίνθρώπων.
1247 2667 1293 2694 Sic
1308 2667 1360 2693 duo
1376 2668 1453 2695 codd.
1467 2666 1607 2699 Vaticani,
1623 2665 1719 2700 Angli-

931 2708 1016 2728 canus
1032 2702 1136 2736 primus
1150 2708 1178 2729 et
1191 2702 1366 2730 Basileensis.
1382 2703 1457 2730 Libri
1469 2707 1560 2730 autem
1580 2702 1716 2736 impressi,

931 2736 1030 2763 αὐτῶν.
1048 2736 1148 2772 Ibidem
1174 2737 1256 2772 iidem
1275 2736 1335 2764 libri
1362 2738 1472 2770 excusi,
1496 2737 1525 2770 ἐξ
1545 2736 1655 2772 ἀγαθῶν
1677 2737 1718 2767 εἰς

931 2773 1014 2799 κακὸν
1031 2771 1141 2805 γέγονεν
1158 2771 1240 2807 αὐτῷ,
1263 2772 1414 2807 δοᾱνδιιρηι
1436 2771 1574 2807 illum”,
1599 2778 1626 2802 et
1648 2771 1721 2799 infra

931 2807 1075 2834 lectionem
1090 2814 1171 2840 quam
1189 2808 1233 2834 hic
1249 2806 1402 2840 sequimur,
1418 2809 1558 2837 exhibent.

969 2842 1025 2877 (56)
1047 2842 1198 2877 Spencerus
1214 2842 1240 2870 in
1258 2846 1342 2875 textu,
1355 2841 1405 2876 ὅρα
