1908 3099
175 84 244 113 1047

175 194 275 217 trectat
293 193 323 216 ut
338 189 417 224 aegris
440 189 591 221 medeatur,
614 197 648 217 an
672 189 747 218 illum
774 191 905 219 continuo
928 199 962 218 ex

174 231 247 261 bono
271 235 298 260 in
317 233 429 266 malum,
451 240 484 260 ex
502 233 619 269 pulchro
636 234 663 262 in
680 225 786 270 turpem
801 243 962 264 conversum

175 278 273 305 merito
289 277 400 311 dixeris,
424 283 471 305 aut
486 286 501 306 e
523 279 654 307 felicitate
671 281 805 308 cecidisse
821 281 847 308 in
872 281 962 309 infeli-

174 323 302 350 citatem?
327 323 486 359 Quanquam
507 325 629 352 modicus
646 326 740 360 turpia.
750 327 847 354 videns
860 331 887 353 et
904 335 962 354 mo-

173 371 241 398 lcsta
257 375 370 406 tangens
385 379 438 398 non
456 371 569 398 omnino
591 375 634 398 cst
649 376 728 400 extra
747 371 900 407 hujusmodi
916 381 961 400 ca-

173 423 252 444 suum
277 417 435 451 periculum.
467 417 520 445 Sed
547 418 593 452 qui
623 423 778 446 nostrarum
807 420 960 446 animarum

172 461 284 490 vulnera
302 469 351 496 per
368 461 486 489 Verbum
503 463 587 490 Deum
605 464 650 499 qui
673 465 700 491 in
719 472 748 492 se
765 469 806 492 est
823 470 911 496 curat,
933 466 960 492 in

172 515 233 534 eum
253 508 358 535 nullum
381 509 481 536 cadere
499 510 593 537 vitium
620 514 720 544 potest.
745 510 822 544 Quod
847 512 869 538 si
890 512 961 539 Deus

171 553 334 581 immortalis
358 554 496 587 Verbum,
513 556 620 582 mortali
647 563 762 590 corpore
789 558 962 592 humanaque

171 598 262 625 anima
285 601 437 634 susceptis,
458 601 566 628 videtur
599 601 678 628 Celso
705 603 804 629 mutari
829 608 857 630 et
879 603 960 630 aliam

170 642 286 671 formam
305 651 465 677 assumere;
489 646 559 673 sciat
581 647 625 674 ille
641 647 760 675 Verbum
783 652 880 675 natura
903 655 961 675 ma-

171 697 238 717 nens
260 690 377 717 Verbum
407 692 473 718 nihil
492 700 586 720 eorum
617 693 689 727 pati,
716 702 777 729 qua:
797 701 895 728 corptts
914 698 962 720 aut

170 735 258 762 anima
279 736 387 770 patitur.
407 737 441 764 Ut
460 742 553 765 autem
570 738 603 766 ad
620 746 668 766 eos
682 740 729 773 qui
751 739 837 774 ipsius
852 739 961 767 deitatis

170 781 262 809 radios
278 782 508 817 splendoremque
534 785 670 812 sustinuere
695 792 748 812 non
767 790 896 820 possunt,
914 792 960 812 ac-

919 84 1079 113 ORIGENIS

174 144 254 172 sent?
268 143 337 177 Quta
362 145 483 172 medicus
503 143 593 171 tristia
619 144 692 171 videt
709 149 738 171 et
756 144 868 172 molesta
891 153 959 173 con-

1017 146 1058 172 ιιαὶ
1092 144 1138 171 τδν
1172 144 1263 180 ἰατρὸν
1295 143 1400 180 ὁρῶντα
1430 143 1524 175 δεινὰ,

1735 83 1810 112 1018

1563 143 1611 170 καὶ
1638 142 1809 178 θιγγάνοντα

1012 191 1111 226 ἀηδῶν,
1128 191 1169 217 ἴνα
1184 191 1247 221 τοὺς
1264 190 1415 225 κάμνοντας
1440 189 1566 224 ἰάσηται,
1585 189 1616 221 ἐξ
1639 188 1744 222 ἀγαθοῦ
1767 194 1809 220 εις

1013 236 1105 268 κακὸν,
1121 236 1138 272 ἢ
1152 236 1184 262 ὲκ
1200 235 1282 262 καλοῦ
1299 236 1338 268 εἰς
1353 235 1474 271 αἰσχρὸν,
1488 235 1504 270 ἢ
1523 235 1553 268 ἐξ
1570 235 1745 270 εὐδαιμονίας
1767 237 1809 266 εἰς

1012 281 1219 317 κακοδαιμονίαν
1238 281 1379 317 Egeo-0cm;
1394 281 1514 315 καίτοιγε
1532 281 1546 307 ό
1565 280 1666 315 ἰατρὸς,
1681 280 1756 315 ὁρῶν
1774 280 1810 306 τά

1011 327 1095 358 δεινὰ,
1112 327 1158 353 καὶ
1175 327 1309 361 θιγγάνων
1326 325 1379 352 τῶν
1398 325 1497 361 ἀηδῶν,
1519 325 1549 352 οὺ
1572 325 1679 356 πάντως
1701 324 1804 358 ἐκφευ-

1012 381 1054 407 γει
1072 373 1103 400 eo
1115 374 1170 404 τοῖς
1187 373 1278 404 αὐτοῖς
1292 371 1420 398 δύνασθαι
1440 372 1609 407 περιπεσεῖν.
1629 371 1658 397 '0
1674 370 1703 397 δὲ
1719 370 1808 406 τραύ-

1013 427 1086 454 ματα
1100 418 1154 445 τῶν
1170 418 1262 454 ψυχῶν
1281 417 1358 453 ἡμῶν
1380 417 1537 454 θεραπεύων
1556 417 1599 443 διὰ
1619 416 1667 443 τοῦ
1684 417 1713 442 ἐν
1727 416 1807 451 αὐτῷ

1012 463 1098 498 Λόγου
1119 463 1196 496 Θεοῦ,
1212 464 1292 496 αὐτὸς
1316 464 1408 499 πάσης
1431 463 1530 494 κακίας
1554 461 1742 497 ἀπαράδεκτος
1759 459 1803 496 ἦν·

1011 511 1043 537 Εἰ
1057 510 1085 536 δὲ
1104 510 1150 536 καὶ
1166 509 1246 545 σῶμα
1265 509 1361 545 θνητὸν
1380 511 1426 536 καὶ
1442 509 1531 544 ψυχὴν
1547 508 1720 544 ἀνθρωπίνην
1737 508 1806 534 ἀνα-

1011 555 1100 583 λαϐὼν
1124 556 1139 582 ὁ
1164 556 1296 587 ἀθάνατος
1323 556 1388 587 Θεὸς
1412 555 1514 590 Λόγος,
1539 556 1613 582 δοκεῖ
1636 555 1675 590 τῷ
1706 555 1806 590 Κέλσῳ

1011 601 1187 628 ἀλλάττεσθαι
1204 602 1251 628 καὶ
1270 601 1503 637 μεταπλάττεσθαι
1516 610 1522 615 ·
1544 601 1715 637 μανθανέτω,
1731 602 1775 627 ὅτι
1790 602 1805 627 ό

1011 646 1097 681 Λόγος
1113 648 1145 682 τῇ
1167 647 1247 682 οὐσία
1265 646 1352 682 μένων
1375 647 1463 681 λόγος,
1477 647 1554 674 οὐδὲν
1572 647 1622 682 μὲν
1640 648 1740 682 πάσχει
1767 644 1805 673 ὧν

1012 693 1110 727 πάσχει
1129 692 1160 719 τὸ
1178 692 1257 728 σῶμα
1278 693 1294 728 ἦ
1318 693 1334 728 ἡ
1351 693 1441 728 ψυχή·
1460 693 1686 728 συγκαταϐαίνων
1705 693 1727 719 δ’
1749 693 1805 720 ἐσθ’

1010 740 1055 766 ὅτε
1075 738 1115 773 τῷ
1140 739 1176 774 μὴ
1195 738 1336 774 δυναμένῳ
1359 739 1441 766 αὑτοῦ
1468 739 1518 770 τὰς
1546 739 1733 774 μαρμαρυγὰς
1759 740 1808 765 καὶ

1011 784 1059 820 τὴν
1076 784 1255 820 λαμπρότητα
1272 785 1322 820 τῆς
1341 784 1482 820 Θειότητος
1502 784 1619 819 βλέπειν,
1636 785 1718 810 οἰονεὶ
1737 783 1807 820 σὰρξ

171 828 324 855 commodet
339 836 410 862 sese,
429 829 459 856 ﬁt
476 835 604 865 tanquam
625 839 691 859 caro
704 835 731 859 et
746 838 813 859 voce
828 839 957 866 corporea

1017 831 1131 866 γίνεται,
1162 830 1324 866 σωματικῶς
1357 831 1538 866 λαλούμενος,
1564 830 1616 862 ἕως
1645 831 1659 856 ὁ
1684 830 1808 856 τοιοῦτον

171 873 277 900 utitur:
296 873 382 901 donec
404 875 440 907 ii,
463 870 510 910 qui
534 877 620 910 ipsum
639 877 691 904 tale
712 877 863 912 recipiunt,
883 877 958 905 brevi

171 919 205 945 ab
221 919 279 953 ipso
295 919 378 947 altius
394 920 470 953 elati,
493 922 656 957 principem,
673 927 701 949 ut
717 923 754 950 ita
777 922 886 957 loquar,
902 922 961 957 ejus

171 963 286 991 formam
303 966 403 993 intueri
418 967 534 1000 possint.

205 1010 248 1037 16.
270 1011 339 1038 Sunt
366 1020 483 1046 namque
509 1013 623 1041 diversa:
648 1015 851 1048 quodammodo
877 1014 960 1042 Verbi

169 1055 279 1088 formae,
301 1057 399 1092 quibus
424 1058 569 1093 unicuique
595 1066 708 1093 eorum,
731 1060 778 1095 qui
808 1060 893 1095 ipsius
913 1061 961 1088 do~

170 1101 286 1128 ctriuam
305 1107 455 1135 sectantur,
472 1104 699 1139 conspiciendum
727 1113 757 1132 se
774 1106 886 1139 praebet,
902 1107 961 1133 sin-

169 1146 240 1179 gulis
257 1155 352 1174 eorum
373 1156 403 1175 se
420 1153 617 1184 attemperans,
633 1150 692 1177 sive
708 1158 802 1186 parum
821 1152 879 1179 sive
903 1152 961 1187 plu-

170 1192 268 1218 rimum
293 1193 474 1227 profecerim,
496 1196 553 1222 sive
569 1197 602 1223 ad
621 1196 750 1224 virtutem
775 1198 900 1232 proxime
917 1206 961 1225 ac-

171 1237 321 1269 cesserint,
351 1239 408 1266 sive
441 1240 498 1274 jam
534 1241 608 1268 illam
639 1242 869 1276 comparaverint.
904 1242 961 1269 Non

170 1283 254 1318 igitur
269 1291 302 1311 eo
319 1292 372 1318 quo
392 1285 487 1313 Celsus
509 1287 622 1322 ejusque
638 1287 743 1314 similes
768 1288 865 1315 volunt
883 1288 963 1315 modo

171 1329 379 1357 transformatus
400 1337 441 1358 est
463 1332 532 1359 Deus
557 1337 662 1359 uoster.
683 1333 711 1360 Si
733 1333 814 1360 aliam
833 1334 892 1364 sui,
916 1341 964 1360 ex-

170 1373 242 1400 celso
258 1380 350 1401 monte
373 1383 533 1409 conscenso,
556 1377 672 1404 formam
698 1379 831 1412 ostendit,
847 1386 964 1413 eamque

170 1418 255 1445 multo
272 1422 490 1454 praestantiorem
508 1422 566 1455 illa,
586 1430 669 1457 quam
685 1424 809 1450 viderant
826 1424 842 1450 ii
859 1424 904 1458 qui
922 1424 964 1450 in-

171 1462 213 1490 fra
236 1471 376 1493 manentes
401 1466 475 1494 illum
500 1467 527 1494 in
546 1474 664 1495 montem
691 1470 768 1503 sequi
786 1477 839 1496 non
866 1474 964 1504 potue-

1011 877 1092 903 αὺτὺν
1118 875 1355 912 παραδεξάμενος,
1377 876 1448 902 κατὰ
1473 876 1559 911 βραχὺ
1586 875 1638 902 ὑπὸ
1659 875 1706 902 τοῦ
1723 876 1807 910 λόγου

1013 923 1259 958 μετεωριζόμενος,
1281 922 1380 958 δυνηθῇ
1407 922 1488 948 αὐτοῦ
1510 923 1556 948 καὶ
1576 921 1625 957 τὴν
1649 922 1701 957 (ἶν’
1719 922 1808 953 οὓτως

1011 968 1157 1004 ὀνομάσω,)
1175 968 1383 1004 προηγουμένην
1399 969 1506 1003 μορφὴν
1521 967 1677 995 θεάσασθαι.

1046 1015 1106 1041 Εἰσὶ
1121 1014 1176 1049 γὰρ
1193 1014 1316 1049 διάφοροι
1338 1013 1393 1049 (5'7)
1409 1013 1489 1039 οἱονεὶ
1508 1013 1554 1039 τοῦ
1574 1013 1661 1046 Λόγου
1685 1013 1808 1048 μορφαὶ,

1011 1059 1102 1091 καθὼς
1123 1059 1230 1094 ἑκάστῳ
1251 1059 1305 1085 τῶν
1321 1059 1360 1090 εἰς
1378 1059 1530 1093 ἐπιστήμην
1551 1058 1692 1093 ἀγομένων
1714 1058 1810 1092 φαίνε-

1011 1114 1056 1133 ται
1072 1106 1086 1132 ό
1110 1104 1204 1139 λόγος,
1228 1104 1357 1138 ἀνάλογον
1379 1106 1411 1139 τῇ
1437 1103 1491 1136 ἕξει
1512 1103 1560 1130 τοῦ
1584 1104 1775 1139 εἰσαγομένου,
1791 1104 1808 1139 ἢ

1012 1152 1054 1177 ἐπ’
1068 1151 1157 1185 ὀλίγον
1171 1150 1384 1186 προκόπτοντος,
1401 1150 1418 1186 ἢ
1435 1151 1481 1176 ἐπὶ
1503 1150 1605 1182 πλεῖον,
1623 1150 1640 1186 ἢ
1661 1151 1709 1176 καὶ
1723 1150 1811 1184 ἐγγὺς

1012 1198 1061 1233 ἤδη
1075 1197 1218 1233 γινομένου
1237 1197 1285 1232 τῆς
1300 1197 1410 1232 ἀρετῆς,
1423 1197 1438 1231 ἦ
1453 1197 1497 1223 καὶ
1512 1198 1541 1223 ὲν
1555 1197 1640 1232 ἀρετῇ
1655 1197 1811 1232 γεγενημέ-

1012 1252 1068 1270 νου.
1088 1242 1168 1269 Ὂθεν
1189 1243 1248 1278 οὐχ,
1271 1243 1309 1274 ὼς
1332 1243 1346 1268 ό
1372 1242 1474 1272 Κέλσος
1497 1243 1544 1268 καὶ
1563 1244 1588 1269 οἱ
1615 1242 1808 1278 παραπλήσιοι

1013 1288 1087 1323 αὐτῷ
1103 1287 1250 1323 βούλονται,
1265 1288 1460 1324 μετεμορφιῦοη
1478 1289 1492 1314 ό
1512 1288 1578 1320 Θεὸς
1592 1288 1682 1324 ἡμῶν,
1699 1288 1748 1314 καὶ
1769 1289 1810 1318 εἰς

1013 1333 1042 1359 τὸ
1055 1333 1155 1369 gentm
1169 1333 1231 1369 ὅρος
1245 1333 1348 1364 ἀναϐὰς
1361 1332 1442 1367 ἄλλην
1455 1331 1539 1364 ἔδειξε
1555 1333 1604 1368 τὴν
1619 1332 1719 1358 ἑαυτοῦ
1741 1340 1811 1368 μορ-

1014 1379 1077 1414 φὴν,
1095 1379 1142 1405 καὶ
1154 1378 1244 1414 πολλῷ
1261 1378 1402 1413 κρείττονα
1418 1376 1451 1413 ἧς
1466 1379 1491 1405 οἱ
1516 1379 1591 1405 κάτω
1607 1378 1743 1413 μένοντες,
1762 1379 1809 1404 καὶ

1016 1424 1052 1460 μὴ
1076 1423 1217 1460 δυνάμενοι
1232 1423 1306 1459 αὐτῷ
1324 1425 1363 1454 είς
1376 1423 1442 1458 ὕψος
1467 1423 1634 1455 ἀκολουθεῖν,
1659 1422 1807 1458 ἐθεώρουν.

1015 1471 1051 1497 Οὐ
1074 1470 1127 1506 γὰρ
1143 1468 1215 1506 εἶχον
1234 1471 1258 1497 οι
1279 1471 1354 1497 κάτω
1370 1470 1525 1506 ὀφθαλμοὺς
1552 1470 1717 1506 δυναμένους
1744 1470 1807 1505 βλέ-

171 1513 248 1542 rant;
266 1509 346 1545 hujus
365 1512 403 1538 rei
421 1520 504 1540 causa
522 1513 583 1546 iuit,
607 1515 679 1548 quod
697 1515 743 1549 qui
761 1516 831 1542 inl'ra
851 1523 958 1542 manse-

1017 1524 1074 1542 πειν
1099 1516 1148 1552 τὴν
1171 1516 1219 1543 τοῦ
1241 1517 1327 1550 Λόγου
1344 1516 1390 1543 ἐπὶ
1413 1516 1442 1542 τὸ
1467 1516 1571 1548 ἔνδοξον
1595 1516 1643 1542 καὶ
1669 1516 1807 1551 θειότερον

171 1558 244 1586 rant,
266 1562 319 1583 non
343 1562 433 1584 essent
447 1555 482 1585 i.s
505 1559 590 1586 oculis
611 1560 747 1591 instructi,
764 1561 864 1595 quibus
878 1560 962 1589 Verbi

164 1599 199 1626 -in
220 1599 369 1635 gloriosum
386 1602 603 1639 divinioremque
626 1610 726 1632 statum
744 1607 962 1641 transliguratio-

171 1652 234 1672 nem
259 1648 381 1675 cantueri
406 1654 543 1682 possent:
568 1651 667 1685 quippe
695 1652 742 1686 qui
768 1653 810 1679 vix
837 1658 962 1688 poterant

171 1690 259 1724 illum,
285 1693 371 1726 qualis
392 1693 463 1721 inter
478 1702 525 1722 eos
545 1697 716 1729 versabatur,
735 1698 890 1731 sustinere;
908 1707 961 1733 quo

171 1734 272 1763 factum
286 1743 338 1770 est,
353 1743 382 1766 ut
401 1741 448 1773 qui
473 1742 545 1775 quod
563 1744 740 1776 praestantius
757 1744 876 1771 habebat
897 1751 961 1771 con-

171 1781 270 1816 spicari
289 1790 343 1810 non
365 1785 503 1819 valebant,
520 1788 552 1814 de
574 1788 620 1814 illo
636 1789 760 1816 dicerent
782 1798 789 1816 :
810 1799 820 1815 ι
836 1790 960 1817 Vidimus

172 1833 244 1858 cum,
259 1832 286 1854 ct
304 1836 357 1856 non
377 1835 435 1858 erat
453 1831 477 1858 ei
495 1833 601 1867 species
617 1840 705 1866 neque
719 1834 813 1860 decor.
831 1835 883 1861 Sed
900 1843 962 1869 spe-

172 1872 227 1899 cies
243 1873 304 1907 cjus
321 1875 499 1910 inhonorata,
524 1883 551 1905 et
573 1879 686 1906 inferior
710 1887 766 1913 pra:
784 1879 846 1906 filiis
871 1880 961 1907 humi—

173 1920 307 1948 num“.t
335 1923 423 1958 Atque
453 1925 509 1952 hinc
542 1926 633 1954 dicere
667 1927 756 1954 visunt
783 1933 825 1954 est
862 1933 960 1955 contra

1014 1562 1241 1597 μεταμόριρωσιν·
1261 1561 1329 1588 ἀλλά
1348 1562 1426 1597 μόγις
1443 1561 1523 1588 αὑτὸν
1540 1561 1666 1587 ἐδύναντο
1682 1562 1807 1596 χωρῆται

1011 1607 1140 1638 τοιοῦτον,
1160 1606 1231 1634 ὥστε
1251 1606 1377 1641 λέγεσθαι
1392 1606 1424 1633 ἂν
1446 1606 1510 1643 περὶ
1531 1606 1612 1632 αὑτοῦ
1631 1605 1683 1632 ὑπὸ
1697 1606 1751 1632 τῶν
1768 1606 1805 1642 μὴ

1010 1652 1165 1687 δυναμένων
1185 1652 1216 1678 τὸ
1237 1654 1358 1688 κρεῖττον
1376 1651 1456 1678 αὑτοῦ
1473 1651 1579 1687 βλέπειν
1597 1651 1642 1677 τό·
1664 1662 1672 1677 ι
1690 1651 1804 1686 Εἴδομεν

1011 1698 1103 1730 αὑτὸν,
1121 1699 1167 1725 καὶ
1199 1699 1249 1725 οὐκ
1273 1697 1343 1734 εἶχεν
1367 1697 1446 1730 εἶδος,
1470 1699 1530 1725 οὐδὲ
1549 1698 1662 1730 κάλλος·
1684 1699 1752 1725 ἀλλὰ
1774 1698 1804 1725 τὸ

1012 1742 1081 1776 εἶδος
1095 1744 1177 1770 αὑτοῦ
1201 1744 1307 1780 ἄτιμον,
1324 1745 1449 1771 ἐκλεῖπον
1477 1744 1552 1780 παρὰ
1573 1745 1636 1776 τοὺς
1658 1745 1733 1776 υἱοὺς
1750 1744 1805 1770 τῶν

1013 1790 1172 1827 ἀνθρώπων.
1187 1801 1196 1817 ι
1216 1791 1271 1817 Καὶ
1292 1791 1378 1817 ταῦτα
1398 1790 1426 1818 δὲ
1444 1791 1511 1826 πρὸς
1534 1791 1583 1826 τὴν
1603 1791 1709 1818 Κέλσου
1737 1792 1805 1818 ύπὸα

1012 1836 1103 1873 ληψιν,
1123 1836 1160 1872 μὴ
1174 1837 1319 1871 νοήσαντος
1337 1836 1387 1868 τὰς
1407 1836 1444 1868 ὡς
1459 1837 1488 1862 ὲν
1505 1836 1636 1872 ἱστορίαις
1656 1836 1806 1872 λεγομένας

1013 1882 1166 1918 μεταόολάς
1179 1882 1196 1917 ἢ
1215 1881 1439 1917 μεταμορφώσεις
1453 1881 1500 1908 τοῦ
1523 1882 1621 1917 Ἰησοῦ,
1636 1882 1685 1909 καὶ
1698 1883 1729 1909 τὸ
1746 1882 1805 1916 θνη-

1012 1929 1057 1956 τδν
1073 1929 1089 1964 ἢ
1105 1928 1236 1956 ἀθάνατον
1249 1927 1342 1959 αὑτοῦ,
1357 1927 1485 1963 λελέχθω.

172 1964 241 1994 Celsi
261 1968 432 2003 opinionem,
454 1978 506 1998 non
529 1972 702 2007 intelligentis
736 1981 803 2008 quas
835 1974 898 2001 Jesu
933 1975 1097 2002 mutationes
1130 1974 1438 2009 transﬂgurationesqne
1467 1980 1560 2002 narrat
1591 1975 1650 2010 ejus
1678 1975 1802 2007 historia,

173 2020 262 2047 neque
281 2015 345 2048 quid
366 2017 480 2044 mortale
500 2017 525 2043 in
546 2018 592 2045 illo
609 2019 709 2053 quidve
730 2010 882 2047 immortale
896 2020 989 2048 fuerit.

210 2060 292 2096 512
314 2062 359 2090 t7.
376 2062 436 2090 Jam
460 2063 512 2092 illa:
529 2065 653 2093 historia:
674 2067 825 2101 praesertim
850 2075 911 2095 cum
931 2073 960 2096 ut
976 2074 999 2104 ι)

174 2112 224 2140 par
244 2111 286 2133 est
309 2107 511 2143 intelliguntur,
527 2117 617 2138 nonne
633 2111 718 2138 multo
733 2111 793 2146 plus
817 2113 960 2146 gravitatis

176 2151 287 2184 habent,
303 2160 383 2187 quam
399 2153 500 2181 Bacchi
517 2155 631 2183 historia
647 2158 762 2192 primum
781 2164 794 2184 ιι
815 2158 958 2186 Titanibus

175 2195 296 2230 decepti,
317 2197 418 2227 deinde
441 2199 576 2228 deturbati
595 2201 628 2230 dc
651 2193 720 2230 solio
745 2203 831 2235 lovis,
854 2209 908 2230 tum
927 2204 961 2231 ab

175 2240 229 2267 illis
252 2241 396 2277 discerpti,
421 2249 513 2277 postea
539 2245 720 2281 redintegrato
744 2255 859 2281 corpore
886 2247 960 2274 revi-

175 2286 316 2319 viscentis,
328 2292 356 2314 et
368 2288 394 2314 in
408 2289 507 2315 ctelum
523 2291 714 2318 ascendentis?
727 2291 767 2319 An
781 2292 883 2320 Graecis
899 2293 962 2320 licet

175 2331 326 2366 hujusmodi
346 2341 499 2362 commenta
514 2336 546 2362 ad
562 2337 682 2364 animam
706 2339 806 2366 rcl'erre
823 2344 851 2366 cl
865 2340 898 2367 de
914 2339 959 2366 illa

176 2377 366 2411 interpretari;
389 2380 466 2406 nobis
486 2386 576 2407 autem
602 2382 635 2408 ad
659 2389 869 2418 consequenlem
895 2393 962 2412 cou-

174 2427 389 2459 sentaneamque
415 2430 443 2452 et
467 2425 547 2461 plane
582 2435 732 2455 consonam
767 2429 918 2465 Scripturis
945 2439 960 2458 ει

175 2465 278 2502 Spiritu
302 2467 394 2494 divtno
419 2469 447 2494 in
472 2469 547 2503 puris
579 2471 720 2498 animabus
752 2473 890 2500 habitante
918 2475 960 2500 in—

175 2514 284 2549 spiratis
309 2515 504 2549 expositionem
532 2517 679 2551 ιιι-ίυείιιευε
707 2519 795 2546 omnis
822 2519 871 2546 erit
901 2520 960 2547 adi-

175 2560 237 2587 tus?
254 2560 351 2588 lilentis
368 2561 449 2596 igitur
471 2567 624 2589 nostrarum
645 2563 844 2598 Scripturarum
865 2565 958 2593 Celsus

175 2606 254 2641 plane
275 2607 383 2641 ignarus
407 2607 466 2635 fuit.
487 2608 564 2636 Unde
590 2617 642 2635 non
659 2609 762 2636 illarum
780 2609 957 2643 intellectum,

174 2652 223 2679 sed
248 2653 338 2687 potius
363 2661 442 2688 quem
469 2653 521 2680 illis
546 2654 602 2689 ipse
623 2654 731 2687 tribuit,
754 2655 910 2682 insectatur.
930 2656 956 2683 Si

210 2720 230 2736 “
251 2721 302 2748 lsa.
325 2730 381 2754 LIII,
401 2723 427 2749 2.

1048 2066 1117 2104 Ἄρα
1133 2068 1161 2095 δὲ
1181 2068 1212 2095 οὐ
1228 2068 1318 2104 πολλῷ
1337 2069 1432 2101 ταῦτα,
1459 2069 1506 2096 καὶ
1523 2069 1639 2104 μάλιστα
1655 2070 1701 2096 ὅτε
1721 2070 1750 2096 ὃν
1766 2071 1804 2097 δεῖ

1012 2114 1111 2150 τρόπον
1139 2115 1248 2146 νοεῖται,
1280 2115 1428 2150 σεμνότερα
1457 2117 1580 2149 φανεῖται
1602 2116 1731 2143 Διονύσου
1755 2117 1803 2143 ὑπὸ

1011 2160 1064 2186 τῶν
1078 2160 1199 2187 Τιτάνων
1219 2160 1408 2195 ἀπατωμένου,
1424 2161 1470 2187 καὶ
1486 2161 1666 2193 ἐκπίπτοντος
1685 2163 1740 2189 ἀπὸ
1759 2163 1802 2188 τοῦ

1013 2206 1073 2237 Διὸς
1099 2206 1208 2241 θρόνου,
1237 2206 1285 2232 καὶ
1317 2207 1541 2242 σπαρασσομένου
1566 2209 1612 2234 ὑπ’
1630 2208 1732 2240 αὐτῶν,
1759 2210 1803 2236 καὶ

1014 2251 1083 2286 μετά
1097 2251 1185 2278 ταῦτα
1206 2251 1286 2278 πάλιν
1309 2252 1511 2287 συντιθεμένου,
1528 2253 1575 2279 καὶ
1590 2254 1673 2280 οἱονεὶ
1688 2254 1803 2280 ἀναϐιώ-

1014 2304 1133 2327 σκοντος,
1151 2297 1197 2322 καὶ
1217 2295 1405 2327 ἀναϐαίνοντος
1422 2297 1461 2328 εἰς
1483 2297 1615 2333 οὺρανόν;
1633 2298 1669 2323 Ἦ
1692 2298 1802 2333 Ἕλλησι

1015 2341 1063 2376 μὲν
1082 2340 1169 2372 ἔξεστι
1184 2341 1219 2367 τὰ
1244 2342 1356 2368 τοιαῦτα
1377 2343 1417 2374 εἰς
1435 2341 1481 2368 τὸν
1497 2342 1561 2378 περὶ
1578 2343 1669 2378 ψυχῆς
1693 2343 1802 2376 ἀνάγειν

1012 2387 1089 2421 λόγον
1104 2387 1150 2413 καὶ
1172 2387 1360 2423 τροπολογεῖν”
1385 2389 1448 2423 ἡμῖν
1464 2388 1486 2414 δ’
1504 2388 1716 2415 ἀποκέκλεισται
1736 2389 1802 2425 θύρα

1012 2432 1158 2460 ἀκολούθου
1179 2433 1342 2469 διηγήσεως,
1358 2434 1404 2460 καὶ
1418 2434 1556 2468 πανταχοῦ
1575 2435 1744 2471 συνᾳδούσης
1758 2437 1801 2462 καὶ

1013 2478 1210 2514 συμφωνοῦσης
1234 2481 1293 2510 ταῖς
1314 2479 1368 2506 ἀπὸ
1391 2479 1437 2505 τοῦ
1458 2478 1531 2505 θείου
1560 2480 1719 2514 Πνεύματος
1736 2482 1801 2516 Γρα-

1015 2524 1087 2556 φαῐς,
1102 2524 1247 2558 γενομένου
1268 2523 1297 2549 ὲν
1318 2523 1450 2559 καθαραῖς
1471 2524 1588 2559 ψυχαῖς;
1610 2525 1744 2560 Οὐδαμῶς
1758 2525 1801 2553 οὖν

1014 2569 1028 2594 ό
1042 2568 1144 2600 Κέλσος
1166 2566 1220 2595 οἶδε
1238 2569 1268 2595 τὸ
1291 2569 1414 2604 βούλημα
1427 2569 1482 2595 τῶν
1506 2570 1650 2606 ἡμετέρων
1674 2572 1801 2606 γραμμά-

1013 2622 1078 2647 των,
1097 2615 1192 2651 διόπερ
1211 2615 1260 2651 τὴν
1281 2615 1377 2642 ἑαυτοῦ
1399 2616 1522 2651 ἐκδοχὴν,
1539 2617 1587 2643 καὶ
1603 2617 1665 2651 οὐχὶ
1682 2617 1732 2652 τὴν
1750 2617 1800 2642 τῶν

1014 2660 1033 2686 Γ
1037 2661 1130 2695 ραφῶν
1151 2662 1299 2690 διαϐάλλει.
1321 2662 1351 2689 Εἰ
1368 2661 1397 2689 δὲ
1411 2660 1445 2697 ἦν
1462 2663 1606 2696 ἐννοήσας,
1621 2663 1648 2689 τί
1664 2662 1800 2690 ἀκολουθεῖ

212 2799 266 2833 (57)
289 2800 434 2834 Aldyopot.
453 2802 519 2829 Vide
537 2802 726 2830 adnotationcs
741 2802 774 2830 ad
789 2802 835 2830 lib.
849 2810 879 2835 tl,
896 2810 971 2830 num.
986 2803 1028 2832 Ui.
