1908 3099
95 125 168 153 1049

685 119 825 148 CONTRA
841 117 981 147 CELSUM
1001 119 1064 147 LIB.
1084 95 1129 145 iv.

1659 121 1730 148 1050

92 186 167 220 ψυχῇ
186 185 215 211 ὲν
233 186 334 222 αἰωνίῳ
357 187 473 224 ὲσομένῃ
498 187 569 222 ζωῇ,
594 186 640 212 καὶ
655 185 681 212 τί
705 185 758 220 χρὴ
783 184 868 219 φρονε”

943 186 1033 210 mente
1052 180 1303 216 comprehendisset
1326 187 1386 215 quae
1412 180 1501 208 futura
1528 181 1564 209 sit
1578 182 1677 209 animae
1699 184 1726 210 in

93 231 158 266 περὶ
177 231 225 266 τῆς
240 232 332 263 οὐσίας
348 232 432 268 αὐτῆς
454 233 499 259 καὶ
520 232 583 268 περὶ
606 230 660 258 τῶν
675 230 766 266 ἀρχῶν
788 228 886 264 αὐτῆς·

91 275 143 301 οὐκ
163 275 200 301 ἂν
220 274 291 302 οὕτω
307 276 411 312 διέσυρε
428 277 473 303 τὸν
490 277 622 304 ἀθάνατον
642 277 681 308 εἰς
700 275 796 310 θνητὸν
811 274 888 310 ἐρχό-

94 330 178 356 μενον
193 321 287 357 σῶμα,
306 323 336 349 οὐ
359 323 428 350 κατὰ
450 324 497 359 τὴν
513 324 656 354 Πλάτωνος
679 322 734 358 (58)
757 330 888 357 μετενσω-

94 367 228 401 μάτωσιν,
243 367 311 394 ἀλλὰ
326 369 385 395 κατ’
399 369 482 404 ἄλλην
497 369 556 396 τινὰ
570 369 738 404 ὑψηλοτέραν
755 368 884 403 θεωρίαν-

92 409 147 437 εἶδε
161 411 185 437 δ’
196 412 229 438 ἂν
243 412 289 439 καὶ
305 412 370 447 μίαν
389 413 527 449 ἐξαίρετον
548 413 601 440 ἀπὸ
617 413 717 448 πολλῆς
736 412 887 448 φιλανθρω-

93 456 158 488 πίας
176 457 327 485 κατάϐασιν
344 458 408 494 (59),
423 459 492 495 ὑπὲρ
505 458 552 485 τοῦ
571 459 731 494 ἐπιπρέψαι
747 458 782 484 τὰ
804 458 851 493 (ὡς
867 459 884 493 ἡ

93 502 152 529 θεῖα
167 502 294 538 ὠνόμασε
321 504 458 538 μυστικῶς
479 504 597 540 Γραφῇ)
616 513 624 529 ι
640 503 798 530 ἀπολωλότα
819 503 886 538 πρό-

91 547 161 575 ϐατα
181 549 255 575 οἴκου
273 549 388 585 Ἰσραὴλ,
403 559 411 575 ι
426 550 473 576 καὶ
488 550 645 577 καταϐάντα
666 550 720 576 ἀπὸ
734 549 788 576 τῶν
800 549 883 584 ὀρῶν,

92 594 160 628 πρὶς
183 594 201 621 ὃ.
220 596 235 620 ὁ
264 595 365 630 ποιμὴν
393 595 421 622 ἓν
448 604 501 622 τισι
537 596 703 632 παραϐολαῖς
731 595 884 630 καταϐεϐη-

92 640 168 666 χέναι
181 641 300 675 λέγεται,
316 641 472 668 καταλιπὼν
485 642 514 668 ἐν
529 643 585 674 τοῖς
601 642 675 677 ὄρεσι
687 641 721 667 τὰ
733 641 770 676 μὴ
788 640 885 676 ἐσφαλ-

93 685 172 719 μένα.

123 817 344 853 Προσδιατρίϐων
359 818 387 844 δὲ
401 819 415 844 ὁ
427 817 530 850 Κέλσος
543 817 583 849 οἷς
595 818 624 844 οὺ
641 817 777 852 νενὸηκεν,
796 817 881 849 αἴτιος

89 864 153 898 ἡμῖν
169 864 276 897 γίνεται
292 863 477 898 ταυτολογίας,
490 865 520 890 οὐ
536 864 717 899 βουλομένοις,
730 864 782 891 κᾶν
794 863 883 898 τῷδο-

89 911 145 936 κεῖν
161 911 343 937 ἀϐασάνιστον
358 911 412 937 τῶν
434 912 479 937 ὑπ’
497 911 579 938 αὐτοῦ
603 911 772 947 λελεγμένων
792 920 818 937 τι
834 919 881 937 κα-

87 955 283 982 ταλελοιπέναι.
296 956 379 992 Φησὶν
395 953 440 982 οὖν
455 956 529 992 ἑξῆς,
545 956 587 983 ὅτι
605 966 614 982 ‹
630 957 708 982 Ἤτοι
723 956 760 987 ὡς
774 956 881 991 ἀληθῶς

89 1001 279 1036 μεταϐάλλειὸ
301 1002 382 1033 Θεὸς,
406 1002 499 1038 ὥσπερ
525 999 597 1029 οὗτοί
624 1011 716 1036 φασιν,
742 1004 781 1034 εἰς
802 1002 880 1037 σῶμα

87 1046 192 1081 θνητὸν,
219 1047 265 1073 καὶ
287 1048 447 1083 προείρηται
469 1048 499 1074 τὸ
519 1048 664 1075 ἀδύνατον·
688 1049 704 1084 ἢ
724 1049 805 1080 αὐτὸς
830 1049 880 1084 μὲν

85 1093 113 1118 οὐ
137 1094 316 1127 μεταϐάλλει,
341 1097 412 1121 ποιεῖ
430 1096 458 1121 δὲ
480 1095 543 1127 τοὺς
564 1095 684 1129 ὁρῶντας
712 1095 810 1126 δοκεῖν,
832 1095 879 1120 καὶ

86 1139 172 1175 πλανᾷ.
199 1141 246 1167 καὶ
262 1141 399 1176 ψεύδεται.
421 1141 524 1177 ’Λπάτη
548 1141 577 1168 δὲ
600 1142 647 1168 καὶ
673 1141 769 1175 ψεῦδος
792 1140 878 1173 ἄλλως

87 1185 133 1220 μὲν
147 1186 231 1219 κακὰ,
247 1187 335 1222 μόνως
346 1188 368 1214 δ’
381 1187 413 1214 ἂν
431 1188 469 1219 ὼς
483 1189 513 1214 ὲν
529 1188 674 1223 φαρμάκου
694 1188 775 1223 μοίρᾳ
789 1187 878 1222 χρῷτό

83 1240 123 1263 Ιτις
138 1232 199 1266 ἦτοι
222 1233 291 1268 πρὸς
316 1233 408 1268 φίλους
432 1234 576 1265 νοσοῦντας
588 1235 634 1260 καὶ
648 1234 811 1269 μεμηνότας,
832 1233 877 1260 ἰώ-

86 1287 172 1312 μενος,
193 1279 211 1314 ἣ
230 1279 300 1314 πρὸς
327 1279 458 1314 ἐχθροὺς,
480 1279 600 1306 κίνδυνον
623 1280 751 1314 ἐκφυγεῖν
769 1287 877 1314 προμη-

85 1323 224 1359 θούμενος.
239 1324 306 1351 Οὔτε
322 1325 350 1351 δὲ
362 1325 448 1351 νοσῶν
471 1326 487 1359 ἢ
508 1325 637 1361 μεμηνὼς
658 1325 744 1357 οὐδεὶς
760 1325 819 1360 Θεῷ
833 1324 877 1359 φί-

83 1368 142 1400 λοςο
157 1370 222 1396 οὔτε
242 1371 362 1405 φοϐεῖταί
377 1379 439 1397 τινα
460 1372 474 1397 ὁ
490 1371 570 1404 Θεὸς,
594 1372 637 1398 ἵνα
661 1371 802 1407 πλανήσας
818 1371 876 1397 κίν-

83 1415 156 1441 δυνον
170 1416 301 1453 διαιρὺγῃ.
315 1426 323 1442 ι
340 1417 394 1443 Καὶ
409 1417 478 1453 πρὸς
493 1418 572 1444 τοῦτο
593 1418 691 1452 λέγοιτ’
707 1418 749 1449 ἂν,
767 1418 804 1453 πὴ
827 1418 875 1453 μὲν

84 1460 144 1495 περὶ
162 1461 213 1496 τῆς
234 1461 281 1488 τοῦ
303 1462 374 1488 θείου
395 1462 482 1496 Λόγου
505 1462 612 1497 φύσεως
632 1462 707 1494 ὄντος
731 1463 813 1495 Θεοῦ,
836 1462 874 1498 πὴ

941 232 1040 254 ωῑρι-ιιιι
1061 227 1115 253 vita
1132 226 1263 257 conditio,
1279 231 1305 252 et
1321 227 1385 260 quid
1403 227 1436 254 de
1456 226 1514 260 ejus
1533 232 1630 255 natura
1655 229 1730 263 prin-

941 274 1074 308 cipiisque
1088 273 1193 301 sentire
1209 277 1349 306 oporteat,
1375 281 1427 300 non
1451 274 1488 300 ita
1514 275 1656 302 ridiculum
1677 276 1726 310 ipsi

940 320 1027 347 visum
1042 319 1138 346 fuisset
1156 318 1335 345 immortalem
1351 318 1377 345 in
1397 320 1511 346 mortale
1527 328 1627 355 corpus
1643 323 1727 350 adve-

939 366 1022 397 nisse,
1040 373 1093 392 non
1115 372 1130 392 e
1147 372 1261 398 corpore
1278 364 1304 390 in
1326 371 1425 398 corpus
1446 367 1674 401 transmigrandi»,
1697 371 1726 394 ut

938 411 1015 438 Plato
1030 411 1194 445 explicaret,
1217 411 1263 437 sed
1291 410 1342 436 alia
1361 418 1447 445 eaque
1464 411 1544 446 longe
1571 413 1725 440 suhlimiori

938 457 1061 484 ratione:
1079 457 1190 484 vidisset
1209 461 1304 483 contra
1320 465 1381 484 eum
1407 458 1570 491 przecipuum
1588 466 1643 485 sum
1660 466 1723 494 erga

937 503 1064 531 homines
1091 502 1267 537 benignitatis
1291 503 1398 530 dedisse
1424 509 1631 538 argumentum,
1661 513 1722 532 cum

936 549 1078 576 descendit
1095 553 1125 575 ut
1140 557 1150 574 ‹
1162 556 1226 576 oves
1242 556 1301 582 quae
1315 549 1451 582 perierant
1466 549 1563 576 domus
1579 550 1659 577 Israel
1671 550 1721 581 δ’,ι

935 592 1160 628 quemadmodum
1179 592 1321 626 Scriptura
1346 593 1437 619 divina
1463 600 1566 621 arcane
1592 594 1723 628 loquitu‘r,

935 639 967 665 ad
985 644 1014 665 se
1031 642 1190 670 revocaret;
1209 645 1275 664 oves
1294 637 1363 669 illas,
1388 638 1511 672 inquam,
1534 646 1594 673 qua:
1610 647 1624 666 a
1647 647 1723 666 ιιιοιι-

935 684 1007 711 tibus
1023 683 1248 710 discesserantet
1263 683 1295 709 ad
1320 690 1389 717 quas
1417 689 1523 718 pastor,
1540 684 1576 710 uti
1600 685 1724 718 quaedam

935 729 1069 764 parabolae
1092 727 1224 761 referunt,
1240 729 1391 762 descendit,
1408 729 1435 756 in
1462 730 1601 757 montibus
1623 730 1723 758 relictis

934 775 987 803 illis
1002 783 1061 810 quae
1077 782 1128 802 non
1148 774 1349 801 aberraverant.

971 822 1014 849 18.
1038 821 1064 847 In
1084 822 1116 848 iis
1136 821 1181 847 diu
1203 820 1304 847 insistit
1324 821 1420 847 Celsus
1441 829 1500 855 qua:
1516 829 1567 847 non
1584 821 1721 856 intelligit,

934 868 1027 901 sicque
1051 867 1077 893 in
1104 873 1184 893 causa
1210 871 1252 893 est
1271 873 1321 893 cur
1338 868 1431 894 eadem
1459 868 1558 902 szepius
1587 873 1720 902 repetam.

933 915 1001 940 Nam
1029 914 1096 940 nihil
1120 921 1213 941 eorum
1239 921 1299 948 qum
1321 914 1389 941 dixit
1413 914 1528 948 relinqui
1553 915 1623 947 volo,
1649 917 1719 948 quod

933 968 985 987 non
1009 960 1192 987 examinatum
1218 960 1300 987 fuisse
1320 961 1452 987 videatur.
1475 960 1520 987 Sic
1544 961 1626 995 igitur
1652 962 1719 989 ille:

935 1015 944 1032 ι
959 1006 1011 1033 Aut
1026 1005 1094 1032 Deus
1110 1013 1203 1032 revera
1219 1010 1340 1032 mutatur
1351 1005 1378 1032 in
1395 1005 1509 1032 mortale
1522 1013 1632 1040 corpus,
1646 1007 1719 1040 quod

932 1052 983 1086 ipsi
999 1056 1122 1084 censent,
1142 1052 1189 1078 sed
1209 1051 1265 1079 fieri
1283 1059 1333 1078 non
1354 1059 1433 1086 posse
1451 1059 1530 1086 supra
1547 1051 1721 1079 demonstra-

932 1101 987 1123 tum
1003 1101 1060 1129 est;
1082 1101 1128 1123 aut
1143 1097 1200 1130 ipse
1219 1097 1328 1130 quidem
1344 1105 1396 1123 non
1412 1101 1532 1124 mutatus
1547 1097 1615 1124 facit
1629 1101 1657 1123 ut
1671 1097 1719 1132 qui

931 1144 1022 1171 vident
1040 1148 1172 1170 mutatum
1194 1144 1320 1174 credant;
1337 1144 1410 1177 quod
1425 1143 1447 1169 si
1464 1143 1500 1169 ita
1525 1148 1582 1175 est,
1606 1143 1718 1177 decipit,

930 1190 1069 1217 mentitur.
1083 1189 1163 1224 Atqui
1178 1189 1283 1216 fallacia
1297 1193 1324 1216 et
1338 1189 1510 1217 mendacium
1525 1197 1633 1224 semper
1648 1190 1719 1217 mala

929 1239 1010 1267 sunt;
1033 1235 1084 1262 nisi
1108 1234 1289 1262 adhibeantur
1310 1239 1357 1261 aut
1380 1235 1413 1262 ad
1433 1235 1595 1262 medendum
1621 1235 1718 1263 amicis

928 1282 1007 1317 aegris
1024 1285 1050 1308 et
1070 1281 1280 1313 insanientibus,
1298 1285 1343 1307 aut
1361 1281 1394 1308 ad
1416 1281 1573 1317 fugiendum
1588 1282 1659 1316 quod
1682 1282 1717 1309 ab

928 1326 1091 1354 adversariis
1111 1326 1292 1353 intentaretur
1306 1327 1469 1360 pericultun.
1485 1328 1520 1354 At
1535 1334 1598 1354 vero
1624 1327 1717 1355 nullus

926 1372 982 1400 Deo
1006 1373 1113 1400 amicus
1131 1378 1173 1400 est
1191 1381 1261 1409 πεοι-
1284 1379 1311 1402 el
1326 1375 1465 1402 insaniens
1485 1383 1492 1400 ι
1511 1381 1598 1409 neque
1621 1381 1717 1408 quem-

927 1425 1005 1453 quam
1034 1419 1128 1451 timet,
1156 1424 1184 1446 ut
1201 1420 1232 1446 ad
1253 1420 1395 1447 vitandum
1427 1421 1576 1455 periculum
1608 1421 1715 1448 fallacia

926 1470 993 1498 opus
1009 1463 1116 1491 haheat.
1129 1474 1137 1490 I
1156 1465 1195 1491 Ad
1213 1465 1270 1492 hare
1287 1465 1385 1499 duplex
1406 1469 1447 1492 est
1465 1465 1646 1499 respondendi
1670 1473 1714 1491 ra-

83 1506 109 1532 δίε
124 1507 186 1541 περὶ
208 1507 257 1542 τῆς
276 1507 363 1542 Ἰησοῦ
391 1507 491 1542 ψυχῆς,
513 1509 580 1544 Περὶ
598 1509 647 1544 μὲν
671 1507 718 1536 οὖν
747 1509 798 1544 τῆς
827 1509 868 1536 τοῐ

929 1509 976 1542 lio,
992 1517 1108 1544 quarum
1134 1509 1249 1536 alteram
1266 1516 1360 1537 natura
1378 1510 1463 1537 divini
1480 1510 1561 1537 Verbi
1582 1512 1627 1544 qui
1645 1511 1715 1538 Dens

82 1551 163 1585 Δῆγου
192 1552 315 1586 φύσεως,
340 1553 394 1586 ὅτι,
418 1553 540 1590 ὥσπερὴ
556 1554 610 1581 τῶν
628 1555 735 1590 τροφῶν
759 1556 870 1591 ποιότης

83 1598 147 1633 πρὸς
167 1599 217 1635 τὴν
235 1599 281 1625 τοῦ
299 1601 393 1635 νηπίου
412 1601 492 1635 φύσιν
514 1603 554 1633 εἰς
574 1602 643 1636 γάλα
666 1602 826 1637 μεταϐάλλει
842 1603 871 1629 ἐν

81 1646 112 1679 τῇ
134 1645 291 1682 τρεφούσῃ,
318 1647 335 1680 ἦ
363 1647 414 1674 ὑπὸ
441 1647 487 1674 τοῦ
519 1649 611 1684 ἰατροῦ
639 1649 870 1681 κατασκευάζεται

82 1689 146 1724 πρὸς
164 1691 193 1717 τὸ
216 1691 266 1726 τῆς
291 1691 385 1726 ὑγείας
411 1692 539 1728 χρειῶδες
567 1693 605 1728 τῷ
629 1694 775 1729 κάμνοντι,
797 1694 812 1729 ἢ
832 1694 870 1728 τῷ

84 1737 248 1772 ἰσχυροτέρῳ
267 1738 304 1769 ὡς
324 1738 500 1774 δυνατωτὲρῳ
519 1740 618 1766 οὑτωσὶ
638 1741 692 1776 (60)
714 1741 870 1777 εὐτρεπίζε-

81 1791 141 1809 τίιι·
162 1783 234 1810 οὕτω
254 1784 302 1820 τὴν
321 1785 369 1811 τοῦ
389 1786 538 1820 πεφυκότος
565 1787 677 1823 τρέφειν
697 1789 869 1824 ἀνθρωπίνην

81 1829 164 1865 ψυχὴν
187 1831 269 1864 λόγου
290 1831 402 1866 δύναμιν
422 1834 435 1858 ὀ
454 1832 519 1865 Θεὸς
546 1835 602 1865 τοῖς
628 1834 782 1870 ἀνθρώποις
806 1835 870 1861 ἑκά-

82 1883 132 1910 στῳ
158 1875 217 1902 κατ’
246 1877 322 1909 ἀξίαν
352 1877 522 1912 μεταϐάλλει.
550 1878 602 1905 Καί
640 1888 693 1906 τινι
730 1880 779 1914 μὲν
813 1879 869 1915 (ὡς

80 1920 217 1955 ὠνόμασεν
238 1922 254 1956 ὴ
276 1922 405 1958 PPictqu
435 1933 444 1948 ι
468 1923 575 1957 λογικὸν
595 1923 686 1951 ἄδολον
710 1925 779 1959 γάλα
794 1934 803 1950 ι
826 1925 867 1960 γί-

80 1974 164 1998 νεται,
190 1967 244 1993 τινὶ
274 1967 302 1993 δὲ
324 1968 361 1999 ὡς
387 1968 573 2005 ἀσθενεστέρῳ
603 1970 684 1996 οἱονεὶ
721 1970 867 2005 «λάχανον,

79 2013 130 2038 τινὶ
142 2013 169 2039 δὲ
187 2013 300 2043 τελείοις
318 2013 372 2048 (6|)
392 2024 401 2039 ι
420 2015 517 2051 στερεὰ
535 2015 622 2051 τροφὴ
644 2025 653 2041 ι
677 2016 866 2052 παραδίδοται,

80 2058 130 2084 Καὶ
144 2059 172 2084 οὺ
189 2059 277 2094 δήπου
292 2059 419 2093 ψεύδεται
441 2060 489 2095 τὴν
513 2060 609 2086 ἑαυτοῦ
633 2061 713 2095 φύσιν
733 2063 747 2088 ὁ
770 2063 867 2096 Λόγος,

80 2105 181 2140 ἑκάστῳ
199 2105 333 2141 τρόφιμος
353 2106 504 2141 γινόμενος,
520 2107 557 2138 ὡς
570 2109 654 2143 χωρεῖ
674 2108 754 2135 αὑτὸν
777 2117 867 2144 παρα-

79 2149 210 2182 δέξασθαι·
226 2151 275 2177 καὶ
287 2151 318 2177 οὐ
336 2151 433 2186 πλανᾷ,
446 2152 505 2179 οὐδὲ
518 2152 654 2187 ψεύδεται.
673 2154 704 2180 Ei
719 2155 742 2180 δ’
752 2155 798 2181 ἐπὶ
814 2154 864 2189 τῆς

85 2195 167 2230 Ἰησοῦ
184 2196 275 2231 ψυχῆς
297 2192 429 2232 λαμϐάνει
453 2207 494 2230 τις
517 2199 566 2234 τὴν
591 2199 759 2235 μεταϐολὴν,
782 2201 867 2235 αὐτῆς

80 2241 115 2272 εἰς
129 2242 208 2277 σῶμα
225 2242 365 2278 ἐλθούσης,
391 2244 548 2279 πευσόμεθα
577 2245 635 2277 πῶς
660 2245 734 2280 λέγει
755 2246 870 2281 μεταϐο-

80 2287 140 2322 λήν;
155 2289 186 2315 Εἰ
201 2289 251 2324 μὲν
268 2288 322 2324 γὰρ
335 2289 386 2324 τῆς
397 2290 501 2322 οὐσίας,
520 2291 550 2316 οὐ
568 2291 669 2317 δίδοται
680 2292 711 2318 οὐ
732 2292 812 2327 μόνον
826 2293 869 2319 ἐπ’

79 2333 190 2368 ἐκείνης,
208 2334 266 2360 ἀλλ’
283 2335 344 2361 οὐδὲ
361 2336 425 2370 περὶ
448 2336 526 2363 ἄλλον
552 2336 666 2372 λογικῆς
684 2337 783 2373 ψυχῆς·
806 2339 830 2365 εἰ
847 2339 869 2366 δ’

78 2377 116 2404 ὅτι
129 2380 228 2414 πάσχει
246 2389 271 2406 τι
284 2381 337 2407 ὑπὸ
349 2381 396 2407 τοῦ
417 2381 542 2416 σώματος
557 2383 766 2419 ἀνακεκραμένη
784 2384 867 2420 αὐτῷ,

78 2423 121 2449 καὶ
136 2424 188 2450 ἀπο
204 2424 253 2451 τοῦ
271 2426 353 2451 τόπου
377 2426 417 2457 εἰς
438 2426 467 2452 ὃν
491 2426 613 2461 ἐλήλυθε·
642 2427 688 2454 καὶ
714 2428 740 2454 τί
765 2427 864 2454 ἄτοπον

78 2470 178 2506 ἀπαντᾷ
194 2471 235 2506 τῷ
252 2472 340 2507 Λόγῳ,
360 2471 414 2498 ἀπὸ
431 2472 530 2506 πολλῆς
553 2472 757 2509 φιλανθρωπίας
779 2483 862 2500 κατα-

77 2514 208 2547 ϐιϐἀζοντι
233 2516 346 2552 Σωτῆρα
371 2516 410 2552 τῷ
434 2516 506 2550 γένει
529 2517 582 2544 τῶν
610 2518 776 2554 ἀνθρώπων;
802 2519 862 2545 ἐπεὶ

79 2560 166 2595 μηδεὶς
178 2561 233 2588 τῶν
250 2562 381 2597 πρότερον
398 2562 558 2598 θεραπεύειν
566 2564 805 2600 ἐπαγγειλαμένων
819 2574 862 2591 το-

921 1559 973 1585 est,
989 1553 1102 1580 alteram
1120 1554 1210 1581 anima
1229 1554 1292 1581 Jesu
1307 1559 1441 1588 suppetet.
1458 1554 1495 1581 De
1515 1559 1611 1581 natura
1632 1554 1713 1582 Verbi

921 1599 974 1632 aio,
991 1600 1219 1634 quemadmodum
1251 1600 1276 1626 in
1306 1601 1410 1627 nutrice
1429 1600 1572 1632 alimenta,
1597 1608 1625 1628 ut
1650 1609 1714 1635 par-

920 1646 974 1672 vuli
997 1650 1101 1672 natura:
1134 1646 1324 1673 convenientia
1347 1646 1411 1676 sint.
1434 1645 1461 1672 ἰῑι
1485 1647 1527 1673 lac
1551 1651 1711 1680 vertuntur;

921 1696 967 1718 aut
979 1700 993 1718 a
1010 1692 1116 1719 medico
1132 1692 1184 1719 alia
1198 1692 1230 1718 ad
1257 1693 1453 1719 restituendam
1480 1693 1590 1727 tegrotis
1611 1694 1714 1720 sanita-

922 1743 987 1770 tem,
1011 1738 1063 1764 alia
1087 1739 1241 1765 sanioribus
1263 1743 1291 1765 et
1312 1738 1508 1766 valentioribus
1532 1739 1648 1772 dantur;
1672 1740 1712 1766 sic

925 1783 1003 1811 Verbi
1019 1784 1051 1810 ad
1068 1784 1241 1811 nutriendum
1267 1784 1406 1811 hominum
1432 1785 1550 1811 animam
1577 1786 1632 1819 apti
1656 1785 1711 1812 vir-

922 1832 1006 1855 tutem
1030 1836 1044 1854 ιι
1067 1829 1120 1855 Deo
1155 1828 1256 1855 uttttari
1289 1833 1315 1855 et
1351 1837 1401 1864 pro
1431 1830 1600 1864 singulorum
1630 1835 1711 1865 captu

922 1875 1080 1908 temperari.
1119 1873 1212 1908 Itaque
1251 1875 1413 1908 quibusdam
1457 1875 1567 1908 quidem
1603 1876 1652 1907 lit,
1683 1881 1712 1902 ut

920 1918 1060 1953 Scriptura
1088 1919 1223 1953 appellat,
1253 1929 1262 1945 ι
1279 1919 1320 1946 lac
1355 1920 1539 1953 rationabile,
1567 1921 1626 1948 sine
1662 1921 1711 1947 do-

919 1965 992 1997 lo“;
1006 1974 1014 1990 ι
1027 1965 1087 1991 aliis
1097 1965 1395 2000 utpoteinﬂrmioribus
1405 1971 1531 2000 tanquam
1552 1975 1562 1992 ε
1578 1966 1638 1993 olus
1651 1975 1660 1992 ι
1672 1966 1706 1997 ⁸⁷,

920 2009 999 2044 513
1016 2009 1144 2043 perfectis
1160 2014 1248 2036 autem
1262 2018 1270 2035 ι
1285 2010 1386 2037 solidus
1409 2010 1487 2038 cibus
1509 2019 1519 2036 ι
1544 2011 1705 2045 porrigitur.

920 2056 975 2083 Nec
991 2061 1079 2083 tamen
1091 2055 1210 2083 Verbum
1232 2064 1309 2083 suam
1329 2056 1458 2084 mentitur
1484 2061 1623 2088 naturam,
1646 2064 1709 2084 cum

919 2110 1136 2137 unumquemque
1152 2103 1248 2135 nutrit,
1278 2109 1359 2137 prout
1384 2107 1427 2130 est
1448 2103 1533 2137 ipsius
1563 2103 1709 2137 recipiendi

919 2157 1018 2185 capax.
1033 2149 1082 2177 Hic
1098 2149 1170 2176 nulla
1198 2149 1315 2182 fallacia,
1344 2150 1512 2177 mendacium
1543 2149 1658 2176 nullum.
1680 2149 1709 2176 Si

884 2186 906 2215 D
920 2196 980 2230 quis
996 2199 1084 2222 autem
1096 2188 1213 2221 animam
1233 2193 1294 2221 Iesu
1315 2199 1445 2221 mutatam
1478 2195 1563 2227 dicat,
1587 2203 1620 2222 eo
1638 2195 1711 2229 quod

920 2241 965 2268 illa
978 2241 1004 2268 in
1020 2248 1120 2275 corpus
1133 2241 1247 2273 venerit,
1266 2248 1385 2275 quazram
1399 2248 1481 2275 quam
1499 2240 1633 2275 intelligat
1647 2248 1710 2267 mu-

920 2287 1060 2314 tationem.
1078 2286 1107 2314 Si
1122 2286 1282 2314 substantiaa
1294 2286 1403 2318 dixerit,
1428 2287 1532 2321 negabo
1548 2294 1600 2313 non
1620 2287 1708 2313 solum

919 2333 1002 2366 illam,
1021 2333 1067 2361 sed
1081 2333 1162 2360 etiam
1187 2332 1336 2367 quamlibet
1357 2333 1437 2359 aliam
1466 2333 1626 2359 rationalem
1647 2333 1708 2359 ani-

921 2387 993 2407 mam
1012 2379 1126 2412 mutari;
1150 2379 1191 2406 sin
1219 2382 1350 2406 mutatam
1376 2383 1487 2413 pugnet,
1512 2378 1576 2412 quia
1604 2378 1711 2412 corpori

917 2427 1035 2454 itnmista
1048 2425 1149 2460 aliquid
1160 2426 1194 2452 ab
1211 2425 1255 2452 illo
1270 2430 1296 2451 et
1309 2432 1323 2451 a
1339 2425 1397 2451 loco
1414 2425 1527 2458 iuquem
1539 2424 1623 2455 venit,
1636 2424 1712 2458 pati-

918 2477 977 2505 tur;
994 2472 1057 2505 quid
1074 2471 1138 2498 inde
1155 2471 1364 2498 absurdiinl‘erri
1377 2476 1465 2505 potest
1476 2474 1568 2497 contra
1584 2469 1711 2502 Verbum,

917 2519 989 2553 quod
1005 2526 1055 2553 pro
1069 2526 1119 2546 suo
1133 2519 1159 2545 in
1177 2518 1300 2545 homines
1315 2525 1406 2545 amore
1422 2517 1455 2544 ad
1472 2517 1617 2544 humanum
1627 2523 1711 2550 genus

917 2564 1088 2592 Salvatorem
1117 2564 1249 2591 demisit?
1264 2563 1480 2598 quandoquidem
1502 2569 1581 2589 nemo
1604 2569 1710 2592 eorum,

116 2631 137 2646 “
150 2631 245 2658 Matth.
271 2640 317 2665 xv,
339 2633 387 2666 24;
406 2631 478 2662 'Luc.
499 2642 543 2668 xv,
561 2634 590 2662 4.
614 2634 657 2661 ⁸⁸1
673 2635 746 2664 Petr.
764 2645 794 2668 ιι,
807 2637 833 2663 2.
865 2638 868 2650 ί

929 2639 994 2664 tom.
1015 2643 1072 2667 xw,
1087 2635 1114 2662 2.

108 2686 363 2728 (58)]Ιλάτῳνος.
393 2690 470 2728 Vide
484 2692 677 2728 adnotationes
700 2694 734 2721 ad
764 2694 812 2722 lib.
834 2703 858 2728 ι,

77 2729 147 2749 num.
160 2723 210 2753 52,
225 2730 251 2750 et
271 2725 314 2751 lih.
330 2733 355 2756 v,
374 2734 447 2752 ιιιιιιι.
460 2727 505 2754 20.

109 2757 162 2797 (5.9)
189 2759 372 2797 Κᾳτᾴϐασιιξ.
401 2761 446 2788 Sic
470 2762 535 2789 libb.
558 2761 701 2797 impressi,
727 2769 755 2791 at
779 2766 859 2792 codd.

79 2790 183 2830 Regius,
210 2794 386 2835 liasilleensis,
409 2797 462 2823 duo
492 2790 614 2824 Vaticani.
640 2803 666 2825 el
691 2790 860 2835 Anglicanus

79 2829 185 2859 prunus,
202 2829 428 2856 καταϐαίνουσαν.

109 2862 161 2898 (ὕυ)
175 2865 290 2891 οὑτωσὶ
311 2866 350 2892 vel
365 2866 467 2899 οὕτως.
487 2865 590 2895 Mallem
604 2868 720 2901 abesset,
734 2875 761 2896 ut
777 2871 858 2898 etiam

916 2696 1012 2723 abesse
1027 2697 1129 2728 potest,
1146 2697 1257 2726 propter
1269 2694 1299 2719 τὸ
1312 2692 1478 2728 οὖτωιιιοιίο
1489 2699 1614 2728 sequens.
1628 2691 1712 2728 Paulo

914 2735 972 2766 post
989 2726 1037 2756 τοῦ
1057 2728 1207 2766 πεφυκότος
1230 2728 1350 2766 τρέφειν.
1376 2726 1616 2766 νει-ὶιυιιιέτρέφε-ιν
1635 2726 1714 2766 in_li-

915 2762 972 2805 itt'lﬁ
998 2771 1077 2792 antea
1102 2764 1211 2790 excusis
1234 2762 1366 2790 omissum
1397 2762 1632 2791 restituit'coder
1663 2762 1710 2790 Jo-

914 2800 1014 2871 “adii?
1025 2834 1085 2861 Τινὶ
1105 2833 1139 2861 δὲ
1152 2833 1281 2866 τελείως.
1297 2833 1371 2868 Lego
1383 2841 1444 2861 cum
1458 2832 1602 2863 Bohercllo
1618 2834 1710 2862 τινὶὸὲ

912 2871 1018 2904 τελείῳ.
