1908 3099
185 97 250 126 505!

939 96 1100 125 OlIlGENlS

1749 92 1762 118 l
1767 91 1827 119 052

184 154 230 188 qui
243 150 320 182 antea
333 153 463 181 medicam
474 160 552 187 opem
567 152 678 188 polliciti
701 157 776 185 sunt,
789 156 863 180 tanta
881 152 970 180 facere

1030 152 1118 180 τοῦτον
1144 152 1266 184 ἐδύνατο,
1294 152 1354 179 ὅσον
1379 151 1447 187 αὑτὴ
1473 146 1628 183 ἐπεδείξατο
1650 150 1676 177 δί
1700 145 1739 176 ὧν
1769 159 1825 176 πε-

184 199 386 234 potuit,quanta
400 197 540 226 facereilla
551 197 640 224 anima
652 198 708 226 visa
715 203 767 230 est.
776 203 870 233 sponte
880 198 913 225 ad
925 198 974 225 hoc

186 244 288 270 minum
298 243 478 270 conditionem
492 243 576 270 nostri
589 243 696 276 generis
703 251 785 270 causa
795 244 972 271 descendens.

185 289 250 323 Qum
263 288 380 316 scientes
394 288 478 315 divini
494 288 643 323 scriptores
658 289 742 315 multa
764 289 863 323 passim
890 289 922 316 de
940 289 972 316 iis

184 335 312 362 dixerunt
329 344 335 361 :
350 334 396 361 sed
411 334 437 360 in
453 334 598 368 prmsentia
611 334 679 361 satis
694 334 748 361 erit
761 342 844 360 unum
856 334 973 369 allegare

183 380 259 409 Pauli
276 380 472 410 teStimonium,
490 380 561 414 quod
576 380 616 407 sic
637 379 718 406 habet
738 389 744 406 :
768 389 778 405 ‹
800 379 855 407 Hoc
873 380 972 406 sentite

183 427 210 454 in
228 434 253 453 ν(
265 426 305 453 bis
320 426 392 461 quod
405 430 432 453 et
446 425 473 452 in
489 425 600 453 Christo
613 425 687 458 Jesn,
705 425 750 460 qui
766 432 828 452 cum
842 425 869 452 in
885 423 972 451 forma

184 471 230 498 Dei
243 476 324 503 esset,
340 477 393 497 non
408 472 527 505 rapinarc
542 470 688 497 arbitratus
702 474 744 497 est
756 477 816 498 esse
832 477 861 497 se
877 477 972 504 aequa-

182 516 236 544 lem
251 517 315 548 Deo,
331 517 377 544 sed
399 516 506 550 scmeli;
514 523 573 543 sum
599 515 748 542 exinanivit
770 515 884 542 formam
899 515 971 543 servi

184 563 333 597 accipiens,
352 563 378 589 in
391 562 568 589 similitudine
596 561 712 588 hominis
732 560 820 588 factus
835 565 863 588 et
878 561 971 588 habitu

186 609 316 636 inventus
344 613 372 635 ut
390 608 482 640 homo,
507 607 661 634 humiliavit
683 606 858 641 semetipsum
884 606 971 633 factus

185 655 318 682 obediens
337 661 424 688 usque
451 653 485 680 ad
506 657 630 685 mortem,
654 657 766 679 mortem
795 656 883 679 autem
911 660 971 679 cru-

184 701 237 728 cis.
274 699 389 734 Propter
428 699 499 733 quod
533 703 560 726 et
592 699 663 726 Deus
704 698 835 726 exultavit
875 698 970 731 illum,

183 750 211 772 et
240 745 313 772 dedit
345 744 382 771 illi
415 751 512 771 nomen
542 745 612 779 quod
643 749 683 772 est
709 751 792 778 super
817 751 896 777 omne
923 751 971 771 no-

183 799 244 819 men
265 791 299 818 ".
323 800 332 817 ι

219 837 263 865 i9.
281 836 349 864 Dent
363 835 443 871 igitur
456 835 536 862 Celso
548 835 606 869 alii,
620 835 703 862 Deum
719 835 827 869 quidem
843 842 896 862 n0ll
911 842 970 862 mu-
983 829 1006 856 Β

183 886 267 908 tatuin
280 881 376 915 fuisse,
393 880 439 908 sed
451 879 576 908 ell‘ecisse
592 885 622 907 ut
634 881 679 916 qui
694 881 823 908 videbant
838 884 970 907 mutatum

181 927 387 961 existimarent;
419 928 452 955 ad
473 934 523 954 nos
547 927 645 961 quibus
666 925 903 961 persuasissimum
929 929 970 953 est

182 980 237 1000 non
255 973 346 1008 specie
359 978 436 1001 tenus
450 973 555 1006 Jesum,
571 974 619 1000 sed
642 979 705 999 vere
733 972 767 999 ad
793 972 918 999 homines
943 976 971 999 et

182 1019 324 1046 manifeste
337 1012 490 1051 advenisse,
505 1018 576 1046 Celsi
591 1017 748 1046 criminatio
775 1024 828 1044 non
841 1017 968 1052 pertinet.

182 1064 313 1092 Refellam
327 1069 415 1092 tamen
441 1065 481 1092 sic
497 1074 504 1092 :
528 1064 623 1092 Nonne
640 1064 697 1099 ipse
720 1063 826 1095 fateris,
844 1071 861 1090 ο
878 1063 968 1095 Celse,

181 1111 264 1138 licere
282 1118 331 1144 pro
345 1111 464 1138 remedio
479 1110 516 1137 uti
531 1109 637 1137 fallacia
666 1114 693 1137 et
712 1109 873 1136 mendacio?
901 1108 970 1142 Quid

181 1163 247 1190 ergo
262 1156 420 1188 absurdum,
435 1156 524 1183 simile
536 1155 675 1190 quidpiam
701 1155 853 1182 adhibitum
875 1154 968 1186 fuisse,

181 1201 315 1236 siquidem
333 1203 366 1228 ad
380 1201 493 1229 salutem
508 1202 671 1228 collaturum
685 1201 774 1228 esset?
797 1200 839 1228 Fit
855 1200 926 1227 enim
941 1203 970 1226 ut

181 1248 353 1275 sermonibus
367 1248 528 1283 quibusdam
549 1248 583 1274 ad
603 1247 772 1274 mendacium
797 1246 967 1280 compositis,

181 1293 308 1328 qualibus
330 1301 394 1328 erga
413 1297 532 1328 aegrotos
557 1293 693 1320 interdum
723 1296 839 1319 utuntur
860 1291 967 1323 medici,

182 1345 272 1366 mores
288 1337 396 1366 facilius
408 1338 541 1372 corrigas,
554 1345 634 1372 quam
652 1337 674 1364 si
688 1337 830 1364 veritatem
851 1343 969 1371 usurpa-

182 1391 235 1412 res.
254 1383 315 1411 Hinc
332 1391 346 1411 a
359 1383 437 1412 nobis
453 1384 562 1418 quidem
587 1383 619 1410 ad
645 1383 760 1410 aliorum
782 1382 968 1410 defensionem

181 1431 254 1457 dicta
282 1436 370 1458 sunto.
402 1430 495 1464 Neque
523 1429 596 1456 enim
625 1429 772 1456 absurdum
799 1432 841 1456 est
865 1429 969 1456 amicos

178 1480 344 1510 aegrotantes
359 1480 511 1506 sanantem,
528 1473 570 1501 his
581 1473 700 1500 amicum
714 1480 799 1508 genus
818 1473 967 1500 humanum

181 1521 271 1548 levare
282 1521 419 1552 remediis,
434 1527 494 1554 quae
511 1527 564 1546 non
580 1519 642 1546 data
670 1526 752 1553 opera
771 1519 832 1553 quis
856 1519 969 1546 adhibe--

182 1570 234 1597 ret.
249 1567 296 1593 sed
319 1566 410 1593 habita
438 1564 704 1593 circumstantiarum
729 1564 842 1591 ratione.
859 1564 891 1591 Et
909 1565 971 1599 qui-

181 1611 243 1638 dem
261 1611 293 1638 ad
308 1612 444 1638 curandos
457 1616 547 1638 mente
575 1611 708 1638 alienatos
723 1610 847 1638 homines
863 1611 913 1637 hac
927 1611 969 1637 vi.)

185 1662 226 1685 uti
250 1661 407 1692 oportebat,
434 1663 513 1691 quam
535 1656 653 1684 Verbum
675 1662 786 1685 noverat
809 1659 969 1688 insanienti-

185 1703 237 1730 bus
261 1702 294 1729 ad
319 1709 411 1728 sanam
437 1705 554 1728 mentem
580 1702 741 1730 reducendis
765 1703 867 1731 utilem.
891 1705 969 1738 Quod

185 1748 224 1776 ait
241 1757 250 1773 ι
267 1747 328 1774 talia
353 1746 455 1778 facere,
478 1746 522 1780 qui
541 1747 688 1781 periculum
707 1748 740 1774 ab
755 1749 913 1777 adversariis
927 1751 967 1778 in-

187 1795 319 1819 tentatum
345 1790 437 1825 lugere
456 1790 574 1825 cogitat;
600 1798 616 1817 a
640 1791 696 1818 Deo
719 1797 808 1819 autem
831 1794 967 1821 neminem

187 1837 292 1868 timeri,
313 1840 343 1863 ut
362 1836 394 1862 ad
414 1836 550 1862 vitandum
571 1836 719 1869 periculum
739 1837 897 1866 insidiantes
916 1839 963 1867 fai-

182 1883 238 1910 lcre
253 1891 320 1918 opus
334 1883 450 1916 habeat;
470 1893 479 1910 ι
498 1883 523 1911 id
538 1883 674 1917 depellere
688 1892 886 1918 supervacuum
910 1893 969 1912 om-

151 1938 159 1943 δ
182 1929 248 1956 nino
257 1929 337 1957 fuerit
351 1935 379 1957 et
394 1937 408 1957 a
423 1930 528 1957 ratione
539 1930 671 1957 alienum.
686 1929 768 1965 514
782 1930 882 1964 Ecquis
896 1931 967 1957 enim

182 1982 300 2010 unquam
314 1976 370 2003 haec
390 1976 423 2003 de
440 1980 533 2004 nostro
562 1975 705 2003 Salvatore
727 1976 811 2002 dixit?
825 1976 878 2003 Sed
895 1980 922 2003 et
935 1977 967 2003 ad

181 2021 265 2052 istud.
282 2031 292 2047 ι
308 2022 443 2048 neminem
455 2029 556 2056 nigrum
573 2026 618 2048 aut
637 2021 816 2048 insanientem
836 2022 888 2049 Deo
900 2022 969 2049 ami-

181 2072 244 2093 cum
259 2075 330 2098 esse,
346 2077 355 2093 ι
369 2067 425 2101 jam
438 2071 517 2094 antea
533 2074 582 2102 pro
597 2066 658 2094 aliis
668 2067 805 2100 respondi.
821 2067 880 2094 Dixi
895 2069 968 2095 enim

181 2112 256 2140 illam
283 2112 515 2147 dispensationem
546 2119 598 2139 non
629 2119 690 2140 esse
721 2112 820 2139 factam
855 2118 968 2147 propter

1024 198 1132 234 ποίηκε,
1162 198 1208 225 καὶ
1233 198 1364 229 ἑκουσίως
1391 198 1432 229 είς
1453 197 1503 228 τὰς
1529 197 1704 232 ἀνθρωπίνας
1727 196 1823 231 κῆρπς

1024 244 1094 278 ὑπὲρ
1108 243 1154 270 τοῦ
1168 243 1262 277 γένους
1279 243 1356 278 ἡμῶν
1371 243 1522 270 καταϐᾶσα.
1548 242 1642 268 Ταῦτα
1658 242 1680 268 6‘
1702 243 1821 268 ἐπιστα-

1025 297 1103 324 μενος
1115 289 1129 314 ὁ
1143 289 1216 320 Θεῖος
1228 289 1324 322 Λόγος,
1340 288 1423 315 πολλὰ
1439 288 1571 323 πολλαχοῦ
1589 288 1663 322 λέγει
1679 288 1734 314 τῶν
1742 288 1819 324 Γρα-

1023 334 1090 368 φῶνι
1112 335 1192 369 ἀρκεῖ
1210 335 1232 360 6'
1249 335 1295 361 ἐπὶ
1312 334 1358 361 τοῦ
1387 335 1520 370 παρόντος
1548 334 1612 369 μίαν
1642 333 1820 370 παραθέσθαι

1022 381 1129 408 Παύλου
1140 381 1212 414 λέξιν
1228 382 1314 414 οὕτως
1330 381 1453 417 ἔχουσαν
1474 391 1483 407 ι
1507 381 1592 408 Τοῦτο
1614 381 1768 417 φρονείσθω
1789 382 1820 407 ὲν

1023 426 1087 462 ὑμῖν
1105 427 1172 461 (62),
1195 426 1209 452 ὃ
1234 428 1280 453 καὶ
1302 428 1330 453 ὲν
1356 427 1465 462 Χριστῷ
1488 426 1586 462 Ἰησοῦ,
1613 427 1642 458 ὃς
1664 428 1694 453 ἐν
1722 428 1818 461 μορφῇ

1021 471 1089 497 Θεοῦ
1106 472 1248 507 ὑπάρχων,
1261 472 1310 506 οὐχ
1329 471 1476 507 ἁρπαγμὸν
1493 472 1615 507 ἡγήσατο
1630 471 1661 498 τδ
1679 469 1752 498 εἶναι
1769 469 1820 498 ἶσα

1021 517 1093 552 Θεῷ,
1108 516 1165 544 ἀλλ’
1180 517 1276 544 ἑαυτὸν
1292 517 1407 546 ὲκένωσε
1428 517 1533 552 μορφὴν
1555 516 1650 543 δούλου
1670 517 1775 550 λαϐὼν,
1788 520 1819 545 ὲν

1020 562 1171 598 ὁμοιώματι
1195 562 1337 598 ἀνθρώπου
1358 563 1502 598 γενόμενος
1525 562 1597 598 (65),
1621 563 1671 589 καὶ
1694 564 1819 598 σχήματι

1021 608 1141 644 εὑρεθεὶς
1159 608 1196 640 ὡς
1213 607 1357 644 ἄνθρωπος
1375 608 1557 634 ἐταπείνωσεν
1579 609 1675 635 ἑαυτὸν
1699 609 1819 644 γενόμε-

1022 662 1066 685 νος
1091 654 1211 688 ὑπήκοος
1236 653 1317 688 μέχρι
1341 652 1465 684 Θανάτου,
1494 652 1610 680 θανάτου
1629 653 1658 679 δὲ
1683 652 1817 689 σταυροῦ.

1020 698 1065 724 Διὸ
1088 698 1135 724 καὶ
1158 699 1173 724 ὁ
1198 697 1264 730 Θεὸς
1289 697 1370 724 αὑτὸν
1396 696 1568 732 ὑπερύψωσε,
1595 698 1643 724 καὶ
1665 698 1820 734 ἐχαρίσατο

1020 743 1094 779 αὐτῷ
1110 743 1194 779 ονομα
1207 743 1238 770 τὸ
1250 743 1320 778 ὑπὲρ
1337 743 1390 769 πᾶν
1407 742 1499 778 ὖνομα.
1523 752 1531 767 ι

1057 833 1149 860 Ἀλλοι
1164 833 1212 869 μὲν
1228 831 1275 860 οὖν
1294 833 1439 860 διδότωσαν
1456 833 1494 868 τῷ
1508 833 1614 868 Κέλσῳ,
1631 833 1712 859 ὅτιού
1733 841 1821 868 μετα-

1022 879 1112 907 ϐάλλει
1129 880 1188 915 μὲν,
1206 881 1266 906 ποεῖ
1282 880 1310 907 δὲ
1324 880 1386 911 τοὺς
1399 879 1520 915 ὁρῶντας
1535 879 1624 905 δοκεῖν
1643 879 1818 914 μεταΰεελη-

1021 926 1107 953 κέναν
1123 927 1203 961 ἡμεῖς
1214 926 1242 952 δὲ
1259 926 1412 961 πειθόμενοι
1435 926 1465 951 οὺ
1476 925 1596 960 δόκησιν,
1613 925 1670 951 ἀλλ’
1683 925 1819 960 ἀλήθειαν

1021 972 1090 1000 εἶναι
1108 974 1154 1000 καὶ
1169 973 1313 1009 ἐνάργειαν
1336 973 1407 999 κατὰ
1423 973 1472 1007 τὴν
1495 972 1581 1008 Ἰησοῦ
1605 974 1635 999 ὲν
1658 972 1820 1008 ἀνθρώποις

1021 1012 1176 1055 ἐπιδημίαν,
1192 1020 1241 1054 οὺχ
1258 1019 1426 1054 ὑποκείμεθα
1451 1020 1484 1054 τῇ
1508 1019 1615 1045 Κέλσου
1646 1017 1818 1055 κατηγορίᾳ.

1022 1066 1116 1100 Ὅμως
1129 1065 1151 1092 δ’
1170 1064 1405 1100 ἀπολογησόμεθα,
1423 1065 1464 1090 ὅτι
1478 1065 1515 1091 Οὺ
1533 1065 1596 1100 φῂς,
1614 1062 1637 1091 ὦ
1655 1064 1757 1096 Κέλσε,
1779 1064 1821 1096 ὡς

1025 1113 1053 1138 ὲν
1072 1112 1220 1148 φαρμάκου
1239 1112 1322 1147 μοίρᾳ
1333 1111 1397 1138 ποτὲ
1413 1111 1512 1137 δίδοται
1525 1110 1641 1146 χρῆσθαι
1654 1110 1694 1146 τῷ
1710 1110 1820 1145 πλανᾷν

1021 1158 1067 1184 καὶ
1083 1157 1122 1192 τῷ
1142 1157 1305 1192 ψεύδεσθαι;
1329 1157 1361 1183 Τί
1384 1155 1431 1183 οὖν
1454 1156 1565 1189 ἄτοπον,
1587 1157 1612 1182 εί
1640 1156 1766 1183 τοιοῦτόν
1790 1165 1821 1182 τι

1020 1202 1115 1237 ἔμελλε
1133 1202 1239 1234 σώζειν,
1255 1201 1373 1228 τοιοῦτον
1385 1210 1410 1228 τι
1423 1201 1581 1235 γεγονέναι;
1599 1201 1656 1228 Καὶ
1673 1201 1729 1236 γὰρ
1741 1209 1820 1231 τινες

1019 1249 1073 1275 τῶν
1089 1248 1176 1282 λόγων
1191 1248 1225 1274 τὰ
1241 1248 1327 1275 τοιαδὶ
1343 1247 1394 1283 ἤθη
1409 1247 1478 1274 κατὰ
1494 1247 1524 1273 τὸ
1537 1247 1634 1282 ψεῦδος
1653 1247 1757 1282 μᾶλλον
1775 1247 1821 1272 la-

1020 1295 1129 1330 γόμενοι
1148 1294 1372 1330 ἐπιστρέφουσιν,
1391 1293 1485 1329 ὥσπερ
1500 1293 1615 1320 καὶτῶν
1637 1293 1740 1328 ἰατρῶν
1760 1292 1819 1327 (δι)

1021 1348 1085 1366 ποτε
1101 1340 1174 1374 λόγοι
1190 1339 1284 1366 τοιοίδε
1303 1340 1369 1376 πρὸς
1391 1340 1453 1371 τοὺς
1465 1340 1618 1374 κάμνοντας
1643 1340 1716 1375 ἥπερ
1743 1339 1821 1366 κατὰ

1019 1384 1050 1411 τὺ
1072 1385 1179 1420 ἀληθές.
1204 1384 1284 1411 Ἀλλὰ
1302 1384 1388 1410 ταῦτα
1409 1385 1458 1420 μὲν
1479 1385 1543 1420 περὶ
1565 1384 1667 1420 ἑτέρων
1688 1384 1822 1411 ἀπολελο-

1020 1432 1113 1467 γήσθω
1126 1433 1201 1467 ἡμῖν.
1219 1433 1273 1459 Καὶ
1284 1432 1338 1468 γὰρ
1354 1433 1404 1459 οὐκ
1420 1432 1519 1459 ἄτοπόν
1543 1433 1601 1458 ἐστι
1624 1432 1669 1458 τὸν
1695 1431 1818 1466 ἰώμενον

982 1496 1003 1524 C
1021 1477 1116 1512 φίλους
1128 1478 1276 1510 νοσοῦντας
1295 1479 1421 1505 ἰάσασθαι
1437 1480 1467 1506 τὸ
1485 1479 1561 1513 φίλον
1585 1479 1639 1505 τῶν
1660 1477 1820 1514 ἀνθρώπων

1021 1523 1099 1557 γένος
1115 1525 1170 1555 τοῖς
1185 1521 1355 1555 τοιοῖσδε,οἷς
1368 1524 1417 1550 οὐκ
1430 1525 1461 1551 ἄν
1475 1533 1517 1556 τις
1525 1525 1657 1559 χρήσαιτο
1675 1532 1821 1559 προηγου-

1023 1569 1120 1604 μένως,
1134 1569 1190 1596 ἀλλ’
1208 1570 1240 1596 ἐκ
1257 1570 1452 1605 περιστάσεως.
1469 1571 1524 1596 Καὶ
1541 1569 1662 1604 μεμηνὸς
1677 1569 1705 1596 δὲ
1721 1569 1756 1596 τὸ
1772 1570 1820 1603 γέ-

1021 1622 1065 1645 νος
1080 1613 1134 1640 τῶν
1161 1614 1312 1650 ἀνθρώπιον
1324 1615 1376 1641 ἔδει
1391 1615 1590 1651 θεραπευθῆναι
1621 1615 1664 1642 διὰ
1683 1615 1819 1650 μεθόδων,

1020 1656 1058 1686 ὤν
1073 1659 1145 1694 ἐώρα
1161 1661 1174 1686 ὁ
1191 1661 1275 1695 Λόγος
1291 1662 1433 1697 χρησίμων
1443 1663 1500 1693 τοῖς
1518 1661 1679 1696 μεμηνόσιν,
1699 1662 1744 1688 ἵνα
1763 1671 1819 1688 σω-

1022 1709 1186 1743 φρονήσωσι.
1204 1708 1272 1743 Φησὶ
1290 1708 1328 1739 δ’,
1353 1709 1394 1734 ὅτι
1417 1708 1464 1734 καὶ
1483 1717 1492 1732 ι
1514 1707 1554 1733 Τὰ
1572 1707 1660 1734 τοιάδε
1678 1716 1720 1738 τις
1746 1709 1819 1734 ποιεί

1021 1752 1089 1787 πρὸς
1110 1752 1237 1788 ἐχθροὺς,
1265 1753 1385 1780 κίνδυνον
1412 1754 1541 1787 ἐκφυγεῖν
1575 1752 1817 1788 προμηθούμενος.

1020 1797 1057 1824 Οὐ
1075 1798 1196 1832 φοϐεῖται
1209 1798 1236 1825 δέ
1250 1807 1325 1829 τινας
1336 1799 1350 1824 ὁ
1363 1799 1439 1830 Θεὸς,
1457 1799 1500 1825 ἴνα
1517 1798 1655 1834 πλανήσας
1675 1799 1741 1830 τοὺς
1755 1800 1818 1825 ἐπι-

1021 1843 1197 1876 ϐουλεύοντας
1214 1844 1335 1871 κίνδυνον
1351 1845 1480 1880 διαφύγῃ.
1498 1854 1507 1870 ι
1528 1845 1619 1880 Πάντη
1636 1844 1665 1871 δὲ
1683 1845 1817 1880 περισσὸν

1020 1889 1068 1914 καὶ
1084 1888 1179 1924 ἄλογον
1190 1890 1411 1926 ἀπολογήσασθαι
1430 1890 1498 1926 πρὸς
1514 1889 1544 1915 τὸ
1561 1890 1608 1916 ὑπ’
1624 1890 1734 1922 οὐδενὸς
1753 1892 1816 1925 περὶ

1019 1934 1065 1960 τοῦ
1081 1935 1206 1971 Σωτῆρος
1224 1935 1303 1971 ἡμῶν
1316 1935 1469 1971 λεγόμενον.
1489 1935 1653 1972 Προείρηται
1671 1936 1693 1962 δ’
1710 1937 1750 1967 εἰς
1767 1937 1816 1971 τὴν

1021 1981 1083 2016 περὶ
1096 1981 1196 2016 ἐτέρων
1206 1983 1272 2017 ἡμῖν
1283 1982 1428 2016 ἀπολογίαν
1441 1982 1507 2017 πρὸς
1519 1982 1559 2013 τὸ,
1580 1991 1588 2007 ι
1604 1981 1674 2008 Οὔτε
1687 1981 1715 2008 δὲ
1729 1982 1813 2008 νοσῶν

1019 2025 1035 2061 ἦ
1053 2026 1181 2061 μεμηνὼς
1193 2027 1278 2058 οὐδεὶς
1292 2027 1366 2062 φίλος
1377 2027 1431 2063 (65)
1449 2027 1486 2062 τῷ
1500 2027 1568 2062 Θεῷ.
1592 2037 1600 2053 ι
1627 2027 1656 2053 Ὀ
1674 2027 1730 2062 γὰρ
1748 2028 1811 2054 ἀπο.

1019 2071 1205 2108 λογησάμενός
1220 2082 1300 2109 φησιν
1317 2074 1366 2109 οὐχ
1381 2074 1451 2109 ὑπὲρ
1470 2073 1524 2100 τῶν
1536 2074 1586 2109 ἤδη
1605 2073 1691 2108 φίλων
1705 2074 1801 2100 νοσοῦν

1019 2117 1102 2153 τωνῆ
1124 2119 1284 2153 μεμηνότων
1307 2118 1355 2154 τὴν
1377 2118 1480 2145 τοιάνδε
1503 2119 1659 2154 οἰκονομίαν
1681 2119 1812 2153 γίνεσθαι,

181 2163 298 2192 aegrotos
312 2163 339 2185 et
354 2159 521 2186 insanientes
536 2157 582 2192 qni
597 2157 652 2192 jam
666 2158 746 2185 amici
760 2163 861 2190 essent,
879 2159 926 2186 sed
937 2164 966 2186 ut

1030 2163 1074 2190 ιλλ’
1095 2164 1165 2200 ὑπὲρ
1178 2164 1232 2191 τῶν
1249 2165 1292 2191 διὰ
1320 2165 1397 2192 νόσον
1427 2166 1477 2201 τῆς
1500 2165 1590 2200 ψυχῆς
1611 2165 1659 2192 καὶ
1685 2166 1813 2192 ἔκστασιν

181 2204 228 2238 qui
240 2203 329 2230 adhuc
342 2208 452 2238 propter
468 2203 593 2230 morbum
610 2202 709 2230 anima:
723 2203 908 2238 naturalisque
925 2212 969 2230 ra-

181 2247 264 2274 tionis
278 2247 466 2275 alienationem
482 2247 582 2274 inimici
600 2252 690 2279 erant,
711 2249 737 2274 in
754 2248 800 2276 Dei
815 2249 964 2276 amicitiam

182 2293 382 2328 reciperentur.
397 2293 464 2320 Nam
481 2293 560 2320 .lcsus
570 2293 642 2320 clare
659 2294 760 2321 dicitur
769 2295 858 2321 omnia
874 2300 968 2329 perlu-

181 2339 256 2372 lisse,
276 2344 305 2366 ut
321 2347 366 2366 eos
392 2340 437 2373 qui
466 2344 624 2374 peccassent
649 2340 767 2375 peccatis
795 2340 921 2368 liberaret
941 2346 970 2369 et

177 2384 266 2420 justos
279 2385 379 2413 faceret
390 2386 424 2413 ".

217 2431 263 2460 20.
281 2431 375 2460 Postea
387 2431 495 2460 Iudaeos
517 2433 630 2469 inducit,
649 2433 695 2468 qui
720 2432 834 2460 seorsim
856 2440 967 2460 causam

181 2477 298 2506 aﬂ'erant
311 2487 360 2506 cur
377 2479 479 2508 Christi
501 2481 646 2508 adventum
670 2479 790 2508 futurum
817 2487 878 2507 esse
894 2479 967 2507 arbi-

217 2537 241 2553 "
259 2537 357 2571 Philip.
380 2545 408 2569 ιι,
431 2537 456 2563 5.
496 2538 517 2553 ⁸⁹
533 2537 614 2564 Hebr.
640 2545 669 2570 II,
694 2537 741 2569 iii;
768 2537 862 2563 Matth.
891 2545 929 2568 ιιι,
951 2538 994 2564 15.

216 2606 272 2643 (6‘2)
291 2605 460 2643 [lies-chelius
479 2608 506 2643 et
519 2603 686 2643 §penccrus.
709 2604 784 2638 ἡμῖν.
814 2602 899 2630 Codd.
915 2603 969 2631 Re-

182 2640 244 2678 gius
254 2647 282 2678 et
293 2641 469 2678 Basileensis,
482 2640 559 2678 ρμἶν.

218 2677 274 2711 (ὓὸ)
313 2677 360 2703 Ἐν
404 2673 579 2711 ὁμοιώματα
597 2673 753 2711 ἀνθρώπου
797 2673 967 2711 γενόμενος.

183 2708 300 2772 ἓιιὲοιῖιι
323 2716 404 2753 antea
419 2708 506 2738 editis
527 2710 626 2738 omissa
652 2708 810 2743 supplentur
832 2716 847 2736 e
873 2710 970 2737 codice

206 2754 243 2772 “Si
256 2754 339 2772 eenst.

206 2754 339 2773 asueenst.

294 2778 537 2820 “Qqaeplxaifér
548 2779 732 2820 tagiér,_etc:
746 2778 842 2820 Guielo
857 2778 908 2820 hie
918 2779 967 2806 ali-

185 2813 251 2846 quid
263 2813 412 2842 desiderari
432 2815 548 2842 videtur.
578 2815 620 2843 An
649 2814 699 2842 sic.
725 2813 822 2849 inquit.
845 2814 967 2843 scriben-

1018 2209 1066 2236 τοῦ
1081 2210 1150 2237 κατὰ
1169 2211 1249 2245 φύσιν
1266 2211 1395 2246 λογισμοῦ
1414 2211 1454 2237 ἔτι
1476 2211 1593 2247 ἐχθρῶν,
1612 2212 1657 2238 ἵνα
1681 2211 1812 2245 γένωνται

1020 2255 1090 2289 φίλοι
1101 2256 1140 2291 τῷ
1152 2256 1220 2292 Θεῷ.
1235 2257 1290 2283 Καὶ
1307 2256 1361 2293 γὰρ
1378 2256 1470 2291 σαφῶς
1490 2257 1559 2292 ὑπὲρ
1584 2256 1758 2292 ἁμαρτωλῶν
1775 2257 1812 2282 λέ-

1018 2310 1095 2336 γεται
1105 2303 1191 2330 πάντα
1207 2303 1379 2338 ἀναδεδέχθαι
1394 2303 1408 2329 ὀ
1427 2302 1540 2338 Ἰησοῦς,
1552 2303 1584 2329 ἵν’
1601 2303 1703 2334 αὐτοὺς
1728 2302 1812 2329 ἀπαλ-

1019 2347 1087 2384 λάξῃ
1101 2347 1152 2382 τῆς
1163 2348 1298 2383 ἁμαρτίας
1311 2349 1357 2374 καὶ
1375 2349 1475 2385 ποιήσῃ
1484 2348 1614 2379 δικαίους.

1057 2433 1112 2461 Εἶτ’
1127 2435 1187 2461 ἐπὶ
1203 2437 1405 2471 προσωποποιεῖ
1427 2435 1480 2470 ἰδίᾳ
1498 2435 1546 2470 μὲν
1570 2434 1715 2466 Ἰουδαίους
1732 2436 1809 2462 αἰτιο-

1020 2479 1165 2514 λογοῦντας
1181 2480 1229 2516 τὴν
1245 2480 1304 2507 κατ’
1319 2481 1417 2512 αὐτοὺς
1435 2480 1584 2516 μέλλουσαν
1611 2480 1734 2516 Χριστοῦ
1758 2482 1809 2507 ἐπι-

1022 2606 1085 2643 dum
1099 2616 1105 2634 :
1118 2606 1212 2643 ὥσπερ
1225 2608 1272 2634 καὶ
1284 2607 1338 2634 τῶν
1357 2607 1455 2643 ἰατρῶν
1471 2615 1534 2634 ποτε
1547 2607 1622 2642 λόγοι
1642 2608 1713 2635 κατὰ
1725 2608 1806 2634 τοιάδε

1023 2642 1091 2684 προς
1106 2642 1340 2684 τοὺς-,καμνοντθας
1358 2642 1513 2684 ῆπέρὴκατίὶ
1532 2643 1562 2684 τὸ
1581 2643 1692 2683 ἀληθὲς,
1716 2643 1807 2684 «fieri»;

1023 2677 1148 2709 σώζουσι.
1169 2678 1214 2705 Vel
1227 2677 1283 2710 'sic,
1295 2677 1389 2713 ὥσπερ
1404 2677 1451 2704 καὶ
1467 2677 1520 2704 τῶν
1535 2678 1637 2712 ἰατρῶν
1654 2687 1719 2704 ποτε
1741 2679 1805 2711 λόγοι

1020 2712 1116 2756 τοιοίδε
1130 2713 1192 2745 τοὺς
1209 2713 1360 2749 κάμνοντας
1375 2712 1475 2748 μᾶλλον
1491 2713 1562 2748 ἢπερ
1576 2713 1648 2740 κατὰ
1664 2714 1695 2739 τὸ
1715 2713 1805 2749 ἀληθὲς

1023 2755 1147 2774 σωιουσι.

1058 2766 1205 2818 ίῖέξίίίω).
1220 2784 1315 2812 excusi
1330 2783 1357 2811 in
1377 2787 1463 2816 textu,
1478 2782 1567 2814 οὐδεὶς
1579 2781 1641 2818 Θεῷ
1653 2782 1740 2818 φίλος.
