  <div class='ocr_page' id='page_1' title='image "/cluster/home/n/w/nwhite01/storage/ocr_20150623/11/njp.32101077772414/616.png"; bbox 0 0 1908 3099; ppageno 0'>
   <div class='ocr_carea' id='block_1_1' title="bbox 33 142 106 171">
    <p class='ocr_par' dir='ltr' id='par_1_1' title="bbox 33 142 106 171">
     <span class='ocr_line' id='line_1_1' title="bbox 33 142 106 171; baseline 0.014 -1"><span class='ocrx_word' id='word_1_1' title='bbox 33 142 106 171; x_wconf 68' lang='grc'><strong>1055</strong></span> 
     </span>
    </p>
   </div>
   <div class='ocr_carea' id='block_1_2' title="bbox 613 139 1061 170">
    <p class='ocr_par' dir='ltr' id='par_1_2' title="bbox 613 139 1061 170">
     <span class='ocr_line' id='line_1_2' title="bbox 613 139 1061 170; baseline -0.007 -1"><span class='ocrx_word' id='word_1_2' title='bbox 613 141 754 170; x_wconf 77' lang='lat' dir='ltr'><strong>CONTRA</strong></span> <span class='ocrx_word' id='word_1_3' title='bbox 776 140 914 170; x_wconf 76' lang='lat' dir='ltr'><strong>CELSUM</strong></span> <span class='ocrx_word' id='word_1_4' title='bbox 933 140 997 168; x_wconf 80' lang='lat' dir='ltr'><strong>LIB.</strong></span> <span class='ocrx_word' id='word_1_5' title='bbox 1016 139 1061 166; x_wconf 81' lang='lat' dir='ltr'><strong>IV.</strong></span> 
     </span>
    </p>
   </div>
   <div class='ocr_carea' id='block_1_3' title="bbox 1587 138 1656 166">
    <p class='ocr_par' dir='ltr' id='par_1_3' title="bbox 1587 138 1656 166">
     <span class='ocr_line' id='line_1_3' title="bbox 1587 138 1656 166; baseline 0.014 -1"><span class='ocrx_word' id='word_1_6' title='bbox 1587 138 1656 166; x_wconf 55' lang='grc' dir='ltr'>ιακι</span> 
     </span>
    </p>
   </div>
   <div class='ocr_carea' id='block_1_4' title="bbox 31 193 825 238">
    <p class='ocr_par' dir='ltr' id='par_1_4' title="bbox 31 199 822 238">
     <span class='ocr_line' id='line_1_4' title="bbox 31 199 822 238; baseline -0.005 -8"><span class='ocrx_word' id='word_1_7' title='bbox 31 202 143 238; x_wconf 74' lang='grc' dir='ltr'>δημιαν,</span> <span class='ocrx_word' id='word_1_8' title='bbox 158 200 212 236; x_wconf 77' lang='grc' dir='ltr'>ἰδίᾳ</span> <span class='ocrx_word' id='word_1_9' title='bbox 224 200 252 227; x_wconf 81' lang='grc' dir='ltr'>δὲ</span> <span class='ocrx_word' id='word_1_10' title='bbox 272 201 452 236; x_wconf 85' lang='grc' dir='ltr'>Χριστιανοὺς</span> <span class='ocrx_word' id='word_1_11' title='bbox 468 201 596 234; x_wconf 82' lang='grc' dir='ltr'>λέγοντας</span> <span class='ocrx_word' id='word_1_12' title='bbox 619 201 682 236; x_wconf 77' lang='grc' dir='ltr'>περὶ</span> <span class='ocrx_word' id='word_1_13' title='bbox 706 200 756 236; x_wconf 81' lang='grc' dir='ltr'>τῆς</span> <span class='ocrx_word' id='word_1_14' title='bbox 773 199 822 235; x_wconf 72' lang='grc' dir='ltr'>ἤδη</span> 
     </span>
    </p>
   </div>
   <div class='ocr_carea' id='block_1_5' title="bbox 879 193 1656 238">
    <p class='ocr_par' dir='ltr' id='par_1_5' title="bbox 879 193 1656 230">
     <span class='ocr_line' id='line_1_5' title="bbox 879 193 1656 230; baseline -0.005 -6"><span class='ocrx_word' id='word_1_15' title='bbox 879 203 994 230; x_wconf 86' lang='lat' dir='ltr'><strong>Irentur;</strong></span> <span class='ocrx_word' id='word_1_16' title='bbox 1016 196 1129 224; x_wconf 85' lang='lat' dir='ltr'><strong>seorsim</strong></span> <span class='ocrx_word' id='word_1_17' title='bbox 1151 195 1233 223; x_wconf 87' lang='lat' dir='ltr'><strong>etiam</strong></span> <span class='ocrx_word' id='word_1_18' title='bbox 1263 195 1445 228; x_wconf 87' lang='lat' dir='ltr'><strong>Christianos,</strong></span> <span class='ocrx_word' id='word_1_19' title='bbox 1463 194 1509 230; x_wconf 99' lang='lat' dir='ltr'><strong>qui</strong></span> <span class='ocrx_word' id='word_1_20' title='bbox 1537 195 1570 222; x_wconf 90' lang='lat' dir='ltr'><strong>de</strong></span> <span class='ocrx_word' id='word_1_21' title='bbox 1595 193 1656 223; x_wconf 73' lang='lat' dir='ltr'><strong>Filii</strong></span> 
     </span>
    </p>
   </div>
   <div class='ocr_carea' id='block_1_6' title="bbox 31 245 823 282">
    <p class='ocr_par' dir='ltr' id='par_1_6' title="bbox 31 245 823 282">
     <span class='ocr_line' id='line_1_6' title="bbox 31 245 823 282; baseline -0.004 -9"><span class='ocrx_word' id='word_1_22' title='bbox 31 245 219 282; x_wconf 80' lang='grc' dir='ltr'><strong>γεγενημένης</strong></span> <span class='ocrx_word' id='word_1_23' title='bbox 239 246 384 280; x_wconf 78' lang='grc' dir='ltr'><strong>ἐπιδημίας</strong></span> <span class='ocrx_word' id='word_1_24' title='bbox 403 246 442 278; x_wconf 80' lang='grc' dir='ltr'><strong>εἰς</strong></span> <span class='ocrx_word' id='word_1_25' title='bbox 458 246 503 273; x_wconf 75' lang='grc' dir='ltr'>τὸν</span> <span class='ocrx_word' id='word_1_26' title='bbox 523 246 580 281; x_wconf 80' lang='grc' dir='ltr'>βίον</span> <span class='ocrx_word' id='word_1_27' title='bbox 603 246 656 272; x_wconf 88' lang='grc' dir='ltr'><strong>τῶν</strong></span> <span class='ocrx_word' id='word_1_28' title='bbox 673 245 823 280; x_wconf 79' lang='grc' dir='ltr'>ἀνθρώπων</span> 
     </span>
    </p>
   </div>
   <div class='ocr_carea' id='block_1_7' title="bbox 31 288 822 326">
    <p class='ocr_par' dir='ltr' id='par_1_7' title="bbox 31 288 822 326">
     <span class='ocr_line' id='line_1_7' title="bbox 31 288 822 326; baseline -0.003 -8"><span class='ocrx_word' id='word_1_29' title='bbox 31 292 78 318; x_wconf 75' lang='grc' dir='ltr'>τοῦ</span> <span class='ocrx_word' id='word_1_30' title='bbox 95 291 160 318; x_wconf 82' lang='grc' dir='ltr'><strong>Υξοῦ</strong></span> <span class='ocrx_word' id='word_1_31' title='bbox 175 291 222 317; x_wconf 79' lang='grc' dir='ltr'>τοῦ</span> <span class='ocrx_word' id='word_1_32' title='bbox 238 290 315 317; x_wconf 76' lang='grc' dir='ltr'>Θεοῦ·</span> <span class='ocrx_word' id='word_1_33' title='bbox 334 291 410 326; x_wconf 80' lang='grc' dir='ltr'>φέρε,</span> <span class='ocrx_word' id='word_1_34' title='bbox 424 292 580 323; x_wconf 73' lang='grc' dir='ltr'>καὶταῦτα,</span> <span class='ocrx_word' id='word_1_35' title='bbox 593 292 631 323; x_wconf 82' lang='grc' dir='ltr'>ὡς</span> <span class='ocrx_word' id='word_1_36' title='bbox 646 288 701 318; x_wconf 74' lang='grc' dir='ltr'>οἷόν</span> <span class='ocrx_word' id='word_1_37' title='bbox 714 291 744 317; x_wconf 83' lang='grc' dir='ltr'><strong><em>τὲ</em></strong></span> <span class='ocrx_word' id='word_1_38' title='bbox 755 292 822 321; x_wconf 82' lang='grc' dir='ltr'>ἑστι,</span> 
     </span>
    </p>
   </div>
   <div class='ocr_carea' id='block_1_8' title="bbox 31 334 824 372">
    <p class='ocr_par' dir='ltr' id='par_1_8' title="bbox 31 334 824 372">
     <span class='ocr_line' id='line_1_8' title="bbox 31 334 824 372; baseline -0.004 -9"><span class='ocrx_word' id='word_1_39' title='bbox 31 336 76 363; x_wconf 72' lang='grc' dir='ltr'><strong>διὰ</strong></span> <span class='ocrx_word' id='word_1_40' title='bbox 89 336 213 372; x_wconf 84' lang='grc' dir='ltr'>βραχέων</span> <span class='ocrx_word' id='word_1_41' title='bbox 228 336 451 370; x_wconf 78' lang='grc' dir='ltr'><strong>κατανοήσωμεν.</strong></span> <span class='ocrx_word' id='word_1_42' title='bbox 471 336 594 363; x_wconf 83' lang='grc' dir='ltr'>Ἰουδαῖοι</span> <span class='ocrx_word' id='word_1_43' title='bbox 617 335 649 371; x_wconf 86' lang='grc' dir='ltr'>δὴ</span> <span class='ocrx_word' id='word_1_44' title='bbox 669 336 733 370; x_wconf 84' lang='grc' dir='ltr'>παρ’</span> <span class='ocrx_word' id='word_1_45' title='bbox 750 334 824 369; x_wconf 75' lang='grc' dir='ltr'><strong>αὐτῷ</strong></span> 
     </span>
    </p>
   </div>
   <div class='ocr_carea' id='block_1_9' title="bbox 33 380 824 416">
    <p class='ocr_par' dir='ltr' id='par_1_9' title="bbox 33 380 824 416">
     <span class='ocr_line' id='line_1_9' title="bbox 33 380 824 416; baseline -0.003 -8"><span class='ocrx_word' id='word_1_46' title='bbox 33 381 153 414; x_wconf 80' lang='grc' dir='ltr'>λέγουσι,</span> <span class='ocrx_word' id='word_1_47' title='bbox 172 390 181 405; x_wconf 86' lang='grc'><strong><em>‹</em></strong></span> <span class='ocrx_word' id='word_1_48' title='bbox 198 380 374 416; x_wconf 84' lang='grc' dir='ltr'>πληρωθέντα</span> <span class='ocrx_word' id='word_1_49' title='bbox 384 380 429 407; x_wconf 80' lang='grc' dir='ltr'>τὸν</span> <span class='ocrx_word' id='word_1_50' title='bbox 445 381 501 416; x_wconf 82' lang='grc' dir='ltr'>βίον</span> <span class='ocrx_word' id='word_1_51' title='bbox 515 382 605 416; x_wconf 81' lang='grc' dir='ltr'>πάσης</span> <span class='ocrx_word' id='word_1_52' title='bbox 618 381 714 412; x_wconf 75' lang='grc' dir='ltr'>κακίας</span> <span class='ocrx_word' id='word_1_53' title='bbox 725 380 824 406; x_wconf 87' lang='grc' dir='ltr'>δεῖσθαι</span> 
     </span>
    </p>
   </div>
   <div class='ocr_carea' id='block_1_10' title="bbox 32 425 825 461">
    <p class='ocr_par' dir='ltr' id='par_1_10' title="bbox 32 425 825 461">
     <span class='ocr_line' id='line_1_10' title="bbox 32 425 825 461; baseline 0 -9"><span class='ocrx_word' id='word_1_54' title='bbox 32 425 78 452; x_wconf 79' lang='grc' dir='ltr'>τοῦ</span> <span class='ocrx_word' id='word_1_55' title='bbox 95 425 342 460; x_wconf 82' lang='grc' dir='ltr'>καταπεμπομένου</span> <span class='ocrx_word' id='word_1_56' title='bbox 351 425 404 451; x_wconf 79' lang='grc' dir='ltr'><strong>ἀπὸ</strong></span> <span class='ocrx_word' id='word_1_57' title='bbox 417 425 495 452; x_wconf 67' lang='grc' dir='ltr'><strong>Θεοῖν</strong></span> <span class='ocrx_word' id='word_1_58' title='bbox 512 427 544 452; x_wconf 79' lang='grc' dir='ltr'><strong>ἵν’</strong></span> <span class='ocrx_word' id='word_1_59' title='bbox 555 427 577 452; x_wconf 86' lang='grc' dir='ltr'>οἱ</span> <span class='ocrx_word' id='word_1_60' title='bbox 592 427 640 461; x_wconf 83' lang='grc' dir='ltr'>μὲν</span> <span class='ocrx_word' id='word_1_61' title='bbox 652 426 738 452; x_wconf 79' lang='grc' dir='ltr'>ἄδικοι</span> <span class='ocrx_word' id='word_1_62' title='bbox 750 426 825 452; x_wconf 88' lang='grc' dir='ltr'>κολα-</span> 
     </span>
    </p>
   </div>
   <div class='ocr_carea' id='block_1_11' title="bbox 35 471 825 507">
    <p class='ocr_par' dir='ltr' id='par_1_11' title="bbox 35 471 825 507">
     <span class='ocr_line' id='line_1_11' title="bbox 35 471 825 507; baseline -0.001 -9"><span class='ocrx_word' id='word_1_63' title='bbox 35 471 128 501; x_wconf 78' lang='grc' dir='ltr'>σθῶσι,</span> <span class='ocrx_word' id='word_1_64' title='bbox 142 471 176 497; x_wconf 79' lang='grc' dir='ltr'><strong>τὰ</strong></span> <span class='ocrx_word' id='word_1_65' title='bbox 195 471 221 496; x_wconf 76' lang='grc' dir='ltr'>δὲ</span> <span class='ocrx_word' id='word_1_66' title='bbox 244 471 332 497; x_wconf 80' lang='grc' dir='ltr'>πάντα</span> <span class='ocrx_word' id='word_1_67' title='bbox 354 471 491 507; x_wconf 79' lang='grc' dir='ltr'>καθαρθῇ,</span> <span class='ocrx_word' id='word_1_68' title='bbox 520 472 650 505; x_wconf 85' lang='grc' dir='ltr'>ἀνάλογον</span> <span class='ocrx_word' id='word_1_69' title='bbox 670 471 708 506; x_wconf 81' lang='grc' dir='ltr'>τῷ</span> <span class='ocrx_word' id='word_1_70' title='bbox 726 471 825 506; x_wconf 84' lang='grc' dir='ltr'><strong>πρώτῳ</strong></span> 
     </span>
    </p>
   </div>
   <div class='ocr_carea' id='block_1_12' title="bbox 35 516 825 552">
    <p class='ocr_par' dir='ltr' id='par_1_12' title="bbox 35 516 825 552">
     <span class='ocr_line' id='line_1_12' title="bbox 35 516 825 552; baseline 0.003 -10"><span class='ocrx_word' id='word_1_71' title='bbox 35 516 169 552; x_wconf 73' lang='grc' dir='ltr'>συμϐάντι</span> <span class='ocrx_word' id='word_1_72' title='bbox 188 516 242 552; x_wconf 87' lang='grc'>(66)</span> <span class='ocrx_word' id='word_1_73' title='bbox 259 516 454 552; x_wconf 85' lang='grc' dir='ltr'>κατακλυσμῷ.</span> <span class='ocrx_word' id='word_1_74' title='bbox 474 527 483 542; x_wconf 73' lang='grc' dir='ltr'><strong>ι</strong></span> <span class='ocrx_word' id='word_1_75' title='bbox 510 518 585 544; x_wconf 76' lang='grc' dir='ltr'>Ἐπεὶ</span> <span class='ocrx_word' id='word_1_76' title='bbox 601 517 628 544; x_wconf 80' lang='grc' dir='ltr'>δὲ</span> <span class='ocrx_word' id='word_1_77' title='bbox 639 518 763 552; x_wconf 85' lang='grc' dir='ltr'>λέγονται</span> <span class='ocrx_word' id='word_1_78' title='bbox 778 518 825 544; x_wconf 78' lang='grc' dir='ltr'>καὶ</span> 
     </span>
    </p>
   </div>
   <div class='ocr_carea' id='block_1_13' title="bbox 34 562 825 599">
    <p class='ocr_par' dir='ltr' id='par_1_13' title="bbox 34 562 825 599">
     <span class='ocr_line' id='line_1_13' title="bbox 34 562 825 599; baseline 0.003 -12"><span class='ocrx_word' id='word_1_79' title='bbox 34 562 191 597; x_wconf 70' lang='grc' dir='ltr'><strong>Χριστισινο)¹</strong></span> <span class='ocrx_word' id='word_1_80' title='bbox 204 562 308 593; x_wconf 77' lang='grc' dir='ltr'>τούτοις</span> <span class='ocrx_word' id='word_1_81' title='bbox 322 562 497 597; x_wconf 78' lang='grc' dir='ltr'><strong>προστιθέναι</strong></span> <span class='ocrx_word' id='word_1_82' title='bbox 511 563 602 599; x_wconf 72' lang='grc' dir='ltr'>ἕτερα,</span> <span class='ocrx_word' id='word_1_83' title='bbox 621 563 699 598; x_wconf 73' lang='grc' dir='ltr'>δῆλον</span> <span class='ocrx_word' id='word_1_84' title='bbox 719 564 760 589; x_wconf 74' lang='grc' dir='ltr'>ὅτι</span> <span class='ocrx_word' id='word_1_85' title='bbox 777 563 825 590; x_wconf 74' lang='grc' dir='ltr'>καὶ</span> 
     </span>
    </p>
   </div>
   <div class='ocr_carea' id='block_1_14' title="bbox 35 609 824 644">
    <p class='ocr_par' dir='ltr' id='par_1_14' title="bbox 35 609 824 644">
     <span class='ocr_line' id='line_1_14' title="bbox 35 609 824 644; baseline 0 -10"><span class='ocrx_word' id='word_1_86' title='bbox 35 609 138 640; x_wconf 78' lang='grc' dir='ltr'><strong>τούτοις</strong></span> <span class='ocrx_word' id='word_1_87' title='bbox 156 609 222 644; x_wconf 79' lang='grc' dir='ltr'>φησὶ</span> <span class='ocrx_word' id='word_1_88' title='bbox 238 609 324 636; x_wconf 80' lang='grc' dir='ltr'>ταῦτα</span> <span class='ocrx_word' id='word_1_89' title='bbox 339 609 476 644; x_wconf 82' lang='grc' dir='ltr'>λέγεσθαι.</span> <span class='ocrx_word' id='word_1_90' title='bbox 494 610 549 636; x_wconf 77' lang='grc' dir='ltr'><strong>Καὶ</strong></span> <span class='ocrx_word' id='word_1_91' title='bbox 564 609 589 635; x_wconf 83' lang='grc' dir='ltr'>τί</span> <span class='ocrx_word' id='word_1_92' title='bbox 606 609 704 636; x_wconf 81' lang='grc' dir='ltr'>ἄτοπον</span> <span class='ocrx_word' id='word_1_93' title='bbox 726 609 772 634; x_wconf 72' lang='grc' dir='ltr'><strong>ἐπὶ</strong></span> <span class='ocrx_word' id='word_1_94' title='bbox 791 610 824 644; x_wconf 84' lang='grc' dir='ltr'><strong>τῇ</strong></span> 
     </span>
    </p>
   </div>
   <div class='ocr_carea' id='block_1_15' title="bbox 35 653 826 692">
    <p class='ocr_par' dir='ltr' id='par_1_15' title="bbox 35 653 826 692">
     <span class='ocr_line' id='line_1_15' title="bbox 35 653 826 692; baseline -0.001 -11"><span class='ocrx_word' id='word_1_95' title='bbox 35 654 111 690; x_wconf 81' lang='grc' dir='ltr'>χύσει</span> <span class='ocrx_word' id='word_1_96' title='bbox 126 656 176 690; x_wconf 76' lang='grc' dir='ltr'>τῆς</span> <span class='ocrx_word' id='word_1_97' title='bbox 196 656 295 687; x_wconf 78' lang='grc' dir='ltr'>κακίας</span> <span class='ocrx_word' id='word_1_98' title='bbox 317 657 496 692; x_wconf 68' lang='grc' dir='ltr'><strong>ἐπιδημήσειν</strong></span> <span class='ocrx_word' id='word_1_99' title='bbox 523 655 569 681; x_wconf 85' lang='grc' dir='ltr'>τὸν</span> <span class='ocrx_word' id='word_1_100' title='bbox 600 653 826 690; x_wconf 78' lang='grc' dir='ltr'>ἀποκαθαροῦντα</span> 
     </span>
    </p>
   </div>
   <div class='ocr_carea' id='block_1_16' title="bbox 35 700 825 737">
    <p class='ocr_par' dir='ltr' id='par_1_16' title="bbox 35 700 825 737">
     <span class='ocr_line' id='line_1_16' title="bbox 35 700 825 737; baseline -0.001 -11"><span class='ocrx_word' id='word_1_101' title='bbox 35 701 78 727; x_wconf 76' lang='grc' dir='ltr'><strong>τὸν</strong></span> <span class='ocrx_word' id='word_1_102' title='bbox 96 701 209 735; x_wconf 85' lang='grc' dir='ltr'>κόσμον,</span> <span class='ocrx_word' id='word_1_103' title='bbox 225 702 273 727; x_wconf 72' lang='grc' dir='ltr'><strong>κα)¹</strong></span> <span class='ocrx_word' id='word_1_104' title='bbox 290 702 397 737; x_wconf 79' lang='grc' dir='ltr'>ἑκάστῳ</span> <span class='ocrx_word' id='word_1_105' title='bbox 410 702 468 728; x_wconf 83' lang='grc' dir='ltr'>κατ’</span> <span class='ocrx_word' id='word_1_106' title='bbox 492 701 569 733; x_wconf 81' lang='grc' dir='ltr'>ἀξίαν</span> <span class='ocrx_word' id='word_1_107' title='bbox 588 700 770 736; x_wconf 81' lang='grc' dir='ltr'>χρησόμενον;</span> <span class='ocrx_word' id='word_1_108' title='bbox 788 701 825 726; x_wconf 85' lang='grc' dir='ltr'><strong>Οὐ</strong></span> 
     </span>
    </p>
   </div>
   <div class='ocr_carea' id='block_1_17' title="bbox 36 745 827 782">
    <p class='ocr_par' dir='ltr' id='par_1_17' title="bbox 36 745 827 782">
     <span class='ocr_line' id='line_1_17' title="bbox 36 745 827 782; baseline -0.003 -10"><span class='ocrx_word' id='word_1_109' title='bbox 36 746 90 781; x_wconf 78' lang='grc' dir='ltr'><strong>γὰρ</strong></span> <span class='ocrx_word' id='word_1_110' title='bbox 105 745 177 772; x_wconf 80' lang='grc' dir='ltr'>κατὰ</span> <span class='ocrx_word' id='word_1_111' title='bbox 197 746 243 772; x_wconf 80' lang='grc' dir='ltr'>τὸν</span> <span class='ocrx_word' id='word_1_112' title='bbox 255 746 319 772; x_wconf 82' lang='grc' dir='ltr'><strong>Θεόν</strong></span> <span class='ocrx_word' id='word_1_113' title='bbox 339 747 397 772; x_wconf 81' lang='grc' dir='ltr'>ἔστι</span> <span class='ocrx_word' id='word_1_114' title='bbox 422 746 458 782; x_wconf 85' lang='grc' dir='ltr'>μὴ</span> <span class='ocrx_word' id='word_1_115' title='bbox 481 746 575 781; x_wconf 80' lang='grc' dir='ltr'>στῆναι</span> <span class='ocrx_word' id='word_1_116' title='bbox 590 745 640 780; x_wconf 81' lang='grc' dir='ltr'>τὴν</span> <span class='ocrx_word' id='word_1_117' title='bbox 659 745 710 779; x_wconf 83' lang='grc' dir='ltr'>τῆς</span> <span class='ocrx_word' id='word_1_118' title='bbox 730 745 827 776; x_wconf 74' lang='grc' dir='ltr'>κακίας</span> 
     </span>
    </p>
   </div>
   <div class='ocr_carea' id='block_1_18' title="bbox 37 790 827 827">
    <p class='ocr_par' dir='ltr' id='par_1_18' title="bbox 37 790 827 827">
     <span class='ocr_line' id='line_1_18' title="bbox 37 790 827 827; baseline -0.003 -9"><span class='ocrx_word' id='word_1_119' title='bbox 37 792 132 826; x_wconf 83' lang='grc' dir='ltr'>νομὴν,</span> <span class='ocrx_word' id='word_1_120' title='bbox 150 792 197 818; x_wconf 73' lang='grc' dir='ltr'><strong>καὶ</strong></span> <span class='ocrx_word' id='word_1_121' title='bbox 214 791 400 818; x_wconf 83' lang='grc' dir='ltr'>ἁνακαινῶσαι</span> <span class='ocrx_word' id='word_1_122' title='bbox 415 792 449 818; x_wconf 80' lang='grc' dir='ltr'><strong>τὰ</strong></span> <span class='ocrx_word' id='word_1_123' title='bbox 463 792 623 827; x_wconf 82' lang='grc' dir='ltr'>πράγματα.</span> <span class='ocrx_word' id='word_1_124' title='bbox 640 791 726 817; x_wconf 84' lang='grc' dir='ltr'>Ἴσασι</span> <span class='ocrx_word' id='word_1_125' title='bbox 739 790 768 817; x_wconf 81' lang='grc' dir='ltr'>δὲ</span> <span class='ocrx_word' id='word_1_126' title='bbox 781 790 827 816; x_wconf 72' lang='grc' dir='ltr'><strong>κει.)¹</strong></span> 
     </span>
    </p>
   </div>
   <div class='ocr_carea' id='block_1_19' title="bbox 39 835 828 872">
    <p class='ocr_par' dir='ltr' id='par_1_19' title="bbox 39 835 828 872">
     <span class='ocr_line' id='line_1_19' title="bbox 39 835 828 872; baseline -0.004 -9"><span class='ocrx_word' id='word_1_127' title='bbox 39 838 167 872; x_wconf 81' lang='grc' dir='ltr'>Ἕλληνες</span> <span class='ocrx_word' id='word_1_128' title='bbox 199 837 382 872; x_wconf 80' lang='grc' dir='ltr'><strong>κατακλυσμῷ</strong></span> <span class='ocrx_word' id='word_1_129' title='bbox 403 837 418 871; x_wconf 83' lang='grc' dir='ltr'><strong>ἢ</strong></span> <span class='ocrx_word' id='word_1_130' title='bbox 439 837 506 872; x_wconf 76' lang='grc' dir='ltr'>πυρὶ</span> <span class='ocrx_word' id='word_1_131' title='bbox 522 836 571 872; x_wconf 84' lang='grc' dir='ltr'>τὴν</span> <span class='ocrx_word' id='word_1_132' title='bbox 585 837 638 871; x_wconf 78' lang='grc' dir='ltr'>γῆν</span> <span class='ocrx_word' id='word_1_133' title='bbox 655 836 724 863; x_wconf 79' lang='grc' dir='ltr'>κατὰ</span> <span class='ocrx_word' id='word_1_134' title='bbox 738 835 828 870; x_wconf 73' lang='grc' dir='ltr'>περιό-</span> 
     </span>
    </p>
   </div>
   <div class='ocr_carea' id='block_1_20' title="bbox 877 241 1657 274">
    <p class='ocr_par' dir='ltr' id='par_1_20' title="bbox 877 241 1657 274">
     <span class='ocr_line' id='line_1_20' title="bbox 877 241 1657 274; baseline -0.005 -3"><span class='ocrx_word' id='word_1_135' title='bbox 877 244 923 271; x_wconf 88' lang='lat' dir='ltr'><strong>Dei</strong></span> <span class='ocrx_word' id='word_1_136' title='bbox 936 243 961 270; x_wconf 95' lang='lat' dir='ltr'><strong>in</strong></span> <span class='ocrx_word' id='word_1_137' title='bbox 976 243 1099 270; x_wconf 83' lang='lat' dir='ltr'><strong>homines</strong></span> <span class='ocrx_word' id='word_1_138' title='bbox 1123 242 1236 268; x_wconf 82' lang='lat' dir='ltr'><strong>adventu</strong></span> <span class='ocrx_word' id='word_1_139' title='bbox 1261 241 1395 269; x_wconf 85' lang='lat' dir='ltr'><strong>disserant</strong></span> <span class='ocrx_word' id='word_1_140' title='bbox 1420 245 1545 274; x_wconf 82' lang='lat' dir='ltr'><strong>tanquam</strong></span> <span class='ocrx_word' id='word_1_141' title='bbox 1573 241 1606 268; x_wconf 91' lang='lat' dir='ltr'><strong>de</strong></span> <span class='ocrx_word' id='word_1_142' title='bbox 1627 247 1657 267; x_wconf 81' lang='lat' dir='ltr'><strong>re</strong></span> 
     </span>
    </p>
   </div>
   <div class='ocr_carea' id='block_1_21' title="bbox 876 285 1656 324">
    <p class='ocr_par' dir='ltr' id='par_1_21' title="bbox 876 285 1656 324">
     <span class='ocr_line' id='line_1_21' title="bbox 876 285 1656 324; baseline -0.006 -8"><span class='ocrx_word' id='word_1_143' title='bbox 876 297 935 324; x_wconf 71' lang='lat' dir='ltr'><strong>quae</strong></span> <span class='ocrx_word' id='word_1_144' title='bbox 952 289 1040 323; x_wconf 88' lang='lat' dir='ltr'><strong>reipsa</strong></span> <span class='ocrx_word' id='word_1_145' title='bbox 1057 287 1181 321; x_wconf 77' lang='lat' dir='ltr'><strong>contigit.</strong></span> <span class='ocrx_word' id='word_1_146' title='bbox 1208 286 1282 319; x_wconf 83' lang='lat' dir='ltr'><strong>Quod</strong></span> <span class='ocrx_word' id='word_1_147' title='bbox 1312 291 1466 321; x_wconf 90' lang='lat' dir='ltr'><strong>utrumque.</strong></span> <span class='ocrx_word' id='word_1_148' title='bbox 1485 293 1564 320; x_wconf 87' lang='lat' dir='ltr'><strong>quatn</strong></span> <span class='ocrx_word' id='word_1_149' title='bbox 1592 285 1656 312; x_wconf 87' lang='lat' dir='ltr'><strong>bre-</strong></span> 
     </span>
    </p>
   </div>
   <div class='ocr_carea' id='block_1_22' title="bbox 875 329 1658 367">
    <p class='ocr_par' dir='ltr' id='par_1_22' title="bbox 875 329 1658 367">
     <span class='ocr_line' id='line_1_22' title="bbox 875 329 1658 367; baseline -0.006 -7"><span class='ocrx_word' id='word_1_150' title='bbox 875 333 984 360; x_wconf 80' lang='lat' dir='ltr'><strong>vissime</strong></span> <span class='ocrx_word' id='word_1_151' title='bbox 996 333 1106 367; x_wconf 86' lang='lat' dir='ltr'><strong>poterit,</strong></span> <span class='ocrx_word' id='word_1_152' title='bbox 1129 331 1343 358; x_wconf 82' lang='lat' dir='ltr'><strong>consideremus.</strong></span> <span class='ocrx_word' id='word_1_153' title='bbox 1367 331 1427 358; x_wconf 69' lang='lat' dir='ltr'><strong>Harc</strong></span> <span class='ocrx_word' id='word_1_154' title='bbox 1443 331 1525 366; x_wconf 78' lang='lat' dir='ltr'><strong>igitur</strong></span> <span class='ocrx_word' id='word_1_155' title='bbox 1539 329 1607 364; x_wconf 84' lang='lat' dir='ltr'><strong>apud</strong></span> <span class='ocrx_word' id='word_1_156' title='bbox 1624 329 1658 356; x_wconf 91' lang='lat' dir='ltr'><strong>il-</strong></span> 
     </span>
    </p>
   </div>
   <div class='ocr_carea' id='block_1_23' title="bbox 876 375 1657 410">
    <p class='ocr_par' dir='ltr' id='par_1_23' title="bbox 876 375 1657 410">
     <span class='ocr_line' id='line_1_23' title="bbox 876 375 1657 410; baseline -0.005 -6"><span class='ocrx_word' id='word_1_157' title='bbox 876 378 928 404; x_wconf 92' lang='lat' dir='ltr'><strong>lum</strong></span> <span class='ocrx_word' id='word_1_158' title='bbox 940 377 1022 405; x_wconf 71' lang='lat' dir='ltr'><strong>Judmi</strong></span> <span class='ocrx_word' id='word_1_159' title='bbox 1040 385 1047 403; x_wconf 88' lang='lat'><strong>:</strong></span> <span class='ocrx_word' id='word_1_160' title='bbox 1064 386 1073 402; x_wconf 84' lang='lat'><strong>(</strong></span> <span class='ocrx_word' id='word_1_161' title='bbox 1093 377 1159 404; x_wconf 87' lang='lat' dir='ltr'><strong>Cum</strong></span> <span class='ocrx_word' id='word_1_162' title='bbox 1186 376 1258 403; x_wconf 92' lang='lat' dir='ltr'><strong>omni</strong></span> <span class='ocrx_word' id='word_1_163' title='bbox 1279 376 1408 402; x_wconf 81' lang='lat' dir='ltr'><strong>vitiorum</strong></span> <span class='ocrx_word' id='word_1_164' title='bbox 1431 383 1528 410; x_wconf 77' lang='lat' dir='ltr'><strong>genere</strong></span> <span class='ocrx_word' id='word_1_165' title='bbox 1544 375 1599 401; x_wconf 83' lang='lat' dir='ltr'><strong>vita</strong></span> <span class='ocrx_word' id='word_1_166' title='bbox 1617 381 1657 400; x_wconf 89' lang='lat' dir='ltr'><strong>re-</strong></span> 
     </span>
    </p>
   </div>
   <div class='ocr_carea' id='block_1_24' title="bbox 875 419 1656 455">
    <p class='ocr_par' dir='ltr' id='par_1_24' title="bbox 875 419 1656 455">
     <span class='ocr_line' id='line_1_24' title="bbox 875 419 1656 455; baseline -0.005 -5"><span class='ocrx_word' id='word_1_167' title='bbox 875 423 942 451; x_wconf 81' lang='lat' dir='ltr'><strong>ferta</strong></span> <span class='ocrx_word' id='word_1_168' title='bbox 956 423 1001 455; x_wconf 88' lang='lat' dir='ltr'><strong>sit,</strong></span> <span class='ocrx_word' id='word_1_169' title='bbox 1019 423 1088 450; x_wconf 88' lang='lat' dir='ltr'><strong>Dens</strong></span> <span class='ocrx_word' id='word_1_170' title='bbox 1101 423 1189 449; x_wconf 88' lang='lat' dir='ltr'><strong>mittat</strong></span> <span class='ocrx_word' id='word_1_171' title='bbox 1205 429 1318 449; x_wconf 85' lang='lat' dir='ltr'><strong>necesse</strong></span> <span class='ocrx_word' id='word_1_172' title='bbox 1331 426 1382 452; x_wconf 91' lang='lat' dir='ltr'><strong>est,</strong></span> <span class='ocrx_word' id='word_1_173' title='bbox 1398 421 1443 455; x_wconf 90' lang='lat' dir='ltr'><strong>qui</strong></span> <span class='ocrx_word' id='word_1_174' title='bbox 1460 421 1543 448; x_wconf 83' lang='lat' dir='ltr'><strong>malos</strong></span> <span class='ocrx_word' id='word_1_175' title='bbox 1558 419 1656 446; x_wconf 70' lang='lat' dir='ltr'><strong>alliciat</strong></span> 
     </span>
    </p>
   </div>
   <div class='ocr_carea' id='block_1_25' title="bbox 875 466 1656 503">
    <p class='ocr_par' dir='ltr' id='par_1_25' title="bbox 875 466 1656 503">
     <span class='ocr_line' id='line_1_25' title="bbox 875 466 1656 503; baseline -0.005 -7"><span class='ocrx_word' id='word_1_176' title='bbox 875 469 1013 503; x_wconf 84' lang='lat' dir='ltr'><strong>suppliciis</strong></span> <span class='ocrx_word' id='word_1_177' title='bbox 1036 473 1063 496; x_wconf 90' lang='lat' dir='ltr'><strong>et</strong></span> <span class='ocrx_word' id='word_1_178' title='bbox 1093 472 1219 503; x_wconf 75' lang='lat' dir='ltr'><strong>repurget</strong></span> <span class='ocrx_word' id='word_1_179' title='bbox 1241 468 1342 498; x_wconf 84' lang='lat' dir='ltr'><strong>omnia,</strong></span> <span class='ocrx_word' id='word_1_180' title='bbox 1372 471 1402 493; x_wconf 83' lang='lat' dir='ltr'><strong>ut</strong></span> <span class='ocrx_word' id='word_1_181' title='bbox 1438 467 1526 501; x_wconf 87' lang='lat' dir='ltr'><strong>primo</strong></span> <span class='ocrx_word' id='word_1_182' title='bbox 1554 466 1656 493; x_wconf 84' lang='lat' dir='ltr'><strong>diluvio</strong></span> 
     </span>
    </p>
   </div>
   <div class='ocr_carea' id='block_1_26' title="bbox 875 512 1656 547">
    <p class='ocr_par' dir='ltr' id='par_1_26' title="bbox 875 512 1656 547">
     <span class='ocr_line' id='line_1_26' title="bbox 875 512 1656 547; baseline -0.003 -6"><span class='ocrx_word' id='word_1_183' title='bbox 875 515 975 542; x_wconf 80' lang='lat' dir='ltr'><strong>factum</strong></span> <span class='ocrx_word' id='word_1_184' title='bbox 996 518 1049 541; x_wconf 84' lang='lat' dir='ltr'><strong>est.</strong></span> <span class='ocrx_word' id='word_1_185' title='bbox 1063 524 1073 540; x_wconf 73' lang='grc' dir='ltr'><strong>ι</strong></span> <span class='ocrx_word' id='word_1_186' title='bbox 1088 513 1220 547; x_wconf 76' lang='lat' dir='ltr'><strong>Quoniam</strong></span> <span class='ocrx_word' id='word_1_187' title='bbox 1247 518 1334 539; x_wconf 85' lang='lat' dir='ltr'><strong>autem</strong></span> <span class='ocrx_word' id='word_1_188' title='bbox 1352 513 1480 539; x_wconf 86' lang='lat' dir='ltr'><strong>dicuntur</strong></span> <span class='ocrx_word' id='word_1_189' title='bbox 1507 512 1656 539; x_wconf 72' lang='lat' dir='ltr'><strong>Christiani</strong></span> 
     </span>
    </p>
   </div>
   <div class='ocr_carea' id='block_1_27' title="bbox 875 557 1657 593">
    <p class='ocr_par' dir='ltr' id='par_1_27' title="bbox 875 557 1657 593">
     <span class='ocr_line' id='line_1_27' title="bbox 875 557 1657 593; baseline -0.004 -7"><span class='ocrx_word' id='word_1_190' title='bbox 875 560 926 587; x_wconf 86' lang='lat' dir='ltr'><strong>alia</strong></span> <span class='ocrx_word' id='word_1_191' title='bbox 943 561 984 587; x_wconf 91' lang='lat' dir='ltr'><strong>his</strong></span> <span class='ocrx_word' id='word_1_192' title='bbox 996 560 1108 590; x_wconf 84' lang='lat' dir='ltr'><strong>addere,</strong></span> <span class='ocrx_word' id='word_1_193' title='bbox 1123 559 1208 593; x_wconf 85' lang='lat' dir='ltr'><strong>liquet</strong></span> <span class='ocrx_word' id='word_1_194' title='bbox 1224 563 1249 586; x_wconf 88' lang='lat' dir='ltr'><strong>et</strong></span> <span class='ocrx_word' id='word_1_195' title='bbox 1263 559 1320 585; x_wconf 63' lang='lat' dir='ltr'><strong>haec</strong></span> <span class='ocrx_word' id='word_1_196' title='bbox 1335 557 1422 591; x_wconf 87' lang='lat' dir='ltr'><strong>ipsum</strong></span> <span class='ocrx_word' id='word_1_197' title='bbox 1443 557 1533 585; x_wconf 81' lang='lat' dir='ltr'><strong>dicere</strong></span> <span class='ocrx_word' id='word_1_198' title='bbox 1557 558 1589 584; x_wconf 87' lang='lat' dir='ltr'><strong>ab</strong></span> <span class='ocrx_word' id='word_1_199' title='bbox 1603 557 1657 584; x_wconf 88' lang='lat' dir='ltr'><strong>illis</strong></span> 
     </span>
    </p>
   </div>
   <div class='ocr_carea' id='block_1_28' title="bbox 877 604 1659 639">
    <p class='ocr_par' dir='ltr' id='par_1_28' title="bbox 877 604 1659 639">
     <span class='ocr_line' id='line_1_28' title="bbox 877 604 1659 639; baseline -0.003 -7"><span class='ocrx_word' id='word_1_200' title='bbox 877 605 1013 632; x_wconf 78' lang='lat' dir='ltr'><strong>aﬂirmari.</strong></span> <span class='ocrx_word' id='word_1_201' title='bbox 1026 606 1058 632; x_wconf 87' lang='lat' dir='ltr'><strong>Et</strong></span> <span class='ocrx_word' id='word_1_202' title='bbox 1072 605 1135 639; x_wconf 88' lang='lat' dir='ltr'><strong>quid</strong></span> <span class='ocrx_word' id='word_1_203' title='bbox 1148 605 1256 632; x_wconf 85' lang='lat' dir='ltr'><strong>absurdi</strong></span> <span class='ocrx_word' id='word_1_204' title='bbox 1279 609 1332 635; x_wconf 86' lang='lat' dir='ltr'><strong>est,</strong></span> <span class='ocrx_word' id='word_1_205' title='bbox 1354 604 1425 630; x_wconf 92' lang='lat' dir='ltr'><strong>vitiis</strong></span> <span class='ocrx_word' id='word_1_206' title='bbox 1457 609 1556 630; x_wconf 87' lang='lat' dir='ltr'><strong>terram</strong></span> <span class='ocrx_word' id='word_1_207' title='bbox 1579 604 1659 630; x_wconf 84' lang='lat' dir='ltr'><strong>iuun-</strong></span> 
     </span>
    </p>
   </div>
   <div class='ocr_carea' id='block_1_29' title="bbox 877 649 1658 685">
    <p class='ocr_par' dir='ltr' id='par_1_29' title="bbox 877 649 1658 685">
     <span class='ocr_line' id='line_1_29' title="bbox 877 649 1658 685; baseline -0.001 -9"><span class='ocrx_word' id='word_1_208' title='bbox 877 650 1015 682; x_wconf 87' lang='lat' dir='ltr'><strong>dantibus,</strong></span> <span class='ocrx_word' id='word_1_209' title='bbox 1047 656 1202 682; x_wconf 82' lang='lat' dir='ltr'><strong>venturum,</strong></span> <span class='ocrx_word' id='word_1_210' title='bbox 1233 650 1277 683; x_wconf 87' lang='lat' dir='ltr'><strong>qui</strong></span> <span class='ocrx_word' id='word_1_211' title='bbox 1304 649 1432 677; x_wconf 89' lang='lat' dir='ltr'><strong>mundum</strong></span> <span class='ocrx_word' id='word_1_212' title='bbox 1463 653 1609 685; x_wconf 71' lang='lat' dir='ltr'><strong>perpurget</strong></span> <span class='ocrx_word' id='word_1_213' title='bbox 1631 652 1658 675; x_wconf 88' lang='lat' dir='ltr'><strong>et</strong></span> 
     </span>
    </p>
   </div>
   <div class='ocr_carea' id='block_1_30' title="bbox 877 694 1659 730">
    <p class='ocr_par' dir='ltr' id='par_1_30' title="bbox 877 694 1659 730">
     <span class='ocr_line' id='line_1_30' title="bbox 877 694 1659 730; baseline -0.001 -9"><span class='ocrx_word' id='word_1_214' title='bbox 877 702 937 722; x_wconf 87' lang='lat' dir='ltr'><strong>cum</strong></span> <span class='ocrx_word' id='word_1_215' title='bbox 951 702 1111 730; x_wconf 86' lang='lat' dir='ltr'><strong>unoquoque</strong></span> <span class='ocrx_word' id='word_1_216' title='bbox 1124 703 1172 729; x_wconf 82' lang='lat' dir='ltr'><strong>pro</strong></span> <span class='ocrx_word' id='word_1_217' title='bbox 1190 695 1294 722; x_wconf 90' lang='lat' dir='ltr'><strong>meritis</strong></span> <span class='ocrx_word' id='word_1_218' title='bbox 1306 696 1386 729; x_wconf 74' lang='lat' dir='ltr'><strong>agat?</strong></span> <span class='ocrx_word' id='word_1_219' title='bbox 1406 695 1461 722; x_wconf 86' lang='lat' dir='ltr'><strong>Nec</strong></span> <span class='ocrx_word' id='word_1_220' title='bbox 1483 695 1553 722; x_wconf 92' lang='lat' dir='ltr'><strong>enim</strong></span> <span class='ocrx_word' id='word_1_221' title='bbox 1573 694 1659 722; x_wconf 87' lang='lat' dir='ltr'><strong>Deum</strong></span> 
     </span>
    </p>
   </div>
   <div class='ocr_carea' id='block_1_31' title="bbox 877 741 1660 776">
    <p class='ocr_par' dir='ltr' id='par_1_31' title="bbox 877 741 1660 776">
     <span class='ocr_line' id='line_1_31' title="bbox 877 741 1660 776; baseline -0.003 -8"><span class='ocrx_word' id='word_1_222' title='bbox 877 742 970 768; x_wconf 89' lang='lat' dir='ltr'><strong>deceat</strong></span> <span class='ocrx_word' id='word_1_223' title='bbox 982 741 1035 768; x_wconf 82' lang='lat' dir='ltr'><strong>late</strong></span> <span class='ocrx_word' id='word_1_224' title='bbox 1048 747 1202 776; x_wconf 73' lang='lat' dir='ltr'><strong>serpentem</strong></span> <span class='ocrx_word' id='word_1_225' title='bbox 1214 742 1362 776; x_wconf 82' lang='lat' dir='ltr'><strong>nequitiam</strong></span> <span class='ocrx_word' id='word_1_226' title='bbox 1381 748 1470 768; x_wconf 86' lang='lat' dir='ltr'><strong>rerum</strong></span> <span class='ocrx_word' id='word_1_227' title='bbox 1485 741 1660 767; x_wconf 75' lang='lat' dir='ltr'><strong>renovatione</strong></span> 
     </span>
    </p>
   </div>
   <div class='ocr_carea' id='block_1_32' title="bbox 877 786 1661 821">
    <p class='ocr_par' dir='ltr' id='par_1_32' title="bbox 877 786 1661 821">
     <span class='ocr_line' id='line_1_32' title="bbox 877 786 1661 821; baseline 0.001 -8"><span class='ocrx_word' id='word_1_228' title='bbox 877 794 931 813; x_wconf 91' lang='lat' dir='ltr'><strong>non</strong></span> <span class='ocrx_word' id='word_1_229' title='bbox 949 787 1057 814; x_wconf 87' lang='lat' dir='ltr'><strong>sistere.</strong></span> <span class='ocrx_word' id='word_1_230' title='bbox 1073 787 1123 821; x_wconf 95' lang='lat' dir='ltr'><strong>Ipsi</strong></span> <span class='ocrx_word' id='word_1_231' title='bbox 1137 788 1217 814; x_wconf 91' lang='lat' dir='ltr'><strong>etiam</strong></span> <span class='ocrx_word' id='word_1_232' title='bbox 1235 786 1321 814; x_wconf 65' lang='lat' dir='ltr'><strong>Gnaei</strong></span> <span class='ocrx_word' id='word_1_233' title='bbox 1353 792 1453 814; x_wconf 83' lang='lat' dir='ltr'><strong>norunt</strong></span> <span class='ocrx_word' id='word_1_234' title='bbox 1470 791 1570 813; x_wconf 87' lang='lat' dir='ltr'><strong>terram</strong></span> <span class='ocrx_word' id='word_1_235' title='bbox 1598 786 1661 820; x_wconf 74' lang='lat' dir='ltr'><strong>igne</strong></span> 
     </span>
    </p>
   </div>
   <div class='ocr_carea' id='block_1_33' title="bbox 878 832 1661 867">
    <p class='ocr_par' dir='ltr' id='par_1_33' title="bbox 878 832 1661 867">
     <span class='ocr_line' id='line_1_33' title="bbox 878 832 1661 867; baseline 0 -9"><span class='ocrx_word' id='word_1_236' title='bbox 878 832 1036 859; x_wconf 87' lang='lat' dir='ltr'><strong>autdiluvio</strong></span> <span class='ocrx_word' id='word_1_237' title='bbox 1050 833 1131 859; x_wconf 86' lang='lat' dir='ltr'><strong>certis</strong></span> <span class='ocrx_word' id='word_1_238' title='bbox 1145 833 1306 867; x_wconf 86' lang='lat' dir='ltr'><strong>quibusdam</strong></span> <span class='ocrx_word' id='word_1_239' title='bbox 1328 837 1480 866; x_wconf 87' lang='lat' dir='ltr'><strong>temporum</strong></span> <span class='ocrx_word' id='word_1_240' title='bbox 1505 832 1661 858; x_wconf 86' lang='lat' dir='ltr'><strong>conversio-</strong></span> 
     </span>
    </p>
   </div>
   <div class='ocr_carea' id='block_1_34' title="bbox 37 877 825 918">
    <p class='ocr_par' dir='ltr' id='par_1_34' title="bbox 37 880 825 918">
     <span class='ocr_line' id='line_1_34' title="bbox 37 880 825 918; baseline -0.003 -9"><span class='ocrx_word' id='word_1_241' title='bbox 37 883 94 914; x_wconf 84' lang='grc' dir='ltr'>δους</span> <span class='ocrx_word' id='word_1_242' title='bbox 105 882 316 918; x_wconf 82' lang='grc' dir='ltr'><strong>καθαιρομένην,</strong></span> <span class='ocrx_word' id='word_1_243' title='bbox 327 883 363 914; x_wconf 81' lang='grc' dir='ltr'><strong>ὡς</strong></span> <span class='ocrx_word' id='word_1_244' title='bbox 371 883 416 909; x_wconf 81' lang='grc' dir='ltr'>καὶ</span> <span class='ocrx_word' id='word_1_245' title='bbox 425 883 535 910; x_wconf 77' lang='grc' dir='ltr'><strong>Πλάτων</strong></span> <span class='ocrx_word' id='word_1_246' title='bbox 544 891 595 908; x_wconf 91' lang='grc' dir='ltr'><strong>που</strong></span> <span class='ocrx_word' id='word_1_247' title='bbox 602 881 672 908; x_wconf 79' lang='grc' dir='ltr'>οὕτω</span> <span class='ocrx_word' id='word_1_248' title='bbox 678 881 750 915; x_wconf 80' lang='grc' dir='ltr'><strong>λέγει</strong></span> <span class='ocrx_word' id='word_1_249' title='bbox 762 880 825 916; x_wconf 82' lang='grc'>(67)·</span> 
     </span>
    </p>
   </div>
   <div class='ocr_carea' id='block_1_35' title="bbox 879 877 1660 918">
    <p class='ocr_par' dir='ltr' id='par_1_35' title="bbox 879 877 1660 913">
     <span class='ocr_line' id='line_1_35' title="bbox 879 877 1660 913; baseline 0.003 -10"><span class='ocrx_word' id='word_1_250' title='bbox 879 877 957 904; x_wconf 89' lang='lat' dir='ltr'><strong>nibus</strong></span> <span class='ocrx_word' id='word_1_251' title='bbox 971 878 1089 913; x_wconf 82' lang='lat' dir='ltr'><strong>purgari.</strong></span> <span class='ocrx_word' id='word_1_252' title='bbox 1118 878 1185 905; x_wconf 83' lang='lat' dir='ltr'><strong>Dicit</strong></span> <span class='ocrx_word' id='word_1_253' title='bbox 1205 879 1277 904; x_wconf 91' lang='lat' dir='ltr'><strong>enim</strong></span> <span class='ocrx_word' id='word_1_254' title='bbox 1292 878 1388 905; x_wconf 82' lang='lat' dir='ltr'><strong>alicubi</strong></span> <span class='ocrx_word' id='word_1_255' title='bbox 1405 878 1478 905; x_wconf 89' lang='lat' dir='ltr'><strong>Plato</strong></span> <span class='ocrx_word' id='word_1_256' title='bbox 1495 887 1501 905; x_wconf 85' lang='lat'>:</span> <span class='ocrx_word' id='word_1_257' title='bbox 1523 887 1532 903; x_wconf 77' lang='grc' dir='ltr'><strong>ι</strong></span> <span class='ocrx_word' id='word_1_258' title='bbox 1548 878 1660 911; x_wconf 87' lang='lat' dir='ltr'><strong>Quando</strong></span> 
     </span>
    </p>
   </div>
   <div class='ocr_carea' id='block_1_36' title="bbox 40 926 827 963">
    <p class='ocr_par' dir='ltr' id='par_1_36' title="bbox 40 926 827 963">
     <span class='ocr_line' id='line_1_36' title="bbox 40 926 827 963; baseline -0.001 -10"><span class='ocrx_word' id='word_1_259' title='bbox 40 937 48 952; x_wconf 79' lang='grc' dir='ltr'><strong>ι</strong></span> <span class='ocrx_word' id='word_1_260' title='bbox 64 928 147 954; x_wconf 87' lang='grc' dir='ltr'>Ὅταν</span> <span class='ocrx_word' id='word_1_261' title='bbox 172 928 192 953; x_wconf 85' lang='grc' dir='ltr'>δ’</span> <span class='ocrx_word' id='word_1_262' title='bbox 214 929 237 954; x_wconf 90' lang='grc' dir='ltr'>οἱ</span> <span class='ocrx_word' id='word_1_263' title='bbox 258 927 314 954; x_wconf 74' lang='grc' dir='ltr'><strong>θεο)⁴</strong></span> <span class='ocrx_word' id='word_1_264' title='bbox 333 928 381 963; x_wconf 84' lang='grc' dir='ltr'>τὴν</span> <span class='ocrx_word' id='word_1_265' title='bbox 398 927 461 962; x_wconf 80' lang='grc' dir='ltr'>γῆν,</span> <span class='ocrx_word' id='word_1_266' title='bbox 486 927 563 953; x_wconf 83' lang='grc' dir='ltr'>ὕδασι</span> <span class='ocrx_word' id='word_1_267' title='bbox 583 926 758 962; x_wconf 74' lang='grc' dir='ltr'><strong>καθαίροντες</strong></span> <span class='ocrx_word' id='word_1_268' title='bbox 781 935 827 952; x_wconf 89' lang='grc' dir='ltr'>κα-</span> 
     </span>
    </p>
   </div>
   <div class='ocr_carea' id='block_1_37' title="bbox 37 972 824 1008">
    <p class='ocr_par' dir='ltr' id='par_1_37' title="bbox 37 972 824 1008">
     <span class='ocr_line' id='line_1_37' title="bbox 37 972 824 1008; baseline -0.001 -10"><span class='ocrx_word' id='word_1_269' title='bbox 37 972 215 1005; x_wconf 81' lang='grc' dir='ltr'>τακλύζωσιν,</span> <span class='ocrx_word' id='word_1_270' title='bbox 243 974 266 1000; x_wconf 87' lang='grc' dir='ltr'>οἱ</span> <span class='ocrx_word' id='word_1_271' title='bbox 292 973 340 1008; x_wconf 85' lang='grc' dir='ltr'>μὲν</span> <span class='ocrx_word' id='word_1_272' title='bbox 367 974 395 999; x_wconf 80' lang='grc' dir='ltr'>ἐν</span> <span class='ocrx_word' id='word_1_273' title='bbox 420 974 475 1004; x_wconf 86' lang='grc' dir='ltr'>τοῖς</span> <span class='ocrx_word' id='word_1_274' title='bbox 502 973 588 1008; x_wconf 74' lang='grc' dir='ltr'>ὄρεσι,</span> <span class='ocrx_word' id='word_1_275' title='bbox 606 972 701 1000; x_wconf 76' lang='grc' dir='ltr'>καὶτὰ</span> <span class='ocrx_word' id='word_1_276' title='bbox 725 972 798 1006; x_wconf 78' lang='grc' dir='ltr'>ἑξῆς.</span> <span class='ocrx_word' id='word_1_277' title='bbox 815 981 824 997; x_wconf 74' lang='grc' dir='ltr'><strong>ι</strong></span> 
     </span>
    </p>
   </div>
   <div class='ocr_carea' id='block_1_38' title="bbox 37 1017 825 1054">
    <p class='ocr_par' dir='ltr' id='par_1_38' title="bbox 37 1017 825 1054">
     <span class='ocr_line' id='line_1_38' title="bbox 37 1017 825 1054; baseline -0.001 -10"><span class='ocrx_word' id='word_1_278' title='bbox 37 1017 152 1045; x_wconf 72' lang='grc' dir='ltr'>Λεκτέον</span> <span class='ocrx_word' id='word_1_279' title='bbox 166 1017 223 1051; x_wconf 79' lang='grc' dir='ltr'>οὖν,</span> <span class='ocrx_word' id='word_1_280' title='bbox 238 1019 277 1046; x_wconf 76' lang='grc' dir='ltr'>ὅτι</span> <span class='ocrx_word' id='word_1_281' title='bbox 295 1017 338 1054; x_wconf 83' lang='grc' dir='ltr'>ἆρ’</span> <span class='ocrx_word' id='word_1_282' title='bbox 355 1018 401 1045; x_wconf 77' lang='grc' dir='ltr'>ἐὰν</span> <span class='ocrx_word' id='word_1_283' title='bbox 414 1019 462 1054; x_wconf 82' lang='grc' dir='ltr'>μὲν</span> <span class='ocrx_word' id='word_1_284' title='bbox 474 1020 571 1046; x_wconf 75' lang='grc' dir='ltr'>ἐκεῖνοι</span> <span class='ocrx_word' id='word_1_285' title='bbox 589 1018 674 1046; x_wconf 80' lang='grc' dir='ltr'>ταῦτα</span> <span class='ocrx_word' id='word_1_286' title='bbox 691 1018 825 1053; x_wconf 76' lang='grc' dir='ltr'>φάσκωσι,</span> 
     </span>
    </p>
   </div>
   <div class='ocr_carea' id='block_1_39' title="bbox 37 1063 824 1098">
    <p class='ocr_par' dir='ltr' id='par_1_39' title="bbox 37 1063 824 1098">
     <span class='ocr_line' id='line_1_39' title="bbox 37 1063 824 1098; baseline 0.001 -10"><span class='ocrx_word' id='word_1_287' title='bbox 37 1064 123 1098; x_wconf 81' lang='grc' dir='ltr'>σεμνά</span> <span class='ocrx_word' id='word_1_288' title='bbox 143 1065 202 1090; x_wconf 71' lang='grc' dir='ltr'>ἐστι</span> <span class='ocrx_word' id='word_1_289' title='bbox 221 1064 267 1090; x_wconf 72' lang='grc' dir='ltr'>κα).</span> <span class='ocrx_word' id='word_1_290' title='bbox 284 1064 362 1098; x_wconf 83' lang='grc' dir='ltr'>λόγου</span> <span class='ocrx_word' id='word_1_291' title='bbox 383 1064 446 1096; x_wconf 79' lang='grc' dir='ltr'>ἄξια</span> <span class='ocrx_word' id='word_1_292' title='bbox 468 1064 502 1090; x_wconf 77' lang='grc' dir='ltr'><strong>τὰ</strong></span> <span class='ocrx_word' id='word_1_293' title='bbox 524 1064 746 1098; x_wconf 70' lang='grc' dir='ltr'>ὲπαγγελλὲμενα</span> <span class='ocrx_word' id='word_1_294' title='bbox 760 1063 824 1098; x_wconf 85' lang='grc'>(68)·</span> 
     </span>
    </p>
   </div>
   <div class='ocr_carea' id='block_1_40' title="bbox 37 1107 827 1145">
    <p class='ocr_par' dir='ltr' id='par_1_40' title="bbox 37 1107 827 1145">
     <span class='ocr_line' id='line_1_40' title="bbox 37 1107 827 1145; baseline -0.001 -10"><span class='ocrx_word' id='word_1_295' title='bbox 37 1109 82 1135; x_wconf 71' lang='grc' dir='ltr'>ἐὰν</span> <span class='ocrx_word' id='word_1_296' title='bbox 98 1108 126 1135; x_wconf 76' lang='grc' dir='ltr'>δὲ</span> <span class='ocrx_word' id='word_1_297' title='bbox 146 1110 226 1144; x_wconf 75' lang='grc' dir='ltr'>ἡμεῖς</span> <span class='ocrx_word' id='word_1_298' title='bbox 246 1109 308 1135; x_wconf 83' lang='grc' dir='ltr'>τάδε</span> <span class='ocrx_word' id='word_1_299' title='bbox 334 1110 394 1136; x_wconf 75' lang='grc' dir='ltr'>τινὰ</span> <span class='ocrx_word' id='word_1_300' title='bbox 419 1110 470 1136; x_wconf 76' lang='grc' dir='ltr'><strong>ὑπὸ</strong></span> <span class='ocrx_word' id='word_1_301' title='bbox 491 1107 623 1145; x_wconf 82' lang='grc' dir='ltr'>Ἑλλήνων</span> <span class='ocrx_word' id='word_1_302' title='bbox 645 1108 827 1144; x_wconf 80' lang='grc' dir='ltr'>ἐπαινούμενα</span> 
     </span>
    </p>
   </div>
   <div class='ocr_carea' id='block_1_41' title="bbox 37 1154 827 1191">
    <p class='ocr_par' dir='ltr' id='par_1_41' title="bbox 37 1154 827 1191">
     <span class='ocr_line' id='line_1_41' title="bbox 37 1154 827 1191; baseline 0 -11"><span class='ocrx_word' id='word_1_303' title='bbox 37 1155 82 1180; x_wconf 79' lang='grc' dir='ltr'>καὶ</span> <span class='ocrx_word' id='word_1_304' title='bbox 96 1155 174 1181; x_wconf 72' lang='grc' dir='ltr'>αὐτοὶ</span> <span class='ocrx_word' id='word_1_305' title='bbox 185 1155 445 1191; x_wconf 72' lang='grc' dir='ltr'><strong>κατασκευάζωμεν,</strong></span> <span class='ocrx_word' id='word_1_306' title='bbox 460 1155 552 1182; x_wconf 85' lang='grc' dir='ltr'>οὐκέτι</span> <span class='ocrx_word' id='word_1_307' title='bbox 577 1155 648 1181; x_wconf 82' lang='grc' dir='ltr'>καλά</span> <span class='ocrx_word' id='word_1_308' title='bbox 671 1156 729 1181; x_wconf 81' lang='grc' dir='ltr'>ἐστι</span> <span class='ocrx_word' id='word_1_309' title='bbox 743 1154 827 1181; x_wconf 76' lang='grc' dir='ltr'>ταῦτα</span> 
     </span>
    </p>
   </div>
   <div class='ocr_carea' id='block_1_42' title="bbox 36 1195 828 1236">
    <p class='ocr_par' dir='ltr' id='par_1_42' title="bbox 36 1195 828 1236">
     <span class='ocr_line' id='line_1_42' title="bbox 36 1195 828 1236; baseline -0.003 -9"><span class='ocrx_word' id='word_1_310' title='bbox 36 1200 177 1235; x_wconf 77' lang='grc' dir='ltr'>δόγματα;</span> <span class='ocrx_word' id='word_1_311' title='bbox 200 1201 329 1234; x_wconf 77' lang='grc' dir='ltr'>Καίτοιγε</span> <span class='ocrx_word' id='word_1_312' title='bbox 351 1199 391 1233; x_wconf 73' lang='grc' dir='ltr'>οἷς</span> <span class='ocrx_word' id='word_1_313' title='bbox 413 1201 488 1236; x_wconf 82' lang='grc' dir='ltr'>μέλει</span> <span class='ocrx_word' id='word_1_314' title='bbox 508 1202 557 1236; x_wconf 83' lang='grc' dir='ltr'>τῆς</span> <span class='ocrx_word' id='word_1_315' title='bbox 582 1195 689 1227; x_wconf 73' lang='grc' dir='ltr'>πάντων</span> <span class='ocrx_word' id='word_1_316' title='bbox 710 1201 762 1226; x_wconf 78' lang='grc' dir='ltr'><strong>τῶν</strong></span> <span class='ocrx_word' id='word_1_317' title='bbox 783 1209 828 1234; x_wconf 91' lang='grc' dir='ltr'>γε-</span> 
     </span>
    </p>
   </div>
   <div class='ocr_carea' id='block_1_43' title="bbox 37 1245 827 1282">
    <p class='ocr_par' dir='ltr' id='par_1_43' title="bbox 37 1245 827 1282">
     <span class='ocr_line' id='line_1_43' title="bbox 37 1245 827 1282; baseline 0 -11"><span class='ocrx_word' id='word_1_318' title='bbox 37 1245 204 1281; x_wconf 88' lang='grc' dir='ltr'>γραμμένων</span> <span class='ocrx_word' id='word_1_319' title='bbox 217 1245 406 1282; x_wconf 80' lang='grc' dir='ltr'><strong>διαρθρώσεως</strong></span> <span class='ocrx_word' id='word_1_320' title='bbox 416 1245 463 1272; x_wconf 72' lang='grc' dir='ltr'>καὶ</span> <span class='ocrx_word' id='word_1_321' title='bbox 479 1246 632 1281; x_wconf 76' lang='grc' dir='ltr'>ἀκριϐείας,</span> <span class='ocrx_word' id='word_1_322' title='bbox 651 1246 827 1280; x_wconf 85' lang='grc' dir='ltr'>πειράσονται</span> 
     </span>
    </p>
   </div>
   <div class='ocr_carea' id='block_1_44' title="bbox 37 1289 828 1327">
    <p class='ocr_par' dir='ltr' id='par_1_44' title="bbox 37 1289 828 1327">
     <span class='ocr_line' id='line_1_44' title="bbox 37 1289 828 1327; baseline 0 -11"><span class='ocrx_word' id='word_1_323' title='bbox 37 1290 172 1317; x_wconf 78' lang='grc' dir='ltr'>δεικνύναι</span> <span class='ocrx_word' id='word_1_324' title='bbox 191 1291 222 1316; x_wconf 89' lang='grc' dir='ltr'>οὐ</span> <span class='ocrx_word' id='word_1_325' title='bbox 240 1291 319 1326; x_wconf 81' lang='grc' dir='ltr'>μόνον</span> <span class='ocrx_word' id='word_1_326' title='bbox 334 1291 383 1326; x_wconf 89' lang='grc' dir='ltr'>τὴν</span> <span class='ocrx_word' id='word_1_327' title='bbox 405 1291 573 1327; x_wconf 78' lang='grc' dir='ltr'>ἀρχαιότητα</span> <span class='ocrx_word' id='word_1_328' title='bbox 589 1290 642 1317; x_wconf 83' lang='grc' dir='ltr'><strong>τῶν</strong></span> <span class='ocrx_word' id='word_1_329' title='bbox 661 1289 748 1316; x_wconf 75' lang='grc' dir='ltr'>ταῦτα</span> <span class='ocrx_word' id='word_1_330' title='bbox 760 1298 828 1325; x_wconf 88' lang='grc' dir='ltr'>γρα-</span> 
     </span>
    </p>
   </div>
   <div class='ocr_carea' id='block_1_45' title="bbox 37 1335 828 1372">
    <p class='ocr_par' dir='ltr' id='par_1_45' title="bbox 37 1335 828 1372">
     <span class='ocr_line' id='line_1_45' title="bbox 37 1335 828 1372; baseline 0 -10"><span class='ocrx_word' id='word_1_331' title='bbox 37 1335 155 1369; x_wconf 72' lang='grc' dir='ltr'>ψάντων,</span> <span class='ocrx_word' id='word_1_332' title='bbox 167 1336 234 1362; x_wconf 80' lang='grc' dir='ltr'>ἀλλὰ</span> <span class='ocrx_word' id='word_1_333' title='bbox 249 1336 295 1362; x_wconf 71' lang='grc' dir='ltr'>καὶ</span> <span class='ocrx_word' id='word_1_334' title='bbox 308 1336 356 1370; x_wconf 83' lang='grc' dir='ltr'>τὴν</span> <span class='ocrx_word' id='word_1_335' title='bbox 368 1337 521 1372; x_wconf 80' lang='grc' dir='ltr'>σεμνότητα</span> <span class='ocrx_word' id='word_1_336' title='bbox 537 1336 590 1363; x_wconf 83' lang='grc' dir='ltr'><strong>τῶν</strong></span> <span class='ocrx_word' id='word_1_337' title='bbox 602 1336 770 1371; x_wconf 76' lang='grc' dir='ltr'>λελεγμένων</span> <span class='ocrx_word' id='word_1_338' title='bbox 781 1336 828 1362; x_wconf 73' lang='grc' dir='ltr'>καὶ</span> 
     </span>
    </p>
   </div>
   <div class='ocr_carea' id='block_1_46' title="bbox 37 1381 341 1413">
    <p class='ocr_par' dir='ltr' id='par_1_46' title="bbox 37 1381 341 1413">
     <span class='ocr_line' id='line_1_46' title="bbox 37 1381 341 1413; baseline -0.003 -5"><span class='ocrx_word' id='word_1_339' title='bbox 37 1381 65 1408; x_wconf 76' lang='grc' dir='ltr'>τὸ</span> <span class='ocrx_word' id='word_1_340' title='bbox 78 1381 224 1408; x_wconf 77' lang='grc' dir='ltr'>ἀκόλουθον</span> <span class='ocrx_word' id='word_1_341' title='bbox 241 1382 341 1413; x_wconf 73' lang='grc' dir='ltr'>αὐτοῖς.</span> 
     </span>
    </p>
   </div>
   <div class='ocr_carea' id='block_1_47' title="bbox 71 1424 827 1462">
    <p class='ocr_par' dir='ltr' id='par_1_47' title="bbox 71 1424 827 1462">
     <span class='ocr_line' id='line_1_47' title="bbox 71 1424 827 1462; baseline -0.001 -10"><span class='ocrx_word' id='word_1_342' title='bbox 71 1426 127 1452; x_wconf 78' lang='grc' dir='ltr'>Οὐκ</span> <span class='ocrx_word' id='word_1_343' title='bbox 151 1424 209 1453; x_wconf 81' lang='grc' dir='ltr'>οἴδα</span> <span class='ocrx_word' id='word_1_344' title='bbox 231 1426 253 1452; x_wconf 79' lang='grc' dir='ltr'>δ’</span> <span class='ocrx_word' id='word_1_345' title='bbox 273 1427 346 1458; x_wconf 81' lang='grc' dir='ltr'>ὅπως</span> <span class='ocrx_word' id='word_1_346' title='bbox 369 1426 567 1462; x_wconf 79' lang='grc' dir='ltr'>παραπλησίως</span> <span class='ocrx_word' id='word_1_347' title='bbox 585 1426 623 1461; x_wconf 87' lang='grc' dir='ltr'>τῷ</span> <span class='ocrx_word' id='word_1_348' title='bbox 644 1425 827 1461; x_wconf 82' lang='grc' dir='ltr'>κατακλυσμῷ</span> 
     </span>
    </p>
   </div>
   <div class='ocr_carea' id='block_1_48' title="bbox 40 1471 827 1510">
    <p class='ocr_par' dir='ltr' id='par_1_48' title="bbox 40 1471 827 1510">
     <span class='ocr_line' id='line_1_48' title="bbox 40 1471 827 1510; baseline -0.001 -10"><span class='ocrx_word' id='word_1_349' title='bbox 40 1474 192 1510; x_wconf 77' lang='grc' dir='ltr'>καθήραντι</span> <span class='ocrx_word' id='word_1_350' title='bbox 205 1474 255 1509; x_wconf 82' lang='grc' dir='ltr'>τὴν</span> <span class='ocrx_word' id='word_1_351' title='bbox 272 1473 334 1508; x_wconf 87' lang='grc' dir='ltr'>γῆν,</span> <span class='ocrx_word' id='word_1_352' title='bbox 353 1473 390 1504; x_wconf 84' lang='grc' dir='ltr'><strong>ὡς</strong></span> <span class='ocrx_word' id='word_1_353' title='bbox 403 1474 416 1499; x_wconf 79' lang='grc' dir='ltr'><strong>ὁ</strong></span> <span class='ocrx_word' id='word_1_354' title='bbox 438 1473 571 1499; x_wconf 82' lang='grc' dir='ltr'>Ἰουδαίων</span> <span class='ocrx_word' id='word_1_355' title='bbox 589 1473 636 1500; x_wconf 77' lang='grc' dir='ltr'>καὶ</span> <span class='ocrx_word' id='word_1_356' title='bbox 659 1471 827 1509; x_wconf 81' lang='grc' dir='ltr'>Χριστιανῶν</span> 
     </span>
    </p>
   </div>
   <div class='ocr_carea' id='block_1_49' title="bbox 39 1517 828 1555">
    <p class='ocr_par' dir='ltr' id='par_1_49' title="bbox 39 1517 828 1555">
     <span class='ocr_line' id='line_1_49' title="bbox 39 1517 828 1555; baseline -0.004 -9"><span class='ocrx_word' id='word_1_357' title='bbox 39 1520 161 1555; x_wconf 79' lang='grc' dir='ltr'>βούλεται</span> <span class='ocrx_word' id='word_1_358' title='bbox 177 1519 265 1553; x_wconf 81' lang='grc' dir='ltr'>λόγος,</span> <span class='ocrx_word' id='word_1_359' title='bbox 279 1519 363 1545; x_wconf 83' lang='grc' dir='ltr'>οἴεται</span> <span class='ocrx_word' id='word_1_360' title='bbox 381 1518 427 1544; x_wconf 71' lang='grc' dir='ltr'>κα).</span> <span class='ocrx_word' id='word_1_361' title='bbox 445 1517 494 1553; x_wconf 85' lang='grc' dir='ltr'>τὴν</span> <span class='ocrx_word' id='word_1_362' title='bbox 513 1518 559 1544; x_wconf 77' lang='grc' dir='ltr'><strong>τοῦ</strong></span> <span class='ocrx_word' id='word_1_363' title='bbox 576 1518 680 1553; x_wconf 78' lang='grc' dir='ltr'><strong>πύργου</strong></span> <span class='ocrx_word' id='word_1_364' title='bbox 696 1517 828 1553; x_wconf 78' lang='grc' dir='ltr'>κατάρῤι-</span> 
     </span>
    </p>
   </div>
   <div class='ocr_carea' id='block_1_50' title="bbox 38 1563 827 1600">
    <p class='ocr_par' dir='ltr' id='par_1_50' title="bbox 38 1563 827 1600">
     <span class='ocr_line' id='line_1_50' title="bbox 38 1563 827 1600; baseline -0.001 -10"><span class='ocrx_word' id='word_1_365' title='bbox 38 1566 81 1600; x_wconf 71' lang='grc' dir='ltr'><strong>ψιν</strong></span> <span class='ocrx_word' id='word_1_366' title='bbox 94 1565 247 1599; x_wconf 76' lang='grc' dir='ltr'>γεγονέναι.</span> <span class='ocrx_word' id='word_1_367' title='bbox 265 1565 323 1591; x_wconf 82' lang='grc' dir='ltr'>Ἵνα</span> <span class='ocrx_word' id='word_1_368' title='bbox 338 1564 392 1599; x_wconf 77' lang='grc' dir='ltr'><strong>γὰρ</strong></span> <span class='ocrx_word' id='word_1_369' title='bbox 408 1563 491 1598; x_wconf 80' lang='grc' dir='ltr'>μηδὲν</span> <span class='ocrx_word' id='word_1_370' title='bbox 503 1564 657 1599; x_wconf 82' lang='grc' dir='ltr'>αἰνίσσηται</span> <span class='ocrx_word' id='word_1_371' title='bbox 670 1563 685 1598; x_wconf 82' lang='grc' dir='ltr'>ἡ</span> <span class='ocrx_word' id='word_1_372' title='bbox 698 1563 767 1589; x_wconf 76' lang='grc' dir='ltr'>κατὰ</span> <span class='ocrx_word' id='word_1_373' title='bbox 781 1563 827 1589; x_wconf 78' lang='grc' dir='ltr'>τὸν</span> 
     </span>
    </p>
   </div>
   <div class='ocr_carea' id='block_1_51' title="bbox 40 1609 827 1647">
    <p class='ocr_par' dir='ltr' id='par_1_51' title="bbox 40 1609 827 1647">
     <span class='ocr_line' id='line_1_51' title="bbox 40 1609 827 1647; baseline -0.004 -9"><span class='ocrx_word' id='word_1_374' title='bbox 40 1611 140 1646; x_wconf 76' lang='grc' dir='ltr'>πύργον</span> <span class='ocrx_word' id='word_1_375' title='bbox 158 1611 264 1647; x_wconf 73' lang='grc' dir='ltr'>ἱστορία</span> <span class='ocrx_word' id='word_1_376' title='bbox 279 1611 390 1645; x_wconf 80' lang='grc' dir='ltr'>κειμένη</span> <span class='ocrx_word' id='word_1_377' title='bbox 406 1611 434 1636; x_wconf 78' lang='grc' dir='ltr'>ἐν</span> <span class='ocrx_word' id='word_1_378' title='bbox 447 1610 479 1644; x_wconf 87' lang='grc' dir='ltr'><strong>τῇ</strong></span> <span class='ocrx_word' id='word_1_379' title='bbox 491 1609 608 1642; x_wconf 83' lang='grc' dir='ltr'>Γενέσει,</span> <span class='ocrx_word' id='word_1_380' title='bbox 622 1609 678 1635; x_wconf 77' lang='grc' dir='ltr'>ἀλλ’</span> <span class='ocrx_word' id='word_1_381' title='bbox 690 1609 737 1644; x_wconf 83' lang='grc' dir='ltr'>(ὡς</span> <span class='ocrx_word' id='word_1_382' title='bbox 744 1609 827 1635; x_wconf 68' lang='grc' dir='ltr'>οἴεται</span> 
     </span>
    </p>
   </div>
   <div class='ocr_carea' id='block_1_52' title="bbox 39 1655 827 1692">
    <p class='ocr_par' dir='ltr' id='par_1_52' title="bbox 39 1655 827 1692">
     <span class='ocr_line' id='line_1_52' title="bbox 39 1655 827 1692; baseline -0.003 -9"><span class='ocrx_word' id='word_1_383' title='bbox 39 1657 161 1691; x_wconf 85' lang='grc' dir='ltr'>Κὲλσος,)</span> <span class='ocrx_word' id='word_1_384' title='bbox 190 1657 278 1692; x_wconf 75' lang='grc' dir='ltr'>σαφὴς</span> <span class='ocrx_word' id='word_1_385' title='bbox 305 1656 434 1692; x_wconf 85' lang='grc' dir='ltr'><strong>τυγχάνῃ·</strong></span> <span class='ocrx_word' id='word_1_386' title='bbox 461 1655 515 1681; x_wconf 70' lang='grc' dir='ltr'>οὐδ’</span> <span class='ocrx_word' id='word_1_387' title='bbox 540 1655 611 1681; x_wconf 72' lang='grc' dir='ltr'>οὕτω</span> <span class='ocrx_word' id='word_1_388' title='bbox 633 1655 756 1689; x_wconf 79' lang='grc' dir='ltr'>φαίνεται</span> <span class='ocrx_word' id='word_1_389' title='bbox 781 1655 827 1681; x_wconf 68' lang='grc' dir='ltr'>ἐπὶ</span> 
     </span>
    </p>
   </div>
   <div class='ocr_carea' id='block_1_53' title="bbox 39 1700 827 1738">
    <p class='ocr_par' dir='ltr' id='par_1_53' title="bbox 39 1700 827 1738">
     <span class='ocr_line' id='line_1_53' title="bbox 39 1700 827 1738; baseline -0.004 -10"><span class='ocrx_word' id='word_1_390' title='bbox 39 1702 179 1738; x_wconf 80' lang='grc' dir='ltr'>καθαρσίῳ</span> <span class='ocrx_word' id='word_1_391' title='bbox 217 1702 266 1736; x_wconf 84' lang='grc' dir='ltr'>τῆς</span> <span class='ocrx_word' id='word_1_392' title='bbox 303 1701 354 1736; x_wconf 83' lang='grc' dir='ltr'>γῆς</span> <span class='ocrx_word' id='word_1_393' title='bbox 386 1700 464 1727; x_wconf 79' lang='grc' dir='ltr'>τοῦτο</span> <span class='ocrx_word' id='word_1_394' title='bbox 496 1700 712 1735; x_wconf 74' lang='grc' dir='ltr'>συμὸεϐηκέναι·</span> <span class='ocrx_word' id='word_1_395' title='bbox 741 1701 764 1726; x_wconf 77' lang='grc' dir='ltr'>εἰ</span> <span class='ocrx_word' id='word_1_396' title='bbox 790 1700 827 1735; x_wconf 87' lang='grc' dir='ltr'>μὴ</span> 
     </span>
    </p>
   </div>
   <div class='ocr_carea' id='block_1_54' title="bbox 40 1746 828 1784">
    <p class='ocr_par' dir='ltr' id='par_1_54' title="bbox 40 1746 828 1784">
     <span class='ocr_line' id='line_1_54' title="bbox 40 1746 828 1784; baseline -0.004 -9"><span class='ocrx_word' id='word_1_397' title='bbox 40 1749 90 1784; x_wconf 78' lang='grc' dir='ltr'>ἄρα</span> <span class='ocrx_word' id='word_1_398' title='bbox 124 1748 273 1784; x_wconf 83' lang='grc' dir='ltr'>καθάρσιον</span> <span class='ocrx_word' id='word_1_399' title='bbox 300 1747 349 1782; x_wconf 79' lang='grc' dir='ltr'>τῆς</span> <span class='ocrx_word' id='word_1_400' title='bbox 383 1747 433 1782; x_wconf 82' lang='grc' dir='ltr'>γῆς</span> <span class='ocrx_word' id='word_1_401' title='bbox 463 1747 547 1773; x_wconf 73' lang='grc' dir='ltr'>οἴεται</span> <span class='ocrx_word' id='word_1_402' title='bbox 579 1746 626 1781; x_wconf 81' lang='grc' dir='ltr'>τὴν</span> <span class='ocrx_word' id='word_1_403' title='bbox 656 1746 828 1781; x_wconf 76' lang='grc' dir='ltr'>καλουμένην</span> 
     </span>
    </p>
   </div>
   <div class='ocr_carea' id='block_1_55' title="bbox 39 1788 828 1827">
    <p class='ocr_par' dir='ltr' id='par_1_55' title="bbox 39 1788 828 1827">
     <span class='ocr_line' id='line_1_55' title="bbox 39 1788 828 1827; baseline -0.006 -7"><span class='ocrx_word' id='word_1_404' title='bbox 39 1793 91 1820; x_wconf 85' lang='grc' dir='ltr'><strong>τῶν</strong></span> <span class='ocrx_word' id='word_1_405' title='bbox 120 1792 252 1827; x_wconf 82' lang='grc' dir='ltr'>γλωσσῶν</span> <span class='ocrx_word' id='word_1_406' title='bbox 285 1791 431 1826; x_wconf 79' lang='grc' dir='ltr'>σύγχυσιν·</span> <span class='ocrx_word' id='word_1_407' title='bbox 461 1791 525 1826; x_wconf 74' lang='grc' dir='ltr'>περὶ</span> <span class='ocrx_word' id='word_1_408' title='bbox 542 1788 576 1826; x_wconf 82' lang='grc' dir='ltr'>ἦς</span> <span class='ocrx_word' id='word_1_409' title='bbox 593 1790 606 1816; x_wconf 82' lang='grc' dir='ltr'><strong>ὁ</strong></span> <span class='ocrx_word' id='word_1_410' title='bbox 622 1789 770 1824; x_wconf 83' lang='grc' dir='ltr'>δυνάμενος</span> <span class='ocrx_word' id='word_1_411' title='bbox 783 1789 828 1815; x_wconf 80' lang='grc' dir='ltr'><strong>εὐ-</strong></span> 
     </span>
    </p>
   </div>
   <div class='ocr_carea' id='block_1_56' title="bbox 40 1831 826 1874">
    <p class='ocr_par' dir='ltr' id='par_1_56' title="bbox 40 1831 826 1874">
     <span class='ocr_line' id='line_1_56' title="bbox 40 1831 826 1874; baseline -0.006 -10"><span class='ocrx_word' id='word_1_412' title='bbox 40 1838 198 1874; x_wconf 82' lang='grc' dir='ltr'>καιρότερον</span> <span class='ocrx_word' id='word_1_413' title='bbox 233 1838 409 1872; x_wconf 80' lang='grc' dir='ltr'>διηγήσεται,</span> <span class='ocrx_word' id='word_1_414' title='bbox 446 1835 515 1862; x_wconf 79' lang='grc' dir='ltr'>ἐπὰν</span> <span class='ocrx_word' id='word_1_415' title='bbox 549 1835 578 1861; x_wconf 66' lang='grc' dir='ltr'><strong>τὸ</strong></span> <span class='ocrx_word' id='word_1_416' title='bbox 610 1831 826 1870; x_wconf 84' lang='grc' dir='ltr'>προκείμενονῇ</span> 
     </span>
    </p>
   </div>
   <div class='ocr_carea' id='block_1_57' title="bbox 40 1879 827 1919">
    <p class='ocr_par' dir='ltr' id='par_1_57' title="bbox 40 1879 827 1919">
     <span class='ocr_line' id='line_1_57' title="bbox 40 1879 827 1919; baseline -0.006 -9"><span class='ocrx_word' id='word_1_417' title='bbox 40 1883 213 1919; x_wconf 75' lang='grc' dir='ltr'>παραστῆσαι</span> <span class='ocrx_word' id='word_1_418' title='bbox 228 1882 274 1909; x_wconf 70' lang='grc' dir='ltr'>καὶ</span> <span class='ocrx_word' id='word_1_419' title='bbox 289 1882 322 1908; x_wconf 75' lang='grc' dir='ltr'>τὰ</span> <span class='ocrx_word' id='word_1_420' title='bbox 333 1881 383 1916; x_wconf 81' lang='grc' dir='ltr'><strong>τῆς</strong></span> <span class='ocrx_word' id='word_1_421' title='bbox 394 1881 463 1908; x_wconf 82' lang='grc' dir='ltr'>κατὰ</span> <span class='ocrx_word' id='word_1_422' title='bbox 477 1881 522 1907; x_wconf 83' lang='grc' dir='ltr'><strong>τὸν</strong></span> <span class='ocrx_word' id='word_1_423' title='bbox 540 1881 622 1907; x_wconf 83' lang='grc' dir='ltr'>τόπον</span> <span class='ocrx_word' id='word_1_424' title='bbox 636 1880 755 1915; x_wconf 78' lang='grc' dir='ltr'>ἱστορίας</span> <span class='ocrx_word' id='word_1_425' title='bbox 767 1879 827 1905; x_wconf 83' lang='grc' dir='ltr'>τίνα</span> 
     </span>
    </p>
   </div>
   <div class='ocr_carea' id='block_1_58' title="bbox 41 1925 827 1964">
    <p class='ocr_par' dir='ltr' id='par_1_58' title="bbox 41 1925 827 1964">
     <span class='ocr_line' id='line_1_58' title="bbox 41 1925 827 1964; baseline -0.008 -8"><span class='ocrx_word' id='word_1_426' title='bbox 41 1929 194 1964; x_wconf 77' lang='grc' dir='ltr'>ἔχοιλόγον,</span> <span class='ocrx_word' id='word_1_427' title='bbox 211 1927 303 1954; x_wconf 76' lang='grc' dir='ltr'>καὶτὰ</span> <span class='ocrx_word' id='word_1_428' title='bbox 316 1927 366 1962; x_wconf 87' lang='grc' dir='ltr'><strong>τῆς</strong></span> <span class='ocrx_word' id='word_1_429' title='bbox 387 1927 451 1962; x_wconf 71' lang='grc' dir='ltr'>περ).</span> <span class='ocrx_word' id='word_1_430' title='bbox 469 1926 550 1954; x_wconf 78' lang='grc' dir='ltr'>αὐτοῦ</span> <span class='ocrx_word' id='word_1_431' title='bbox 573 1926 726 1960; x_wconf 82' lang='grc' dir='ltr'>ἀναγωγῆς.</span> <span class='ocrx_word' id='word_1_432' title='bbox 751 1925 827 1950; x_wconf 78' lang='grc' dir='ltr'>Ἐπεὶ</span> 
     </span>
    </p>
   </div>
   <div class='ocr_carea' id='block_1_59' title="bbox 40 1970 826 2008">
    <p class='ocr_par' dir='ltr' id='par_1_59' title="bbox 40 1970 826 2008">
     <span class='ocr_line' id='line_1_59' title="bbox 40 1970 826 2008; baseline -0.005 -8"><span class='ocrx_word' id='word_1_433' title='bbox 40 1975 60 2000; x_wconf 80' lang='grc' dir='ltr'>δ’</span> <span class='ocrx_word' id='word_1_434' title='bbox 73 1975 157 2002; x_wconf 67' lang='grc' dir='ltr'>οἴεται</span> <span class='ocrx_word' id='word_1_435' title='bbox 167 1974 298 2005; x_wconf 85' lang='grc' dir='ltr'>Μωῡσέα,</span> <span class='ocrx_word' id='word_1_436' title='bbox 313 1973 357 1999; x_wconf 78' lang='grc' dir='ltr'>τὸν</span> <span class='ocrx_word' id='word_1_437' title='bbox 370 1972 562 2008; x_wconf 71' lang='grc' dir='ltr'>ἀναγράψαντα</span> <span class='ocrx_word' id='word_1_438' title='bbox 572 1971 607 1998; x_wconf 80' lang='grc' dir='ltr'><strong>τὰ</strong></span> <span class='ocrx_word' id='word_1_439' title='bbox 620 1971 684 2007; x_wconf 83' lang='grc' dir='ltr'>περὶ</span> <span class='ocrx_word' id='word_1_440' title='bbox 697 1970 743 1997; x_wconf 85' lang='grc' dir='ltr'>τοῦ</span> <span class='ocrx_word' id='word_1_441' title='bbox 757 1970 826 2006; x_wconf 87' lang='grc' dir='ltr'>πύρ-</span> 
     </span>
    </p>
   </div>
   <div class='ocr_carea' id='block_1_60' title="bbox 41 2015 828 2054">
    <p class='ocr_par' dir='ltr' id='par_1_60' title="bbox 41 2015 828 2054">
     <span class='ocr_line' id='line_1_60' title="bbox 41 2015 828 2054; baseline -0.006 -7"><span class='ocrx_word' id='word_1_442' title='bbox 41 2028 86 2054; x_wconf 85' lang='grc' dir='ltr'><strong>γου</strong></span> <span class='ocrx_word' id='word_1_443' title='bbox 107 2021 154 2047; x_wconf 80' lang='grc' dir='ltr'>καὶ</span> <span class='ocrx_word' id='word_1_444' title='bbox 172 2020 222 2054; x_wconf 83' lang='grc' dir='ltr'>τῆς</span> <span class='ocrx_word' id='word_1_445' title='bbox 243 2019 296 2045; x_wconf 84' lang='grc' dir='ltr'><strong>τῶν</strong></span> <span class='ocrx_word' id='word_1_446' title='bbox 318 2018 463 2045; x_wconf 80' lang='grc' dir='ltr'>διαλέκτων</span> <span class='ocrx_word' id='word_1_447' title='bbox 485 2018 650 2053; x_wconf 76' lang='grc' dir='ltr'>συγχύσεως,</span> <span class='ocrx_word' id='word_1_448' title='bbox 676 2015 828 2052; x_wconf 83' lang='grc' dir='ltr'>παραφθεί-</span> 
     </span>
    </p>
   </div>
   <div class='ocr_carea' id='block_1_61' title="bbox 43 2062 825 2100">
    <p class='ocr_par' dir='ltr' id='par_1_61' title="bbox 43 2062 825 2100">
     <span class='ocr_line' id='line_1_61' title="bbox 43 2062 825 2100; baseline -0.005 -8"><span class='ocrx_word' id='word_1_449' title='bbox 43 2073 124 2100; x_wconf 82' lang='grc' dir='ltr'>ραντα</span> <span class='ocrx_word' id='word_1_450' title='bbox 148 2064 184 2092; x_wconf 80' lang='grc' dir='ltr'><strong>τὰ</strong></span> <span class='ocrx_word' id='word_1_451' title='bbox 211 2065 274 2099; x_wconf 73' lang='grc' dir='ltr'>περὶ</span> <span class='ocrx_word' id='word_1_452' title='bbox 303 2063 357 2090; x_wconf 82' lang='grc' dir='ltr'><strong>τῶν</strong></span> <span class='ocrx_word' id='word_1_453' title='bbox 391 2062 530 2089; x_wconf 74' lang='grc' dir='ltr'>’Δλωαδῶν</span> <span class='ocrx_word' id='word_1_454' title='bbox 557 2063 611 2098; x_wconf 83' lang='grc'>(69)</span> <span class='ocrx_word' id='word_1_455' title='bbox 639 2062 825 2098; x_wconf 80' lang='grc' dir='ltr'>ἱστορούμενα,</span> 
     </span>
    </p>
   </div>
   <div class='ocr_carea' id='block_1_62' title="bbox 41 2108 828 2146">
    <p class='ocr_par' dir='ltr' id='par_1_62' title="bbox 41 2108 828 2146">
     <span class='ocr_line' id='line_1_62' title="bbox 41 2108 828 2146; baseline -0.004 -9"><span class='ocrx_word' id='word_1_456' title='bbox 41 2111 149 2138; x_wconf 81' lang='grc' dir='ltr'>τοιαῦτα</span> <span class='ocrx_word' id='word_1_457' title='bbox 171 2111 236 2146; x_wconf 72' lang='grc' dir='ltr'>περ).</span> <span class='ocrx_word' id='word_1_458' title='bbox 257 2109 304 2137; x_wconf 79' lang='grc' dir='ltr'>τοῦ</span> <span class='ocrx_word' id='word_1_459' title='bbox 325 2111 428 2145; x_wconf 81' lang='grc' dir='ltr'>πύργου</span> <span class='ocrx_word' id='word_1_460' title='bbox 453 2108 686 2144; x_wconf 78' lang='grc' dir='ltr'>ἀναγεγραφὲναι’</span> <span class='ocrx_word' id='word_1_461' title='bbox 715 2109 828 2135; x_wconf 80' lang='grc' dir='ltr'>λεκτέον</span> 
     </span>
    </p>
   </div>
   <div class='ocr_carea' id='block_1_63' title="bbox 41 2152 826 2192">
    <p class='ocr_par' dir='ltr' id='par_1_63' title="bbox 41 2152 826 2192">
     <span class='ocr_line' id='line_1_63' title="bbox 41 2152 826 2192; baseline -0.004 -9"><span class='ocrx_word' id='word_1_462' title='bbox 41 2157 78 2183; x_wconf 83' lang='grc' dir='ltr'>ὄτι</span> <span class='ocrx_word' id='word_1_463' title='bbox 88 2157 121 2184; x_wconf 82' lang='grc' dir='ltr'>τὰ</span> <span class='ocrx_word' id='word_1_464' title='bbox 135 2157 184 2192; x_wconf 86' lang='grc' dir='ltr'>μὲν</span> <span class='ocrx_word' id='word_1_465' title='bbox 194 2156 258 2192; x_wconf 78' lang='grc' dir='ltr'>περὶ</span> <span class='ocrx_word' id='word_1_466' title='bbox 269 2155 321 2182; x_wconf 82' lang='grc' dir='ltr'><strong>τῶν</strong></span> <span class='ocrx_word' id='word_1_467' title='bbox 335 2155 473 2181; x_wconf 79' lang='grc' dir='ltr'>Ἀλωαδῶν</span> <span class='ocrx_word' id='word_1_468' title='bbox 485 2155 535 2181; x_wconf 78' lang='grc' dir='ltr'>οὐκ</span> <span class='ocrx_word' id='word_1_469' title='bbox 547 2152 622 2189; x_wconf 77' lang='grc' dir='ltr'>οἶμαι</span> <span class='ocrx_word' id='word_1_470' title='bbox 635 2154 687 2190; x_wconf 83' lang='grc' dir='ltr'>πρὸ</span> <span class='ocrx_word' id='word_1_471' title='bbox 706 2155 826 2190; x_wconf 80' lang='grc' dir='ltr'>Ὁμήρου</span> 
     </span>
    </p>
   </div>
   <div class='ocr_carea' id='block_1_64' title="bbox 41 2199 864 2246">
    <p class='ocr_par' dir='ltr' id='par_1_64' title="bbox 41 2199 864 2246">
     <span class='ocr_line' id='line_1_64' title="bbox 41 2199 864 2246; baseline -0.004 -18"><span class='ocrx_word' id='word_1_472' title='bbox 41 2201 99 2228; x_wconf 80' lang='grc' dir='ltr'>τινὰ</span> <span class='ocrx_word' id='word_1_473' title='bbox 119 2202 262 2237; x_wconf 76' lang='grc' dir='ltr'>εἰρηκέναι</span> <span class='ocrx_word' id='word_1_474' title='bbox 272 2210 278 2216; x_wconf 90' lang='grc'><strong>·</strong></span> <span class='ocrx_word' id='word_1_475' title='bbox 297 2201 331 2227; x_wconf 69' lang='grc' dir='ltr'><strong>τὰ</strong></span> <span class='ocrx_word' id='word_1_476' title='bbox 343 2201 371 2227; x_wconf 77' lang='grc' dir='ltr'>δὲ</span> <span class='ocrx_word' id='word_1_477' title='bbox 386 2200 450 2235; x_wconf 75' lang='grc' dir='ltr'>περ).</span> <span class='ocrx_word' id='word_1_478' title='bbox 464 2200 511 2226; x_wconf 72' lang='grc' dir='ltr'><strong>τοῦ</strong></span> <span class='ocrx_word' id='word_1_479' title='bbox 525 2200 629 2246; x_wconf 81' lang='grc' dir='ltr'>πύργου</span> <span class='ocrx_word' id='word_1_480' title='bbox 652 2199 741 2235; x_wconf 87' lang='grc' dir='ltr'>πολλῷ</span> <span class='ocrx_word' id='word_1_481' title='bbox 761 2209 826 2236; x_wconf 84' lang='grc' dir='ltr'>πρε-</span> <span class='ocrx_word' id='word_1_482' title='bbox 842 2219 864 2246; x_wconf 82' lang='lat' dir='ltr'><strong>D</strong></span> 
     </span>
    </p>
   </div>
   <div class='ocr_carea' id='block_1_65' title="bbox 43 2244 825 2283">
    <p class='ocr_par' dir='ltr' id='par_1_65' title="bbox 43 2244 825 2283">
     <span class='ocr_line' id='line_1_65' title="bbox 43 2244 825 2283; baseline 0 -11"><span class='ocrx_word' id='word_1_483' title='bbox 43 2247 157 2283; x_wconf 75' lang='grc' dir='ltr'>σὸύτερα</span> <span class='ocrx_word' id='word_1_484' title='bbox 175 2246 232 2283; x_wconf 88' lang='grc'>(70)</span> <span class='ocrx_word' id='word_1_485' title='bbox 252 2247 282 2273; x_wconf 76' lang='grc' dir='ltr'>οὐ</span> <span class='ocrx_word' id='word_1_486' title='bbox 303 2247 382 2281; x_wconf 84' lang='grc' dir='ltr'>μόνον</span> <span class='ocrx_word' id='word_1_487' title='bbox 410 2245 538 2281; x_wconf 83' lang='grc' dir='ltr'>Ὁμήρου,</span> <span class='ocrx_word' id='word_1_488' title='bbox 560 2244 628 2271; x_wconf 80' lang='grc' dir='ltr'>ἀλλὰ</span> <span class='ocrx_word' id='word_1_489' title='bbox 644 2245 690 2271; x_wconf 72' lang='grc' dir='ltr'><strong>καὶ</strong></span> <span class='ocrx_word' id='word_1_490' title='bbox 707 2245 756 2280; x_wconf 77' lang='grc' dir='ltr'>τῆς</span> <span class='ocrx_word' id='word_1_491' title='bbox 770 2245 825 2272; x_wconf 82' lang='grc' dir='ltr'><strong>τῶν</strong></span> 
     </span>
    </p>
   </div>
   <div class='ocr_carea' id='block_1_66' title="bbox 47 2290 826 2328">
    <p class='ocr_par' dir='ltr' id='par_1_66' title="bbox 47 2290 826 2328">
     <span class='ocr_line' id='line_1_66' title="bbox 47 2290 826 2328; baseline -0.004 -9"><span class='ocrx_word' id='word_1_492' title='bbox 47 2292 207 2328; x_wconf 77' lang='grc' dir='ltr'>Ἑλληνικῶν</span> <span class='ocrx_word' id='word_1_493' title='bbox 221 2292 390 2327; x_wconf 83' lang='grc' dir='ltr'>γραμμάτων</span> <span class='ocrx_word' id='word_1_494' title='bbox 409 2291 543 2327; x_wconf 82' lang='grc' dir='ltr'>εὑρέσεως</span> <span class='ocrx_word' id='word_1_495' title='bbox 560 2291 633 2321; x_wconf 73' lang='grc' dir='ltr'>ὂντα,</span> <span class='ocrx_word' id='word_1_496' title='bbox 648 2290 693 2316; x_wconf 83' lang='grc' dir='ltr'>τὸν</span> <span class='ocrx_word' id='word_1_497' title='bbox 705 2291 826 2317; x_wconf 84' lang='grc' dir='ltr'>Μωῡσέα</span> 
     </span>
    </p>
   </div>
   <div class='ocr_carea' id='block_1_67' title="bbox 41 2334 826 2374">
    <p class='ocr_par' dir='ltr' id='par_1_67' title="bbox 41 2334 826 2374">
     <span class='ocr_line' id='line_1_67' title="bbox 41 2334 826 2374; baseline -0.003 -10"><span class='ocrx_word' id='word_1_498' title='bbox 41 2338 258 2374; x_wconf 67' lang='grc' dir='ltr'>ἀναγεγραφέναι</span> <span class='ocrx_word' id='word_1_499' title='bbox 277 2337 414 2372; x_wconf 83' lang='grc' dir='ltr'>πείθομαι.</span> <span class='ocrx_word' id='word_1_500' title='bbox 429 2336 505 2368; x_wconf 83' lang='grc' dir='ltr'>Τίνες</span> <span class='ocrx_word' id='word_1_501' title='bbox 521 2334 567 2362; x_wconf 80' lang='grc' dir='ltr'>οὖν</span> <span class='ocrx_word' id='word_1_502' title='bbox 583 2335 680 2371; x_wconf 86' lang='grc' dir='ltr'>μᾶλλον</span> <span class='ocrx_word' id='word_1_503' title='bbox 694 2335 728 2362; x_wconf 81' lang='grc' dir='ltr'>τὰ</span> <span class='ocrx_word' id='word_1_504' title='bbox 745 2336 826 2362; x_wconf 82' lang='grc' dir='ltr'>τίνων</span> 
     </span>
    </p>
   </div>
   <div class='ocr_carea' id='block_1_68' title="bbox 43 2380 825 2419">
    <p class='ocr_par' dir='ltr' id='par_1_68' title="bbox 43 2380 825 2419">
     <span class='ocr_line' id='line_1_68' title="bbox 43 2380 825 2419; baseline -0.003 -10"><span class='ocrx_word' id='word_1_505' title='bbox 43 2383 288 2419; x_wconf 70' lang='grc' dir='ltr'>παραφθείρουσιν;</span> <span class='ocrx_word' id='word_1_506' title='bbox 308 2380 381 2417; x_wconf 72' lang='grc' dir='ltr'><strong>Ἀρα</strong></span> <span class='ocrx_word' id='word_1_507' title='bbox 400 2381 434 2408; x_wconf 82' lang='grc' dir='ltr'>τὰ</span> <span class='ocrx_word' id='word_1_508' title='bbox 455 2382 518 2416; x_wconf 68' lang='grc' dir='ltr'>περ).</span> <span class='ocrx_word' id='word_1_509' title='bbox 538 2381 584 2408; x_wconf 80' lang='grc' dir='ltr'>τοῦ</span> <span class='ocrx_word' id='word_1_510' title='bbox 603 2381 707 2417; x_wconf 83' lang='grc' dir='ltr'>πύργου</span> <span class='ocrx_word' id='word_1_511' title='bbox 724 2380 825 2416; x_wconf 80' lang='grc' dir='ltr'>οἱπερὶ</span> 
     </span>
    </p>
   </div>
   <div class='ocr_carea' id='block_1_69' title="bbox 47 2427 825 2464">
    <p class='ocr_par' dir='ltr' id='par_1_69' title="bbox 47 2427 825 2464">
     <span class='ocr_line' id='line_1_69' title="bbox 47 2427 825 2464; baseline 0.001 -11"><span class='ocrx_word' id='word_1_512' title='bbox 47 2427 185 2455; x_wconf 80' lang='grc' dir='ltr'>Ἀλωαδῶν</span> <span class='ocrx_word' id='word_1_513' title='bbox 199 2429 376 2464; x_wconf 80' lang='grc' dir='ltr'>ἱστοροῦντες,</span> <span class='ocrx_word' id='word_1_514' title='bbox 390 2429 406 2463; x_wconf 88' lang='grc' dir='ltr'>ἢ</span> <span class='ocrx_word' id='word_1_515' title='bbox 419 2429 454 2454; x_wconf 84' lang='grc' dir='ltr'><strong>τὰ</strong></span> <span class='ocrx_word' id='word_1_516' title='bbox 465 2428 518 2454; x_wconf 85' lang='grc' dir='ltr'><strong>τῶν</strong></span> <span class='ocrx_word' id='word_1_517' title='bbox 538 2428 675 2454; x_wconf 81' lang='grc' dir='ltr'>Ἀλωαδῶν</span> <span class='ocrx_word' id='word_1_518' title='bbox 689 2429 703 2454; x_wconf 84' lang='grc' dir='ltr'>ὁ</span> <span class='ocrx_word' id='word_1_519' title='bbox 715 2427 749 2454; x_wconf 84' lang='grc' dir='ltr'><strong>τὰ</strong></span> <span class='ocrx_word' id='word_1_520' title='bbox 761 2428 825 2463; x_wconf 74' lang='grc' dir='ltr'>περὶ</span> 
     </span>
    </p>
   </div>
   <div class='ocr_carea' id='block_1_70' title="bbox 42 2473 824 2510">
    <p class='ocr_par' dir='ltr' id='par_1_70' title="bbox 42 2473 824 2510">
     <span class='ocr_line' id='line_1_70' title="bbox 42 2473 824 2510; baseline 0 -10"><span class='ocrx_word' id='word_1_521' title='bbox 42 2473 85 2500; x_wconf 80' lang='grc' dir='ltr'>τοῦ</span> <span class='ocrx_word' id='word_1_522' title='bbox 108 2474 214 2510; x_wconf 87' lang='grc' dir='ltr'>πύργου</span> <span class='ocrx_word' id='word_1_523' title='bbox 231 2474 277 2500; x_wconf 73' lang='grc' dir='ltr'>καὶ</span> <span class='ocrx_word' id='word_1_524' title='bbox 291 2474 339 2509; x_wconf 85' lang='grc' dir='ltr'>τῆς</span> <span class='ocrx_word' id='word_1_525' title='bbox 354 2473 508 2509; x_wconf 80' lang='grc' dir='ltr'>συγχύσεως</span> <span class='ocrx_word' id='word_1_526' title='bbox 523 2473 577 2500; x_wconf 86' lang='grc' dir='ltr'><strong>τῶν</strong></span> <span class='ocrx_word' id='word_1_527' title='bbox 597 2473 741 2500; x_wconf 82' lang='grc' dir='ltr'>διαλέκτων</span> <span class='ocrx_word' id='word_1_528' title='bbox 755 2473 824 2509; x_wconf 84' lang='grc' dir='ltr'>γρά-</span> 
     </span>
    </p>
   </div>
   <div class='ocr_carea' id='block_1_71' title="bbox 74 2541 496 2573">
    <p class='ocr_par' dir='ltr' id='par_1_71' title="bbox 74 2541 496 2573">
     <span class='ocr_line' id='line_1_71' title="bbox 74 2541 496 2573; baseline 0.005 -5"><span class='ocrx_word' id='word_1_529' title='bbox 74 2541 96 2557; x_wconf 82' lang='grc'><strong>¹⁰</strong></span> <span class='ocrx_word' id='word_1_530' title='bbox 107 2541 206 2569; x_wconf 83' lang='lat' dir='ltr'><strong>Cenes.</strong></span> <span class='ocrx_word' id='word_1_531' title='bbox 232 2549 271 2573; x_wconf 72' lang='grc' dir='ltr'>ιι,</span> <span class='ocrx_word' id='word_1_532' title='bbox 286 2541 311 2568; x_wconf 82' lang='grc'>1.</span> <span class='ocrx_word' id='word_1_533' title='bbox 351 2542 373 2557; x_wconf 82' lang='grc'><strong>⁸¹</strong></span> <span class='ocrx_word' id='word_1_534' title='bbox 391 2541 458 2569; x_wconf 88' lang='lat' dir='ltr'><strong>lbid.</strong></span> <span class='ocrx_word' id='word_1_535' title='bbox 469 2542 496 2570; x_wconf 86' lang='lat'><strong>9.</strong></span> 
     </span>
    </p>
   </div>
   <div class='ocr_carea' id='block_1_72' title="bbox 74 2610 826 2647">
    <p class='ocr_par' dir='ltr' id='par_1_72' title="bbox 74 2610 826 2647">
     <span class='ocr_line' id='line_1_72' title="bbox 74 2610 826 2647; baseline 0.001 -9"><span class='ocrx_word' id='word_1_536' title='bbox 74 2610 129 2647; x_wconf 84' lang='grc'>(66)</span> <span class='ocrx_word' id='word_1_537' title='bbox 146 2610 420 2647; x_wconf 32' lang='grc' dir='ltr'>οπο-νειῑοθιιίκτῷ</span> <span class='ocrx_word' id='word_1_538' title='bbox 436 2611 543 2647; x_wconf 82' lang='grc' dir='ltr'>πρῶτον</span> <span class='ocrx_word' id='word_1_539' title='bbox 572 2612 713 2647; x_wconf 77' lang='grc' dir='ltr'>συμϐάντι.</span> <span class='ocrx_word' id='word_1_540' title='bbox 740 2611 826 2639; x_wconf 88' lang='lat' dir='ltr'><strong>Paulo</strong></span> 
     </span>
    </p>
   </div>
   <div class='ocr_carea' id='block_1_73' title="bbox 42 2645 823 2682">
    <p class='ocr_par' dir='ltr' id='par_1_73' title="bbox 42 2645 823 2682">
     <span class='ocr_line' id='line_1_73' title="bbox 42 2645 823 2682; baseline 0.001 -10"><span class='ocrx_word' id='word_1_541' title='bbox 42 2645 99 2678; x_wconf 72' lang='lat' dir='ltr'><strong>post</strong></span> <span class='ocrx_word' id='word_1_542' title='bbox 112 2647 192 2682; x_wconf 78' lang='lat' dir='ltr'><strong>codd.</strong></span> <span class='ocrx_word' id='word_1_543' title='bbox 208 2645 308 2680; x_wconf 79' lang='lat' dir='ltr'><strong>Regius</strong></span> <span class='ocrx_word' id='word_1_544' title='bbox 323 2651 349 2682; x_wconf 76' lang='lat' dir='ltr'><strong>et</strong></span> <span class='ocrx_word' id='word_1_545' title='bbox 361 2645 533 2682; x_wconf 19' lang='lat' dir='ltr'><strong>Bas&#39;ilreensis,</strong></span> <span class='ocrx_word' id='word_1_546' title='bbox 547 2645 718 2681; x_wconf 78' lang='grc' dir='ltr'>προστιθέναι</span> <span class='ocrx_word' id='word_1_547' title='bbox 732 2647 823 2682; x_wconf 73' lang='grc' dir='ltr'>ἕτερα,</span> 
     </span>
    </p>
   </div>
   <div class='ocr_carea' id='block_1_74' title="bbox 43 2680 511 2716">
    <p class='ocr_par' dir='ltr' id='par_1_74' title="bbox 43 2680 511 2716">
     <span class='ocr_line' id='line_1_74' title="bbox 43 2680 511 2716; baseline 0.004 -11"><span class='ocrx_word' id='word_1_548' title='bbox 43 2684 123 2716; x_wconf 64' lang='lat' dir='ltr'><strong>recte.</strong></span> <span class='ocrx_word' id='word_1_549' title='bbox 142 2681 227 2716; x_wconf 73' lang='lat' dir='ltr'><strong>Alias,</strong></span> <span class='ocrx_word' id='word_1_550' title='bbox 243 2680 409 2716; x_wconf 84' lang='grc' dir='ltr'>περιτιθέναι</span> <span class='ocrx_word' id='word_1_551' title='bbox 422 2681 511 2716; x_wconf 71' lang='grc' dir='ltr'>ἕτερα.</span> 
     </span>
    </p>
   </div>
   <div class='ocr_carea' id='block_1_75' title="bbox 76 2714 820 2750">
    <p class='ocr_par' dir='ltr' id='par_1_75' title="bbox 76 2714 820 2750">
     <span class='ocr_line' id='line_1_75' title="bbox 76 2714 820 2750; baseline 0.004 -9"><span class='ocrx_word' id='word_1_552' title='bbox 76 2714 130 2749; x_wconf 83' lang='grc'>(67)</span> <span class='ocrx_word' id='word_1_553' title='bbox 146 2715 272 2750; x_wconf 74' lang='grc' dir='ltr'>Πλάτων</span> <span class='ocrx_word' id='word_1_554' title='bbox 282 2714 343 2742; x_wconf 20' lang='grc' dir='ltr'>Ἲπου</span> <span class='ocrx_word' id='word_1_555' title='bbox 357 2716 432 2742; x_wconf 79' lang='grc' dir='ltr'>οὓτω</span> <span class='ocrx_word' id='word_1_556' title='bbox 446 2714 536 2750; x_wconf 66' lang='grc' dir='ltr'>λέγει.</span> <span class='ocrx_word' id='word_1_557' title='bbox 558 2715 624 2742; x_wconf 87' lang='lat' dir='ltr'><strong>Vide</strong></span> <span class='ocrx_word' id='word_1_558' title='bbox 637 2715 775 2742; x_wconf 80' lang='lat' dir='ltr'><strong>Platonem</strong></span> <span class='ocrx_word' id='word_1_559' title='bbox 795 2717 820 2744; x_wconf 87' lang='lat' dir='ltr'><strong>in</strong></span> 
     </span>
    </p>
   </div>
   <div class='ocr_carea' id='block_1_76' title="bbox 44 2747 820 2786">
    <p class='ocr_par' dir='ltr' id='par_1_76' title="bbox 44 2747 820 2786">
     <span class='ocr_line' id='line_1_76' title="bbox 44 2747 820 2786; baseline 0.004 -11"><span class='ocrx_word' id='word_1_560' title='bbox 44 2747 150 2786; x_wconf 56' lang='grc' dir='ltr'><strong>Ῐξίηιεό,</strong></span> <span class='ocrx_word' id='word_1_561' title='bbox 165 2757 226 2786; x_wconf 79' lang='lat' dir='ltr'><strong>pag.</strong></span> <span class='ocrx_word' id='word_1_562' title='bbox 244 2749 290 2782; x_wconf 75' lang='lat'><strong>22,</strong></span> <span class='ocrx_word' id='word_1_563' title='bbox 305 2755 333 2777; x_wconf 86' lang='lat' dir='ltr'><strong>et</strong></span> <span class='ocrx_word' id='word_1_564' title='bbox 352 2751 399 2778; x_wconf 85' lang='lat' dir='ltr'><strong>lib.</strong></span> <span class='ocrx_word' id='word_1_565' title='bbox 416 2758 445 2777; x_wconf 89' lang='grc' dir='ltr'><strong>ιιι</strong></span> <span class='ocrx_word' id='word_1_566' title='bbox 463 2747 500 2778; x_wconf 60' lang='grc' dir='ltr'><strong>οὲ</strong></span> <span class='ocrx_word' id='word_1_567' title='bbox 512 2750 602 2785; x_wconf 80' lang='lat' dir='ltr'><strong>legib..</strong></span> <span class='ocrx_word' id='word_1_568' title='bbox 616 2759 676 2786; x_wconf 83' lang='lat' dir='ltr'><strong>pag.</strong></span> <span class='ocrx_word' id='word_1_569' title='bbox 686 2751 820 2785; x_wconf 79' lang='lat'><strong>676,677,</strong></span> 
     </span>
    </p>
   </div>
   <div class='ocr_carea' id='block_1_77' title="bbox 43 2782 295 2818">
    <p class='ocr_par' dir='ltr' id='par_1_77' title="bbox 43 2782 295 2818">
     <span class='ocr_line' id='line_1_77' title="bbox 43 2782 295 2818; baseline 0.012 -9"><span class='ocrx_word' id='word_1_570' title='bbox 43 2782 102 2813; x_wconf 79' lang='grc'>678,</span> <span class='ocrx_word' id='word_1_571' title='bbox 116 2790 144 2811; x_wconf 89' lang='lat' dir='ltr'><strong>et</strong></span> <span class='ocrx_word' id='word_1_572' title='bbox 158 2782 295 2818; x_wconf 77' lang='lat' dir='ltr'><strong>deinceps.</strong></span> 
     </span>
    </p>
   </div>
   <div class='ocr_carea' id='block_1_78' title="bbox 77 2818 820 2854">
    <p class='ocr_par' dir='ltr' id='par_1_78' title="bbox 77 2818 820 2854">
     <span class='ocr_line' id='line_1_78' title="bbox 77 2818 820 2854; baseline 0.005 -10"><span class='ocrx_word' id='word_1_573' title='bbox 77 2818 132 2852; x_wconf 81' lang='lat' dir='ltr'><strong>(b8)</strong></span> <span class='ocrx_word' id='word_1_574' title='bbox 150 2819 197 2854; x_wconf 59' lang='lat' dir='ltr'><strong>Idi</strong></span> <span class='ocrx_word' id='word_1_575' title='bbox 229 2819 479 2854; x_wconf 76' lang='grc' dir='ltr'>ἐπαγγελλόμενα.</span> <span class='ocrx_word' id='word_1_576' title='bbox 509 2820 665 2847; x_wconf 73' lang='lat' dir='ltr'><strong>Boherellus</strong></span> <span class='ocrx_word' id='word_1_577' title='bbox 700 2820 820 2852; x_wconf 76' lang='lat' dir='ltr'><strong>mavult.</strong></span> 
     </span>
    </p>
   </div>
   <div class='ocr_carea' id='block_1_79' title="bbox 43 2828 820 2890">
    <p class='ocr_par' dir='ltr' id='par_1_79' title="bbox 43 2828 820 2890">
     <span class='ocr_line' id='line_1_79' title="bbox 77 2828 820 2854; baseline 0.005 -10"><span class='ocrx_word' id='word_1_578' title='bbox 77 2828 132 2852; x_wconf 76' lang='grc' dir='ltr'>(οδ)</span> <span class='ocrx_word' id='word_1_579' title='bbox 158 2828 197 2845; x_wconf 84' lang='grc' dir='ltr'>ια</span> <span class='ocrx_word' id='word_1_580' title='bbox 229 2828 287 2845; x_wconf 83' lang='grc' dir='ltr'><strong>επα</strong></span> <span class='ocrx_word' id='word_1_581' title='bbox 326 2828 479 2854; x_wconf 60' lang='grc' dir='ltr'><strong>,Αλομενω</strong></span> <span class='ocrx_word' id='word_1_582' title='bbox 510 2828 665 2847; x_wconf 70' lang='grc' dir='ltr'>υοιιοτριιιις</span> <span class='ocrx_word' id='word_1_583' title='bbox 700 2828 820 2852; x_wconf 77' lang='lat' dir='ltr'><strong>mavult,</strong></span> 
     </span>
     <span class='ocr_line' id='line_1_80' title="bbox 43 2828 820 2890; baseline 0.006 -11"><span class='ocrx_word' id='word_1_584' title='bbox 43 2851 274 2890; x_wconf 77' lang='grc' dir='ltr'>ἀπαγγελλόμενα.</span> <span class='ocrx_word' id='word_1_585' title='bbox 289 2828 387 2882; x_wconf 59' lang='grc' dir='ltr'>Ἦιιιο</span> <span class='ocrx_word' id='word_1_586' title='bbox 408 2859 469 2889; x_wconf 86' lang='lat' dir='ltr'><strong>post</strong></span> <span class='ocrx_word' id='word_1_587' title='bbox 489 2856 572 2883; x_wconf 74' lang='lat' dir='ltr'><strong>codex</strong></span> <span class='ocrx_word' id='word_1_588' title='bbox 585 2855 757 2890; x_wconf 79' lang='lat' dir='ltr'><strong>Basileensis,</strong></span> <span class='ocrx_word' id='word_1_589' title='bbox 775 2856 820 2883; x_wconf 79' lang='grc' dir='ltr'>καὶ</span> 
     </span>
    </p>
   </div>
   <div class='ocr_carea' id='block_1_80' title="bbox 877 923 1659 957">
    <p class='ocr_par' dir='ltr' id='par_1_80' title="bbox 877 923 1659 957">
     <span class='ocr_line' id='line_1_81' title="bbox 877 923 1659 957; baseline 0.001 -9"><span class='ocrx_word' id='word_1_590' title='bbox 877 926 965 950; x_wconf 83' lang='lat' dir='ltr'><strong>autem</strong></span> <span class='ocrx_word' id='word_1_591' title='bbox 984 923 1019 950; x_wconf 92' lang='lat' dir='ltr'><strong>dii</strong></span> <span class='ocrx_word' id='word_1_592' title='bbox 1042 928 1139 949; x_wconf 91' lang='lat' dir='ltr'><strong>terram</strong></span> <span class='ocrx_word' id='word_1_593' title='bbox 1165 923 1242 957; x_wconf 84' lang='lat' dir='ltr'><strong>aquis</strong></span> <span class='ocrx_word' id='word_1_594' title='bbox 1272 928 1416 957; x_wconf 78' lang='lat' dir='ltr'><strong>purgantes</strong></span> <span class='ocrx_word' id='word_1_595' title='bbox 1440 923 1570 950; x_wconf 88' lang='lat' dir='ltr'><strong>inducunt</strong></span> <span class='ocrx_word' id='word_1_596' title='bbox 1589 923 1659 949; x_wconf 89' lang='lat' dir='ltr'><strong>dilu-</strong></span> 
     </span>
    </p>
   </div>
   <div class='ocr_carea' id='block_1_81' title="bbox 877 968 1660 1001">
    <p class='ocr_par' dir='ltr' id='par_1_81' title="bbox 877 968 1660 1001">
     <span class='ocr_line' id='line_1_82' title="bbox 877 968 1660 1001; baseline 0 -7"><span class='ocrx_word' id='word_1_597' title='bbox 877 969 961 1001; x_wconf 83' lang='lat' dir='ltr'><strong>vium,</strong></span> <span class='ocrx_word' id='word_1_598' title='bbox 981 971 1046 995; x_wconf 89' lang='lat' dir='ltr'><strong>tunc</strong></span> <span class='ocrx_word' id='word_1_599' title='bbox 1068 968 1161 995; x_wconf 70' lang='lat' dir='ltr'><strong>incolae</strong></span> <span class='ocrx_word' id='word_1_600' title='bbox 1183 969 1326 1001; x_wconf 86' lang='lat' dir='ltr'><strong>montium,</strong></span> <span class='ocrx_word' id='word_1_601' title='bbox 1347 974 1397 996; x_wconf 90' lang='lat' dir='ltr'><strong>etc.</strong></span> <span class='ocrx_word' id='word_1_602' title='bbox 1416 978 1425 994; x_wconf 72' lang='grc' dir='ltr'><strong>ι</strong></span> <span class='ocrx_word' id='word_1_603' title='bbox 1442 969 1481 994; x_wconf 88' lang='lat' dir='ltr'><strong>An</strong></span> <span class='ocrx_word' id='word_1_604' title='bbox 1494 969 1551 995; x_wconf 74' lang='lat' dir='ltr'><strong>lucc</strong></span> <span class='ocrx_word' id='word_1_605' title='bbox 1570 976 1631 995; x_wconf 87' lang='lat' dir='ltr'><strong>eum</strong></span> <span class='ocrx_word' id='word_1_606' title='bbox 1645 975 1660 994; x_wconf 85' lang='lat' dir='ltr'><strong>a</strong></span> 
     </span>
    </p>
   </div>
   <div class='ocr_carea' id='block_1_82' title="bbox 877 1013 1660 1048">
    <p class='ocr_par' dir='ltr' id='par_1_82' title="bbox 877 1013 1660 1048">
     <span class='ocr_line' id='line_1_83' title="bbox 877 1013 1660 1048; baseline -0.001 -7"><span class='ocrx_word' id='word_1_607' title='bbox 877 1013 979 1041; x_wconf 65' lang='lat' dir='ltr'><strong>Graecis</strong></span> <span class='ocrx_word' id='word_1_608' title='bbox 995 1013 1133 1047; x_wconf 86' lang='lat' dir='ltr'><strong>dicuntur,</strong></span> <span class='ocrx_word' id='word_1_609' title='bbox 1155 1015 1260 1048; x_wconf 87' lang='lat' dir='ltr'><strong>pondus</strong></span> <span class='ocrx_word' id='word_1_610' title='bbox 1285 1019 1313 1041; x_wconf 88' lang='lat' dir='ltr'><strong>et</strong></span> <span class='ocrx_word' id='word_1_611' title='bbox 1337 1014 1526 1041; x_wconf 79' lang='lat' dir='ltr'><strong>auctoritatem</strong></span> <span class='ocrx_word' id='word_1_612' title='bbox 1544 1013 1660 1046; x_wconf 78' lang='lat' dir='ltr'><strong>habent;</strong></span> 
     </span>
    </p>
   </div>
   <div class='ocr_carea' id='block_1_83' title="bbox 877 1058 1659 1093">
    <p class='ocr_par' dir='ltr' id='par_1_83' title="bbox 877 1058 1659 1093">
     <span class='ocr_line' id='line_1_84' title="bbox 877 1058 1659 1093; baseline 0.001 -9"><span class='ocrx_word' id='word_1_613' title='bbox 877 1065 938 1084; x_wconf 93' lang='lat' dir='ltr'><strong>cum</strong></span> <span class='ocrx_word' id='word_1_614' title='bbox 954 1063 1045 1084; x_wconf 82' lang='lat' dir='ltr'><strong>autem</strong></span> <span class='ocrx_word' id='word_1_615' title='bbox 1061 1058 1155 1085; x_wconf 89' lang='lat' dir='ltr'><strong>eadem</strong></span> <span class='ocrx_word' id='word_1_616' title='bbox 1174 1059 1321 1085; x_wconf 84' lang='lat' dir='ltr'><strong>astruimns</strong></span> <span class='ocrx_word' id='word_1_617' title='bbox 1347 1066 1405 1093; x_wconf 77' lang='lat' dir='ltr'><strong>qum</strong></span> <span class='ocrx_word' id='word_1_618' title='bbox 1432 1058 1540 1085; x_wconf 68' lang='lat' dir='ltr'><strong>laudant</strong></span> <span class='ocrx_word' id='word_1_619' title='bbox 1559 1058 1659 1090; x_wconf 73' lang='lat' dir='ltr'><strong>Grmci,</strong></span> 
     </span>
    </p>
   </div>
   <div class='ocr_carea' id='block_1_84' title="bbox 879 1103 1661 1138">
    <p class='ocr_par' dir='ltr' id='par_1_84' title="bbox 879 1103 1661 1138">
     <span class='ocr_line' id='line_1_85' title="bbox 879 1103 1661 1138; baseline 0.003 -9"><span class='ocrx_word' id='word_1_620' title='bbox 879 1103 929 1130; x_wconf 91' lang='lat' dir='ltr'><strong>hoc</strong></span> <span class='ocrx_word' id='word_1_621' title='bbox 942 1103 998 1137; x_wconf 88' lang='lat' dir='ltr'><strong>ipso</strong></span> <span class='ocrx_word' id='word_1_622' title='bbox 1012 1103 1145 1130; x_wconf 90' lang='lat' dir='ltr'><strong>vilescunt</strong></span> <span class='ocrx_word' id='word_1_623' title='bbox 1158 1107 1183 1130; x_wconf 87' lang='lat' dir='ltr'><strong>et</strong></span> <span class='ocrx_word' id='word_1_624' title='bbox 1198 1103 1296 1129; x_wconf 87' lang='lat' dir='ltr'><strong>nullius</strong></span> <span class='ocrx_word' id='word_1_625' title='bbox 1309 1108 1368 1129; x_wconf 88' lang='lat' dir='ltr'><strong>sunt</strong></span> <span class='ocrx_word' id='word_1_626' title='bbox 1383 1104 1459 1137; x_wconf 82' lang='lat' dir='ltr'><strong>pretii</strong></span> <span class='ocrx_word' id='word_1_627' title='bbox 1473 1104 1529 1131; x_wconf 72' lang='lat' dir='ltr'><strong>haec</strong></span> <span class='ocrx_word' id='word_1_628' title='bbox 1543 1103 1661 1138; x_wconf 77' lang='lat' dir='ltr'><strong>placita?</strong></span> 
     </span>
    </p>
   </div>
   <div class='ocr_carea' id='block_1_85' title="bbox 878 1148 1661 1187">
    <p class='ocr_par' dir='ltr' id='par_1_85' title="bbox 878 1148 1661 1187">
     <span class='ocr_line' id='line_1_86' title="bbox 878 1148 1661 1187; baseline 0.003 -12"><span class='ocrx_word' id='word_1_629' title='bbox 878 1148 978 1175; x_wconf 87' lang='lat' dir='ltr'><strong>Tamen</strong></span> <span class='ocrx_word' id='word_1_630' title='bbox 1002 1149 1099 1183; x_wconf 88' lang='lat' dir='ltr'><strong>quibus</strong></span> <span class='ocrx_word' id='word_1_631' title='bbox 1120 1150 1195 1176; x_wconf 80' lang='lat' dir='ltr'><strong>cordi</strong></span> <span class='ocrx_word' id='word_1_632' title='bbox 1211 1154 1252 1175; x_wconf 89' lang='lat' dir='ltr'><strong>est</strong></span> <span class='ocrx_word' id='word_1_633' title='bbox 1276 1149 1375 1187; x_wconf 87' lang='lat' dir='ltr'><strong>scripta</strong></span> <span class='ocrx_word' id='word_1_634' title='bbox 1401 1150 1492 1176; x_wconf 81' lang='lat' dir='ltr'><strong>omnia</strong></span> <span class='ocrx_word' id='word_1_635' title='bbox 1520 1150 1615 1177; x_wconf 83' lang='lat' dir='ltr'><strong>ordine</strong></span> <span class='ocrx_word' id='word_1_636' title='bbox 1634 1155 1661 1177; x_wconf 86' lang='lat' dir='ltr'><strong>et</strong></span> 
     </span>
    </p>
   </div>
   <div class='ocr_carea' id='block_1_86' title="bbox 878 1194 1662 1229">
    <p class='ocr_par' dir='ltr' id='par_1_86' title="bbox 878 1194 1662 1229">
     <span class='ocr_line' id='line_1_87' title="bbox 878 1194 1662 1229; baseline 0.004 -9"><span class='ocrx_word' id='word_1_637' title='bbox 878 1199 1004 1221; x_wconf 86' lang='lat' dir='ltr'><strong>accurate</strong></span> <span class='ocrx_word' id='word_1_638' title='bbox 1020 1195 1182 1228; x_wconf 84' lang='lat' dir='ltr'><strong>punderare,</strong></span> <span class='ocrx_word' id='word_1_639' title='bbox 1200 1195 1217 1221; x_wconf 91' lang='lat' dir='ltr'><strong>ii</strong></span> <span class='ocrx_word' id='word_1_640' title='bbox 1237 1202 1289 1222; x_wconf 88' lang='lat' dir='ltr'><strong>non</strong></span> <span class='ocrx_word' id='word_1_641' title='bbox 1310 1194 1389 1221; x_wconf 82' lang='lat' dir='ltr'><strong>modo</strong></span> <span class='ocrx_word' id='word_1_642' title='bbox 1411 1196 1599 1229; x_wconf 83' lang='lat' dir='ltr'><strong>antiquitatem</strong></span> <span class='ocrx_word' id='word_1_643' title='bbox 1614 1204 1662 1224; x_wconf 89' lang='lat' dir='ltr'><strong>eo-</strong></span> 
     </span>
    </p>
   </div>
   <div class='ocr_carea' id='block_1_87' title="bbox 879 1239 1660 1274">
    <p class='ocr_par' dir='ltr' id='par_1_87' title="bbox 879 1239 1660 1274">
     <span class='ocr_line' id='line_1_88' title="bbox 879 1239 1660 1274; baseline 0.003 -9"><span class='ocrx_word' id='word_1_644' title='bbox 879 1246 941 1265; x_wconf 86' lang='lat' dir='ltr'><strong>rum</strong></span> <span class='ocrx_word' id='word_1_645' title='bbox 950 1239 995 1273; x_wconf 91' lang='lat' dir='ltr'><strong>qui</strong></span> <span class='ocrx_word' id='word_1_646' title='bbox 1010 1239 1066 1266; x_wconf 73' lang='lat' dir='ltr'><strong>haec</strong></span> <span class='ocrx_word' id='word_1_647' title='bbox 1083 1240 1260 1274; x_wconf 84' lang='lat' dir='ltr'><strong>scripserunt.</strong></span> <span class='ocrx_word' id='word_1_648' title='bbox 1271 1241 1412 1268; x_wconf 73' lang='lat' dir='ltr'><strong>ostendere</strong></span> <span class='ocrx_word' id='word_1_649' title='bbox 1421 1242 1602 1272; x_wconf 87' lang='lat' dir='ltr'><strong>conabuntur,</strong></span> <span class='ocrx_word' id='word_1_650' title='bbox 1614 1241 1660 1268; x_wconf 90' lang='lat' dir='ltr'><strong>sed</strong></span> 
     </span>
    </p>
   </div>
   <div class='ocr_carea' id='block_1_88' title="bbox 878 1285 1662 1322">
    <p class='ocr_par' dir='ltr' id='par_1_88' title="bbox 878 1285 1662 1322">
     <span class='ocr_line' id='line_1_89' title="bbox 878 1285 1662 1322; baseline 0.003 -10"><span class='ocrx_word' id='word_1_651' title='bbox 878 1285 960 1312; x_wconf 90' lang='lat' dir='ltr'><strong>etiam</strong></span> <span class='ocrx_word' id='word_1_652' title='bbox 974 1293 1054 1320; x_wconf 88' lang='lat' dir='ltr'><strong>quam</strong></span> <span class='ocrx_word' id='word_1_653' title='bbox 1071 1286 1163 1320; x_wconf 80' lang='lat' dir='ltr'><strong>gravia</strong></span> <span class='ocrx_word' id='word_1_654' title='bbox 1181 1285 1226 1312; x_wconf 89' lang='lat' dir='ltr'><strong>illa</strong></span> <span class='ocrx_word' id='word_1_655' title='bbox 1246 1286 1300 1313; x_wconf 88' lang='lat' dir='ltr'><strong>sint</strong></span> <span class='ocrx_word' id='word_1_656' title='bbox 1320 1290 1347 1313; x_wconf 89' lang='lat' dir='ltr'><strong>ct</strong></span> <span class='ocrx_word' id='word_1_657' title='bbox 1365 1294 1445 1322; x_wconf 80' lang='lat' dir='ltr'><strong>quant</strong></span> <span class='ocrx_word' id='word_1_658' title='bbox 1468 1292 1531 1322; x_wconf 88' lang='lat' dir='ltr'><strong>apte</strong></span> <span class='ocrx_word' id='word_1_659' title='bbox 1547 1288 1616 1315; x_wconf 89' lang='lat' dir='ltr'><strong>inter</strong></span> <span class='ocrx_word' id='word_1_660' title='bbox 1632 1295 1662 1315; x_wconf 86' lang='lat' dir='ltr'><strong>sc</strong></span> 
     </span>
    </p>
   </div>
   <div class='ocr_carea' id='block_1_89' title="bbox 879 1330 1041 1358">
    <p class='ocr_par' dir='ltr' id='par_1_89' title="bbox 879 1330 1041 1358">
     <span class='ocr_line' id='line_1_90' title="bbox 879 1330 1041 1358; baseline 0.006 -1"><span class='ocrx_word' id='word_1_661' title='bbox 879 1330 1041 1358; x_wconf 62' lang='lat' dir='ltr'><strong>cohaereant.</strong></span> 
     </span>
    </p>
   </div>
   <div class='ocr_carea' id='block_1_90' title="bbox 914 1432 1660 1468">
    <p class='ocr_par' dir='ltr' id='par_1_90' title="bbox 914 1432 1660 1468">
     <span class='ocr_line' id='line_1_91' title="bbox 914 1432 1660 1468; baseline 0.001 -9"><span class='ocrx_word' id='word_1_662' title='bbox 914 1432 959 1459; x_wconf 69' lang='grc' dir='ltr'>Ἥ.</span> <span class='ocrx_word' id='word_1_663' title='bbox 979 1432 1111 1460; x_wconf 64' lang='lat' dir='ltr'><strong>Caeterum</strong></span> <span class='ocrx_word' id='word_1_664' title='bbox 1125 1433 1216 1460; x_wconf 90' lang='lat' dir='ltr'><strong>nescio</strong></span> <span class='ocrx_word' id='word_1_665' title='bbox 1235 1440 1287 1468; x_wconf 88' lang='lat' dir='ltr'><strong>qua</strong></span> <span class='ocrx_word' id='word_1_666' title='bbox 1300 1440 1380 1460; x_wconf 87' lang='lat' dir='ltr'><strong>causa</strong></span> <span class='ocrx_word' id='word_1_667' title='bbox 1391 1433 1473 1460; x_wconf 88' lang='lat' dir='ltr'><strong>turris</strong></span> <span class='ocrx_word' id='word_1_668' title='bbox 1492 1432 1660 1460; x_wconf 82' lang='lat' dir='ltr'><strong>eversionem</strong></span> 
     </span>
    </p>
   </div>
   <div class='ocr_carea' id='block_1_91' title="bbox 877 1477 1662 1513">
    <p class='ocr_par' dir='ltr' id='par_1_91' title="bbox 877 1477 1662 1513">
     <span class='ocr_line' id='line_1_92' title="bbox 877 1477 1662 1513; baseline 0.001 -9"><span class='ocrx_word' id='word_1_669' title='bbox 877 1477 980 1513; x_wconf 86' lang='lat' dir='ltr'><strong>judicet</strong></span> <span class='ocrx_word' id='word_1_670' title='bbox 994 1485 1055 1505; x_wconf 90' lang='lat' dir='ltr'><strong>esse</strong></span> <span class='ocrx_word' id='word_1_671' title='bbox 1071 1479 1186 1506; x_wconf 86' lang='lat' dir='ltr'><strong>similem</strong></span> <span class='ocrx_word' id='word_1_672' title='bbox 1216 1479 1327 1512; x_wconf 88' lang='lat' dir='ltr'><strong>diluvio,</strong></span> <span class='ocrx_word' id='word_1_673' title='bbox 1340 1486 1394 1512; x_wconf 77' lang='lat' dir='ltr'><strong>quo</strong></span> <span class='ocrx_word' id='word_1_674' title='bbox 1422 1483 1522 1505; x_wconf 85' lang='lat' dir='ltr'><strong>terram</strong></span> <span class='ocrx_word' id='word_1_675' title='bbox 1538 1478 1621 1506; x_wconf 66' lang='lat' dir='ltr'><strong>Juduai</strong></span> <span class='ocrx_word' id='word_1_676' title='bbox 1634 1483 1662 1505; x_wconf 87' lang='lat' dir='ltr'><strong>et</strong></span> 
     </span>
    </p>
   </div>
   <div class='ocr_carea' id='block_1_92' title="bbox 879 1520 1661 1558">
    <p class='ocr_par' dir='ltr' id='par_1_92' title="bbox 879 1520 1661 1558">
     <span class='ocr_line' id='line_1_93' title="bbox 879 1520 1661 1558; baseline -0.003 -9"><span class='ocrx_word' id='word_1_677' title='bbox 879 1523 1025 1550; x_wconf 87' lang='lat' dir='ltr'><strong>Christiani</strong></span> <span class='ocrx_word' id='word_1_678' title='bbox 1039 1527 1179 1558; x_wconf 78' lang='lat' dir='ltr'><strong>purgatam</strong></span> <span class='ocrx_word' id='word_1_679' title='bbox 1192 1522 1339 1549; x_wconf 87' lang='lat' dir='ltr'><strong>allirmant.</strong></span> <span class='ocrx_word' id='word_1_680' title='bbox 1354 1522 1387 1549; x_wconf 89' lang='lat' dir='ltr'><strong>Ut</strong></span> <span class='ocrx_word' id='word_1_681' title='bbox 1397 1522 1469 1549; x_wconf 87' lang='lat' dir='ltr'><strong>enim</strong></span> <span class='ocrx_word' id='word_1_682' title='bbox 1482 1521 1548 1548; x_wconf 91' lang='lat' dir='ltr'><strong>nihil</strong></span> <span class='ocrx_word' id='word_1_683' title='bbox 1562 1520 1661 1548; x_wconf 87' lang='lat' dir='ltr'><strong>occulti</strong></span> 
     </span>
    </p>
   </div>
   <div class='ocr_carea' id='block_1_93' title="bbox 879 1566 1660 1599">
    <p class='ocr_par' dir='ltr' id='par_1_93' title="bbox 879 1566 1660 1599">
     <span class='ocr_line' id='line_1_94' title="bbox 879 1566 1660 1599; baseline -0.003 -5"><span class='ocrx_word' id='word_1_684' title='bbox 879 1567 979 1595; x_wconf 86' lang='lat' dir='ltr'><strong>indicet</strong></span> <span class='ocrx_word' id='word_1_685' title='bbox 994 1572 1104 1594; x_wconf 85' lang='lat' dir='ltr'><strong>narrata</strong></span> <span class='ocrx_word' id='word_1_686' title='bbox 1121 1567 1146 1594; x_wconf 92' lang='lat' dir='ltr'><strong>in</strong></span> <span class='ocrx_word' id='word_1_687' title='bbox 1159 1567 1256 1594; x_wconf 79' lang='lat' dir='ltr'><strong>Genesi</strong></span> <span class='ocrx_word' id='word_1_688' title='bbox 1275 1567 1357 1594; x_wconf 84' lang='lat' dir='ltr'><strong>turris</strong></span> <span class='ocrx_word' id='word_1_689' title='bbox 1370 1567 1441 1594; x_wconf 90' lang='lat' dir='ltr'><strong>illius</strong></span> <span class='ocrx_word' id='word_1_690' title='bbox 1454 1567 1567 1594; x_wconf 84' lang='lat' dir='ltr'><strong>historia</strong></span> <span class='ocrx_word' id='word_1_691' title='bbox 1580 1566 1613 1599; x_wconf 82' lang='lat'><strong>&#39;°,</strong></span> <span class='ocrx_word' id='word_1_692' title='bbox 1623 1571 1660 1596; x_wconf 83' lang='lat' dir='ltr'><strong>et.</strong></span> 
     </span>
    </p>
   </div>
   <div class='ocr_carea' id='block_1_94' title="bbox 878 1613 1661 1648">
    <p class='ocr_par' dir='ltr' id='par_1_94' title="bbox 878 1613 1661 1648">
     <span class='ocr_line' id='line_1_95' title="bbox 878 1613 1661 1648; baseline -0.004 -8"><span class='ocrx_word' id='word_1_693' title='bbox 878 1618 907 1639; x_wconf 86' lang='lat' dir='ltr'><strong>ut</strong></span> <span class='ocrx_word' id='word_1_694' title='bbox 927 1614 984 1648; x_wconf 88' lang='lat' dir='ltr'><strong>ipse</strong></span> <span class='ocrx_word' id='word_1_695' title='bbox 1010 1613 1160 1644; x_wconf 81' lang='lat' dir='ltr'><strong>existimat,</strong></span> <span class='ocrx_word' id='word_1_696' title='bbox 1187 1614 1329 1648; x_wconf 87' lang='lat' dir='ltr'><strong>perspicua</strong></span> <span class='ocrx_word' id='word_1_697' title='bbox 1354 1613 1407 1645; x_wconf 89' lang='lat' dir='ltr'><strong>sit;</strong></span> <span class='ocrx_word' id='word_1_698' title='bbox 1431 1620 1484 1640; x_wconf 90' lang='lat' dir='ltr'><strong>non</strong></span> <span class='ocrx_word' id='word_1_699' title='bbox 1511 1613 1547 1639; x_wconf 88' lang='lat' dir='ltr'><strong>ita</strong></span> <span class='ocrx_word' id='word_1_700' title='bbox 1571 1616 1661 1638; x_wconf 81' lang='lat' dir='ltr'><strong>tamen</strong></span> 
     </span>
    </p>
   </div>
   <div class='ocr_carea' id='block_1_95' title="bbox 877 1656 1660 1692">
    <p class='ocr_par' dir='ltr' id='par_1_95' title="bbox 877 1656 1660 1692">
     <span class='ocr_line' id='line_1_96' title="bbox 877 1656 1660 1692; baseline -0.001 -8"><span class='ocrx_word' id='word_1_701' title='bbox 877 1657 988 1684; x_wconf 81' lang='lat' dir='ltr'><strong>evidens</strong></span> <span class='ocrx_word' id='word_1_702' title='bbox 1014 1662 1057 1684; x_wconf 91' lang='lat' dir='ltr'><strong>est</strong></span> <span class='ocrx_word' id='word_1_703' title='bbox 1086 1658 1111 1684; x_wconf 88' lang='lat' dir='ltr'><strong>id</strong></span> <span class='ocrx_word' id='word_1_704' title='bbox 1127 1657 1159 1684; x_wconf 84' lang='lat' dir='ltr'><strong>atl</strong></span> <span class='ocrx_word' id='word_1_705' title='bbox 1181 1656 1347 1692; x_wconf 76' lang='lat' dir='ltr'><strong>purgandum</strong></span> <span class='ocrx_word' id='word_1_706' title='bbox 1377 1661 1477 1683; x_wconf 87' lang='lat' dir='ltr'><strong>terram</strong></span> <span class='ocrx_word' id='word_1_707' title='bbox 1507 1656 1660 1684; x_wconf 85' lang='lat' dir='ltr'><strong>accidisse:</strong></span> 
     </span>
    </p>
   </div>
   <div class='ocr_carea' id='block_1_96' title="bbox 877 1703 1663 1738">
    <p class='ocr_par' dir='ltr' id='par_1_96' title="bbox 877 1703 1663 1738">
     <span class='ocr_line' id='line_1_97' title="bbox 877 1703 1663 1738; baseline -0.001 -8"><span class='ocrx_word' id='word_1_708' title='bbox 877 1704 928 1730; x_wconf 89' lang='lat' dir='ltr'><strong>nisi</strong></span> <span class='ocrx_word' id='word_1_709' title='bbox 942 1703 1013 1730; x_wconf 82' lang='lat' dir='ltr'><strong>forte</strong></span> <span class='ocrx_word' id='word_1_710' title='bbox 1028 1704 1061 1730; x_wconf 81' lang='lat' dir='ltr'><strong>ad</strong></span> <span class='ocrx_word' id='word_1_711' title='bbox 1079 1708 1158 1731; x_wconf 63' lang='lat' dir='ltr'><strong>terra:</strong></span> <span class='ocrx_word' id='word_1_712' title='bbox 1183 1703 1373 1738; x_wconf 74' lang='lat' dir='ltr'><strong>purgationem</strong></span> <span class='ocrx_word' id='word_1_713' title='bbox 1393 1704 1452 1730; x_wconf 90' lang='lat' dir='ltr'><strong>usui</strong></span> <span class='ocrx_word' id='word_1_714' title='bbox 1481 1703 1564 1730; x_wconf 81' lang='lat' dir='ltr'><strong>fuisse</strong></span> <span class='ocrx_word' id='word_1_715' title='bbox 1587 1707 1663 1737; x_wconf 84' lang='lat' dir='ltr'><strong>putet</strong></span> 
     </span>
    </p>
   </div>
   <div class='ocr_carea' id='block_1_97' title="bbox 878 1749 1661 1784">
    <p class='ocr_par' dir='ltr' id='par_1_97' title="bbox 878 1749 1661 1784">
     <span class='ocr_line' id='line_1_98' title="bbox 878 1749 1661 1784; baseline 0 -9"><span class='ocrx_word' id='word_1_716' title='bbox 878 1749 1030 1784; x_wconf 75' lang='lat' dir='ltr'><strong>linguarum</strong></span> <span class='ocrx_word' id='word_1_717' title='bbox 1048 1749 1232 1776; x_wconf 81' lang='lat' dir='ltr'><strong>confusionem</strong></span> <span class='ocrx_word' id='word_1_718' title='bbox 1244 1749 1284 1781; x_wconf 81' lang='lat'>“;</span> <span class='ocrx_word' id='word_1_719' title='bbox 1304 1749 1337 1775; x_wconf 89' lang='lat' dir='ltr'><strong>de</strong></span> <span class='ocrx_word' id='word_1_720' title='bbox 1352 1756 1404 1783; x_wconf 94' lang='lat' dir='ltr'><strong>qua</strong></span> <span class='ocrx_word' id='word_1_721' title='bbox 1420 1750 1515 1776; x_wconf 88' lang='lat' dir='ltr'><strong>doctus</strong></span> <span class='ocrx_word' id='word_1_722' title='bbox 1527 1749 1661 1783; x_wconf 81' lang='lat' dir='ltr'><strong>quispiam</strong></span> 
     </span>
    </p>
   </div>
   <div class='ocr_carea' id='block_1_98' title="bbox 878 1794 1662 1829">
    <p class='ocr_par' dir='ltr' id='par_1_98' title="bbox 878 1794 1662 1829">
     <span class='ocr_line' id='line_1_99' title="bbox 878 1794 1662 1829; baseline -0.001 -7"><span class='ocrx_word' id='word_1_723' title='bbox 878 1795 1083 1822; x_wconf 84' lang='lat' dir='ltr'><strong>convenientius</strong></span> <span class='ocrx_word' id='word_1_724' title='bbox 1099 1799 1172 1828; x_wconf 81' lang='lat' dir='ltr'><strong>aget,</strong></span> <span class='ocrx_word' id='word_1_725' title='bbox 1196 1801 1257 1821; x_wconf 92' lang='lat' dir='ltr'><strong>cum</strong></span> <span class='ocrx_word' id='word_1_726' title='bbox 1281 1795 1332 1820; x_wconf 92' lang='lat' dir='ltr'><strong>sibi</strong></span> <span class='ocrx_word' id='word_1_727' title='bbox 1356 1798 1490 1829; x_wconf 87' lang='lat' dir='ltr'><strong>proponet</strong></span> <span class='ocrx_word' id='word_1_728' title='bbox 1517 1794 1662 1821; x_wconf 82' lang='lat' dir='ltr'><strong>ostendere</strong></span> 
     </span>
    </p>
   </div>
   <div class='ocr_carea' id='block_1_99' title="bbox 878 1831 1663 1874">
    <p class='ocr_par' dir='ltr' id='par_1_99' title="bbox 878 1831 1663 1874">
     <span class='ocr_line' id='line_1_100' title="bbox 878 1831 1663 1874; baseline -0.001 -7"><span class='ocrx_word' id='word_1_729' title='bbox 878 1845 904 1867; x_wconf 90' lang='lat' dir='ltr'><strong>et</strong></span> <span class='ocrx_word' id='word_1_730' title='bbox 917 1840 981 1874; x_wconf 79' lang='lat' dir='ltr'><strong>quid</strong></span> <span class='ocrx_word' id='word_1_731' title='bbox 995 1839 1046 1866; x_wconf 89' lang='lat' dir='ltr'><strong>sibi</strong></span> <span class='ocrx_word' id='word_1_732' title='bbox 1063 1839 1128 1866; x_wconf 86' lang='lat' dir='ltr'><strong>velit</strong></span> <span class='ocrx_word' id='word_1_733' title='bbox 1153 1840 1210 1866; x_wconf 71' lang='lat' dir='ltr'><strong>hmc</strong></span> <span class='ocrx_word' id='word_1_734' title='bbox 1240 1839 1355 1866; x_wconf 89' lang='lat' dir='ltr'><strong>historia</strong></span> <span class='ocrx_word' id='word_1_735' title='bbox 1371 1839 1450 1865; x_wconf 92' lang='lat' dir='ltr'><strong>obvio</strong></span> <span class='ocrx_word' id='word_1_736' title='bbox 1466 1846 1546 1865; x_wconf 89' lang='lat' dir='ltr'><strong>sensu</strong></span> <span class='ocrx_word' id='word_1_737' title='bbox 1583 1831 1663 1866; x_wconf 85' lang='lat' dir='ltr'><strong>acce-</strong></span> 
     </span>
    </p>
   </div>
   <div class='ocr_carea' id='block_1_100' title="bbox 877 1884 1661 1919">
    <p class='ocr_par' dir='ltr' id='par_1_100' title="bbox 877 1884 1661 1919">
     <span class='ocr_line' id='line_1_101' title="bbox 877 1884 1661 1919; baseline -0.001 -8"><span class='ocrx_word' id='word_1_738' title='bbox 877 1890 937 1919; x_wconf 78' lang='lat' dir='ltr'><strong>pta,</strong></span> <span class='ocrx_word' id='word_1_739' title='bbox 963 1889 990 1911; x_wconf 84' lang='lat' dir='ltr'><strong>et</strong></span> <span class='ocrx_word' id='word_1_740' title='bbox 1012 1886 1044 1911; x_wconf 89' lang='lat' dir='ltr'><strong>ad</strong></span> <span class='ocrx_word' id='word_1_741' title='bbox 1056 1885 1119 1918; x_wconf 92' lang='lat' dir='ltr'><strong>quid</strong></span> <span class='ocrx_word' id='word_1_742' title='bbox 1142 1885 1269 1912; x_wconf 87' lang='lat' dir='ltr'><strong>arcanius</strong></span> <span class='ocrx_word' id='word_1_743' title='bbox 1295 1884 1389 1911; x_wconf 80' lang='lat' dir='ltr'><strong>referri</strong></span> <span class='ocrx_word' id='word_1_744' title='bbox 1403 1884 1509 1911; x_wconf 87' lang='lat' dir='ltr'><strong>debeat.</strong></span> <span class='ocrx_word' id='word_1_745' title='bbox 1527 1884 1661 1917; x_wconf 82' lang='lat' dir='ltr'><strong>Quoniam</strong></span> 
     </span>
    </p>
   </div>
   <div class='ocr_carea' id='block_1_101' title="bbox 878 1929 1661 1964">
    <p class='ocr_par' dir='ltr' id='par_1_101' title="bbox 878 1929 1661 1964">
     <span class='ocr_line' id='line_1_102' title="bbox 878 1929 1661 1964; baseline 0.001 -9"><span class='ocrx_word' id='word_1_746' title='bbox 878 1929 958 1964; x_wconf 76' lang='lat'><strong>515</strong></span> <span class='ocrx_word' id='word_1_747' title='bbox 970 1937 1033 1956; x_wconf 89' lang='lat' dir='ltr'><strong>vero</strong></span> <span class='ocrx_word' id='word_1_748' title='bbox 1046 1929 1139 1956; x_wconf 86' lang='lat' dir='ltr'><strong>Celsus</strong></span> <span class='ocrx_word' id='word_1_749' title='bbox 1154 1929 1240 1957; x_wconf 86' lang='lat' dir='ltr'><strong>credit</strong></span> <span class='ocrx_word' id='word_1_750' title='bbox 1251 1936 1285 1956; x_wconf 82' lang='lat' dir='ltr'><strong>ex</strong></span> <span class='ocrx_word' id='word_1_751' title='bbox 1301 1929 1446 1963; x_wconf 78' lang='lat' dir='ltr'><strong>depravata</strong></span> <span class='ocrx_word' id='word_1_752' title='bbox 1458 1929 1573 1956; x_wconf 75' lang='lat' dir='ltr'><strong>filiorum</strong></span> <span class='ocrx_word' id='word_1_753' title='bbox 1586 1929 1661 1956; x_wconf 77' lang='grc' dir='ltr'><strong>ΑΙοοὶ</strong></span> 
     </span>
    </p>
   </div>
   <div class='ocr_carea' id='block_1_102' title="bbox 879 1974 1663 2009">
    <p class='ocr_par' dir='ltr' id='par_1_102' title="bbox 879 1974 1663 2009">
     <span class='ocr_line' id='line_1_103' title="bbox 879 1974 1663 2009; baseline -0.003 -8"><span class='ocrx_word' id='word_1_754' title='bbox 879 1974 992 2001; x_wconf 86' lang='lat' dir='ltr'><strong>historia</strong></span> <span class='ocrx_word' id='word_1_755' title='bbox 1015 1975 1162 2008; x_wconf 85' lang='lat' dir='ltr'><strong>sumpsisse</strong></span> <span class='ocrx_word' id='word_1_756' title='bbox 1183 1974 1311 2009; x_wconf 84' lang='lat' dir='ltr'><strong>Moysem,</strong></span> <span class='ocrx_word' id='word_1_757' title='bbox 1327 1981 1387 2008; x_wconf 64' lang='lat' dir='ltr'><strong>quae</strong></span> <span class='ocrx_word' id='word_1_758' title='bbox 1400 1975 1432 2000; x_wconf 80' lang='lat' dir='ltr'><strong>de</strong></span> <span class='ocrx_word' id='word_1_759' title='bbox 1443 1975 1507 2000; x_wconf 91' lang='lat' dir='ltr'><strong>turri</strong></span> <span class='ocrx_word' id='word_1_760' title='bbox 1522 1979 1548 2001; x_wconf 85' lang='lat' dir='ltr'><strong>et</strong></span> <span class='ocrx_word' id='word_1_761' title='bbox 1559 1974 1663 2009; x_wconf 83' lang='lat' dir='ltr'><strong>lingua-</strong></span> 
     </span>
    </p>
   </div>
   <div class='ocr_carea' id='block_1_103' title="bbox 879 2019 1662 2053">
    <p class='ocr_par' dir='ltr' id='par_1_103' title="bbox 879 2019 1662 2053">
     <span class='ocr_line' id='line_1_104' title="bbox 879 2019 1662 2053; baseline -0.003 -7"><span class='ocrx_word' id='word_1_762' title='bbox 879 2028 940 2046; x_wconf 90' lang='lat' dir='ltr'><strong>rum</strong></span> <span class='ocrx_word' id='word_1_763' title='bbox 957 2019 1116 2047; x_wconf 80' lang='lat' dir='ltr'><strong>confusione</strong></span> <span class='ocrx_word' id='word_1_764' title='bbox 1134 2020 1308 2052; x_wconf 86' lang='lat' dir='ltr'><strong>memoravit,</strong></span> <span class='ocrx_word' id='word_1_765' title='bbox 1325 2020 1469 2046; x_wconf 86' lang='lat' dir='ltr'><strong>dicendum</strong></span> <span class='ocrx_word' id='word_1_766' title='bbox 1486 2019 1586 2046; x_wconf 92' lang='lat' dir='ltr'><strong>nullam</strong></span> <span class='ocrx_word' id='word_1_767' title='bbox 1601 2020 1662 2053; x_wconf 90' lang='lat' dir='ltr'><strong>qui-</strong></span> 
     </span>
    </p>
   </div>
   <div class='ocr_carea' id='block_1_104' title="bbox 877 2064 1661 2092">
    <p class='ocr_par' dir='ltr' id='par_1_104' title="bbox 877 2064 1661 2092">
     <span class='ocr_line' id='line_1_105' title="bbox 877 2064 1661 2092; baseline -0.003 0"><span class='ocrx_word' id='word_1_768' title='bbox 877 2065 938 2092; x_wconf 88' lang='lat' dir='ltr'><strong>dem</strong></span> <span class='ocrx_word' id='word_1_769' title='bbox 954 2065 987 2092; x_wconf 87' lang='lat' dir='ltr'><strong>ab</strong></span> <span class='ocrx_word' id='word_1_770' title='bbox 1005 2065 1060 2092; x_wconf 91' lang='lat' dir='ltr'><strong>ullo</strong></span> <span class='ocrx_word' id='word_1_771' title='bbox 1076 2069 1138 2092; x_wconf 85' lang='lat' dir='ltr'><strong>ante</strong></span> <span class='ocrx_word' id='word_1_772' title='bbox 1151 2064 1298 2092; x_wconf 86' lang='lat' dir='ltr'><strong>Homerum</strong></span> <span class='ocrx_word' id='word_1_773' title='bbox 1319 2064 1418 2091; x_wconf 79' lang='lat' dir='ltr'><strong>factam</strong></span> <span class='ocrx_word' id='word_1_774' title='bbox 1438 2065 1521 2091; x_wconf 79' lang='lat' dir='ltr'><strong>fuisse</strong></span> <span class='ocrx_word' id='word_1_775' title='bbox 1543 2065 1575 2090; x_wconf 89' lang='lat' dir='ltr'><strong>de</strong></span> <span class='ocrx_word' id='word_1_776' title='bbox 1599 2064 1661 2090; x_wconf 83' lang='lat' dir='ltr'><strong>ﬁliis</strong></span> 
     </span>
    </p>
   </div>
   <div class='ocr_carea' id='block_1_105' title="bbox 877 2110 1659 2143">
    <p class='ocr_par' dir='ltr' id='par_1_105' title="bbox 877 2110 1659 2143">
     <span class='ocr_line' id='line_1_106' title="bbox 877 2110 1659 2143; baseline -0.003 -5"><span class='ocrx_word' id='word_1_777' title='bbox 877 2111 954 2139; x_wconf 87' lang='lat' dir='ltr'><strong>Aloei</strong></span> <span class='ocrx_word' id='word_1_778' title='bbox 982 2111 1176 2143; x_wconf 87' lang='lat' dir='ltr'><strong>mentionem;</strong></span> <span class='ocrx_word' id='word_1_779' title='bbox 1204 2115 1231 2137; x_wconf 89' lang='lat' dir='ltr'><strong>at</strong></span> <span class='ocrx_word' id='word_1_780' title='bbox 1258 2111 1341 2137; x_wconf 89' lang='lat' dir='ltr'><strong>turris</strong></span> <span class='ocrx_word' id='word_1_781' title='bbox 1367 2110 1508 2137; x_wconf 86' lang='lat' dir='ltr'><strong>historiam</strong></span> <span class='ocrx_word' id='word_1_782' title='bbox 1534 2110 1618 2137; x_wconf 80' lang='lat' dir='ltr'><strong>fuisse</strong></span> <span class='ocrx_word' id='word_1_783' title='bbox 1646 2118 1659 2135; x_wconf 90' lang='lat' dir='ltr'><strong>a</strong></span> 
     </span>
    </p>
   </div>
   <div class='ocr_carea' id='block_1_106' title="bbox 877 2155 1660 2193">
    <p class='ocr_par' dir='ltr' id='par_1_106' title="bbox 877 2155 1660 2193">
     <span class='ocr_line' id='line_1_107' title="bbox 877 2155 1660 2193; baseline -0.003 -9"><span class='ocrx_word' id='word_1_784' title='bbox 877 2157 971 2193; x_wconf 80' lang='lat' dir='ltr'><strong>Moyse</strong></span> <span class='ocrx_word' id='word_1_785' title='bbox 997 2157 1199 2191; x_wconf 84' lang='lat' dir='ltr'><strong>conscriptam,</strong></span> <span class='ocrx_word' id='word_1_786' title='bbox 1228 2164 1307 2190; x_wconf 91' lang='lat' dir='ltr'><strong>quem</strong></span> <span class='ocrx_word' id='word_1_787' title='bbox 1340 2164 1393 2183; x_wconf 94' lang='lat' dir='ltr'><strong>non</strong></span> <span class='ocrx_word' id='word_1_788' title='bbox 1411 2155 1497 2183; x_wconf 88' lang='lat' dir='ltr'><strong>solum</strong></span> <span class='ocrx_word' id='word_1_789' title='bbox 1523 2156 1660 2187; x_wconf 86' lang='lat' dir='ltr'><strong>llomcro,</strong></span> 
     </span>
    </p>
   </div>
   <div class='ocr_carea' id='block_1_107' title="bbox 878 2200 1661 2231">
    <p class='ocr_par' dir='ltr' id='par_1_107' title="bbox 878 2200 1661 2231">
     <span class='ocr_line' id='line_1_108' title="bbox 878 2200 1661 2231; baseline -0.005 -1"><span class='ocrx_word' id='word_1_790' title='bbox 878 2203 924 2231; x_wconf 84' lang='lat' dir='ltr'><strong>sed</strong></span> <span class='ocrx_word' id='word_1_791' title='bbox 949 2202 1029 2229; x_wconf 87' lang='lat' dir='ltr'><strong>etiam</strong></span> <span class='ocrx_word' id='word_1_792' title='bbox 1052 2202 1206 2229; x_wconf 85' lang='lat' dir='ltr'><strong>litterarum</strong></span> <span class='ocrx_word' id='word_1_793' title='bbox 1229 2201 1386 2228; x_wconf 70' lang='lat' dir='ltr'><strong>Grmcarum</strong></span> <span class='ocrx_word' id='word_1_794' title='bbox 1408 2201 1564 2229; x_wconf 87' lang='lat' dir='ltr'><strong>inventione</strong></span> <span class='ocrx_word' id='word_1_795' title='bbox 1589 2200 1661 2227; x_wconf 89' lang='lat' dir='ltr'><strong>anti-</strong></span> 
     </span>
    </p>
   </div>
   <div class='ocr_carea' id='block_1_108' title="bbox 878 2245 1660 2283">
    <p class='ocr_par' dir='ltr' id='par_1_108' title="bbox 878 2245 1660 2283">
     <span class='ocr_line' id='line_1_109' title="bbox 878 2245 1660 2283; baseline -0.003 -9"><span class='ocrx_word' id='word_1_796' title='bbox 878 2249 1000 2283; x_wconf 88' lang='lat' dir='ltr'><strong>quiorem</strong></span> <span class='ocrx_word' id='word_1_797' title='bbox 1018 2255 1078 2275; x_wconf 85' lang='lat' dir='ltr'><strong>esse</strong></span> <span class='ocrx_word' id='word_1_798' title='bbox 1095 2247 1161 2274; x_wconf 91' lang='lat' dir='ltr'><strong>mihi</strong></span> <span class='ocrx_word' id='word_1_799' title='bbox 1179 2254 1339 2282; x_wconf 86' lang='lat' dir='ltr'><strong>persuasum</strong></span> <span class='ocrx_word' id='word_1_800' title='bbox 1358 2252 1410 2274; x_wconf 87' lang='lat' dir='ltr'><strong>est.</strong></span> <span class='ocrx_word' id='word_1_801' title='bbox 1429 2247 1496 2275; x_wconf 83' lang='lat' dir='ltr'><strong>Uter</strong></span> <span class='ocrx_word' id='word_1_802' title='bbox 1518 2247 1600 2281; x_wconf 79' lang='lat' dir='ltr'><strong>igitur</strong></span> <span class='ocrx_word' id='word_1_803' title='bbox 1620 2245 1660 2273; x_wconf 87' lang='lat' dir='ltr'><strong>al-</strong></span> 
     </span>
    </p>
   </div>
   <div class='ocr_carea' id='block_1_109' title="bbox 878 2293 1660 2328">
    <p class='ocr_par' dir='ltr' id='par_1_109' title="bbox 878 2293 1660 2328">
     <span class='ocr_line' id='line_1_110' title="bbox 878 2293 1660 2328; baseline -0.004 -7"><span class='ocrx_word' id='word_1_804' title='bbox 878 2294 963 2321; x_wconf 88' lang='lat' dir='ltr'><strong>terius</strong></span> <span class='ocrx_word' id='word_1_805' title='bbox 988 2293 1089 2328; x_wconf 85' lang='lat' dir='ltr'><strong>scripta</strong></span> <span class='ocrx_word' id='word_1_806' title='bbox 1116 2293 1294 2327; x_wconf 79' lang='lat' dir='ltr'><strong>depravavit?</strong></span> <span class='ocrx_word' id='word_1_807' title='bbox 1318 2293 1476 2327; x_wconf 83' lang='lat' dir='ltr'><strong>Scriptorne</strong></span> <span class='ocrx_word' id='word_1_808' title='bbox 1503 2293 1660 2319; x_wconf 79' lang='lat' dir='ltr'><strong>Aloidarum</strong></span> 
     </span>
    </p>
   </div>
   <div class='ocr_carea' id='block_1_110' title="bbox 878 2338 1661 2373">
    <p class='ocr_par' dir='ltr' id='par_1_110' title="bbox 878 2338 1661 2373">
     <span class='ocr_line' id='line_1_111' title="bbox 878 2338 1661 2373; baseline -0.004 -6"><span class='ocrx_word' id='word_1_809' title='bbox 878 2340 977 2367; x_wconf 74' lang='lat' dir='ltr'><strong>fabula:</strong></span> <span class='ocrx_word' id='word_1_810' title='bbox 994 2340 1136 2367; x_wconf 87' lang='lat' dir='ltr'><strong>historiam</strong></span> <span class='ocrx_word' id='word_1_811' title='bbox 1161 2339 1268 2366; x_wconf 81' lang='lat' dir='ltr'><strong>turris?</strong></span> <span class='ocrx_word' id='word_1_812' title='bbox 1286 2338 1327 2365; x_wconf 82' lang='lat' dir='ltr'><strong>An</strong></span> <span class='ocrx_word' id='word_1_813' title='bbox 1345 2339 1368 2365; x_wconf 82' lang='lat' dir='ltr'><strong>is</strong></span> <span class='ocrx_word' id='word_1_814' title='bbox 1384 2338 1428 2373; x_wconf 92' lang='lat' dir='ltr'><strong>qui</strong></span> <span class='ocrx_word' id='word_1_815' title='bbox 1442 2339 1474 2365; x_wconf 86' lang='lat' dir='ltr'><strong>de</strong></span> <span class='ocrx_word' id='word_1_816' title='bbox 1490 2339 1557 2365; x_wconf 88' lang='lat' dir='ltr'><strong>turri</strong></span> <span class='ocrx_word' id='word_1_817' title='bbox 1571 2343 1598 2365; x_wconf 91' lang='lat' dir='ltr'><strong>et.</strong></span> <span class='ocrx_word' id='word_1_818' title='bbox 1610 2338 1661 2364; x_wconf 85' lang='lat' dir='ltr'><strong>lin-</strong></span> 
     </span>
    </p>
   </div>
   <div class='ocr_carea' id='block_1_111' title="bbox 878 2383 1660 2421">
    <p class='ocr_par' dir='ltr' id='par_1_111' title="bbox 878 2383 1660 2421">
     <span class='ocr_line' id='line_1_112' title="bbox 878 2383 1660 2421; baseline -0.001 -10"><span class='ocrx_word' id='word_1_819' title='bbox 878 2393 992 2421; x_wconf 77' lang='lat' dir='ltr'><strong>gnarum</strong></span> <span class='ocrx_word' id='word_1_820' title='bbox 1018 2385 1178 2412; x_wconf 80' lang='lat' dir='ltr'><strong>confusione</strong></span> <span class='ocrx_word' id='word_1_821' title='bbox 1202 2385 1331 2418; x_wconf 78' lang='lat' dir='ltr'><strong>scripsit,</strong></span> <span class='ocrx_word' id='word_1_822' title='bbox 1346 2383 1501 2410; x_wconf 80' lang='lat' dir='ltr'><strong>Aloidarum</strong></span> <span class='ocrx_word' id='word_1_823' title='bbox 1524 2383 1660 2410; x_wconf 80' lang='lat' dir='ltr'><strong>fabulam?</strong></span> 
     </span>
    </p>
   </div>
   <div class='ocr_carea' id='block_1_112' title="bbox 877 2429 1660 2465">
    <p class='ocr_par' dir='ltr' id='par_1_112' title="bbox 877 2429 1660 2465">
     <span class='ocr_line' id='line_1_113' title="bbox 877 2429 1660 2465; baseline -0.003 -7"><span class='ocrx_word' id='word_1_824' title='bbox 877 2431 913 2458; x_wconf 87' lang='lat' dir='ltr'><strong>At</strong></span> <span class='ocrx_word' id='word_1_825' title='bbox 928 2438 1005 2457; x_wconf 88' lang='lat' dir='ltr'><strong>nemo</strong></span> <span class='ocrx_word' id='word_1_826' title='bbox 1022 2438 1114 2465; x_wconf 67' lang='lat' dir='ltr'><strong>quus</strong></span> <span class='ocrx_word' id='word_1_827' title='bbox 1129 2438 1181 2458; x_wconf 91' lang='lat' dir='ltr'><strong>non</strong></span> <span class='ocrx_word' id='word_1_828' title='bbox 1196 2431 1322 2465; x_wconf 75' lang='lat' dir='ltr'><strong>agnoscit</strong></span> <span class='ocrx_word' id='word_1_829' title='bbox 1336 2430 1453 2465; x_wconf 85' lang='lat' dir='ltr'><strong>Moysem</strong></span> <span class='ocrx_word' id='word_1_830' title='bbox 1468 2436 1527 2457; x_wconf 80' lang='lat' dir='ltr'><strong>esse</strong></span> <span class='ocrx_word' id='word_1_831' title='bbox 1543 2429 1660 2456; x_wconf 78' lang='lat' dir='ltr'><strong>llumero</strong></span> 
     </span>
    </p>
   </div>
   <div class='ocr_carea' id='block_1_113' title="bbox 879 2474 1660 2511">
    <p class='ocr_par' dir='ltr' id='par_1_113' title="bbox 879 2474 1660 2511">
     <span class='ocr_line' id='line_1_114' title="bbox 879 2474 1660 2511; baseline -0.001 -8"><span class='ocrx_word' id='word_1_832' title='bbox 879 2475 1070 2511; x_wconf 79' lang='lat' dir='ltr'><strong>antiquiorem.</strong></span> <span class='ocrx_word' id='word_1_833' title='bbox 1085 2476 1132 2504; x_wconf 88' lang='lat' dir='ltr'><strong>Sic</strong></span> <span class='ocrx_word' id='word_1_834' title='bbox 1145 2482 1173 2504; x_wconf 90' lang='lat' dir='ltr'><strong>et.</strong></span> <span class='ocrx_word' id='word_1_835' title='bbox 1192 2484 1252 2511; x_wconf 74' lang='lat' dir='ltr'><strong>qua:</strong></span> <span class='ocrx_word' id='word_1_836' title='bbox 1268 2477 1301 2504; x_wconf 90' lang='lat' dir='ltr'><strong>de</strong></span> <span class='ocrx_word' id='word_1_837' title='bbox 1319 2475 1445 2504; x_wconf 89' lang='lat' dir='ltr'><strong>Sodomis</strong></span> <span class='ocrx_word' id='word_1_838' title='bbox 1460 2479 1487 2502; x_wconf 88' lang='lat' dir='ltr'><strong>et</strong></span> <span class='ocrx_word' id='word_1_839' title='bbox 1500 2474 1660 2502; x_wconf 87' lang='lat' dir='ltr'><strong>Gomorrhis</strong></span> 
     </span>
    </p>
   </div>
   <div class='ocr_carea' id='block_1_114' title="bbox 875 2611 1656 2648">
    <p class='ocr_par' dir='ltr' id='par_1_114' title="bbox 875 2611 1656 2648">
     <span class='ocr_line' id='line_1_115' title="bbox 875 2611 1656 2648; baseline 0.005 -10"><span class='ocrx_word' id='word_1_840' title='bbox 875 2612 951 2638; x_wconf 72' lang='grc' dir='ltr'>αὐτοὶ</span> <span class='ocrx_word' id='word_1_841' title='bbox 968 2611 1226 2647; x_wconf 79' lang='grc' dir='ltr'>κατασκευάζωμεν,</span> <span class='ocrx_word' id='word_1_842' title='bbox 1254 2613 1351 2641; x_wconf 91' lang='lat' dir='ltr'><strong>melius</strong></span> <span class='ocrx_word' id='word_1_843' title='bbox 1370 2621 1450 2648; x_wconf 89' lang='lat' dir='ltr'><strong>quatn</strong></span> <span class='ocrx_word' id='word_1_844' title='bbox 1467 2613 1533 2643; x_wconf 89' lang='lat' dir='ltr'><strong>libb.</strong></span> <span class='ocrx_word' id='word_1_845' title='bbox 1550 2615 1656 2648; x_wconf 83' lang='lat' dir='ltr'><strong>excusi,</strong></span> 
     </span>
    </p>
   </div>
   <div class='ocr_carea' id='block_1_115' title="bbox 874 2647 1272 2684">
    <p class='ocr_par' dir='ltr' id='par_1_115' title="bbox 874 2647 1272 2684">
     <span class='ocr_line' id='line_1_116' title="bbox 874 2647 1272 2684; baseline 0.005 -11"><span class='ocrx_word' id='word_1_846' title='bbox 874 2647 1010 2684; x_wconf 38' lang='lat'><strong>10.195191</strong></span> <span class='ocrx_word' id='word_1_847' title='bbox 1024 2648 1272 2684; x_wconf 78' lang='grc' dir='ltr'>κατασκευάζομεν.</span> 
     </span>
    </p>
   </div>
   <div class='ocr_carea' id='block_1_116' title="bbox 910 2682 1657 2718">
    <p class='ocr_par' dir='ltr' id='par_1_116' title="bbox 910 2682 1657 2718">
     <span class='ocr_line' id='line_1_117' title="bbox 910 2682 1657 2718; baseline 0.003 -9"><span class='ocrx_word' id='word_1_848' title='bbox 910 2683 965 2718; x_wconf 82' lang='grc'>(69)</span> <span class='ocrx_word' id='word_1_849' title='bbox 978 2683 1062 2718; x_wconf 83' lang='lat' dir='ltr'><strong>Codd.</strong></span> <span class='ocrx_word' id='word_1_850' title='bbox 1077 2682 1175 2718; x_wconf 63' lang='lat' dir='ltr'><strong>Regius</strong></span> <span class='ocrx_word' id='word_1_851' title='bbox 1197 2682 1223 2710; x_wconf 80' lang='lat' dir='ltr'><strong>ei</strong></span> <span class='ocrx_word' id='word_1_852' title='bbox 1237 2683 1400 2710; x_wconf 65' lang='lat' dir='ltr'><strong>Basileensis</strong></span> <span class='ocrx_word' id='word_1_853' title='bbox 1426 2683 1535 2718; x_wconf 82' lang='lat' dir='ltr'><strong>ubique.</strong></span> <span class='ocrx_word' id='word_1_854' title='bbox 1557 2683 1657 2711; x_wconf 83' lang='grc' dir='ltr'>Ἀλωα-</span> 
     </span>
    </p>
   </div>
   <div class='ocr_carea' id='block_1_117' title="bbox 871 2717 1658 2752">
    <p class='ocr_par' dir='ltr' id='par_1_117' title="bbox 871 2717 1658 2752">
     <span class='ocr_line' id='line_1_118' title="bbox 871 2717 1658 2752; baseline 0.004 -9"><span class='ocrx_word' id='word_1_855' title='bbox 871 2717 935 2744; x_wconf 86' lang='grc' dir='ltr'>δῶν,</span> <span class='ocrx_word' id='word_1_856' title='bbox 965 2717 1132 2744; x_wconf 72' lang='grc' dir='ltr'>ΗωδοΙιθΙίιιε</span> <span class='ocrx_word' id='word_1_857' title='bbox 1159 2718 1185 2743; x_wconf 90' lang='lat' dir='ltr'><strong>in</strong></span> <span class='ocrx_word' id='word_1_858' title='bbox 1209 2720 1339 2752; x_wconf 79' lang='lat' dir='ltr'><strong>margine,</strong></span> <span class='ocrx_word' id='word_1_859' title='bbox 1361 2717 1572 2750; x_wconf 73' lang='grc' dir='ltr'>Ἀλωέωςυίῶν.</span> <span class='ocrx_word' id='word_1_860' title='bbox 1602 2720 1658 2746; x_wconf 85' lang='lat' dir='ltr'><strong>Duo</strong></span> 
     </span>
    </p>
   </div>
   <div class='ocr_carea' id='block_1_118' title="bbox 875 2752 1658 2787">
    <p class='ocr_par' dir='ltr' id='par_1_118' title="bbox 875 2752 1658 2787">
     <span class='ocr_line' id='line_1_119' title="bbox 875 2752 1658 2787; baseline 0.004 -8"><span class='ocrx_word' id='word_1_861' title='bbox 875 2752 1006 2782; x_wconf 81' lang='lat' dir='ltr'><strong>Vaticani,</strong></span> <span class='ocrx_word' id='word_1_862' title='bbox 1037 2753 1115 2787; x_wconf 82' lang='lat' dir='ltr'><strong>modo</strong></span> <span class='ocrx_word' id='word_1_863' title='bbox 1140 2752 1289 2787; x_wconf 24' lang='lat' dir='ltr'><strong>V&#39;AXwULG-Jv,</strong></span> <span class='ocrx_word' id='word_1_864' title='bbox 1314 2754 1392 2780; x_wconf 88' lang='lat' dir='ltr'><strong>modo</strong></span> <span class='ocrx_word' id='word_1_865' title='bbox 1420 2754 1552 2787; x_wconf 81' lang='grc' dir='ltr'>Ἀλωέων,</span> <span class='ocrx_word' id='word_1_866' title='bbox 1579 2756 1658 2782; x_wconf 80' lang='lat' dir='ltr'><strong>modo</strong></span> 
     </span>
    </p>
   </div>
   <div class='ocr_carea' id='block_1_119' title="bbox 883 2786 1578 2822">
    <p class='ocr_par' dir='ltr' id='par_1_119' title="bbox 883 2786 1578 2822">
     <span class='ocr_line' id='line_1_120' title="bbox 883 2786 1578 2822; baseline 0.006 -9"><span class='ocrx_word' id='word_1_867' title='bbox 883 2786 1039 2813; x_wconf 81' lang='grc' dir='ltr'>Ἀλωειδῶν.</span> <span class='ocrx_word' id='word_1_868' title='bbox 1056 2786 1122 2813; x_wconf 83' lang='lat' dir='ltr'><strong>Vide</strong></span> <span class='ocrx_word' id='word_1_869' title='bbox 1138 2786 1282 2814; x_wconf 82' lang='lat' dir='ltr'><strong>Honterum</strong></span> <span class='ocrx_word' id='word_1_870' title='bbox 1299 2788 1391 2822; x_wconf 73' lang='lat' dir='ltr'><strong>Odyss.</strong></span> <span class='ocrx_word' id='word_1_871' title='bbox 1407 2789 1453 2815; x_wconf 89' lang='lat' dir='ltr'><strong>lib.</strong></span> <span class='ocrx_word' id='word_1_872' title='bbox 1467 2797 1504 2822; x_wconf 81' lang='lat' dir='ltr'><strong>xl,</strong></span> <span class='ocrx_word' id='word_1_873' title='bbox 1516 2789 1578 2818; x_wconf 78' lang='lat'><strong>306.</strong></span> 
     </span>
    </p>
   </div>
   <div class='ocr_carea' id='block_1_120' title="bbox 912 2821 1656 2860">
    <p class='ocr_par' dir='ltr' id='par_1_120' title="bbox 912 2821 1656 2860">
     <span class='ocr_line' id='line_1_121' title="bbox 912 2821 1656 2860; baseline 0.007 -13"><span class='ocrx_word' id='word_1_874' title='bbox 912 2821 966 2857; x_wconf 86' lang='lat'><strong>(70)</strong></span> <span class='ocrx_word' id='word_1_875' title='bbox 983 2821 1375 2860; x_wconf 41' lang='lat' dir='ltr'><strong>ﬂpso‘ﬁtitepa:&quot;lloherell&#39;us</strong></span> <span class='ocrx_word' id='word_1_876' title='bbox 1399 2824 1472 2859; x_wconf 74' lang='lat' dir='ltr'><strong>legit,</strong></span> <span class='ocrx_word' id='word_1_877' title='bbox 1507 2824 1656 2860; x_wconf 72' lang='grc' dir='ltr'>πρεσϐύτε-</span> 
     </span>
    </p>
   </div>
   <div class='ocr_carea' id='block_1_121' title="bbox 875 2855 1319 2895">
    <p class='ocr_par' dir='ltr' id='par_1_121' title="bbox 875 2855 1319 2895">
     <span class='ocr_line' id='line_1_122' title="bbox 875 2855 1319 2895; baseline 0.002 -12"><span class='ocrx_word' id='word_1_878' title='bbox 875 2855 931 2892; x_wconf 56' lang='grc' dir='ltr'>ρον,</span> <span class='ocrx_word' id='word_1_879' title='bbox 950 2855 979 2884; x_wconf 87' lang='lat' dir='ltr'><strong>ut</strong></span> <span class='ocrx_word' id='word_1_880' title='bbox 994 2857 1126 2885; x_wconf 81' lang='lat' dir='ltr'><strong>referatur</strong></span> <span class='ocrx_word' id='word_1_881' title='bbox 1143 2857 1176 2884; x_wconf 86' lang='lat' dir='ltr'><strong>ad</strong></span> <span class='ocrx_word' id='word_1_882' title='bbox 1191 2855 1319 2895; x_wconf 48' lang='lat' dir='ltr'><strong>Moyscm,</strong></span> 
     </span>
    </p>
   </div>
  </div>
