1908 3099
196 139 265 169 1059

934 135 1095 164 ORIGENIS

1753 139 1817 169 {060

192 205 352 234 magnorum
376 200 454 224 erant
478 195 669 232 mysteriorum
693 195 827 232 symbola.
850 195 961 230 Oportui

1028 196 1206 230 νενομισμένα
1226 195 1347 231 σύμϐολα
1374 194 1497 232 μεγάλων
1525 195 1685 233 μυστηρίων
1713 197 1817 226 ἐποέουν

193 243 276 278 igitur
288 243 380 269 urbem
396 241 480 272 illam,
496 241 541 268 ubi
557 241 613 267 btec
624 239 704 267 Jesus
717 247 860 274 perpessus
876 239 973 273 fuerat,

193 289 277 316 deleri
290 288 422 320 funditus,
439 286 577 314 Judaicam
592 290 699 321 gentem
716 286 852 319 dissipari,
869 289 895 312 et
907 286 975 312 alios

192 334 226 360 ad
249 332 296 360 Dei
321 332 518 359 beatitudinem
533 332 634 359 vocari.
661 331 750 364 Atque
775 331 801 358 hi
825 330 974 358 Christiani

193 383 272 412 sunt,
297 378 329 405 ad
350 385 419 412 quos
436 378 469 404 de
487 385 615 412 germano
630 384 752 411 puroque
768 377 814 403 Dei
834 376 908 403 cultu
924 377 974 403 do-

192 424 279 451 ctrina
295 424 438 458 pervenit,
454 423 554 457 quique
577 421 650 456 leges
668 426 834 456 acceperunt
849 429 932 449 novas
947 427 975 449 et

192 469 346 505 reipublicae
367 469 467 503 ubique
492 472 626 495 terrarum
644 468 744 502 vigenti
770 472 798 494 et
815 469 972 495 constituta:

191 515 431 548 accommodatas;
458 522 518 541 cum
540 517 635 540 contra
656 513 761 548 priores
779 513 910 547 impositae
927 514 973 542 uni

190 562 283 596 genti,
303 568 382 596 quam
398 561 479 595 patrii
503 567 580 594 reges
597 560 697 587 eisdem
725 567 756 587 ac
773 561 830 595 ipsa
853 561 974 589 moribus

191 607 402 642 gubernabant,
429 613 501 633 nunc
537 605 571 632 ab
594 605 720 633 omnibus
747 606 888 634 observari
921 615 973 635 non

190 651 306 684 passint.

227 696 272 724 25.
295 695 390 723 Postea
407 695 500 724 Celsus
514 704 564 731 pro
581 705 656 725 more
672 704 722 724 suo
734 696 843 724 Iudaeos
855 702 882 724 et
898 697 975 724 Chri-

189 742 292 769 stianos
305 742 431 769 deridens
441 762 448 774 ,
464 747 593 776 utrosque
605 748 744 778 comparat
758 753 767 769 ι
779 748 826 771 aut
838 744 972 779 vesperti-

189 787 291 815 lionum
308 787 417 822 agmini,
437 793 483 815 aut
499 788 619 816 formicis
634 796 650 816 e
665 789 730 816 nido
747 790 952 824 prorepentibus
963 811 971 823 ,

189 838 234 860 aut
246 835 317 860 ranis
330 834 430 861 circum
443 834 566 869 paludem
580 835 793 868 considentibus,
804 839 850 861 aut
860 835 973 862 lumbri-

188 878 227 904 cis
252 878 278 905 in
300 878 390 913 aliquo
412 879 483 907 caeni
500 880 600 915 angulo
617 880 788 914 congregatis
808 885 835 907 et
855 881 929 907 inter
943 888 972 908 se

188 922 356 958 litigantibus
368 925 478 959 quinam
498 924 602 952 illorum
625 927 710 959 magis
730 926 912 960 peccaverint,
929 926 972 952 di-

187 969 365 1003 centibusque
379 978 386 997 :
404 977 453 997 nos
468 977 561 997 sumus
574 990 581 1002 ,
598 971 695 1005 quibus
709 971 799 997 omnia
819 971 888 998 Deus
903 979 971 1006 pra--

188 1020 321 1042 monstrat
332 1019 359 1041 et
371 1016 505 1050 prazdicit;
521 1016 598 1043 nobis
612 1016 685 1047 solis,
696 1017 791 1043 relicto
801 1021 858 1044 toto
872 1018 972 1043 mundo

187 1058 374 1093 ccelorumque
393 1067 473 1087 cursu
495 1064 522 1087 et
537 1061 659 1095 neglecta
682 1065 736 1087 tota
755 1068 807 1095 qua
829 1061 882 1088 late
898 1066 972 1095 patet

187 1107 260 1129 terra
275 1123 283 1135 ,
299 1103 423 1136 providet
437 1110 569 1138 suamque
585 1110 677 1130 curam
701 1103 851 1138 impendit;
870 1103 903 1130 ad
922 1111 971 1131 nos

187 1149 259 1176 solos
271 1149 354 1175 mittit
367 1156 515 1183 pracones,
527 1156 577 1176 nec
593 1148 701 1176 mittere
713 1149 823 1180 desinit,
838 1149 971 1177 sollicitus

185 1194 322 1228 quomodo
332 1198 464 1221 mternum
473 1194 509 1221 illi
522 1194 777 1229 conjungamurJln
789 1194 847 1228 ejus
860 1194 970 1222 fictione

186 1239 289 1266 similes
302 1246 395 1266 sutnus
408 1239 562 1267 vermiculis
579 1240 624 1274 qui
640 1241 780 1269 dicereut:
802 1251 811 1267 ‹
823 1242 895 1269 Deus
909 1241 970 1276 qui-

186 1286 246 1314 dem
263 1290 316 1319 est,
332 1287 380 1313 sed
400 1287 551 1321 proximum
570 1287 607 1313 illi
622 1286 710 1314 locum
727 1295 903 1322 occupamus.
924 1287 970 1314 llle

186 1340 236 1360 nos
248 1332 298 1360 sibi
314 1333 425 1359 omnino
437 1333 540 1360 similes
554 1332 628 1361 fecit.
648 1333 762 1360 Subdita
780 1333 857 1360 nobis
874 1334 967 1360 omnia

186 1382 261 1410 sunt,
278 1382 362 1409 terra,
379 1385 460 1412 aqua,
473 1385 531 1410 aer,
548 1378 654 1409 sidera;
676 1382 785 1412 propter
802 1385 852 1404 nos
866 1377 968 1410 omnia,

184 1423 273 1449 omnia
290 1423 367 1450 nobis
385 1430 482 1458 parere
495 1423 569 1457 jussa
595 1427 669 1450 sttnt.
686 1431 695 1448 ι
715 1423 832 1457 Pergunt
849 1423 918 1458 apud
936 1423 969 1449 il-

185 1468 239 1496 lum
255 1468 396 1495 vermiculi
407 1488 414 1500 ,
432 1476 480 1496 nos
496 1468 622 1495 videlicet
636 1477 643 1495 :
658 1469 894 1502 «Quandoquidem
907 1473 970 1495 sunt

185 1514 256 1541 inter
272 1521 322 1541 nos
336 1515 382 1548 qui
397 1521 426 1541 se
442 1515 563 1549 peccatis
578 1515 775 1546 contaminant,
791 1514 863 1541 Deus
878 1515 967 1541 veniet

185 1564 233 1585 aut
248 1559 336 1586 mittet
347 1558 455 1591 Filium,
468 1565 497 1586 ut
511 1559 628 1586 ﬂammis
641 1559 750 1586 addicat
762 1560 867 1594 impios,
881 1565 907 1586 et
920 1567 969 1587 (ιθ

186 1605 238 1632 teri
270 1613 330 1632 cum
350 1606 407 1639 ipso
435 1609 536 1632 aeterna
564 1605 618 1632 vita
642 1605 799 1633 fruantur.)
828 1606 910 1633 Addit
927 1607 968 1634 his

185 1651 322 1683 Omnibus,
336 1660 347 1675 «
362 1652 447 1686 magis
459 1651 515 1679 haec
527 1650 637 1678 ferenda
657 1659 729 1683 esse,
745 1659 808 1679 cum
821 1652 892 1679 inter
907 1659 969 1679 ver-

186 1695 299 1722 miculos
316 1700 342 1722 et
358 1704 438 1722 ranas
450 1716 456 1727 ,
471 1704 550 1730 quam
567 1704 628 1724 cum
641 1696 748 1724 Judteos
764 1697 835 1724 inter
849 1701 876 1724 et
892 1696 969 1724 Citri-

183 1742 286 1769 stiauos
302 1742 483 1776 disputantur.
500 1751 509 1769 ι

221 1831 265 1858 24.
286 1831 319 1859 Ut
335 1833 392 1859 haec
407 1832 542 1865 refellam,
559 1839 605 1860 eos
627 1833 763 1868 interrogo
777 1833 820 1867 qui
833 1832 976 1867 ejusmodi-

184 1877 392 1904 criminationes
407 1877 521 1911 probant
535 1886 541 1904 :
560 1886 592 1905 an
615 1886 709 1905 omnes
733 1879 855 1905 homines
869 1879 966 1905 existi-

185 1922 265 1948 matis
282 1927 391 1961 propter
412 1922 457 1949 Dei
471 1923 680 1956 pt'zecellentiam
695 1929 755 1950 esse
772 1928 817 1949 aut
836 1924 967 1958 vesperti-

184 1965 286 1993 lionum
306 1973 402 2001 agmen
417 1986 425 1998 ,
443 1971 489 1993 aut
505 1966 635 1993 fonnicas
649 1986 656 1997 ,
672 1971 718 1992 aut
733 1966 880 1993 lumbricos
894 1986 901 1998 ,
919 1969 966 1992 aut

184 2012 286 2039 ranas?
302 2012 342 2039 An
361 2017 477 2039 exteros
490 2012 598 2046 quidem
616 2012 642 2038 in
656 2013 700 2039 illa
719 2013 896 2040 similitudine
913 2020 965 2039 non

183 2057 411 2092 comprehensos,
433 2058 558 2085 homines
581 2065 640 2085 esse
662 2058 832 2092 permittitis,
847 2065 879 2084 eo
894 2058 966 2092 quod

182 2151 288 2172 clarum
303 2145 421 2180 gentium
438 2146 606 2177 servitutem.
622 2153 770 2180 rursusque
789 2146 868 2179 bella,
884 2154 965 2174 exer-

183 2181 266 2211 citus,
282 2187 313 2207 ac
337 2180 499 2214 triumphos,
525 2185 552 2207 et
568 2185 756 2214 superatorum
771 2189 860 2212 neces,
889 2190 963 2209 mor-

183 2219 291 2248 temque
315 2215 462 2240 centenarii
489 2216 657 2248 peccatoris:
672 2216 713 2241 cui
730 2215 835 2242 duobus
850 2216 962 2243 volumi-

182 2249 261 2275 nibus
277 2249 420 2281 respondet
432 2249 624 2282 Apollinarius,
645 2257 724 2283 quem
741 2258 792 2276 non
808 2250 892 2276 solunt
908 2259 962 2278 sua:

182 2287 262 2310 secta
274 2283 410 2316 homines,
427 2284 473 2310 sed
488 2289 514 2310 et
529 2289 681 2311 nostrorum
697 2284 721 2310 in
737 2285 786 2311 hac
800 2290 876 2317 parte
892 2285 961 2312 dun-

181 2322 268 2348 taxat,
287 2317 413 2354 plurima
440 2318 562 2352 sequitur
587 2319 740 2345 multitudo.
780 2318 814 2346 Ut
842 2327 960 2354 pne-saga

182 2352 339 2386 mentejam
356 2360 476 2384 cernam,
495 2359 655 2386 quantorum
676 2354 702 2378 in
722 2361 763 2379 tne
790 2352 878 2381 rabies
894 2352 960 2382 eon—

181 2387 288 2413 citanda
305 2387 349 2413 sit.
363 2396 372 2412 ι
389 2387 517 2414 Eunnlem
533 2388 593 2414 vide
606 2387 632 2413 in
646 2386 787 2416 Comment.
802 2391 835 2414 ad
852 2389 959 2421 Eua/1.,

182 2428 242 2455 cap.
255 2429 347 2453 xxxvr,
367 2427 393 2449 et
409 2423 434 2449 in
453 2422 579 2457 Catalago
591 2423 679 2457 script.
695 2424 850 2455 ecclesiast.,
870 2424 896 2451 in
910 2424 961 2450 Pa-

181 2457 244 2490 pia;
260 2457 331 2483 lren.
345 2457 391 2483 lih.
404 2465 430 2489 ν,
448 2465 473 2484 c.
485 2457 530 2489 22,
548 2462 621 2489 etc.;
641 2457 753 2484 Tertull.
776 2459 845 2485 libro
862 2459 898 2484 De
916 2467 959 2484 re-

181 2493 340 2518 surrectione
362 2493 463 2524 carnis,
480 2500 539 2525 cap.
553 2492 598 2522 ‘25,
619 2497 646 2518 et
666 2492 711 2519 lib.
725 2500 754 2519 III
780 2497 870 2519 contra
886 2492 960 2519 Mar-

181 2526 293 2558 cionem,
320 2534 379 2560 cap.
399 2526 443 2553 25.
481 2527 539 2554 (De
567 2527 737 2554 res‘titnlione
762 2535 826 2553 vero
848 2527 957 2559 Juilze-re.

180 2568 260 2596 quam
286 2566 313 2588 et
332 2562 380 2595 ipsi
396 2561 491 2592 Judaei.
521 2562 556 2588 ita
582 2566 610 2587 ut
637 2562 809 2592 describitur,
838 2565 958 2596 sperant,

181 2595 301 2631 locorum
316 2601 344 2622 et.
366 2597 503 2631 regionum
522 2597 674 2623 nominibus
696 2597 808 2626 inducti.
824 2595 958 2631 quomodo

181 2629 323 2664 allegorica
349 2629 536 2665 interpretatio
556 2632 582 2658 in
610 2632 748 2658 Christum
774 2637 800 2657 ct
817 2629 842 2657 in
866 2631 957 2657 Eccle-

180 2665 259 2696 siam,
286 2669 312 2691 et
330 2666 449 2692 habitum
465 2671 493 2692 et
510 2666 626 2692 fructum
642 2666 701 2700 ejus
714 2666 871 2700 spiritaliter
883 2673 958 2692 coni-

180 2703 263 2732 petat,
288 2704 315 2726 et
330 2701 436 2734 longum
451 2706 492 2727 est
506 2702 640 2735 persequi,
657 2699 693 2727 ret
715 2699 809 2732 infalio
821 2707 902 2734 Opere
918 2701 958 2726 di—

181 2737 296 2765 gestum,
323 2736 395 2768 quod
421 2735 591 2762 inscribimus
607 2735 645 2762 De
669 2743 713 2769 spe
729 2736 855 2768 ﬁdelium,
884 2740 909 2760 et
929 2736 954 2760 in

180 2769 303 2803 prtesenti
330 2771 369 2795 vel
385 2776 416 2796 eo
430 2771 556 2801 otiosum,
573 2777 634 2803 quia
655 2778 707 2795 non
722 2771 754 2795 de
770 2776 886 2799 terrena,
909 2770 955 2796 sed

180 2801 214 2826 de
227 2801 329 2828 caelesti
347 2804 524 2836 promissione
548 2801 721 2837 sit-quiestio.
748 2804 814 2830 Nam
831 2808 857 2829 ct
873 2804 956 2830 conli-

181 2838 270 2861 temur
293 2837 318 2862 in
345 2842 416 2864 terra
438 2839 514 2865 nobis
538 2846 649 2873 regnum
681 2840 880 2872 repromissum,
908 2839 954 2866 sed

1025 240 1064 275 τῷ
1079 241 1147 275 Θεῷ.
1171 242 1268 276 Ἐχρῆν
1284 240 1330 268 οὖν
1353 243 1460 278 ἐκείνην
1476 242 1524 278 τὴν
1544 243 1632 276 πόλιν,
1646 244 1717 270 ὅπου
1738 243 1818 271 ταῦτα

1025 285 1159 312 πέπονθεν
1175 286 1296 322 ,³1ησοῧς,
1319 279 1402 322 ἄρδην
1420 287 1586 314 ἀπολωλέναι
1599 308 1605 320 ,
1629 289 1678 314 καὶ
1700 288 1733 314 τὸ
1759 289 1819 315 Ἰου-

1024 331 1097 357 δαῖον
1113 331 1186 362 ἕθνος
1202 332 1350 358 ἀνάστατον
1370 332 1519 365 γεγονέναι,
1534 333 1579 359 καὶ
1597 334 1641 358 ἐπ’
1655 333 1758 364 ἄλλους
1772 334 1817 368 τὴν

1024 377 1071 403 τοῦ
1081 377 1146 403 Θεοῦ
1156 379 1195 409 εἰς
1206 378 1391 413 μακαριότητα
1402 378 1495 413 κλῆσιν
1509 379 1747 415 μεταϐεϐηκέναι·
1760 381 1818 412 τοὺς

1024 419 1202 454 Χριστιανυυς
1216 421 1296 454 λέγω,
1313 422 1355 455 ἐφ’
1378 422 1424 454 οὒς
1445 422 1573 457 ἐλήλυθεν
1590 424 1605 459 ἡ
1629 424 1697 459 περὶ
1715 425 1766 459 τῆς
1782 425 1818 450 εἱ-

1024 464 1159 500 λικρινοῦς
1172 465 1218 491 καὶ
1232 465 1355 501 καθαρᾶς
1375 465 1527 497 θεοσεϐείας
1540 467 1714 501 διδασκαλία,
1731 477 1817 503 παρα·

1023 510 1153 542 λαϐόντας
1165 511 1261 546 νόμους
1275 513 1396 546 καινοὺς,
1411 513 1458 539 καὶ
1474 514 1645 549 ἁρμόζοντας
1660 515 1696 550 τῇ
1716 522 1816 540 παντα-

1023 556 1070 591 χοῦ
1085 557 1244 593 καθεστώσῃ
1260 558 1395 594 πολιτείᾳ·
1411 558 1471 586 ἐπεὶ
1489 560 1562 595 μ.ὴοὶ
1581 560 1719 595 πρότερον
1731 560 1816 586 δοθέν-

1022 610 1078 634 τες,
1092 603 1129 634 ὡς
1145 603 1185 629 ἑνὶ
1201 603 1271 630 ἔθνει
1286 604 1337 630 ὑπὸ
1352 604 1458 632 οἰκείων
1475 606 1522 631 καὶ
1537 606 1663 640 ὁμοήθων
1678 606 1816 640 βασιλευου

1025 647 1107 682 μένῳ,
1120 645 1170 674 οἷοί
1182 657 1212 674 τε
1225 647 1294 684 ἦσαν
1309 649 1407 681 πάντες
1419 650 1465 676 νῦν
1477 650 1674 677 ἐπιτελεῖσθαι.

1058 692 1134 720 Μετὰ
1157 694 1252 727 ταῦτα,
1274 695 1394 730 συνήθως
1416 696 1503 730 ἑαυτῷ
1520 695 1606 729 γελῶν
1625 697 1656 723 τὸ
1684 697 1817 725 Ἰουδαίων

1023 739 1070 766 καὶ
1083 740 1252 775 Χριστιανῶν
1268 740 1354 774 γένος,
1368 742 1470 773 πάντας
1488 742 1683 777 παραϐέϐληκε
1700 752 1710 767 ‹
1727 752 1805 770 νυκτε

1024 785 1104 820 ρίδων
1119 785 1241 820 ὁρμαθῷ,
1256 785 1271 820 ἣ
1288 783 1424 820 μύρμηξιν
1435 787 1468 812 ὲκ
1479 786 1576 818 καλιᾶς
1592 786 1788 823 προελθοῦσιν,
1801 789 1815 823 ἢ

1025 830 1169 866 βατράχοις
1187 831 1249 866 περὶ
1268 831 1353 865 τέλμα
1372 831 1584 866 συνεδρεύουσιν,
1598 832 1616 864 ἢ
1631 832 1773 867 σκώληξιν
1791 834 1815 859 ἐν

988 867 1008 895 Β
1024 875 1153 911 βορϐόρου
1177 875 1263 911 γωνίᾳ
1286 874 1504 910 ἐκκλησιάζουσι,
1529 876 1662 911 καὶπρὸς
1685 876 1815 911 ἀλλήλους

1023 920 1236 956 διαφερομένοις,
1254 920 1326 951 τινες
1336 920 1431 953 καὺτῶν
1450 918 1505 946 εἷεν
1519 920 1759 956 ὰμαρτωλότεροι,
1774 922 1816 946 καὶ

1024 967 1182 1001 φάσκουσιν,
1195 966 1235 992 ὅτι
1249 966 1335 993 πάντα
1347 968 1412 1002 ἡμῖν
1425 967 1438 992 ό
1454 966 1520 997 Θεὸς
1534 966 1667 1002 προδηλοῖ
1685 967 1736 992 κα)⁸
1755 975 1816 1001 προ-

1023 1012 1211 1046 καταγγέλλει,
1225 1013 1271 1049 καὶ
1282 1011 1328 1038 τὸν
1343 1013 1432 1039 πάντα
1447 1013 1547 1048 κόσμον
1561 1012 1609 1039 καὶ
1624 1012 1676 1048 τὴν
1691 1013 1816 1048 οὐράνιον

1023 1057 1108 1092 φορὰν
1134 1056 1284 1089 ἀπολιπὼν,
1307 1058 1354 1084 καὶ
1376 1057 1425 1092 τὴν
1448 1057 1582 1092 τοσαύτην
1603 1057 1655 1092 γῆν
1682 1057 1816 1092 παριδὼν,

1021 1105 1087 1140 ἡμῖν
1107 1104 1196 1139 μόνοις
1211 1104 1416 1139 ὲμπολιτεύεται
1435 1104 1502 1139 (75),
1521 1105 1569 1131 καὶ
1585 1105 1654 1140 πρὸς
1674 1106 1756 1140 ἡμᾶς
1773 1106 1818 1140 μό-

1021 1159 1083 1181 νους
1098 1150 1339 1185 ἐπικηρυκεύεται,
1354 1150 1401 1175 καὶ
1421 1149 1538 1185 πέμπων
1557 1150 1587 1176 οὑ
1603 1151 1756 1183 διαλείπει,
1774 1152 1817 1177 καὶ

1021 1195 1110 1231 ζητῶν
1124 1196 1197 1227 ὅπως
1209 1196 1252 1221 ἀεὶ
1263 1195 1385 1230 συνῶμεν
1400 1195 1484 1230 αὲτῷ.
1501 1205 1510 1221 ι
1528 1196 1583 1222 Καὶ
1595 1196 1625 1221 ἐν
1639 1197 1682 1232 τῷ
1695 1197 1818 1223 ἀναπλά-

1021 1241 1103 1276 σματί
1122 1250 1153 1275 γε
1171 1240 1266 1267 ἑαυτοῦ
1283 1239 1488 1275 παραπλησίους
1506 1241 1578 1275 ἡμᾶς
1599 1243 1676 1267 ποιεῖ
1699 1241 1818 1276 σκώληξι

1020 1287 1179 1321 φάσκουσιν,
1195 1286 1235 1312 ὅτι
1252 1294 1261 1310 ‹
1281 1284 1347 1316 Θεός
1362 1285 1444 1317 ἐστιν,
1458 1283 1518 1311 εἶτα
1537 1285 1596 1320 μετ’
1613 1286 1726 1313 ἐκεῖνον
1738 1288 1818 1322 ἡμεῖς

1020 1333 1065 1359 ὑπ’
1080 1332 1162 1358 αὑτοῦ
1176 1332 1315 1366 γεγονότες
1335 1331 1422 1367 πάντη
1438 1331 1525 1366 ὅμοιοι
1535 1331 1574 1366 τῷ
1586 1332 1646 1367 Θεῷ
1656 1341 1663 1347 ·
1685 1333 1737 1359 καὶ
1755 1334 1817 1368 ἡμῖν

1020 1378 1107 1404 πάντα
1128 1376 1324 1410 ὑποϐέϐληται,
1347 1376 1393 1411 γῆ,
1421 1376 1468 1402 καὶ
1491 1375 1573 1411 ὕδωρ,
1600 1377 1648 1403 καὶ
1672 1378 1751 1413 ἀὴρ,
1774 1380 1817 1405 καὶ

1019 1424 1116 1458 ἄστρα,
1137 1422 1185 1449 καὶ
1203 1421 1280 1457 ἡμῶν
1305 1422 1385 1447 ἕνεκα
1409 1421 1507 1454 πάντα,
1527 1422 1574 1448 καὶ
1591 1423 1660 1457 ἡμῖν
1678 1423 1817 1449 δουλεύειν

1018 1469 1157 1496 τέτακται.
1187 1478 1195 1494 ι
1223 1468 1338 1502 Λέγουσι
1366 1468 1394 1494 δὲ
1420 1468 1484 1503 παρ’
1511 1467 1586 1500 αὐτῷ
1605 1469 1631 1494 οἱ
1659 1468 1816 1504 σκώληκες,

983 1532 1005 1562 C
1021 1515 1101 1550 ἡμεῖς
1114 1513 1224 1549 δηλαδὴ,
1238 1514 1288 1546 ὅτι,
1309 1522 1318 1539 ε
1331 1513 1387 1540 Νῦν
1403 1513 1494 1548 ἐπειδή
1514 1522 1585 1545 τινες
1598 1514 1629 1540 ἐν
1641 1515 1714 1549 ἡμῖν
1727 1515 1816 1550 πλημ-

1023 1560 1157 1596 μελοῦσιν,
1172 1560 1297 1594 ἀφίξεται
1310 1559 1385 1591 Θεὸς,
1403 1559 1419 1595 ἢ
1436 1560 1539 1596 πέμψει
1553 1559 1598 1587 τὸν
1612 1560 1692 1591 Tim,
1706 1562 1753 1589 ἵνα
1769 1571 1816 1589 κα-

1018 1605 1137 1640 ταφλέξῃ
1154 1605 1216 1636 τοὺς
1233 1605 1350 1637 ἀδίκους,
1372 1605 1417 1631 καὶ
1439 1606 1464 1631 οἱ
1477 1604 1562 1632 λοιποὶ
1581 1606 1630 1632 συν
1643 1608 1725 1642 αὐτῷ
1747 1607 1816 1642 ζωὴν

1019 1651 1126 1677 αἰώνιον
1139 1650 1254 1686 ἔχωμεν.
1268 1661 1276 1676 ι
1288 1651 1341 1676 Καὶ
1350 1650 1474 1686 ἐπιφέρει
1484 1659 1515 1684 γε
1529 1652 1622 1682 πᾶσιν,
1637 1652 1678 1678 6::
1696 1663 1706 1678 ‹
1726 1654 1816 1680 Ταῦτα

1021 1696 1119 1731 μᾶλλον
1140 1696 1250 1728 ἀνεκτὰ,
1278 1697 1426 1732 σκωλήκων
1455 1697 1502 1723 καὶ
1525 1697 1682 1733 βατράχων,
1704 1699 1722 1735 ἢ
1752 1700 1814 1726 Ἰου-

1016 1742 1099 1768 δαίων
1113 1743 1160 1768 καὶ
1178 1742 1347 1778 Χριστιανῶν
1362 1743 1427 1778 (76),
1449 1743 1517 1779 πρὸς
1535 1743 1671 1779 ἀλλήλους
1687 1744 1814 1781 διαφερο-

1019 1788 1116 1823 μένων.
1139 1797 1148 1813 ι

1053 1834 1125 1869 Πρὸς
1155 1833 1241 1860 ταῦτα
1273 1835 1304 1870 δὴ
1335 1834 1524 1870 πυνθανόμεθα
1554 1835 1608 1862 τῶν
1641 1835 1813 1872 ἀποδεχομέ-

1017 1889 1070 1906 νων
1082 1880 1117 1906 τὰ
1130 1879 1200 1906 οὕτω
1219 1880 1279 1907 καθ’
1298 1881 1375 1916 ἡμῶν
1391 1881 1532 1916 εἰρημένα,
1547 1882 1594 1908 καί
1607 1890 1703 1917 φαμεν
1713 1891 1720 1897 ·
1741 1880 1811 1917 Ἀρα

1018 1926 1122 1957 πάντας
1134 1925 1292 1961 ἀνθρώπους
1304 1926 1422 1961 ὁρμαθδν
1438 1925 1506 1954 εἶναι
1518 1927 1698 1962 νυκτερίδων,
1711 1927 1728 1962 ἧ
1745 1928 1809 1962 μύρ-

1019 1979 1117 2006 μηκας,
1139 1970 1155 2005 ἢ
1180 1971 1339 2006 βατράχους,
1364 1971 1380 2006 ἢ
1406 1970 1560 2005 σκώληκας,
1585 1972 1808 2007 ὑπολαμϐάνετε,

1015 2016 1060 2042 διὰ
1072 2016 1121 2051 τὴν
1134 2015 1179 2042 τοῦ
1197 2016 1263 2042 Θεοῦ
1276 2017 1429 2052 ὑπεροχήν;
1446 2018 1480 2044 Ἦ
1497 2018 1559 2049 τοὺς
1575 2018 1624 2052 μὲν
1641 2017 1746 2049 ἄλλους
1766 2019 1809 2044 ἀν-

1016 2062 1140 2098 θρώπους
1152 2063 1191 2094 εἰς
1204 2062 1252 2098 τὴν
1267 2063 1449 2099 προκειμένην
1463 2063 1555 2090 εἰκόνα
1571 2063 1608 2099 μὴ
1622 2063 1809 2099 παραλαμϐά-

1016 2152 1080 2173 ante
1095 2145 1204 2179 cmlum,
1233 2148 1280 2175 sed
1305 2148 1357 2175 alio
1383 2153 1466 2179 statu,
1490 2154 1582 2182 utpote
1597 2154 1660 2182 post
1677 2156 1806 2176 resurre-

1016 2183 1132 2217 ctionem
1155 2183 1180 2208 in
1205 2183 1277 2210 mille
1302 2191 1398 2215 annos,
1427 2183 1582 2210 incivitate
1598 2184 1687 2210 divini
1714 2185 1806 2217 operis

1015 2215 1167 2243 Jerusalem
1180 2217 1250 2244 ccelo
1266 2217 1351 2244 delata
1364 2226 1371 2250 ;
1387 2225 1467 2251 quant
1483 2223 1510 2244 et
1523 2218 1672 2250 Apostolus
1690 2215 1803 2245 matrem

1014 2256 1136 2287 nostram
1161 2258 1266 2278 sursum
1294 2253 1426 2287 designat,
1450 2257 1477 2279 et
1497 2252 1648 2287 πολίτευμα
1667 2259 1802 2285 nostrum,

1013 2285 1038 2320 id
1063 2291 1113 2316 est.
1141 2285 1396 2320 municipalium—in
1422 2287 1498 2315 uelis
1520 2295 1581 2314 esse
1607 2285 1801 2320 pronuntians,

1013 2319 1091 2355 alicui
1109 2321 1203 2354 utique
1218 2319 1324 2348 cuelesti
1339 2322 1442 2348 eit‘ilati
1461 2330 1522 2348 eum
1538 2322 1661 2355 deputat.
1685 2322 1762 2348 “aut:
1777 2327 1804 2348 rt

1012 2353 1136 2392 _E_zechiel
1152 2353 1236 2392 novit,
1252 2361 1278 2382 et
1291 2357 1425 2390 apostolus
1436 2356 1553 2383 Joannes
1566 2353 1633 2382 vidit
1650 2356 1779 2392 (Lactant
1793 2375 1800 2387 ,

1011 2388 1056 2425 lib.
1071 2397 1121 2425 vn,
1136 2397 1160 2416 c.
1174 2389 1230 2425 24).
1248 2399 1256 2415 ι
1286 2388 1412 2424 Αἰιεςιιειη
1433 2391 1477 2418 lib.
1492 2399 1537 2422 xx,
1555 2398 1615 2424 cap.
1635 2388 1686 2423 29,
1713 2391 1752 2417 De
1766 2391 1803 2417 ci-

1011 2423 1089 2450 vitate
1107 2424 1153 2450 Dei
1169 2433 1178 2451 .'
1195 2423 1268 2451 ("Per
1282 2423 1352 2452 hunc
1369 2425 1464 2458 Eliam,
1484 2433 1610 2460 magnum
1628 2427 1800 2452 mirabilem-

1010 2464 1062 2490 que
1079 2461 1249 2493 prophetam.
1275 2461 1396 2493 exposita
1411 2460 1461 2487 sibi
1480 2461 1547 2494 lege,
1565 2460 1661 2486 ultimo
1679 2466 1800 2494 tempore

1010 2497 1083 2530 ante~
1096 2493 1227 2530 judicium
1243 2494 1355 2530 Judwos
1370 2495 1396 2521 in
1411 2493 1547 2521 Christum
1564 2502 1660 2521 verum
1689 2493 1798 2530 (idest.

1010 2526 1036 2552 in
1064 2526 1200 2555 Christum
1226 2529 1360 2564 nostrum)
1379 2536 1438 2555 esse
1467 2530 1619 2556 credituros
1645 2526 1799 2557 celeberri-

1010 2569 1082 2598 t_nnm
1111 2568 1154 2589 est
1188 2566 1213 2590 in
1238 2565 1407 2591 sermonibus
1433 2564 1613 2598 cordibusque
1634 2565 1796 2591 ﬁdeliumu

1009 2596 1140 2623 Saeuam.

1043 2631 1099 2667 (75)
1126 2633 1370 2667 Ἐμπολιτεύεται.
1395 2633 1563 2660 litesrhelius
1585 2633 1612 2660 in
1631 2638 1726 2665 textu,
1751 2633 1796 2660 ικ-

1007 2666 1204 2694 πολιτεύεσθαι.
1219 2669 1302 2694 Codd.
1321 2669 1430 2702 ltegius,
1447 2668 1614 2696 Basilcettsis
1629 2673 1657 2696 et
1673 2671 1728 2696 duo
1745 2669 1796 2696 Va-

1008 2702 1102 2733 tivani,
1120 2702 1297 2729 πολιτεύεται.
1338 2710 1340 2714 '

1043 2737 1098 2770 (76)
1121 2737 1292 2764 llu;schelius
1315 2743 1342 2765 ct
1357 2738 1508 2771 Spencerus
1523 2738 1574 2765 hoc
1591 2737 1651 2765 loco
1676 2739 1720 2765 bal
1733 2742 1793 2768 ent,

1005 2772 1090 2810 ταῦτα
1105 2772 1204 2810 ἀνεκτὰ
1219 2772 1364 2810 σκωλήκων
1380 2773 1397 2808 ἢ
1412 2773 1563 2808 βατράχων,
1580 2773 1597 2808 ἢ
1616 2773 1731 2800 Ἰουδαίιι
1741 2782 1766 2810 ν,
1780 2777 1794 2810 ἦ

1006 2807 1185 2841 Χριστιανῶν,
1199 2809 1244 2834 sed
1263 2807 1407 2834 lectionem
1422 2807 1562 2842 sequimur
1577 2807 1640 2843 tritae
1658 2812 1730 2836 iulia
1746 2808 1779 2835 Ita

1009 2843 1089 2868 betur
1105 2843 1154 2870 sub
1172 2844 1252 2870 linetn
1270 2850 1343 2870 num.
1358 2843 1403 2869 50.
