1908 3099
119 130 185 158 1065

694 131 833 159 CONTRA
852 130 991 159 CELSUM
1013 129 1076 157 LlB.
1096 128 1140 156 IV.

1667 131 1735 157 1066

115 190 257 225 μύρμηκες
273 190 319 216 καὶ
338 190 468 226 βάτραχοι
484 191 508 216 οἱ
524 191 770 222 καταπεπτωκότες
785 191 838 218 ἀπὸ
851 191 892 225 τῆς

953 189 1029 220 culis.
1048 197 1098 223 pro
1120 188 1241 216 formicis
1258 191 1284 215 et
1297 196 1344 222 pro
1359 188 1434 216 ranis
1448 189 1586 218 habendos
1604 196 1673 222 csse,
1688 195 1734 225 qui

117 235 177 270 περὶ
190 234 255 260 Θεοῦ
277 235 369 268 ὑγιοῡς
386 235 556 270 ὑπολήψεως,
573 235 708 270 φαντασίᾳ.
722 235 743 260 δ’
762 235 900 266 εὐσεϐείας

114 282 169 316 ἦτοι
186 280 268 314 ἄλογα
290 280 346 312 ζῶα
360 281 378 317 ἢ
394 280 540 316 ἀγάλματα
560 281 693 313 σέϐοντες,
711 281 727 316 ἢ
744 281 790 307 καὶ
802 280 836 307 τὰ
853 281 899 316 δη-

115 327 316 361 μιουργήματα·
330 326 387 353 δέον
405 327 435 352 ἐκ
458 326 504 352 τοῦ
519 326 631 358 κάλλους
647 326 735 353 αὐτῶν
751 326 898 360 θαυμάζειν

113 372 156 398 τὸν
178 372 355 407 πεποιηκότα,
380 373 504 398 κάκεῖνον
520 372 623 398 σέϐειν·
641 371 776 407 ἄνθρωποι
795 372 834 403 δὲ,
852 371 898 398 καὶ

114 417 139 442 εἴ
151 425 176 444 τι
194 416 343 451 ἀνθρώπων
356 415 529 451 τιμιώτερον,
543 417 568 442 οἱ
588 415 747 450 δυνηθέντες
768 416 897 449 ἀναίῆναι

113 460 318 492 ἀκολουθοῦντες
334 459 372 495 τῷ
391 460 462 495 λόγῳ
477 461 529 486 ἀπὸ
546 460 625 486 λίθων
646 460 692 486 καὶ
718 459 812 492 ξύλων,
831 459 898 486 ἀλλὰ

113 506 157 532 καὶ
168 506 217 540 τῆς
230 506 408 542 νομιζομένης
423 505 488 541 ὕλης
504 504 572 532 εἶναι
592 506 758 541 τιμιωτάτης
776 505 896 541 ἀργύρου

113 552 156 577 καὶ
168 553 268 587 χρυσοῦ
278 561 284 567 ·
304 552 453 584 ἀναϐάντες
468 553 494 578 δὲ
507 553 554 578 καὶ
564 552 618 579 ἀπο
634 551 688 578 τῶν
700 553 728 578 ὲν
742 552 836 587 κόσμῳ
847 560 897 578 κα-

112 596 162 622 λῶν
181 597 227 623 ἐπὶ
246 597 290 624 τὸν
308 597 342 624 τὰ
364 597 412 624 ὅλα
429 598 589 632 ποιήσαντα,
608 598 654 623 καὶ
676 596 772 631 ἐκείνῳ
786 596 897 627 ἑαυτοὺς

113 642 314 674 πιστεύσαντες,
339 643 385 669 καὶ
400 643 437 674 ὡς
462 643 533 678 μόνῳ
552 643 673 678 διαρκεῖν
689 642 830 677 δυναμένῳ
851 642 896 668 ἐπὶ

113 688 197 715 πάντα
211 688 246 714 τὰ
264 688 337 720 ὄντα,
353 689 399 714 καὶ
419 689 519 723 ὲφορᾷν
534 689 596 720 τοὺς
615 689 722 715 πάντων
739 688 894 722 λογισμοὺς,

112 735 155 762 καὶ
176 735 284 761 ἀκούειν
307 736 356 770 τῆς
378 736 485 761 πάντων
508 735 606 770 εὐχῆς
622 734 672 766 τὰς
695 734 776 769 εύχᾶς
801 734 896 768 ἐκείνῳ

111 781 324 816 ἀναπέμποντες,
347 781 393 807 καὶ
408 781 444 813 ὼς
460 781 506 807 ἐπὶ
527 780 623 807 θεατοῦ
641 779 721 806 αὑτοῦ
746 780 800 806 τῶν
822 787 894 813 γινο-

113 826 196 861 μένων
214 826 304 853 πάντα
320 826 495 861 πράττοντες,
516 827 561 853 καὶ
578 826 614 857 ὠς
630 826 674 851 ἐπὶ
693 824 826 861 ἀκροατοῦ
841 824 894 851 τῶν

111 871 259 907 λεγομένων
281 871 476 907 φυλαττόμενοι
500 872 588 906 λέγειν
609 872 639 898 τὸ
662 871 698 907 μὴ
724 870 894 906 ἀρεσκόντως

110 918 341 953 ἀπαγγελλόμενον
356 918 395 953 τῷ
408 917 476 954 Θεῷ.
491 919 522 944 El
541 918 578 953 μὴ
590 917 643 953 ἆρα
657 919 673 953 ἡ
687 916 835 952 τηλικαύτη
851 916 895 942 εὐ-

112 964 198 990 σέϐεια
220 963 276 990 οὔθ’
292 965 344 991 ὑπὸ
362 964 461 996 πόνων,
477 963 533 990 οὗθ’
550 963 601 990 ὑπὸ
618 963 746 989 κινδύνων
769 961 893 993 θανάτου,

110 1009 162 1035 οὗθ’
177 1009 227 1036 ὑπὸ
248 1009 363 1043 λογικῶν
376 1009 562 1044 πιθανοτήτων
578 1009 727 1043 νικωμένη,
743 1007 818 1034 οὐδὲν
834 1007 896 1041 βοηο

109 1055 149 1081 θεῖ
163 1057 216 1087 τοῖς
240 1055 410 1091 ἀνειληφόσιν
428 1055 512 1090 αὐτὴν
534 1054 602 1090 πρὸς
621 1054 652 1080 τὺ
675 1053 773 1089 μηκέτι
796 1053 894 1084 αὐτοὺς

110 1100 327 1136 παραῦἀλλεσθαι
350 1101 493 1136 σκώληξιν,
515 1101 538 1126 εί
556 1100 602 1126 καὶ
625 1098 826 1134 παρεϐάλλοντο
842 1097 894 1133 πρὸ

109 1145 154 1180 τῆς
167 1145 332 1181 τηλικαύτης
356 1145 514 1177 εὐσεϐείαςς
529 1143 603 1180 τΑρα
616 1144 643 1170 δὲ
661 1144 686 1169 οἱ
702 1142 829 1173 νικῶντες
845 1142 894 1177 τὴν

108 1190 272 1226 δριμυτάτην
293 1191 360 1227 πρὸς
378 1191 522 1226 ἀφροδίσια
542 1189 641 1225 ὄρεξιν,
661 1188 764 1215 πολλῶν
786 1188 894 1222 ποιήσοι-

110 1243 156 1261 σαν
180 1235 243 1266 τοὺς
259 1235 362 1270 θυμοὺς
384 1235 539 1271 μαλθακοὺς
558 1235 603 1261 καὶ
623 1233 761 1270 κηρίνους,
784 1233 830 1259 καὶ
851 1231 893 1258 διὰ

109 1280 183 1306 τοῦτο
202 1280 341 1314 νικῶντες,
363 1281 490 1316 ἐπείπερ
509 1279 673 1314 ἐπείσθησαν
691 1279 727 1314 μὴ
746 1278 833 1308 ἄλλως
856 1278 894 1303 οὶ-

109 1325 251 1361 κειωθῆναι
267 1326 393 1353 δύνασθαι
407 1326 446 1361 τῷ
462 1325 529 1360 Θεῷ,
548 1325 594 1352 ὲάν
609 1325 646 1360 μὴ
661 1325 707 1351 καὶ
727 1323 772 1350 διὰ
788 1332 893 1358 σωφρο-

110 1371 187 1406 σύνης
203 1371 324 1399 ἀναϐῶσι
339 1372 406 1407 πρὸς
420 1372 510 1403 αὐτὸν,
527 1371 674 1406 σκωλήκων
691 1371 755 1405 ὑμῖν
769 1369 892 1396 δοκοῦσιν

109 1414 174 1444 εἶναι
187 1417 306 1452 ἀδελφοὶ,
328 1418 374 1445 καὶ
392 1418 543 1454 μυρμήκων
566 1418 715 1451 συγγενεῖς,
731 1416 777 1442 καὶ
793 1416 892 1451 βατρά-

109 1470 161 1496 χοιτ,
178 1463 379 1498 παραπλήσιοι;
398 1463 430 1489 Τί
446 1462 485 1494 δὲ,
503 1462 532 1488 τὸ
551 1462 676 1497 λαμπρὸν
690 1461 739 1496 τῆς
754 1460 891 1488 δικαιοσύ-

109 1513 162 1541 νης,
175 1507 311 1543 τηρούσης
323 1507 353 1533 τὸ
367 1507 433 1543 πρὸς
445 1507 489 1533 τὸν
502 1506 613 1542 πλησίον
630 1506 675 1533 καὶ
694 1505 821 1541 ὁμογενὲς
835 1514 892 1531 κοι-

107 1552 224 1584 νωνικὸν,
236 1553 283 1579 καὶ
295 1553 408 1585 δίκαιον,
428 1553 474 1579 καὶ
489 1552 688 1587 φιλάνθρωπον,
704 1552 750 1578 καὶ
764 1550 890 1586 χρηστὸν,

107 1597 177 1624 οὐδὲν
190 1598 267 1624 ἀνύει
280 1598 346 1634 πρὸς
356 1598 389 1624 τὸ
401 1598 438 1633 μὴ
449 1596 517 1625 εἶναι
530 1597 672 1632 νυκτερίδα
682 1597 727 1623 τὸν
736 1596 833 1623 τοιονδί
844 1604 851 1628 ;
867 1596 891 1622 οἰ

107 1642 132 1668 δὲ
145 1644 204 1678 «pi
218 1643 267 1675 τὰς
287 1643 433 1675 ἀκολασίας
457 1643 667 1678 καλινδούμενοι,
685 1643 770 1669 ὁποῖοί
786 1644 853 1668 εἰσιν
867 1643 891 1668 οἱ

108 1688 193 1716 πολλοὶ
202 1689 256 1716 τῶν
267 1689 427 1725 ἀνθρώπων,
443 1690 488 1716 καὶ
505 1690 529 1716 οἱ
541 1690 599 1721 ταῖς
617 1688 801 1724 χαμαιτύπαις
818 1688 892 1714 ἀδια-

108 1735 192 1770 φόρως
207 1735 261 1770 (84)
277 1736 443 1771 προσιόντες,
455 1735 622 1766 διδάσκοντες
634 1734 661 1760 δὲ
674 1734 720 1760 καὶ
736 1734 772 1769 μὴ
783 1733 891 1764 πάντως

108 1781 177 1816 παρά
202 1781 232 1807 τὸ
252 1781 441 1817 καθῆκον
462 1780 541 1807 τοῦτο
557 1779 689 1814 γίνεσθαι,
710 1778 760 1805 οὔκ
774 1779 842 1805 εἰσιν
862 1779 891 1805 ἐν

108 1825 223 1862 βορὸόρῳ
245 1825 402 1861 σκώληκες;
417 1827 463 1853 καὶ
479 1825 595 1861 μάλιστα
616 1825 821 1860 συγκρινόμενοι
836 1825 892 1855 τοῖς

107 1871 247 1907 διδαχθεῖσι
264 1873 300 1908 μὴ
319 1883 328 1898 ‹
346 1873 441 1906 αἴρειν
455 1872 491 1898 τὰ
501 1872 579 1906 μέλη
595 1871 647 1898 τοῦ
663 1870 800 1904 Χριστοῦ,
819 1879 828 1894 ι
846 1870 892 1895 καὶ

106 1917 134 1943 τὸ
146 1917 197 1944 ὑπὸ
211 1917 259 1945 τοῦ
273 1918 358 1952 Λόγου
371 1917 526 1952 οἰκούμενον
546 1917 635 1952 σῶμα,
650 1918 694 1943 καὶ
707 1916 803 1943 ποιεῖν
817 1916 891 1943 αὐτὰ

107 1963 303 1998 πόρνης-μέλη
314 1972 320 1978 ·
336 1963 449 1999 μαθοῦσι
464 1964 491 1989 δὲ
502 1963 552 1999 ἤδη
565 1964 611 1989 καὶ
624 1963 664 1989 ὅτι
676 1962 729 1999 (86)
745 1963 774 1989 τὸ
785 1962 832 1988 τοῦ
849 1962 891 1988 λο-
906 2000 909 2002 _

107 2009 180 2042 γικοῦ
212 2010 258 2036 καὶ
285 2009 323 2044 τῷ
346 2009 405 2044 Θεῷ
425 2009 479 2035 τῶν
505 2009 572 2034 ὅλων
598 2008 775 2043 ἀνακείμενον
800 2007 890 2042 σῶμα,

109 2063 118 2080 1
149 2055 220 2087 ναός
255 2064 264 2080 ι
298 2055 355 2080 ἐστι
384 2054 430 2080 τοῦ
460 2053 694 2089 προσκυνουμένου
725 2053 770 2079 ὑπ’
802 2051 891 2079 αὐτῶν

109 2109 117 2125 t
136 2100 218 2132 Θεοῦ,
242 2109 250 2125 ι
274 2099 392 2126 τοιοῦτον
413 2099 466 2125 ἀπὸ
485 2099 534 2133 τῆς
557 2098 681 2133 καθαρᾶς
703 2098 826 2134 περὶτοῦ
843 2098 890 2132 δη-

108 2146 233 2182 μιουργοῦ
247 2145 351 2176 ἐννοίας
365 2145 521 2180 γινόμενον·
541 2144 565 2169 οἳ
581 2144 627 2170 καὶ
641 2143 835 2178 φυλαττόμενοι
848 2143 890 2169 διὰ

106 2193 151 2228 τῆς
173 2192 333 2229 παρανόμου
353 2191 493 2223 συνουσίας
508 2191 629 2227 φθείρειν
651 2201 659 2216 ι
678 2190 730 2216 τεν
745 2189 819 2216 ναὸν
838 2189 890 2216 τοῦ

108 2239 188 2270 θεοῦ,
209 2249 217 2265 ι
233 2239 272 2271 ὡς
287 2239 327 2270 εἰς
343 2238 409 2265 Θεὸν
426 2237 565 2264 εὐσέϐειαν
582 2237 695 2263 ἀσκοῦσι
710 2235 758 2271 τὴν
783 2244 889 2271 σωφρο-

108 2284 194 2320 σύνην.

139 2331 191 2357 Καὶ
216 2331 294 2357 οὗπω
319 2330 389 2364 λέγω
413 2329 447 2356 τὰ
468 2329 548 2355 λοιπά
576 2329 604 2354 ὲν
627 2327 779 2362 ἀνθρώποις
806 2326 888 2357 κακὰ,

107 2372 140 2403 ὧν
155 2377 185 2403 οὐ
201 2376 307 2412 ταχέως
322 2376 376 2402 οὐδ’
390 2377 414 2402 οἱ
433 2374 586 2409 φιλοσοφεῖν
605 2373 746 2404 δοκοῦντες
760 2373 892 2408 καθαρεύ-

105 2430 176 2448 ουσι·
193 2422 285 2448 πολλοὶ
300 2421 354 2456 γὰρ
366 2422 412 2447 καὶ
425 2422 450 2447 οἱ
466 2421 494 2446 έν
509 2419 651 2454 φιλοσοφίᾳ
664 2418 745 2445 νόθοι.
761 2418 829 2445 osse
845 2427 892 2453 φη-

108 2467 135 2502 μί
146 2477 197 2499 πω,
208 2468 250 2494 ὅτι
266 2467 350 2493 πολλὰ
365 2467 414 2501 μέν
427 2467 483 2492 ἐστι
497 2464 648 2492 τὰτοιαῦτα
663 2464 737 2500 παρά
750 2465 805 2496 τοῖς
822 2464 891 2499 μήτε

112 2513 243 2545 Ἰουδαίοις
260 2514 327 2549 μήτε
338 2513 518 2548 Χριστιανοῖς.
532 2512 609 2537 Ἤτοι
623 2510 651 2537 δὲ
661 2510 714 2537 οὐδ’
723 2510 790 2541 ὅλως
804 2510 891 2544 ὑπάρ-

106 2566 144 2593 χει
160 2560 188 2585 ὲν
203 2560 392 2595 Χριστιανοῖς·
414 2559 437 2584 εξ
456 2558 558 2593 κυρίως
574 2555 720 2589 ἐξετάζοις,
735 2555 776 2587 τίς
790 2556 804 2581 6
821 2556 889 2590 Χρι-

107 2605 208 2637 στιανός
217 2615 223 2620 ·
237 2605 255 2640 ἢ
267 2605 291 2631 εί
304 2604 350 2631 καὶ
363 2603 497 2638 εὑρεθείη,
510 2602 567 2629 ἀλλ’
578 2601 635 2628 οὔτι
649 2610 681 2636 γε
698 2602 726 2628 ἐν
741 2602 797 2632 τοῖς
812 2608 889 2626 συνε-

143 2677 165 2694 ¹²
178 2677 188 2705 l
199 2678 265 2705 Cor.
281 2684 320 2709 vt,
335 2676 380 2703 l5.
419 2675 441 2691 ⁸³
458 2674 541 2702 lCor.
558 2682 600 2706 HI,
615 2673 658 2700 16.

139 2747 193 2784 (84)
211 2746 397 2781 Ἀδιαφόρως.
420 2745 463 2784 Ita.
482 2749 556 2784 recte
578 2743 689 2784 omnipo
709 2743 790 2784 habet
805 2742 889 2784 codex

107 2777 334 2812 Daliléensisfef
348 2777 425 2816 vetus
443 2779 598 2816 Vaticanus.
622 2779 717 2816 ﬁlias,
741 2777 887 2816 ﬁngeﬁpwg,

108 2817 183 2844 male.
200 2817 272 2844 Infra
298 2816 376 2842 codd.
404 2814 504 2849 Regius
521 2819 547 2841 et
569 2813 740 2846 ltasileensis,
765 2812 816 2838 ὑπὸ
842 2812 888 2837 τοῦ

106 2852 188 2886 Λόγου
200 2853 288 2878 οἱκονο
292 2850 341 2886 μού
345 2858 423 2885 μενον
440 2849 517 2884 σῶμα
523 2869 529 2875 .

269 2898 404 2926 ΡΑῊιοι..
428 2896 485 2925 Gn.
514 2895 567 2924 XI.

952 243 1018 263 sana
1037 235 1070 261 de
1084 234 1138 261 Deo
1157 234 1260 268 perdita
1281 235 1415 261 sententia
1427 255 1433 267 ,
1457 243 1525 262 vana
1543 236 1652 270 pietatis
1670 237 1736 264 ima-

950 280 1012 315 gine
1026 280 1121 313 delusi,
1138 284 1184 306 aut
1199 279 1326 306 animalia
1343 280 1456 307 rationis
1475 282 1596 315 expertia
1608 302 1615 313 ,
1634 287 1681 308 aut
1696 283 1735 310 si—

950 326 1087 358 mulacra,
1104 330 1150 353 aut
1165 325 1235 352 alias
1249 325 1369 360 insignes
1384 326 1464 360 hujus
1477 328 1568 354 mundi
1591 336 1632 355 res
1650 336 1734 356 venc-

950 377 1056 403 rantur,
1072 379 1186 406 quarum
1210 372 1412 406 pulchritudine
1431 373 1464 400 ad
1484 373 1671 401 admirandum
1687 383 1733 402 co-

949 417 1114 451 lendumque
1136 417 1261 451 opiﬁcem
1289 417 1388 444 adduci
1414 420 1601 446 tantummodo
1625 420 1734 448 debuis-

949 467 1025 494 sent;
1041 462 1089 489 scd
1109 462 1167 489 illos
1192 470 1252 489 esse
1268 462 1412 496 homines,
1431 468 1458 489 et
1474 464 1496 491 si
1511 465 1575 498 quid
1593 469 1635 492 est
1650 466 1734 492 homi-

949 509 1027 536 nibus
1042 508 1232 539 excellentius,
1249 509 1313 543 qui,
1336 508 1469 536 rationem
1487 509 1581 536 ducem
1600 512 1700 539 secuti.
1718 519 1733 537 a

948 555 1081 589 lapidibus
1107 560 1134 582 et
1152 555 1248 589 lignis,
1277 554 1310 581 ab
1326 562 1396 582 auro
1408 559 1436 582 et
1454 561 1564 589 argento
1587 557 1681 591 majori
1706 558 1732 583 in

948 602 1034 635 pretio
1051 601 1161 634 habitis,
1177 609 1191 628 a
1212 602 1291 628 rebus
1303 600 1386 634 hujus
1405 601 1497 627 mundi
1513 602 1659 635 quamlibet
1671 610 1733 635 spe-

948 646 1039 678 ciosis,
1056 647 1089 672 ad
1113 647 1233 673 omnium
1259 646 1429 673 conditorem
1452 646 1561 681 erigere
1589 655 1618 674 se
1638 653 1732 681 polue-

953 698 1036 725 runt;
1050 693 1094 727 qui
1107 699 1135 719 se
1148 697 1218 719 totos
1229 691 1265 718 illi
1279 692 1476 719 commiserunt
1490 699 1497 724 ;
1514 693 1558 726 qui
1569 712 1577 725 ,
1597 693 1667 726 quod
1684 701 1733 728 pro

947 744 1024 765 certo
1038 738 1155 764 habeant
1171 737 1245 764 illum
1261 737 1350 764 solum
1360 737 1484 764 omnibus
1502 745 1580 771 posse
1596 738 1732 769 sufﬁcere.

947 784 1124 817 cogitationes
1135 783 1255 809 omniurn
1269 783 1436 818 perspicere,
1444 784 1567 810 omnium
1577 791 1671 818 preces
1688 793 1734 811 au-

947 829 1016 862 dire,
1035 837 1128 864 preces
1143 829 1175 855 ad
1189 829 1263 855 illum
1275 829 1506 863 dirigunt,omnia
1521 830 1597 863 quasi
1611 830 1667 864 ipso
1688 830 1733 856 iu-

945 877 1083 906 spectante
1099 872 1208 905 faciunt,
1225 877 1252 900 et
1267 873 1342 907 quasi
1360 874 1486 900 audiente
1498 874 1564 910 ipso
1585 880 1682 901 cavent
1699 883 1732 902 ue

944 917 1090 951 quidquam
1108 918 1172 951 ipsis
1187 918 1295 944 excidat
1307 937 1314 949 ,
1327 918 1400 952 quod
1416 917 1454 944 illi
1473 918 1620 952 displicere
1637 921 1730 953 possit.

945 962 1007 989 llmc
1017 967 1088 989 tanta
1099 964 1184 997 pietas
1196 963 1276 998 520
1284 963 1488 995 ueclaborihus,
1496 971 1546 990 nee
1556 965 1650 991 mortis
1658 966 1731 999 peri-

945 1008 1024 1040 culis,
1038 1015 1086 1034 nec
1097 1008 1227 1042 captiosis
1241 1009 1375 1035 rationum
1398 1009 1620 1037 conclusionibus
1636 1010 1732 1037 debili-

946 1058 1011 1086 tata,
1024 1053 1125 1080 nihilue
1139 1053 1211 1080 illam
1220 1053 1350 1088 autplcxis
1359 1054 1489 1088 proderit,
1497 1055 1644 1088 quominus
1654 1055 1731 1081 deiu-

945 1105 1074 1133 cepscum
1085 1098 1240 1125 vermiculis
1251 1098 1437 1130 conferantur.
1446 1099 1552 1126 etiamsi
1563 1104 1642 1126 antea
1652 1107 1729 1127 com-

945 1145 1035 1178 parari
1050 1145 1190 1179 potuerint
1201 1145 1212 1170 ?
1222 1144 1290 1177 Quid
1302 1145 1313 1171 ?
1325 1145 1371 1179 qui
1397 1144 1662 1172 vehementissimam
1683 1147 1730 1172 ob-

949 1196 1048 1216 setente
1060 1189 1204 1224 voluptatis
1221 1189 1356 1216 libidinem
1366 1195 1539 1217 enervantem
1552 1194 1633 1224 atque
1644 1191 1730 1217 emol-

944 1234 1053 1262 lientem
1065 1236 1171 1262 animos
1183 1235 1311 1262 cohibent
1325 1242 1355 1262 ea
1372 1241 1466 1267 causa,
1483 1236 1555 1270 quod
1571 1243 1728 1271 persuasum

944 1279 1047 1307 habent
1063 1287 1092 1306 se
1111 1280 1157 1306 Dei
1175 1288 1229 1306 non
1251 1287 1330 1315 posse
1352 1279 1564 1308 familiaritatem
1588 1282 1728 1316 consequi,

946 1325 998 1352 nisi
1021 1326 1053 1352 ad
1079 1333 1140 1353 eum
1161 1333 1209 1360 per
1242 1326 1448 1360 temperantiam
1473 1328 1682 1361 contenderim;
1711 1328 1729 1355 ii

944 1372 1021 1399 vobis
1043 1372 1252 1399 vcrmiculorutn
1281 1372 1422 1406 germani,
1448 1373 1638 1407 cognationem
1666 1381 1727 1400 cum

945 1418 1066 1445 formicis
1080 1418 1188 1449 habere,
1199 1417 1299 1443 similes
1314 1424 1372 1443 esse
1389 1418 1462 1444 ranis
1483 1418 1626 1444 videntur?
1640 1418 1728 1452 Quid?

943 1464 1051 1491 Justitia
1064 1483 1070 1494 ,
1090 1462 1230 1497 splendida
1248 1462 1291 1488 illa
1308 1462 1392 1489 virtus
1412 1469 1471 1496 quae
1488 1470 1552 1497 erga
1575 1464 1729 1497 proximum

941 1509 1001 1544 jura
1011 1501 1171 1539 societatis,
1188 1508 1361 1542 aequitatem,
1375 1508 1571 1542 benignitatem
1581 1529 1587 1541 ,
1602 1509 1729 1536 humani-

947 1560 1028 1582 tatem
1045 1559 1151 1585 servat.
1178 1562 1230 1580 uon
1250 1553 1371 1580 obstabit
1397 1553 1460 1587 quin
1479 1554 1523 1580 illa
1552 1555 1683 1587 praeditus
1701 1555 1728 1580 in

943 1600 1148 1634 vespertiliones
1165 1598 1321 1626 referatur?
1336 1598 1435 1625 Contra
1447 1599 1492 1632 qui
1505 1605 1533 1625 se
1546 1599 1570 1624 iu
1582 1598 1730 1633 ﬂagitiosus

944 1646 1071 1673 libidines
1095 1646 1272 1680 ingurgitent,
1298 1644 1369 1679 quod
1395 1643 1516 1678 plerique
1540 1643 1657 1677 faciunt,
1682 1645 1727 1679 qui

944 1693 1017 1721 nullo
1032 1693 1133 1727 pudore
1145 1692 1177 1718 ad
1197 1691 1290 1717 obvias
1302 1697 1425 1724 quasque
1442 1690 1540 1724 vulgati
1553 1691 1674 1723 corporis
1689 1691 1727 1717 fe-

943 1739 1031 1765 minas
1051 1738 1192 1769 accedunt,
1208 1737 1256 1770 qui
1287 1736 1384 1762 docent
1399 1736 1456 1762 haac
1469 1743 1521 1762 non
1538 1743 1597 1762 esse
1616 1735 1728 1770 ﬂagitia,

944 1791 1034 1810 nonne
1053 1783 1090 1810 illi
1103 1786 1282 1809 suntvermes
1298 1781 1323 1807 in
1339 1788 1418 1807 coeno
1431 1781 1541 1807 volulali
1553 1781 1564 1806 ἱ)
1578 1781 1728 1815 praesertim

943 1830 965 1857 si
983 1833 1174 1864 comparentur
1185 1827 1216 1853 ad
1228 1834 1275 1854 eos
1299 1827 1343 1861 qui
1360 1826 1433 1853 docti
1457 1831 1519 1852 sunt
1536 1833 1588 1853 non
1609 1835 1617 1851 ι
1635 1827 1728 1853 tollere

943 1875 1062 1902 membra
1078 1866 1179 1901 Christi
1197 1883 1205 1899 ι
1223 1878 1250 1899 et
1260 1879 1358 1906 corpus
1371 1872 1397 1898 in
1413 1878 1465 1905 quo
1485 1871 1600 1899 Verbum
1614 1873 1727 1904 habitat,

943 1926 985 1947 ιιι(
998 1919 1222 1947 l‘aeiauttucmbra
1231 1918 1382 1945 meretricis
1394 1918 1416 1932 δ’
1429 1926 1434 1949 ;
1449 1918 1561 1951 iquiquc
1574 1917 1728 1944 didit-erunt

942 1973 1039 2000 corpus
1055 1967 1147 2000 inquo
1163 1970 1259 1991 natura
1271 1968 1311 1991 est
1328 1963 1438 1990 rationis
1454 1963 1599 1997 particeps,
1617 1964 1728 1990 univer—

942 2020 1032 2039 sorum
1050 2011 1104 2038 Deo
1114 2014 1314 2041 consecratum,
1329 2019 1337 2034 I
1353 2009 1479 2043 templum
1493 2018 1502 2033 ι
1516 2016 1575 2036 eSse
1592 2018 1600 2034 ι
1622 2009 1665 2035 Ιὶεί
1678 2008 1700 2024 ⁸³
1714 2017 1725 2035 ν

942 2065 1021 2092 quem
1036 2057 1167 2088 adorant.
1190 2055 1304 2089 ﬁerique
1323 2054 1368 2081 Dei
1388 2054 1514 2088 templum
1529 2062 1588 2080 eum
1607 2059 1680 2080 recte
1695 2054 1728 2080 de

942 2103 1082 2131 conditore
1109 2102 1245 2134 sentitur;
1272 2101 1317 2135 qui
1345 2101 1460 2134 denique
1486 2100 1628 2126 horrentes
1654 2109 1663 2125 ι
1681 2099 1726 2126 Dei

944 2147 1069 2181 tcmplutn
1083 2157 1091 2172 ι
1111 2147 1204 2173 illicita
1218 2146 1357 2179 voluptate
1371 2145 1502 2179 polluere,
1518 2152 1572 2171 sua:
1588 2143 1727 2178 religionis

908 2203 929 2229 ι)
943 2200 1003 2220 esse
1019 2193 1122 2219 ducunt
1137 2191 1226 2217 colere
1242 2190 1460 2224 temperantiam.

979 2324 1027 2351 27.
1043 2324 1177 2351 Praetereo
1197 2327 1293 2350 caatera
1309 2330 1369 2357 quae
1393 2323 1462 2356 apud
1488 2323 1614 2351 homines
1636 2324 1729 2359 vigent

945 2370 1072 2401 crimina,
1087 2377 1201 2404 quorum
1217 2369 1332 2396 fortasse
1345 2376 1395 2395 non
1408 2373 1470 2396 sunt
1482 2369 1614 2396 immunes
1627 2369 1668 2396 vel
1682 2370 1729 2404 qui

944 2410 1139 2450 philosophiam
1155 2421 1210 2449 prie
1224 2421 1252 2441 se
1266 2413 1376 2440 ferunt:
1395 2413 1470 2440 multi
1493 2414 1563 2440 enim
1580 2418 1643 2440 sunt
1662 2422 1730 2448 quos

945 2461 1076 2496 genuinos
1090 2460 1236 2494 discipulos
1250 2460 1415 2494 philosophia
1431 2468 1484 2486 non
1496 2460 1628 2494 agnoscit.
1641 2460 1731 2488 Taceo

944 2507 1026 2533 etiam
1040 2506 1123 2533 multa
1142 2506 1272 2541 ejusmodi
1288 2506 1401 2533 crimina
1415 2505 1484 2540 apud
1496 2513 1543 2533 eos
1559 2505 1671 2540 reperiri
1684 2506 1730 2539 qui

944 2561 1031 2587 neque
1045 2553 1141 2584 Juda‘i,
1157 2560 1242 2587 neque
1253 2551 1402 2580 Christiani
1417 2556 1492 2579 sunt.
1508 2550 1619 2578 Aliirmo
1636 2556 1727 2578 autem

945 2600 1001 2626 haec
1016 2604 1061 2626 aut
1078 2600 1147 2633 apud
1165 2599 1335 2626 Christianos
1350 2605 1406 2625 non
1417 2605 1488 2630 esse,
1503 2597 1526 2624 si
1541 2598 1604 2632 quid
1620 2597 1729 2633 proprie

981 2739 1037 2774 (85)
1053 2738 1136 2772 Παρὰ
1150 2738 1183 2764 τὸ
1198 2738 1341 2772 καθῆκον.
1351 2739 1383 2765 ν.
1396 2737 1465 2765 Tull.
1475 2745 1572 2774 ptumo
1635 2735 1727 2764 Caelio.

979 2771 1034 2809 (86)
1055 2771 1109 2800 Vos
1123 2771 1302 2809 ὃτιηιμιίιεςὶιι
1333 2778 1412 2800 antea
1440 2773 1520 2800 editis
1545 2771 1727 2809 desideratur,

944 2806 1096 2836 restituitur
1107 2816 1122 2834 e
1133 2806 1225 2835 rodiee
1250 2808 1366 2835 Juliano.
1378 2808 1460 2835 Paulo
1474 2813 1544 2842 post,
1559 2807 1628 2833 idem
1641 2806 1725 2833 codex

944 2849 1028 2877 recte,
1041 2843 1064 2870 οἳ
1077 2844 1123 2870 καὶ
1135 2843 1338 2878 ιρυλαττόμενοι.

1554 2888 1591 2917 3";
