1908 3099
189 114 257 144 1067

895 111 1056 143 ORIGENIS

1755 120 1819 148 tuos

187 177 223 204 sit
234 176 404 204 Christianus
418 175 633 207 consideraveris
647 183 654 208 ;
673 179 732 207 aut,
746 176 768 202 si
786 175 966 206 inveniuntur,

1031 176 1147 212 ῖρεύουσι
1160 177 1206 204 καὶ
1217 177 1263 204 ἐπὶ
1276 177 1325 210 τὰς
1335 178 1428 211 κοινὰς
1439 179 1520 215 εὐχὰς
1533 179 1704 216 ἐρχομένοις,
1721 180 1768 206 καὶ
1786 182 1819 217 μὴ

188 227 240 250 neu
260 227 334 249 certe
347 222 416 248 inter
434 228 484 248 eos
498 221 543 255 qui
561 221 594 247 ad
610 225 710 248 (:thin
725 221 888 248 conveniunt
900 242 908 254 ,
928 223 975 257 qui

187 269 313 304 precibus
329 269 444 304 publicis
459 269 615 301 intersunt,
634 276 684 295 nec
700 266 734 295 ab
755 264 807 297 illis
825 275 973 297 arcentur:

186 312 236 343 nisi
266 315 335 342 forte
361 315 422 350 quis
448 315 518 342 inter
545 311 613 342 alios
636 315 729 342 furtim
758 316 901 351 irrepsisse
926 316 974 343 de-

186 360 382 394 prehendatur.
398 359 455 386 Non
480 359 564 393 igitur
590 360 731 388 vermiculi
756 366 850 388 sumus
872 366 973 389 caelum

185 404 325 436 facientes,
343 412 393 432 nos
405 405 450 440 qui
477 411 572 432 contra
586 399 693 434 Judteos
710 414 726 433 e
746 407 888 441 seripturis
906 415 974 441 quas

185 451 299 478 credunt
315 455 411 478 sacras
426 459 578 485 pugnamus
589 471 596 484 ,
610 456 637 478 et
651 452 834 484 ostendimus,
851 460 912 480 eum
927 453 972 487 qui

184 497 328 531 prtedictus
359 501 411 526 est
437 494 596 531 advenisse,
639 496 756 532 illosque
782 504 892 533 propter
924 508 972 527 sua

183 543 303 570 maxima
331 548 443 577 peccata
468 545 590 571 desertos
613 543 715 576 fuisse;
743 552 793 572 nos
814 550 903 573 autem
927 547 972 581 qui

183 589 352 623 suscepimus
370 589 506 622 Verbum,
528 590 647 624 optimas
666 590 692 617 in
718 590 772 617 Deo
791 599 853 625 spes
871 591 972 619 habere

183 633 340 665 collocatas,
365 633 444 661 nixas
460 639 552 661 nostra
578 635 604 661 in
621 643 683 662 eum
701 635 754 662 lide
766 655 773 667 ,
789 641 817 663 et
842 637 902 664 vita:
925 645 971 672 ge-

184 687 262 712 nere,
280 680 352 714 quod
367 687 418 707 nos
434 681 469 707 ab
483 681 555 708 onmi
572 682 692 715 nequitia
708 683 827 717 vitioque
841 691 923 717 puros
938 684 971 711 ad

183 725 242 759 ejus
257 731 345 760 potest
367 727 517 761 perducere
544 727 770 756 familiaritatem.
789 728 874 757 Nemo
890 729 972 764 igitur

182 778 289 803 eorum,
305 772 351 806 qui
365 779 393 799 se
407 771 514 800 Judmos
536 777 584 799 aut
604 773 775 802 Christianos
797 775 968 810 proﬁtentur,

183 817 344 851 simpliciter
373 819 499 846 dixerit:
529 819 601 846 Deus
624 820 709 847 nostri
741 828 823 848 causa
854 821 970 850 maxime

182 863 310 890 mundum
322 871 428 891 omnem
442 864 628 899 emlorumque
639 870 800 900 apparatum
812 865 890 900 52],
903 874 969 894 con-

182 909 271 936 stituit
283 918 289 935 :
299 909 346 936 sed
361 910 384 937 si
399 910 470 943 quis,
480 915 510 936 ut
524 909 603 937 Jesus
617 910 751 942 docuit“,
772 912 873 938 mundo
888 913 970 940 corde

182 958 233 987 est,
252 953 328 981 mitis
341 973 350 986 ,
365 954 507 988 pacificus,
521 953 703 989 periculorum
720 961 831 990 propter
843 957 969 991 pietatem

183 1000 313 1032 tolerans,
326 1000 348 1027 is
358 1001 418 1035 jure
432 1000 486 1027 Deo
504 1001 641 1028 conlidere
665 1007 754 1036 potest
774 1007 801 1030 et
812 1004 927 1036 dicere,
947 1004 969 1031 si

181 1046 287 1080 quidem
306 1047 462 1081 prophetias
480 1047 605 1082 intelligit
623 1055 629 1074 :
652 1047 737 1076 Nobis
759 1048 805 1081 qui
825 1050 968 1083 credimur,

181 1094 267 1119 ontnia
283 1093 338 1120 Iiwc
351 1093 422 1120 Deus
439 1095 647 1126 prwmoustrarit
659 1100 683 1121 et
695 1096 829 1128 prwdixit.

215 1137 260 1165 28.
285 1137 418 1170 Quoniam
442 1145 507 1165 vero
531 1137 628 1165 Celsus
653 1139 825 1172 Christianis,
839 1149 907 1175 quos
921 1150 970 1177 pro

180 1183 336 1210 vermiculis
352 1183 442 1216 habet,
457 1185 539 1212 verba
556 1185 613 1212 haec
628 1185 754 1214 attribuit
772 1195 780 1214 :
798 1197 807 1213 ι
824 1187 909 1216 Nobis
926 1196 969 1216 so-

179 1227 223 1262 lis,
238 1228 329 1256 relicto
346 1233 401 1256 toto
423 1229 524 1257 mundo
537 1230 695 1265 caelestique
713 1239 804 1263 cursu,
829 1233 969 1267 neglecta-

179 1281 232 1307 que
245 1277 299 1300 tota
315 1274 367 1300 hac
382 1281 435 1308 qua
452 1274 505 1301 late
522 1279 596 1309 patet
612 1279 694 1309 terra,
711 1275 781 1303 Deus
806 1277 928 1310 providet
943 1282 969 1304 et

180 1319 316 1353 invigilat;
333 1318 366 1346 ad
383 1327 433 1346 nos
446 1319 526 1346 mittit
543 1327 692 1354 praecones,
707 1328 756 1348 nec
769 1321 877 1349 mittere
896 1321 968 1349 desi-

179 1364 233 1396 nit,
248 1362 379 1391 sollicitus
387 1364 523 1398 quomodo
535 1369 667 1392 aeternum
682 1365 719 1392 illi
731 1366 938 1401 conjungamur;
956 1376 965 1393 ι

179 1409 322 1436 dieendmn
336 1409 381 1436 hic
396 1409 430 1436 ab
449 1410 492 1436 illo
509 1410 587 1437 uobis
603 1411 738 1446 assignari
754 1419 814 1446 quae
831 1420 967 1447 nunquam

179 1453 257 1481 nobis
274 1454 300 1480 in
315 1455 432 1480 mentem
448 1458 593 1480 venerunt.
607 1453 736 1488 Legimus
752 1455 824 1482 enim
850 1459 874 1483 et
891 1455 968 1482 novi-

179 1506 252 1530 mus,
276 1509 285 1525 ι
308 1498 390 1526 Demn
418 1499 530 1533 diligere
553 1500 645 1526 omnia
668 1507 729 1533 qua:
754 1504 828 1532 sunt,
847 1505 875 1527 et.
901 1501 966 1528 nihil
981 1513 1001 1538 ο

179 1544 269 1572 odisse
280 1552 372 1571 eorum
390 1552 449 1578 qua:
464 1544 549 1577 fecit;
578 1544 646 1571 nihil
663 1545 736 1572 enim
755 1545 965 1573 constituturum

180 1590 264 1617 fuisse
276 1592 348 1624 quod
358 1591 460 1617 odisset
472 1591 507 1616 ".
526 1599 534 1616 ι
553 1590 662 1617 Lectum
679 1589 757 1618 nobis
770 1596 810 1618 est
827 1596 855 1619 et
870 1592 940 1619 istud
958 1601 965 1619 :

182 1646 192 1662 ι
210 1635 303 1663 Parcis
322 1640 413 1662 autem
427 1636 562 1668 omnibus,
577 1636 706 1671 quoniam
721 1637 811 1664 omnia
829 1642 872 1664 tua
891 1644 964 1671 sunt,

180 1682 226 1717 qui
240 1689 316 1708 amas
331 1681 446 1709 animas.
461 1680 678 1716 lncorruptibilis
691 1683 763 1710 enim
781 1688 843 1710 tuus
856 1688 898 1710 est
910 1684 966 1717 spi-

179 1729 250 1754 ritus
262 1727 289 1754 in
307 1727 448 1760 omnibus;
468 1727 582 1761 ideoque
603 1735 651 1754 eos
669 1728 714 1762 qui
727 1732 855 1756 exerrant
881 1729 966 1763 parti-

178 1772 229 1800 bus
240 1773 367 1807 corripis,
382 1777 409 1800 et
423 1774 455 1800 de
472 1773 568 1807 quibus
584 1778 709 1807 peccant,
721 1773 852 1802 admones
866 1779 892 1802 et
905 1783 966 1803 cor-

178 1818 244 1853 rigis
260 1818 293 1845 ".
315 1827 324 1844 ι
343 1818 394 1851 Qui
412 1819 494 1845 etiam
515 1818 667 1846 diceremus
683 1829 692 1845 (
709 1820 841 1848 caelorum
854 1825 964 1849 cursum

179 1869 321 1899 totumque
336 1864 465 1891 mundum
481 1872 496 1891 a
515 1865 571 1892 Deo
584 1865 713 1900 relinqui,
726 1873 852 1900 eumque,
874 1866 965 1901 negle-

177 1910 228 1937 ctis
247 1910 279 1937 iis
302 1910 386 1937 tantis
405 1915 484 1937 terra:
504 1911 608 1945 spatiis,
633 1911 779 1945 providere
798 1912 874 1940 nobis
900 1913 964 1940 solis

178 1959 260 1990 atque
276 1956 441 1983 consulere?
459 1963 507 1984 nos
520 1957 566 1990 qui
582 1957 609 1984 in
625 1957 750 1992 precibus
763 1958 864 1985 scimus
884 1962 911 1985 et
925 1959 966 1985 di-

178 2001 292 2028 cendum
305 2006 333 2029 et
351 2002 523 2036 cogitandum
537 2009 607 2034 esse,
623 2011 633 2028 ι
653 2002 841 2031 misericordia
856 2004 963 2032 Domini

178 2046 283 2081 plenam
306 2055 366 2075 esse
391 2052 490 2074 terram
504 2048 549 2081 '5';
570 2053 597 2075 et
619 2048 833 2076 misericordiam
859 2049 963 2076 Domini

177 2100 238 2120 esse
252 2100 445 2127 superomuem
457 2100 570 2120 carnem
583 2093 606 2110 ⁸³
618 2102 627 2127 ;
641 2097 667 2120 et
679 2094 778 2121 bonutn
793 2102 853 2123 esse
868 2095 963 2127 Deum,

180 2147 190 2163 ι
209 2138 255 2171 qui
269 2137 352 2164 solem
372 2144 450 2164 suum
463 2137 529 2163 oriri
543 2136 608 2169 facit
625 2144 707 2171 super
721 2137 806 2164 bonos
821 2143 848 2164 et
865 2137 961 2169 malos,

177 2188 204 2210 et
230 2184 297 2219 pluit
318 2190 399 2217 super
420 2183 509 2217 justus
534 2188 561 2209 et
589 2182 702 2215 iniustos
720 2180 761 2215 ‘9;
781 2191 790 2208 ›
807 2184 853 2217 qui
869 2187 896 2210 et
912 2191 962 2210 nos

178 2231 313 2262 hortatur,
329 2229 463 2263 siquidem
484 2229 544 2263 ejus
561 2228 609 2255 lilii
623 2236 682 2256 esse
696 2229 832 2260 volumus,
853 2234 881 2256 ut
903 2229 962 2263 ejus

175 2275 298 2310 exempla
322 2283 470 2309 sequamur
491 2274 524 2306 ⁸ο,
547 2275 679 2309 docetque
702 2281 796 2302 omnes
827 2275 960 2308 homines,

175 2321 264 2355 quoad
284 2327 438 2355 possumus,
458 2319 600 2346 beneﬁciis
627 2319 780 2354 complecti.
810 2320 866 2354 lpse
888 2321 960 2347 enim

175 2367 264 2394 dictus
283 2370 323 2393 est
342 2375 352 2392 ι
375 2366 501 2394 Salvator
521 2366 643 2393 omnium
665 2366 816 2398 hominum,
843 2367 961 2393 niaxime

176 2413 294 2440 lidelium
305 2412 344 2446 θ¹;
364 2421 373 2438 ι
388 2416 414 2439 et
429 2412 554 2439 Christus
565 2411 622 2446 ejus
640 2421 649 2436 ι
669 2411 825 2446 propitiatio
839 2419 899 2440 esse
912 2420 960 2446 pro

174 2459 295 2493 peccatis
311 2457 422 2490 nostris,
439 2465 491 2484 non
518 2463 567 2492 pro
590 2458 691 2485 nostris
709 2463 798 2484 autent
822 2457 896 2489 solis,
913 2458 959 2485 sed

174 2505 255 2532 etiam
272 2511 321 2539 pro
336 2503 420 2531 totius
436 2504 527 2530 mundi
544 2503 576 2531 ⁶².
591 2513 601 2529 ι
616 2504 705 2538 Atque
719 2503 777 2530 hmc
789 2503 896 2537 quidem
912 2502 960 2529 ad-

210 2560 234 2576 "
250 2560 344 2588 Matth.
358 2567 385 2591 ν,
400 2559 426 2586 8.
466 2560 488 2575 ⁵⁵
506 2559 572 2594 Sap.
596 2567 633 2592 χι,
647 2559 697 2586 25.

174 2596 197 2612 ¹⁹
212 2595 306 2623 Matth.
322 2602 347 2629 v,
362 2595 408 2622 45.
448 2595 470 2610 ⁶⁰
487 2594 553 2622 Luc.
573 2602 610 2627 v1,
627 2594 677 2621 25.

212 2655 267 2689 (87)
279 2654 356 2687 Mss.,
367 2653 453 2688 λέγοι.
466 2653 593 2689 lmpressi
612 2653 682 2685 libri,
700 2652 785 2687 λέγει.

209 2688 265 2724 (88)
279 2690 361 2721 Alias.
376 2689 414 2721 ὡς
428 2690 443 2715 ὁ
455 2688 531 2720 Θεός,
547 2688 593 2724 sed
606 2695 670 2724 mss.
684 2691 712 2714 ut
729 2689 755 2714 in
765 2692 862 2724 nostro
878 2691 962 2724 tertii.

175 2724 247 2750 lnl'ra
257 2722 339 2751 iidem
356 2732 434 2756 mss.,
449 2723 492 2750 διὰ
507 2724 557 2758 τὴν
568 2722 708 2748 εὐσέϐειαν
719 2722 865 2753 κινδύνους.
884 2722 962 2749 Lihb.

175 2759 311 2791 impressi,
325 2758 369 2785 διὰ
381 2758 431 2793 τῆς
447 2757 585 2789 εὐσεϐείας
598 2757 744 2789 κινδύνους.

211 2793 267 2832 (89)
285 2791 440 2827 Τοσαύτήν
460 2792 528 2826 γῆν.
551 2793 596 2819 δίο
614 2800 678 2819 mss.
700 2793 773 2820 Alias
788 2799 860 2824 vero,
872 2791 963 2818 τοιαύ-

176 2835 224 2860 την
234 2835 285 2861 γην
289 2846 295 2853 .

746 2559 770 2575 ⁵⁸
779 2558 843 2592 Sap.
861 2566 901 2591 xi,
918 2559 975 2591 27;
1003 2567 1053 2591 xu,
1071 2560 1096 2590 1,
1111 2559 1139 2585 2.

734 2593 773 2621 “l
793 2593 864 2620 Titii.
880 2601 919 2626 tv,
939 2594 982 2622 l0.

1027 222 1247 258 ἀποκλειομένοις
1263 224 1310 250 ἀπ’
1329 224 1433 251 αὐτῶν⁸
1455 227 1479 252 εἰ
1502 225 1539 261 μὴ
1560 226 1613 261 ἄρα
1635 235 1679 258 τις
1699 227 1819 258 σπανίως

1026 265 1163 296 λανθάνων
1192 271 1220 296 ὲν
1243 271 1298 302 τοῖς
1322 271 1429 304 πολλοῖς
1453 272 1606 308 εὑρίσκοιτο
1627 273 1754 305 τοιοῦτος
1785 273 1819 300 οι

1027 315 1166 351 σκώληκες
1177 314 1223 343 οὖν
1233 316 1458 352 ἐκκλησιάζοντες
1466 319 1549 353 ἐσμεν
1556 320 1580 345 οἱ
1590 320 1659 354 πρὸς
1676 319 1819 350 Ἰουδαίους

1027 359 1164 396 ἱστάμενοι
1181 360 1234 388 ἀπὸ
1246 362 1298 389 τῶν
1312 363 1536 398 πεπιστευμένων
1548 364 1640 396 αὐτοῖς
1650 360 1724 390 εἶναι
1738 373 1820 399 γραμ-

1027 405 1117 440 μάτων
1136 406 1225 441 ἱερῶν,
1241 407 1288 433 καὶ
1303 407 1457 439 δεικνύντες
1473 408 1518 434 τόν
1534 417 1564 435 τε
1580 409 1819 444 προφητευόμενον

1024 450 1261 487 ἐπιδεδημηκέναι,
1287 453 1335 479 καὶ¹
1361 453 1405 480 διὰ
1429 453 1463 480 τὰ
1490 454 1608 489 μέγιστα
1631 455 1819 490 ἁμαρτήματα

1024 496 1145 529 ὲκείνους
1159 498 1413 532 ἐγκαταλελεῖφθαι,
1431 499 1478 525 καὶ
1490 500 1574 535 ἡμᾶς,
1588 500 1653 531 τοὺς
1669 500 1810 535 παραδεξα

1026 542 1121 577 μένους
1133 542 1178 569 τὸν
1191 543 1288 577 Λόγον,
1306 544 1417 576 ἐλπίδας
1436 545 1508 580 ἔχειν
1529 545 1603 577 παρά
1616 545 1677 580 Θεῷ
1694 545 1747 577 τὰς
1763 546 1818 581 ἀρί-

1024 597 1100 620 στας,
1115 588 1148 615 ἐκ
1161 598 1190 615 τε
1203 589 1253 624 τῆς
1267 591 1307 620 εἰς
1320 590 1400 616 αὑτὸν
1413 591 1530 622 πίστεως
1545 591 1591 617 καὶ
1605 590 1654 617 τοῦ
1667 590 1816 625 δυναμένου

1023 634 1095 668 ἡμᾶς
1108 634 1247 661 οἰκειῶσαι
1263 635 1338 671 αὐτῷ
1351 636 1485 672 καθαροὺς
1502 636 1556 663 ἀπὸ
1575 637 1668 671 πάσης
1685 636 1817 672 πονηρίας

1023 680 1069 706 καὶ
1093 680 1192 712 κακίας
1211 681 1279 715 βίου.
1304 682 1359 716 Οὐχ
1378 682 1473 714 ἁπλῶς
1496 680 1552 714 οὗν,
1575 683 1603 709 εἴ
1623 692 1667 714 τις
1693 683 1817 710 Ἰουδαῖον

1022 725 1117 752 ἑαυτὸν
1130 725 1146 761 ἥ
1161 726 1321 762 Χριστιανὸν
1336 727 1507 762 ἀναγορεύει,
1521 725 1598 759 οὗτος
1613 727 1689 762 λέγοι
1704 728 1762 762 (87)
1776 729 1815 760 ἂν,

1021 771 1062 797 ὅτι
1078 771 1125 798 τὸν
1145 772 1235 798 πάντα
1251 771 1352 807 κόσμον
1366 773 1412 799 καὶ
1429 774 1478 808 τὴν
1501 773 1626 808 οὐράνιον
1643 773 1734 809 φορὰν
1756 774 1817 808 ἡμῖν

1023 816 1140 851 μάλιστα
1165 817 1314 853 πεποίηκεν
1335 819 1350 844 6
1372 818 1452 850 Θεός·
1474 818 1534 845 ἀλλ’
1552 819 1579 845 εί
1597 828 1650 851 τις,
1670 818 1712 850 ὡς
1732 820 1747 846 6
1768 819 1816 854 Ἰη-

1023 862 1086 894 σοῦς
1100 863 1154 899 (88)
1168 863 1281 897 ἐδίδαξε,
1295 863 1414 900 καθαρός
1425 865 1482 891 ἐστι
1494 866 1527 900 τῇ
1537 865 1646 901 καρδίᾳ,
1659 865 1709 892 καὶ
1722 866 1815 900 πρᾶος,

1021 908 1068 934 καὶ
1092 909 1269 944 εῐρηνοποιὸς,
1288 910 1336 936 καὶ
1357 910 1504 945 προθύμως
1526 911 1670 945 ὑπομένων
1694 912 1762 942 τοὺς
1777 911 1817 937 διὶ

1021 954 1069 990 τὴν
1082 954 1222 981 εὐσέϐειαν
1239 955 1378 987 κινδύνους
1389 964 1395 970 ”
1407 955 1525 990 εὐλόγως
1535 955 1568 983 ἂν
1581 958 1595 983 6
1608 956 1735 988 τοιοῦτος
1753 957 1816 992 01.6-

1022 1000 1081 1035 ροίη
1094 999 1133 1035 τῷ
1148 999 1217 1035 Θεῷ,
1240 1001 1339 1031 συνιεὶς
1352 1000 1380 1027 δὲ
1400 1001 1447 1027 καὶ
1460 1001 1505 1027 τὸν
1520 1002 1548 1027 ἐν
1561 1002 1619 1033 ταῖς
1636 1002 1817 1037 προφητείαις

1021 1045 1097 1080 λόγον
1108 1047 1192 1081 φήσαι
1207 1046 1240 1072 ἂν
1257 1047 1302 1072 καὶ
1316 1046 1355 1072 τό·
1378 1055 1386 1071 ι
1405 1046 1498 1073 Πάντα
1513 1047 1600 1074 ταῦτα
1616 1048 1683 1082 ἡμῖν
1702 1050 1761 1079 τοῖς
1781 1057 1817 1074 πι-

1022 1091 1159 1118 στεύουσιν
1170 1092 1184 1117 ὁ
1196 1091 1261 1123 Θεὸς
1275 1091 1461 1127 προδεδήλωκε
1475 1092 1521 1118 καὶ
1533 1092 1730 1127 κατήγγειλεν.
1755 1102 1764 1118 ι

1064 1137 1138 1163 Ἐπεὶ
1155 1136 1182 1162 δὲ
1199 1137 1247 1163 καὶ
1270 1137 1428 1172 πεποίηκεν,
1452 1137 1500 1169 οὒς
1525 1138 1632 1172 ἡγεῖται
1657 1137 1816 1172 σκώληκας,

1020 1183 1199 1218 Χριστιανοὺς
1226 1182 1364 1216 λέγοντας,
1389 1183 1430 1209 ὃτι
1457 1193 1466 1208 ι
1494 1183 1543 1218 τὴν
1571 1183 1700 1219 οὐράνιον
1733 1184 1818 1219 φορὰν

1020 1226 1160 1255 ἀπολιπὼν
1174 1228 1188 1253 6
1202 1227 1278 1260 Θεὸς,
1296 1228 1343 1254 καὶ
1367 1228 1416 1263 τὴν
1433 1228 1569 1264 τοσαύτην
1589 1229 1642 1264 γῆν
1659 1229 1718 1262 (89)
1736 1237 1817 1264 παρι-

1019 1272 1082 1305 δὼν,
1097 1274 1162 1308 ἡμῖν
1179 1273 1268 1308 μόνοις
1279 1273 1498 1308 ὲμπολιτεύεται,
1516 1274 1564 1301 καὶ
1580 1274 1650 1310 πρὸς
1665 1275 1744 1309 ἡμᾶς
1759 1275 1818 1301 ἐπι-

1020 1319 1211 1355 κηρυκεύεται,
1229 1320 1275 1345 καὶ
1303 1318 1418 1354 πέμπων
1433 1319 1463 1345 οὐ
1487 1319 1632 1352 διαλείπει,
1654 1320 1704 1346 καὶ
1728 1320 1818 1355 ζητῶν

1019 1364 1093 1396 ὅπως
1109 1364 1153 1391 ἀεὶ
1173 1364 1295 1400 συνῶμεν
1315 1364 1407 1400 αὐτῷ·
1427 1374 1436 1390 ι
1453 1363 1627 1396 λεκτέονςδτι
1647 1365 1684 1391 τὰ
1709 1366 1748 1401 μὴ
1777 1365 1818 1391 λε-

1020 1406 1121 1444 γόμενα
1135 1409 1204 1444 πρὸς
1219 1409 1297 1444 ήμῶν
1313 1408 1481 1444 περιτίθησιν
1498 1409 1573 1444 ἡμῖν,
1596 1410 1653 1440 τοῖς
1677 1408 1728 1434 καὶ
1751 1409 1814 1434 ἀνα-

1019 1455 1182 1490 γινώσκουσι
1196 1455 1244 1481 κα).
1260 1454 1467 1488 γιγνώσκουσιν,
1484 1464 1493 1480 ι
1511 1455 1552 1480 ὅτι
1566 1455 1661 1489 ἀγαπᾷ
1677 1454 1771 1481 πάντα
1783 1454 1815 1480 τὰ

1019 1501 1083 1527 ὄντα
1108 1501 1121 1526 6
1143 1500 1219 1531 Θεὸς,
1247 1500 1294 1527 καὶ
1319 1500 1394 1526 οὐδὲν
1422 1499 1596 1534 βδελύσσεται
1613 1496 1651 1525 ὧν
1666 1499 1813 1534 ὲποίησεν⁴

1017 1547 1077 1574 οὐδὲ
1098 1546 1152 1582 γὰρ
1171 1546 1204 1573 ἂν
1223 1546 1309 1581 μισῶν
1329 1555 1356 1573 τι
1382 1546 1595 1572 κατεσκεύασεν.
1613 1556 1621 1571 ι
1641 1545 1815 1580 ’Λνέγνωμεν

1017 1592 1044 1618 δὲ
1059 1592 1105 1619 καὶ
1119 1592 1148 1619 τό
1158 1601 1164 1607 ·
1181 1601 1190 1617 ι
1205 1592 1285 1628 Φείδῃ
1299 1592 1327 1618 δὲ
1343 1591 1462 1624 πάντων,
1478 1592 1518 1619 ὅτι
1532 1592 1566 1618 σά
1582 1590 1640 1617 ἐστι
1657 1592 1762 1623 πάντα,
1775 1599 1815 1626 ςι-

1017 1638 1126 1673 λόψυχε,
1146 1638 1183 1664 Τὸ
1208 1638 1261 1673 γὰρ
1279 1637 1414 1673 ἄφθαρτόν
1429 1646 1476 1664 σου
1485 1638 1594 1672 πνεῦμά
1606 1638 1682 1664 ἐστιν
1695 1638 1724 1663 ἐν
1733 1639 1813 1664 πᾶσι·

1016 1687 1056 1714 διὸ
1072 1688 1118 1714 καὶ
1130 1687 1194 1719 τοὺς
1208 1687 1432 1722 παραπίπτοντας
1445 1687 1504 1713 κατ’
1516 1686 1604 1720 ὀλίγον
1617 1687 1756 1722 ἐλέγχεις,
1771 1687 1816 1713 καὶ

1017 1733 1046 1758 ὲν
1058 1729 1098 1764 οἷς
1111 1732 1314 1767 ἁμαρτάνουσιν
1333 1731 1549 1766 ὑπομιμνήσκων
1564 1731 1717 1763 νουθετεῖς.
1730 1741 1740 1756 ι
1755 1731 1815 1762 Πῶς

1015 1777 1043 1802 δὲ
1063 1775 1200 1811 δυνάμεθα
1222 1774 1310 1809 λέγειν
1326 1784 1335 1800 ι
1362 1774 1411 1809 τὴν
1435 1774 1558 1809 οὐράνιον
1582 1774 1670 1809 φορὰν
1696 1774 1746 1800 καὶ
1770 1773 1814 1800 τὸν

1016 1822 1104 1848 πάντα
1123 1822 1234 1856 κόσμον,
1248 1819 1414 1846 ἀπολιπόντα
1429 1819 1474 1845 τὸν
1488 1819 1564 1851 Θεὸν,
1580 1819 1628 1846 καὶ
1648 1819 1698 1854 τὴν
1713 1819 1813 1847 τοσαύ-

1015 1873 1064 1899 την
1081 1865 1132 1899 γῆν
1158 1863 1313 1899 παριδόντα,
1339 1863 1404 1898 ἡμῖν
1423 1863 1513 1898 μόνοις
1529 1863 1780 1898 ὲμπολιτεύεσθαι;
1802 1873 1810 1888 ι

1015 1911 1112 1942 οἵτινες
1125 1910 1153 1936 ὲν
1166 1911 1225 1941 ταῖς
1238 1909 1330 1944 εὐχαῖς
1345 1908 1461 1945 εὕρομεν
1473 1909 1527 1935 δεῖν
1539 1916 1566 1934 τι
1580 1908 1671 1942 λέγειν
1683 1909 1813 1944 φρονοῦνς

1015 1965 1074 1992 τας,
1091 1965 1099 1981 ι
1113 1955 1154 1981 ὅτι
1167 1954 1213 1981 τοῦ
1229 1954 1319 1986 ἐλέους
1329 1955 1432 1988 Κυρίου
1449 1954 1555 1989 πλήρης
1569 1955 1586 1989 ἠ
1600 1954 1647 1989 γῆ·
1665 1955 1726 1986 καὶ,
1742 1955 1813 1986 ἕλεος

1015 2001 1116 2037 Κυρίου
1144 2001 1190 2027 ὲπὶ
1214 2001 1303 2026 πᾶσαν
1330 2000 1428 2036 σάρκα·
1451 2009 1460 2024 ι
1479 2000 1535 2031 καὶ,
1553 2000 1593 2026 ὅτι
1616 2000 1725 2032 ἀγαθὸς
1748 2000 1786 2026 ὢν
1800 2001 1813 2026 6

1015 2047 1090 2077 Θεὸς,
1109 2055 1117 2070 ι
1137 2044 1275 2071 ἀνατέλλει
1288 2044 1334 2070 τὸν
1350 2044 1427 2079 ἥλιον
1445 2044 1527 2070 αὑτοῦ
1541 2043 1596 2078 (90)
1611 2044 1658 2070 ἐπὶ
1676 2045 1813 2080 πονηροὺς

1015 2092 1061 2118 καὶ
1072 2090 1250 2125 ἀγαθοὺς,κα“ι
1267 2090 1358 2125 βρέχει
1366 2090 1412 2116 ἐπὶ
1420 2090 1540 2121 δικαίους
1554 2091 1601 2116 καὶ
1611 2091 1755 2122 ἀδίκους,›
1770 2091 1813 2116 καὶ

1016 2137 1100 2172 ἡμᾶς,
1117 2136 1161 2162 ἵνα
1176 2133 1319 2169 γενώμεθα
1333 2134 1416 2160 αὑτοῦ
1434 2134 1499 2164 υἱοὶ,
1515 2134 1561 2160 ἐπὶ
1574 2133 1609 2159 τὰ
1630 2134 1812 2169 παραπλήσια

1014 2191 1080 2218 προτ
1086 2181 1185 2217 ρὲπων,
1195 2181 1241 2207 καὶ
1251 2180 1385 2207 διδάσκων
1393 2181 1431 2211 είς
1443 2180 1545 2211 πάντας
1552 2180 1626 2214 ἡμᾶς
1637 2179 1688 2206 ἀνθ
1693 2179 1811 2214 ρώπους,

1014 2228 1084 2255 κατὰ
1095 2225 1126 2254 τὸ
1141 2227 1262 2259 δυνατὸν,
1278 2227 1407 2253 ἐκτείνειν
1421 2226 1470 2257 τὰς
1484 2226 1616 2257 εὐποιίας.
1631 2226 1689 2252 Καὶ
1700 2226 1757 2262 γὰρ
1771 2227 1811 2252 αὐ-

1012 2275 1058 2306 τὸς
1081 2273 1187 2309 εἴρηται
1213 2283 1221 2299 ι
1251 2272 1345 2308 Σωτὴρ
1372 2273 1480 2299 πάντων
1502 2271 1666 2307 ἀνθρώπιον,
1692 2272 1810 2306 μάλιστα

1015 2319 1132 2346 πιστῶν
1157 2329 1165 2344 ι
1184 2319 1229 2345 καὶ¹
1242 2319 1255 2344 ὁ
1272 2319 1389 2354 Χριστὸς
1405 2317 1487 2345 αὑτοῦ
1501 2327 1510 2342 ι
1532 2317 1646 2352 ίλααμὸς
1659 2316 1732 2344 εἶναι
1750 2319 1811 2353 περὶ

1014 2366 1068 2391 τῶν
1079 2364 1219 2400 ἁμαρτιῶν
1232 2363 1311 2399 ἡμῶν
1325 2372 1331 2378 ⁸
1347 2363 1377 2390 οὐ
1398 2363 1461 2398 περὶ
1476 2363 1529 2389 τῶν
1541 2363 1684 2398 ἡμετέρων
1705 2364 1735 2390 δὲ
1762 2364 1809 2397 μάν

1014 2419 1077 2442 νων,
1095 2410 1162 2437 ἀλλά
1176 2410 1221 2436 καὶ
1242 2410 1307 2439 περὶ
1321 2409 1382 2435 ὅλου
1408 2408 1454 2435 τοῦ
1479 2409 1591 2443 κόσμου.
1612 2418 1621 2433 ι
1642 2409 1700 2435 Καὶ
1725 2409 1808 2435 ταῦτα

1016 2457 1065 2492 μὲν
1081 2454 1127 2483 οὖν
1146 2456 1214 2491 πρὸς
1229 2455 1324 2486 ταῦτα,
1347 2455 1397 2481 ὅσα
1414 2454 1467 2488 (91)
1485 2454 1640 2489 ἀνέγραψεν
1654 2454 1669 2480 ὁ
1686 2455 1806 2485 Κέλσος·

1013 2502 1080 2530 ἄλλα
1093 2501 1120 2528 δέ
1134 2510 1195 2527 τινα
1209 2500 1329 2527 ἰδιωτικά
1343 2500 1443 2526 εἴποιεν
1456 2497 1492 2527 ἄν’
1504 2499 1638 2526 Ἰουδαίων
1650 2501 1735 2532 τινες,

1482 2557 1506 2573 ⁵⁸
1522 2557 1609 2584 Eccli.
1626 2564 1708 2589 mu,
1728 2557 1771 2585 12.

1179 2559 1201 2575 ⁵⁷
1219 2558 1290 2586 Psal.
1307 2565 1394 2590 χχιιι,
1407 2557 1436 2584 5.

1040 2594 1078 2621 "l
1094 2593 1177 2621 Joan.
1192 2602 1222 2627 ιι,
1236 2594 1265 2620 2.

1049 2652 1105 2686 (90)
1124 2651 1183 2679 Vox
1208 2651 1291 2678 αὑτοῦ
1306 2651 1475 2678 desideratur
1495 2650 1522 2676 in
1542 2654 1623 2677 antea
1640 2650 1736 2683 editis,
1761 2651 1805 2678 sed

1013 2687 1128 2714 habetur
1142 2687 1168 2714 in
1184 2687 1388 2718 manuscriptis.

1050 2722 1106 2757 (91)
1120 2722 1215 2748 Taﬁta
1227 2721 1286 2756 μὲν
1299 2720 1356 2748 οὖν
1369 2720 1443 2754 πρὸς
1454 2719 1556 2757 fuit};
1571 2719 1641 2757 ᾇσα,
1657 2725 1715 2748 etc.
1728 2720 1803 2757 fﬁeri-

1012 2753 1130 2784 bcndiim
1142 2753 1261 2787 videtur,
1274 2757 1360 2783 ταῦτα
1373 2753 1421 2790 μὲν
1437 2753 1483 2781 οὖν
1493 2754 1560 2788 πρὸς
1575 2755 1637 2786 ὅσα,
1655 2761 1710 2790 e_lc.
1727 2755 1803 2782 Liliti.

1014 2792 1136 2825 impressi
1160 2791 1186 2818 in
1212 2792 1334 2826 margine
1360 2788 1469 2819 habent.
1489 2790 1559 2823 τάχα
1583 2790 1634 2824 μὲν
1651 2788 1700 2816 οὖν
1721 2790 1803 2817 ταῦτα

1012 2826 1071 2859 ὅσα,
1088 2831 1139 2853 ctc.
