1908 3099
129 81 145 107 Ι
152 78 204 108 069

711 78 851 109 CONTRA
870 80 1008 109 CELSUM
1025 81 1088 108 LIB.
1105 80 1151 109 ιν.

1688 81 1756 109 1070

126 140 192 167 οὔτι
211 148 242 174 γε
259 140 306 167 καὶ
321 138 478 176 Χριστιανοι
491 148 497 155 ·
521 140 546 166 οἱ
571 139 749 175 διδαχθέντες,
764 140 804 166 ὅτι
823 149 832 166 α
852 139 922 167 συνί-

975 148 1070 168 versns
1092 148 1123 167 ea
1144 147 1204 176 quae
1226 139 1320 167 Celsus
1346 139 1519 174 conscripsit.
1546 139 1672 173 Qua-dam
1704 139 1756 166 alia

128 195 212 223 στησι
228 187 277 222 τὴν
291 185 388 213 ἑαυτοῦ
403 184 513 220 ἀγάπην
531 187 571 217 εἰς
591 185 663 221 ἡμᾶς
677 187 691 212 ό
706 185 782 217 Θεὸς,
806 184 858 217 ὅτι,
882 185 922 211 ἔτι

127 232 301 269 ἁμαρτωλῶν
322 233 406 259 ὄντων
427 232 515 267 ἡμῶν,
538 232 655 267 Χριστος
670 231 740 266 ὑπὲρ
755 231 834 266 ἡμῶν
857 231 924 258 ἀπέ-

127 278 206 305 θανε.
234 279 362 312 Καίτοιγε
386 279 464 314 μόγις
481 287 523 309 τις
543 278 612 313 ὑπὲρ
627 278 673 304 τοῦ
688 277 792 304 δικαίου
822 276 924 303 ἀποθα-

126 326 227 351 νεῖται·
244 324 313 359 ὑπὲρ
327 324 381 360 γὰρ
390 324 435 350 τοῦ
447 323 549 358 ἀγαθοῦ
563 324 632 359 τάχα
642 330 684 355 τις
697 324 744 350 καὶ
754 323 842 358 τολμᾷ
857 323 924 349 ἀπο-

126 370 233 396 θανεῖν.
260 379 268 394 I
291 370 359 396 Νυνὶ
375 369 404 396 δὲ
420 369 489 405 ὑπὲρ
512 367 565 396 τῶν
591 368 727 403 πανταχοῦ
754 367 921 404 ἁμαρτωλῶν

128 416 189 450 (ἴνα
204 415 372 442 καταλίπωσι
394 415 441 450 τὴν
462 413 608 450 ἁμαρτίαν,
636 415 683 440 καὶ
704 413 920 448 πιστεύσωσιτῷ

125 462 193 496 Θεῷ
222 461 353 496 ἑαυτοὺς)
381 459 608 496 ἐπιδεδημηκέναι
634 460 688 496 (92)
715 460 884 495 κεκήρυκται
908 460 922 485 ὁ

134 506 253 542 Ἰησοῦς,
263 506 368 542 πατρίῳ
381 506 433 532 τινὶ
444 508 500 538 τοῖς
516 506 604 540 λόγοις
618 506 721 538 τούτοις
733 506 860 542 συνηθείᾳ
876 506 922 533 καὶ

126 550 250 587 Χριστὸς
265 549 332 578 εἷναι
344 551 488 586 λεγόμενος
503 552 549 578 τοῦ
568 552 646 578 Θεοῦ.

974 186 1025 213 sibi
1050 187 1159 222 propria
1186 185 1270 213 Judtei
1297 186 1419 213 nonnulli
1437 191 1607 221 reponerent,
1632 193 1690 220 qua:
1705 187 1756 212 mi-

974 232 1046 259 nime
1075 231 1240 258 Christianis
1264 232 1428 259 conveniunt
1455 231 1577 266 :quippe
1602 232 1700 266 quibus
1715 231 1758 258 di-

975 282 1018 304 cta
1040 283 1105 305 sunt
1129 278 1187 305 haec
1212 285 1219 304 :
1249 286 1259 302 ι
1287 277 1463 304 Commendat
1493 277 1652 304 charilatcm
1679 284 1756 303 suam

977 323 1047 351 Deus
1063 324 1088 349 in
1110 323 1200 355 nobis,
1218 323 1346 357 quoniam
1360 331 1420 350 cum
1434 323 1522 350 adhuc
1536 327 1694 358 peccatores
1714 331 1758 351 es-

975 375 1077 400 semus,
1098 368 1224 395 Christus
1240 375 1287 402 pro
1306 369 1384 395 nobis
1399 373 1521 396 mortuus
1535 373 1576 396 est
1603 367 1635 394 ⁸³.
1667 368 1758 401 Quan-

974 422 1055 448 quam
1073 415 1116 440 vix
1136 421 1184 448 pro
1206 413 1278 448 justo
1298 414 1358 448 quis
1380 414 1509 441 moritur.
1530 413 1596 440 Nam
1620 422 1668 448 pro
1687 415 1758 442 bono

977 460 1091 487 forsitan
1104 460 1165 495 quis
1194 460 1290 487 audeat
1314 459 1427 487 mori“.
1444 469 1452 485 ι
1478 459 1553 486 Nunc
1566 465 1654 487 autem
1667 460 1758 493 Jesus,

976 513 1056 541 quem
1071 506 1153 533 etiam
1169 506 1250 532 ducto
1271 513 1303 532 ex
1328 510 1481 532 nostrarum
1497 505 1699 539 Scripturarum
1721 506 1759 533 lo-

977 552 1077 586 quendi
1097 552 1294 579 consuetudine
1305 551 1439 578 vocabulo
1453 550 1591 578 Christum
1607 552 1654 578 Dei
1668 553 1759 586 appel-

130 600 236 632 lamus,
255 600 399 628 advenisse
423 608 472 635 pro
487 601 615 628 omnibus
636 601 790 636 ubicunque
803 602 858 629 sint
875 601 1062 636 peccatoribus
1089 601 1259 635 prmdicatur,
1286 604 1325 632 ut,
1345 600 1433 634 posito
1451 604 1571 634 peccato,
1598 599 1678 634 scipsi
1704 600 1759 627 Deo

128 647 256 674 credant.

166 692 244 728 Τάχα
257 692 286 719 δέ
299 701 379 719 τινων
393 693 566 728 παρήκουσεν
585 691 598 718 ὁ
615 692 728 725 Κέλσος,
742 693 781 719 ὅτι
800 703 808 718 ι
826 693 840 720 ὁ
854 692 919 725 Θεός

127 738 217 770 ἐστιν,
233 736 292 765 εἶτα
310 737 367 774 μετ’
386 739 487 765 ἐκεῖνον
506 737 596 773 ἡμεῖς,
616 748 624 763 ι
641 738 688 770 οὓς
704 737 827 774 ὠνόμασε
848 738 919 765 σκώ-

127 785 229 820 ληκας.
241 785 296 811 Καὶ
317 785 408 820 ὅμοιον
427 783 498 811 ποιεῖ
516 787 570 817 τοῖς
587 785 634 821 ὅλῃ
646 785 748 820 αἱρέσει
762 784 919 820 φιλοσοφίας

127 829 278 866 ἐγκαλοῦσι
303 832 347 858 διά
366 840 426 858 τινα
441 831 573 867 λεγόμενα
588 830 640 858 ὑπὸ
659 831 811 868 προπετοῦς
828 841 921 868 μειρα-

128 874 192 903 κῖθυ
210 877 293 913 τριῶν
307 876 417 912 ἡμερῶν
435 878 610 914 φοιτήσαντος
632 879 673 909 εἰς
692 878 847 913 φιλοσόφου,
876 879 922 904 καὶ

127 922 315 959 ἐπαιρομένου
341 923 411 950 κατὰ
433 923 487 950 τῶν
512 923 622 955 λοιπῶν,
646 924 682 955 ὡς
707 924 854 950 ἐλαττόνων
876 925 922 950 καὶ

128 968 315 1002 ἀφιλοσόφων.
338 967 430 1003 Ἵσμεν
445 966 509 1004 γὰρ,
525 966 564 994 ὅτι
584 968 667 995 πολλά
689 969 761 994 ἐστιν
779 968 921 1004 ἀνθρώπου

128 1013 284 1049 τιμιώτερα
294 1022 300 1028 ·
312 1012 358 1040 καὶ
372 1013 537 1048 ἀνέγνωμεν,
554 1014 594 1040 ὅτι
610 1024 618 1038 ι
630 1013 717 1045 ὸΘεὸς
735 1013 799 1049 ἔστη
816 1015 843 1040 έν
859 1022 923 1040 συν-

128 1058 228 1094 αγωγῇ
248 1058 314 1085 θεῶν
324 1067 331 1074 ⁸
354 1069 362 1084 ι
387 1059 454 1085 Θεῶν
470 1059 498 1086 δὲ
513 1059 542 1085 οὐ
556 1059 609 1085 τῶν
620 1059 921 1094 προσκυνουμένων(95)

129 1105 188 1131 ὑπὸ
202 1104 255 1131 τῶν
271 1104 385 1131 λοιπῶν·
408 1114 417 1130 ι
448 1105 549 1136 πάντες
566 1114 574 1130 ι
592 1104 646 1139 γὰρ
660 1114 669 1129 ι
693 1105 717 1130 οἱ
732 1104 787 1130 θεοὶ
802 1104 856 1130 τῶν
879 1103 923 1130 έθ-

129 1150 187 1176 νῶν
204 1149 338 1184 δαιμόνια.
359 1159 367 1175 ι
384 1149 437 1176 Καὶ
448 1150 613 1185 ἀνέγνωμεν,
631 1151 671 1176 ὃτι
682 1159 691 1175 ‹
704 1150 801 1181 ὁΘεὸς,
822 1149 885 1180 στὰς
893 1151 921 1175 ὲν

130 1197 278 1230 συναγωγῇ
295 1195 372 1227 θεῶν,
385 1195 413 1221 ὲν
428 1196 502 1232 μέσῳ
516 1195 592 1226 θεοὺς
607 1195 827 1231 διακρίνειωυδ
842 1194 921 1220 Οἴδα-

131 1249 187 1275 μεν
205 1239 232 1265 δὲ
246 1240 294 1266 καὶ
310 1239 361 1272 ὅτι,
377 1240 455 1276 εἴπερ
472 1240 525 1266 εἰσὶ
545 1239 599 1266 θεοὶ
619 1239 758 1274 λεγόμενοι
773 1239 821 1264 εἴτ’
837 1238 866 1265 ὲν
882 1239 923 1265 οὺ-

131 1287 210 1322 ρανῷ
228 1286 282 1313 εἴτε
307 1287 352 1312 ἐπὶ
377 1287 438 1321 γῆς,
465 1286 575 1322 (ὥσπερ
599 1286 652 1312 εἰσὶ
678 1285 733 1312 θεοὶ
756 1285 857 1317 πολλοὶ,
876 1285 922 1312 καὶ

129 1331 226 1367 κύριοι
244 1331 350 1358 πολλοί·
365 1332 373 1366 )
394 1331 450 1358 ἀλλ’
465 1333 530 1367 ἡμῖν
544 1329 584 1363 εἷς
606 1331 672 1362 Θεὸς
692 1331 706 1357 ὁ
721 1331 826 1367 Πατὴρ,
843 1330 874 1363 ἐξ
892 1327 922 1358 οὗ

130 1377 170 1404 τὰ
184 1377 283 1409 πάντα,
299 1377 345 1404 καὶ
361 1378 441 1412 ἡμεῖς
455 1378 494 1408 εἰς
509 1377 601 1403 αὐτόν·
619 1377 665 1403 καὶ
684 1375 724 1408 εἷς
740 1377 850 1413 Κύριος,
872 1377 924 1413 Ἰη-

132 1423 200 1455 σοῦς
218 1423 343 1459 Χριστὸς,
355 1423 390 1449 δι’
403 1421 432 1449 οὗ
448 1423 481 1449 τὰ
498 1424 596 1455 πάντα,
613 1423 659 1449 καὶ
670 1424 750 1458 ἡμεῖς
763 1423 796 1449 δι’
812 1422 920 1449 αὐτοῦ’»

130 1470 245 1505 οἴδαμεν
254 1469 282 1496 δὲ
301 1472 347 1496 καὶ
358 1470 419 1500 τοὺς
433 1469 564 1503 ἀγγέλους
579 1467 665 1500 οὕτως
681 1467 750 1495 εἶναι
772 1468 923 1503 ἀνθρώπων

131 1516 308 1551 κρείττονας,
333 1514 402 1541 ὥστε
431 1515 495 1546 τοὺς
518 1514 694 1550 ἀνθρώπους,
716 1514 921 1547 τελειωθέντας,

132 1560 296 1594 ἰσαγγέλους
319 1560 450 1594 γίνεσθαι.
471 1570 479 1585 ι
500 1560 544 1587 Ἔν
561 1561 616 1596 γὰρ
639 1561 672 1595 τῇ
700 1560 846 1586 ἀναστάσει
869 1560 922 1587 τῶν

130 1606 238 1642 νεκρῶν
255 1605 316 1633 οὔτε
335 1606 469 1641 γαμοῦσιν
485 1605 540 1632 οὔτ’
554 1606 761 1641 ὲκγαμίςονται·
780 1605 923 1632 ἀλλάείσιν

130 1653 170 1684 ὡς
184 1653 210 1678 οἱ
228 1651 336 1686 ἄγγελοι
359 1651 412 1677 τῶν
431 1650 552 1686 οὐρανῶν
570 1651 594 1677 οἱ
606 1651 714 1682 δίκαιοι,
734 1652 781 1677 xui.
805 1651 923 1684 γίνονται

133 1697 284 1732 ἰσάγγελοι.
307 1707 316 1722 ι
335 1697 452 1732 Οἴδαμεν
465 1697 487 1722 δ’
500 1697 529 1723 ἐν
546 1698 578 1732 τῇ
594 1696 712 1728 διατάξει
734 1696 788 1723 τῶν
804 1696 870 1723 ὅλων
885 1696 924 1722 εἷ-

132 1744 178 1771 ναί
192 1752 269 1775 τινας
295 1743 357 1773 τοὺς
381 1741 563 1777 καλουμένους
591 1742 727 1776 θρόνους,
756 1742 803 1768 καὶ
828 1742 923 1773 ἄλλους

132 1791 322 1824 κυριότητας,
341 1790 387 1816 καὶ
403 1789 495 1821 ἄλλους
517 1787 669 1820 ἐξουσίας,
683 1787 730 1813 καὶ
756 1787 851 1817 ἄλλους
872 1787 924 1820 ἀρ-

132 1835 193 1870 χάς
203 1843 210 1850 '
228 1835 275 1861 καὶ
288 1835 404 1871 ὁρῶμεν,
421 1835 461 1861 ὅτι
486 1834 552 1860 πολὺ
575 1833 676 1860 τούτων
690 1834 768 1868 ἡμεὲς
782 1833 806 1858 οἱ
821 1833 924 1868 ἂνθρω-

133 1890 182 1908 ποι
196 1881 402 1916 ἀπολειπόμενοι
412 1880 520 1911 ἐλπίδας
533 1880 627 1914 ἔχομεν
641 1880 673 1905 ὲκ
685 1879 732 1905 τοῦ
747 1877 836 1909 καλῶς
849 1878 922 1913 βιοῦν

132 1928 184 1954 καὶ
199 1927 288 1954 πάντα
306 1927 435 1962 πράττειν
450 1926 519 1953 κατὰ
535 1926 579 1952 τὸν
597 1925 686 1959 λόγον,
709 1924 863 1951 ἀναϐαίνειν
878 1924 923 1950 ἐπὶ

133 1974 186 2009 τὴν
203 1973 304 1999 τούτων
319 1973 426 1999 πάντων
438 1972 606 2007 ἐξομοίωσιν.
622 1971 676 1997 Καὶ
687 1970 850 2002 τελευταῖον,
863 1970 923 1996 ἐπεὶ

137 2028 147 2044 ι
169 2020 254 2055 μήπω
281 2018 436 2053 ἐφανερώθη
462 2018 489 2044 τί
515 2016 641 2051 ἐσόμεθα,
670 2015 779 2051 οἴδαμεν
807 2016 858 2047 ὅτι,
876 2015 923 2042 ἐὰν

135 2063 294 2099 φανερωθῇ,
310 2063 426 2098 ἐσόμεθα
442 2064 528 2098 ὅμοιοι
544 2062 582 2097 τῷ
596 2061 669 2096 Θεῷ,
685 2061 732 2088 καὶ
746 2061 865 2096 (ᾠόμεθα
880 2061 924 2088 αὐ-

134 2110 195 2142 τὸν,
210 2109 301 2141 καθώς
316 2110 387 2135 ἐστιν
405 2117 411 2124 ’
435 2118 444 2134 ι
463 2109 494 2134 Εἰ
508 2108 536 2134 δέ
552 2116 594 2139 τις
614 2107 644 2133 τὸ
660 2107 802 2142 λεγόμενον
820 2107 871 2133 ὑπό
885 2116 925 2133 τιι

1007 691 1052 718 29.
1077 689 1137 717 llzrc
1156 693 1246 716 autem
1265 698 1270 715 :
1297 697 1306 714 ι
1327 688 1397 715 Deus
1412 693 1463 722 est,
1481 690 1528 716 sed
1544 690 1698 724 proximum
1720 688 1758 716 illi

973 737 1062 764 locum
1088 743 1264 770 oecupamus,
1294 745 1302 760 ι
1332 736 1448 763 fortasse
1469 736 1563 763 Celsus
1588 736 1704 763 audierit
1726 744 1759 763 ex

973 782 1133 818 quibusdam
1149 789 1253 814 eorum,
1270 789 1338 815 quos
1351 789 1459 809 vermes
1478 782 1611 809 nominat.
1633 781 1712 816 522
1725 782 1760 808 At

973 829 1037 863 quid
1062 829 1132 855 idem
1150 827 1215 854 facit
1229 835 1260 854 ac
1279 827 1317 854 illi
1333 827 1389 862 qui,
1406 828 1477 861 quod
1504 834 1625 861 pra‘eeps
1646 828 1757 862 quidam

975 874 1145 906 adolescens,
1162 874 1242 899 trium
1259 873 1364 900 dierum
1388 873 1536 906 discipulus
1550 873 1715 907 philosophi,
1732 877 1759 899 et

973 923 1114 952 propterea
1128 918 1154 944 in
1172 921 1285 944 caeteros
1303 922 1431 951 tanquam
1459 916 1601 943 inferiores
1615 923 1644 944 se
1664 921 1692 944 et
1711 917 1760 943 im-

974 963 1075 998 peritos
1105 962 1325 994 contumeliosus,
1352 963 1474 996 quaedam
1499 967 1600 989 temere
1631 962 1758 996 dixisset,

974 1008 1100 1035 continuo
1112 1012 1194 1034 totam
1211 1007 1425 1042 philosopliicam
1440 1013 1541 1035 sectam
1556 1009 1581 1035 in
1596 1009 1699 1036 crimen
1711 1016 1760 1036 vo-

972 1057 1076 1080 carent.
1091 1051 1198 1079 Scimus
1217 1052 1289 1078 enim
1308 1052 1390 1079 inulta
1414 1060 1473 1079 esse
1500 1053 1610 1081 homine
1629 1059 1758 1088 praestau-

975 1098 1053 1124 tiora.
1078 1096 1228 1130 Legimus:
1256 1105 1265 1121 (
1290 1097 1361 1123 Deus
1387 1098 1463 1124 stetit
1484 1098 1509 1124 in
1537 1105 1675 1134 synagoga
1692 1099 1757 1126 deo-

975 1150 1032 1169 rum
1047 1143 1085 1175 “;
1108 1152 1117 1168 ι
1133 1147 1159 1169 et
1176 1150 1228 1169 non
1245 1142 1353 1169 illorum
1370 1142 1481 1176 quidem
1494 1144 1605 1170 deorum
1618 1152 1686 1178 quos
1701 1146 1759 1172 vul-

973 1196 1022 1223 gus
1036 1188 1100 1215 colit
1114 1189 1232 1222 gentium
1251 1195 1258 1214 :
1278 1196 1339 1214 nam
1362 1197 1370 1213 ι
1392 1195 1485 1216 manus
1508 1189 1544 1216 dii
1559 1190 1678 1223 gentium
1705 1191 1759 1218 dm-

973 1235 1063 1261 tnonia
1080 1234 1112 1260 δθ.
1125 1242 1135 1258 ι
1153 1233 1184 1259 Et
1197 1233 1310 1268 legimus
1323 1234 1405 1261 Deum
1420 1239 1538 1261 stantem
1555 1243 1564 1260 ι
1581 1235 1606 1261 in
1622 1242 1758 1271 synagoga

974 1280 1096 1313 deorum,
1113 1279 1141 1306 in
1154 1280 1242 1307 medio
1255 1280 1320 1307 deos
1335 1281 1494 1314 dijudicare.
1513 1289 1522 1306 ι
1535 1280 1642 1308 Scimus
1655 1286 1758 1314 autem,

976 1334 986 1352 ι
1005 1325 1057 1352 etsi
1078 1330 1140 1352 sunt
1160 1325 1204 1359 qui
1231 1325 1356 1352 dicantur
1374 1326 1408 1352 dii
1427 1326 1484 1353 sive
1511 1327 1536 1353 in
1562 1326 1633 1354 cado
1656 1327 1713 1354 sive
1730 1327 1757 1354 in

977 1376 1048 1398 terra
1068 1371 1212 1406 (siquidem
1240 1375 1304 1398 sunt
1328 1371 1364 1398 dii
1386 1372 1463 1398 multi
1479 1377 1505 1398 et
1527 1373 1629 1400 domini
1655 1373 1758 1407 multi),

975 1416 1053 1444 nobis
1065 1422 1153 1443 tamen
1170 1424 1251 1443 unum
1272 1424 1333 1444 esse
1348 1417 1431 1444 Deum
1447 1417 1566 1452 Patrem,
1584 1426 1618 1446 ex
1632 1426 1686 1454 quo
1700 1426 1758 1447 0m-

976 1474 1029 1507 nia,
1043 1481 1071 1503 et
1084 1483 1132 1503 nos
1148 1477 1174 1502 in
1189 1475 1280 1508 illum;
1297 1480 1414 1503 etumun
1425 1476 1564 1504 Dominum
1578 1476 1669 1504 Jesum
1681 1477 1759 1505 Chri-

974 1524 1055 1551 stum,
1071 1528 1117 1555 per
1133 1528 1211 1555 quem
1226 1521 1327 1552 omnia,
1340 1525 1368 1548 et
1383 1528 1432 1548 nos
1449 1529 1496 1555 per
1520 1522 1606 1555 ipsum
1621 1522 1653 1548 "7.
1674 1531 1683 1548 ι
1705 1522 1759 1549 Nec

974 1566 1057 1594 nescii
1083 1574 1175 1594 sumus
1187 1567 1299 1601 angelos
1322 1567 1357 1593 ita
1379 1575 1440 1594 esse
1467 1575 1548 1601 supra
1579 1567 1714 1601 homines,
1731 1573 1760 1594 ut

974 1610 1086 1645 perfecti
1111 1612 1234 1638 homines
1250 1618 1330 1646 pares
1346 1612 1449 1647 angelis
1469 1612 1570 1638 fiant”
1592 1612 1620 1639 In
1637 1620 1760 1640 resurre-

974 1657 1064 1684 ctione
1077 1657 1148 1684 enim
1168 1664 1256 1692 neque
1267 1658 1369 1684 nubent
1388 1665 1474 1692 neque
1489 1658 1635 1692 nubentur,
1649 1659 1696 1686 sed
1717 1658 1761 1693 ju-

976 1702 1009 1728 sti
1023 1707 1085 1729 sunt
1099 1702 1169 1729 sicut
1190 1703 1277 1736 angeli
1294 1703 1320 1730 in
1346 1704 1426 1736 caelo,
1438 1704 1555 1737 aequales
1573 1704 1676 1738 angelis
1691 1705 1724 1731 ⁸⁸.
1748 1714 1757 1730 ι

974 1747 1148 1782 Perspectum
1166 1755 1275 1783 quoque
1291 1749 1368 1776 nobis
1381 1754 1422 1776 est
1436 1750 1472 1776 ita
1487 1757 1548 1777 esse
1564 1751 1690 1777 ordinata
1703 1758 1761 1778 om-

974 1794 1031 1826 nia,
1051 1798 1081 1819 ut
1097 1793 1141 1820 alii
1159 1794 1212 1820 sint
1228 1794 1274 1828 qui
1290 1798 1423 1821 vocantur
1442 1795 1541 1828 Ilii-oni,
1567 1795 1614 1822 alii
1639 1796 1761 1824 domina-

974 1838 1069 1869 tiones,
1085 1838 1129 1865 alii
1145 1843 1296 1872 potestates,
1313 1838 1358 1865 alii
1369 1840 1535 1873 principatus
1548 1840 1590 1872 ⁶’;
1608 1844 1694 1868 etnos
1703 1841 1761 1875 qui—

974 1881 1034 1909 dem
1050 1882 1172 1909 homines
1190 1887 1249 1916 post
1265 1890 1313 1910 eos
1323 1882 1400 1917 longo
1416 1883 1559 1910 intervallo
1574 1883 1700 1919 relinqui,
1712 1884 1760 1911 sed

974 1934 1047 1961 spem
1064 1934 1125 1954 esse
1144 1927 1210 1959 fore,
1228 1932 1257 1953 ut
1270 1927 1459 1954 benevivendo
1474 1928 1657 1962 faciendisque
1672 1930 1761 1956 omni-

975 1974 1024 2000 bus
1039 1980 1099 2006 qua:
1115 1973 1185 1999 ratio
1203 1973 1334 2007 praecipit,
1348 1980 1426 2007 pares
1437 1973 1494 2000 istis
1505 1973 1630 2001 omnibus
1645 1975 1760 2002 evadere

976 2025 1141 2044 mereamur.
1170 2017 1290 2051 Denique
1318 2017 1445 2052 quoniam
1469 2027 1478 2042 ‹
1500 2018 1619 2045 nondum
1636 2020 1760 2054 apparuit

975 2063 1038 2098 quid
1053 2063 1165 2093 erimus.
1181 2063 1284 2090 scimus
1294 2063 1422 2097 quoniam
1435 2071 1497 2090 cum
1509 2064 1676 2099 apparuerit,
1687 2065 1762 2092 simi-

975 2108 1014 2136 les
1031 2109 1084 2136 Deo
1105 2108 1217 2141 erimus,
1233 2113 1261 2135 et
1284 2108 1435 2136 videbimus
1456 2116 1517 2136 eum
1541 2109 1623 2136 sicuti
1641 2114 1684 2137 est
1696 2110 1729 2137 τυ.
1748 2119 1758 2137 ι

134 2164 193 2182 νων
207 2155 262 2181 εἴτε
277 2153 330 2181 τῶν
346 2154 475 2181 νοούντων
487 2154 540 2180 εἴτε
557 2153 611 2179 τῶν
629 2153 665 2188 μὴ
684 2153 840 2184 συνιέντων,
856 2152 922 2179 ἀλλὰ

977 2154 1023 2182 Sin
1052 2160 1143 2181 autem
1162 2154 1298 2188 quispiam
1325 2155 1351 2181 id
1378 2155 1449 2188 quod
1476 2162 1508 2182 ex
1536 2156 1697 2190 quibusdam
1717 2155 1761 2184 vel

135 2201 370 2237 παρακουσάντων
395 2201 473 2234 λόγου
497 2199 599 2233 ὑγιοῦς,
618 2199 726 2233 φάσκοι,
749 2199 789 2224 ὅτι
806 2207 814 2223 ι
829 2199 843 2224 ό
857 2198 922 2230 Θεός

134 2248 222 2278 ἐστιν,
238 2244 297 2273 εἶτα
319 2246 377 2282 μετ’
402 2247 505 2273 ἐκεῖνον
533 2247 628 2281 ἡμεῖς·
651 2254 660 2271 ι
678 2245 725 2271 καὶ
746 2244 825 2271 τοῦτό
848 2245 873 2278 γ’
890 2244 923 2270 ἂν

135 2293 316 2330 ὲρμηνεὺοιμι
343 2293 372 2319 τὸ
388 2292 483 2327 ἡμεῖς,
509 2292 595 2326 λέγων
618 2291 676 2317 ἀντὶ
698 2290 756 2322 τοῦ,
771 2291 795 2317 οἱ
810 2289 922 2324 λογικοὶ,

134 2341 184 2367 καὶ
199 2339 240 2366 ἔτι
257 2339 365 2374 μᾶλλον,
379 2340 403 2364 οἱ
420 2338 556 2365 σπουδαῖοι
571 2337 683 2371 λογικοί.
697 2337 766 2363 Καθ’
783 2337 856 2371 ἡμᾶς
870 2335 924 2371 γὰρ

134 2386 152 2421 ἡ
163 2384 234 2420 αὐτὴ
248 2385 331 2420 ἀρετή
348 2385 405 2411 ἐστι
421 2383 474 2410 τῶν
492 2383 633 2418 μακαρίων
653 2383 771 2414 πάντων,
793 2382 861 2408 ὥστε
877 2382 924 2408 καὶ

135 2430 209 2465 αὐτὴ
223 2430 306 2466 ἀρετὴ
322 2430 376 2465 (95)
391 2429 533 2464 ἀνθρώπου
548 2429 595 2455 καὶ
615 2428 692 2454 Θεοῦ.
709 2428 807 2463 Διόπερ
824 2438 832 2453 ι
853 2428 925 2461 γίνε-

174 2491 198 2506 ⁸³
215 2490 292 2517 Boni.
305 2497 330 2517 v.
345 2489 372 2516 S.
428 2489 450 2505 εδ
466 2489 530 2515 Ibid.
543 2489 570 2516 Τ.
609 2488 630 2504 ⁸³
643 2488 713 2516 l‘sal.
734 2496 826 2519 Lxxxi,
841 2488 866 2513 l.

136 2529 164 2553 et
183 2525 248 2552 Luc.
263 2533 308 2556 xx,
325 2526 370 2552 50.
423 2524 444 2539 ⁸⁵
461 2524 566 2551 Coloss.
582 2531 601 2555 l,
616 2523 660 2550 ιϐ.

175 2582 232 2616 (92)
249 2582 311 2608 Post
328 2581 437 2608 verbum
457 2579 684 2616 ἐπιδεδημηκέναι
707 2579 772 2616 libb.
801 2578 926 2612 impressi

137 2613 243 2644 addunt
266 2617 337 2643 inter
356 2616 510 2646 unciuulos,
527 2613 574 2642 καῖ
589 2613 633 2641 διὰ
653 2615 687 2640 τὰ
705 2613 821 2649 μέγιστα
837 2615 926 2650 ἁμαρ-

137 2652 259 2686 τήματα,
278 2659 336 2686 qua:
354 2658 368 2677 a
387 2658 451 2677 mss.
473 2651 580 2683 absunt,
601 2657 651 2676 nec
670 2649 778 2683 agnovit
794 2649 927 2684 interpres

138 2687 282 2713 Gelenius.

176 2722 233 2755 (95)
249 2720 416 2748 llwsclielius
433 2720 459 2747 in
479 2718 815 2755 ιβιιιιιηπροσκυνοὺντων,
828 2718 907 2745 male.

175 2757 233 2789 (94)
256 2756 327 2782 Idem
344 2756 370 2781 in
388 2760 472 2786 textu,
490 2754 642 2788 διακρίνων.

177 2787 235 2826 (95)
253 2791 341 2817 Ὥστε
363 2789 412 2816 καὶ
435 2790 454 2823 ἡ
480 2787 558 2823 αὑτῆ
575 2788 677 2823 ἀρετή,
698 2792 751 2815 etc.
773 2787 842 2815 'l'ull.
857 2787 928 2816 lib.t

905 2487 927 2503 ⁸⁸
943 2487 1015 2514 Psal.
1033 2496 1095 2520 xcv,
1111 2489 1137 2515 5.

712 2523 734 2538 "°
751 2522 851 2550 Hoan.
870 2531 908 2553 ut,
929 2522 957 2548 2.

977 2208 1029 2227 non
1052 2199 1275 2234 intelligentibus,
1293 2200 1334 2227 vel
1354 2207 1388 2227 ex
1413 2200 1629 2235 intelligentibus
1640 2202 1760 2237 quidem,

978 2246 1025 2273 sed
1039 2253 1091 2273 non
1111 2245 1195 2280 probe
1214 2252 1310 2272 sanam
1333 2245 1484 2273 doctrinam
1506 2248 1638 2275 assecutis
1660 2247 1762 2278 audiit.

978 2292 1076 2320 dixerit
1093 2300 1100 2318 :
1119 2301 1127 2317 ι
1148 2292 1218 2319 Deus
1229 2296 1273 2319 est
1288 2292 1406 2318 omnium
1422 2293 1535 2327 primus,
1550 2301 1600 2320 nos
1614 2293 1762 2321 secundum

979 2337 1012 2363 ab
1029 2338 1073 2365 illo
1090 2345 1257 2372 occupamus
1273 2338 1379 2371 locum;
1403 2348 1411 2364 ι
1426 2340 1456 2366 id
1471 2340 1594 2374 equidem
1615 2340 1694 2368 facile
1718 2341 1762 2367 in—

980 2387 1153 2417 terpretarer,
1172 2391 1218 2410 nos
1233 2384 1370 2419 accipiens
1397 2391 1445 2418 pro
1467 2385 1500 2412 iis
1514 2384 1558 2418 qui
1581 2385 1686 2412 ratione
1699 2393 1765 2420 prte-

978 2429 1026 2455 diti
1045 2422 1117 2462 sunt,
1134 2429 1294 2464 autpotius,
1319 2437 1366 2464 pro
1391 2430 1426 2457 iis
1447 2430 1493 2464 qui
1515 2430 1615 2457 rationi
1632 2430 1763 2458 virtutem

1179 2489 1201 2504 ⁸⁷
1220 2487 1231 2515 ἰ
1247 2489 1309 2516 Cor.
1331 2496 1390 2520 vut,
1481 2487 1504 2505 °"
1518 2488 1616 2516 Matth.
1627 2497 1694 2520 xxxi,
1709 2488 1762 2521 50;

976 2578 1014 2605 De
1040 2579 1150 2613 legibus.
1169 2589 1178 2605 ι
1197 2579 1257 2606 Jam
1273 2588 1338 2607 vero
1350 2581 1435 2607 virtus
1451 2581 1545 2607 eadem
1562 2580 1588 2607 in
1608 2580 1718 2608 homine
1732 2587 1764 2609 ac

975 2615 1031 2640 Deo
1043 2619 1095 2650 est,
1113 2622 1200 2649 neque
1213 2615 1267 2642 ullo
1284 2615 1335 2642 alio
1351 2616 1376 2642 in
1389 2615 1469 2650 genio
1482 2619 1623 2650 praeterea.
1648 2615 1696 2642 Est
1712 2623 1762 2642 au-

976 2653 1029 2675 tem
1045 2649 1133 2675 virtus
1144 2650 1212 2676 nihil
1235 2650 1320 2681 aliud,
1337 2649 1419 2684 quain
1436 2651 1462 2676 in
1484 2649 1515 2676 π
1535 2650 1670 2683 perfecta,
1684 2655 1712 2677 et
1728 2651 1760 2677 ad

975 2691 1117 2719 suinmuur
1133 2685 1260 2717 perducta
1279 2690 1384 2711 natura.
1408 2685 1455 2711 Est
1478 2685 1563 2719 igitur
1578 2685 1680 2712 homini
1696 2692 1757 2711 eum

975 2717 1213 2755 Degsltltllilllth._l
1229 2719 1315 2745 Clem.
1331 2719 1428 2746 Slrom.
1443 2728 1477 2746 vn
1492 2717 1542 2746 ἷυὺ
1560 2718 1624 2755 γὰρ,
1639 2720 1763 2754 καθάπερ

975 2753 1003 2798 οἱ
1016 2752 1147 2796 Στωῖκοὶη
1156 2753 1242 2798 ἀθέως
1258 2754 1326 2798 ratio
1343 2754 1393 2790 τὴν
1407 2754 1491 2795 αὐτὴν
1505 2752 1604 2798 ἀρετὴν
1619 2752 1763 2798 ἀνθρωττοι)

977 2787 1090 2822 λέγομεν
1105 2788 1151 2813 καὶ
1168 2787 1246 2814 Θεοῦ.
1266 2797 1275 2813 ι
1293 2789 1349 2816 Νοιι
1369 2787 1454 2821 enim,
1471 2787 1500 2816 ut
1519 2787 1603 2817 Stoici
1619 2787 1695 2818 valde
1713 2790 1764 2817 ini-
