  <div class='ocr_page' id='page_1' title='image "/cluster/home/n/w/nwhite01/storage/ocr_20150623/11/njp.32101077772414/625.png"; bbox 0 0 1908 3099; ppageno 0'>
   <div class='ocr_carea' id='block_1_1' title="bbox 180 102 245 131">
    <p class='ocr_par' dir='ltr' id='par_1_1' title="bbox 180 102 245 131">
     <span class='ocr_line' id='line_1_1' title="bbox 180 102 245 131; baseline -0.015 0"><span class='ocrx_word' id='word_1_1' title='bbox 180 102 245 131; x_wconf 73' lang='lat' dir='ltr'><strong>505i</strong></span> 
     </span>
    </p>
   </div>
   <div class='ocr_carea' id='block_1_2' title="bbox 934 92 1095 122">
    <p class='ocr_par' dir='ltr' id='par_1_2' title="bbox 934 92 1095 122">
     <span class='ocr_line' id='line_1_2' title="bbox 934 92 1095 122; baseline -0.019 0"><span class='ocrx_word' id='word_1_2' title='bbox 934 92 1095 122; x_wconf 71' lang='lat' dir='ltr'><strong>ORIGENIS</strong></span> 
     </span>
    </p>
   </div>
   <div class='ocr_carea' id='block_1_3' title="bbox 1742 80 1814 108">
    <p class='ocr_par' dir='ltr' id='par_1_3' title="bbox 1742 80 1814 108">
     <span class='ocr_line' id='line_1_3' title="bbox 1742 80 1814 108; baseline -0.028 0"><span class='ocrx_word' id='word_1_3' title='bbox 1742 80 1814 108; x_wconf 76' lang='lat' dir='ltr'><strong>I032</strong></span> 
     </span>
    </p>
   </div>
   <div class='ocr_carea' id='block_1_4' title="bbox 180 135 978 194">
    <p class='ocr_par' dir='ltr' id='par_1_4' title="bbox 180 149 967 194">
     <span class='ocr_line' id='line_1_4' title="bbox 180 149 967 194; baseline -0.014 -7"><span class='ocrx_word' id='word_1_4' title='bbox 180 159 226 194; x_wconf 86' lang='lat' dir='ltr'><strong>qui</strong></span> <span class='ocrx_word' id='word_1_5' title='bbox 238 154 316 186; x_wconf 75' lang='lat' dir='ltr'><strong>antéa</strong></span> <span class='ocrx_word' id='word_1_6' title='bbox 328 156 458 184; x_wconf 84' lang='lat' dir='ltr'><strong>medicam</strong></span> <span class='ocrx_word' id='word_1_7' title='bbox 469 161 548 189; x_wconf 84' lang='lat' dir='ltr'><strong>opem</strong></span> <span class='ocrx_word' id='word_1_8' title='bbox 562 152 674 188; x_wconf 75' lang='lat' dir='ltr'><strong>polliciti</strong></span> <span class='ocrx_word' id='word_1_9' title='bbox 696 155 772 184; x_wconf 89' lang='lat' dir='ltr'><strong>sunt,</strong></span> <span class='ocrx_word' id='word_1_10' title='bbox 785 154 859 178; x_wconf 86' lang='lat' dir='ltr'><strong>tanta</strong></span> <span class='ocrx_word' id='word_1_11' title='bbox 877 149 967 177; x_wconf 82' lang='lat' dir='ltr'><strong>facere</strong></span> 
     </span>
    </p>
   </div>
   <div class='ocr_carea' id='block_1_5' title="bbox 1033 135 1814 194">
    <p class='ocr_par' dir='ltr' id='par_1_5' title="bbox 1033 135 1814 179">
     <span class='ocr_line' id='line_1_5' title="bbox 1033 135 1814 179; baseline -0.015 -3"><span class='ocrx_word' id='word_1_12' title='bbox 1033 148 1114 176; x_wconf 84' lang='grc' dir='ltr'>οὗτον</span> <span class='ocrx_word' id='word_1_13' title='bbox 1140 146 1262 178; x_wconf 76' lang='grc' dir='ltr'>ἐδύνατο,</span> <span class='ocrx_word' id='word_1_14' title='bbox 1289 145 1350 172; x_wconf 84' lang='grc' dir='ltr'>ὅσον</span> <span class='ocrx_word' id='word_1_15' title='bbox 1375 143 1442 179; x_wconf 75' lang='grc' dir='ltr'>αὑτὴ</span> <span class='ocrx_word' id='word_1_16' title='bbox 1468 137 1623 173; x_wconf 71' lang='grc' dir='ltr'>ἐπεδείξατο</span> <span class='ocrx_word' id='word_1_17' title='bbox 1644 139 1669 167; x_wconf 83' lang='grc' dir='ltr'><strong>δί</strong></span> <span class='ocrx_word' id='word_1_18' title='bbox 1693 135 1732 166; x_wconf 84' lang='grc' dir='ltr'><strong>ὧν</strong></span> <span class='ocrx_word' id='word_1_19' title='bbox 1761 148 1814 165; x_wconf 81' lang='grc' dir='ltr'><strong>πε-</strong></span> 
     </span>
    </p>
   </div>
   <div class='ocr_carea' id='block_1_6' title="bbox 180 195 970 238">
    <p class='ocr_par' dir='ltr' id='par_1_6' title="bbox 180 195 970 238">
     <span class='ocr_line' id='line_1_6' title="bbox 180 195 970 238; baseline -0.009 -9"><span class='ocrx_word' id='word_1_20' title='bbox 180 203 382 238; x_wconf 80' lang='lat' dir='ltr'><strong>potait,quanta</strong></span> <span class='ocrx_word' id='word_1_21' title='bbox 396 199 536 228; x_wconf 84' lang='lat' dir='ltr'><strong>facereilla</strong></span> <span class='ocrx_word' id='word_1_22' title='bbox 547 198 636 226; x_wconf 83' lang='lat' dir='ltr'><strong>anima</strong></span> <span class='ocrx_word' id='word_1_23' title='bbox 648 197 704 225; x_wconf 87' lang='lat' dir='ltr'><strong>visa</strong></span> <span class='ocrx_word' id='word_1_24' title='bbox 711 201 763 228; x_wconf 86' lang='lat' dir='ltr'><strong>est,</strong></span> <span class='ocrx_word' id='word_1_25' title='bbox 772 201 866 232; x_wconf 78' lang='lat' dir='ltr'><strong>Sponte</strong></span> <span class='ocrx_word' id='word_1_26' title='bbox 876 195 909 223; x_wconf 88' lang='lat' dir='ltr'><strong>ad</strong></span> <span class='ocrx_word' id='word_1_27' title='bbox 921 195 970 222; x_wconf 76' lang='lat' dir='ltr'><strong>ho-</strong></span> 
     </span>
    </p>
   </div>
   <div class='ocr_carea' id='block_1_7' title="bbox 183 241 968 277">
    <p class='ocr_par' dir='ltr' id='par_1_7' title="bbox 183 241 968 277">
     <span class='ocr_line' id='line_1_7' title="bbox 183 241 968 277; baseline -0.01 -2"><span class='ocrx_word' id='word_1_28' title='bbox 183 248 285 275; x_wconf 90' lang='lat' dir='ltr'><strong>minum</strong></span> <span class='ocrx_word' id='word_1_29' title='bbox 295 246 475 274; x_wconf 78' lang='lat' dir='ltr'><strong>conditionem</strong></span> <span class='ocrx_word' id='word_1_30' title='bbox 488 244 573 271; x_wconf 81' lang='lat' dir='ltr'><strong>nostri</strong></span> <span class='ocrx_word' id='word_1_31' title='bbox 586 243 693 277; x_wconf 77' lang='lat' dir='ltr'><strong>generis</strong></span> <span class='ocrx_word' id='word_1_32' title='bbox 700 249 781 270; x_wconf 86' lang='lat' dir='ltr'><strong>causa</strong></span> <span class='ocrx_word' id='word_1_33' title='bbox 792 241 968 269; x_wconf 84' lang='lat' dir='ltr'><strong>descendens.</strong></span> 
     </span>
    </p>
   </div>
   <div class='ocr_carea' id='block_1_8' title="bbox 183 286 969 328">
    <p class='ocr_par' dir='ltr' id='par_1_8' title="bbox 183 286 969 328">
     <span class='ocr_line' id='line_1_8' title="bbox 183 286 969 328; baseline -0.011 -7"><span class='ocrx_word' id='word_1_34' title='bbox 183 294 247 328; x_wconf 68' lang='lat' dir='ltr'><strong>Quae</strong></span> <span class='ocrx_word' id='word_1_35' title='bbox 260 293 377 320; x_wconf 73' lang='lat' dir='ltr'><strong>scientes</strong></span> <span class='ocrx_word' id='word_1_36' title='bbox 391 291 475 318; x_wconf 80' lang='lat' dir='ltr'><strong>divini</strong></span> <span class='ocrx_word' id='word_1_37' title='bbox 491 290 640 324; x_wconf 91' lang='lat' dir='ltr'><strong>scriptores</strong></span> <span class='ocrx_word' id='word_1_38' title='bbox 654 288 739 314; x_wconf 87' lang='lat' dir='ltr'><strong>multa</strong></span> <span class='ocrx_word' id='word_1_39' title='bbox 761 287 860 322; x_wconf 89' lang='lat' dir='ltr'><strong>passim</strong></span> <span class='ocrx_word' id='word_1_40' title='bbox 887 286 920 313; x_wconf 93' lang='lat' dir='ltr'><strong>de</strong></span> <span class='ocrx_word' id='word_1_41' title='bbox 937 286 969 313; x_wconf 82' lang='lat' dir='ltr'><strong>iis</strong></span> 
     </span>
    </p>
   </div>
   <div class='ocr_carea' id='block_1_9' title="bbox 182 331 970 370">
    <p class='ocr_par' dir='ltr' id='par_1_9' title="bbox 182 331 970 370">
     <span class='ocr_line' id='line_1_9' title="bbox 182 331 970 370; baseline -0.013 -3"><span class='ocrx_word' id='word_1_42' title='bbox 182 340 310 367; x_wconf 81' lang='lat' dir='ltr'><strong>dixerunt</strong></span> <span class='ocrx_word' id='word_1_43' title='bbox 327 348 333 365; x_wconf 81' lang='lat'><strong>2</strong></span> <span class='ocrx_word' id='word_1_44' title='bbox 348 337 394 364; x_wconf 90' lang='lat' dir='ltr'><strong>sed</strong></span> <span class='ocrx_word' id='word_1_45' title='bbox 409 337 435 363; x_wconf 93' lang='lat' dir='ltr'><strong>in</strong></span> <span class='ocrx_word' id='word_1_46' title='bbox 451 335 596 370; x_wconf 76' lang='lat' dir='ltr'><strong>prmsentia</strong></span> <span class='ocrx_word' id='word_1_47' title='bbox 608 334 677 361; x_wconf 84' lang='lat' dir='ltr'><strong>satis</strong></span> <span class='ocrx_word' id='word_1_48' title='bbox 692 332 745 360; x_wconf 93' lang='lat' dir='ltr'><strong>erit</strong></span> <span class='ocrx_word' id='word_1_49' title='bbox 759 340 841 360; x_wconf 89' lang='lat' dir='ltr'><strong>unum</strong></span> <span class='ocrx_word' id='word_1_50' title='bbox 853 331 970 366; x_wconf 76' lang='lat' dir='ltr'><strong>allegare</strong></span> 
     </span>
    </p>
   </div>
   <div class='ocr_carea' id='block_1_10' title="bbox 181 377 970 416">
    <p class='ocr_par' dir='ltr' id='par_1_10' title="bbox 181 377 970 416">
     <span class='ocr_line' id='line_1_10' title="bbox 181 377 970 416; baseline -0.014 -3"><span class='ocrx_word' id='word_1_51' title='bbox 181 385 257 414; x_wconf 81' lang='lat' dir='ltr'><strong>Pauli</strong></span> <span class='ocrx_word' id='word_1_52' title='bbox 274 383 470 413; x_wconf 83' lang='lat' dir='ltr'><strong>testimonium,</strong></span> <span class='ocrx_word' id='word_1_53' title='bbox 489 381 560 416; x_wconf 89' lang='lat' dir='ltr'><strong>quod</strong></span> <span class='ocrx_word' id='word_1_54' title='bbox 575 381 615 407; x_wconf 88' lang='lat' dir='ltr'><strong>sic</strong></span> <span class='ocrx_word' id='word_1_55' title='bbox 636 379 717 406; x_wconf 82' lang='lat' dir='ltr'><strong>habet</strong></span> <span class='ocrx_word' id='word_1_56' title='bbox 736 388 743 406; x_wconf 90' lang='lat'><strong>:</strong></span> <span class='ocrx_word' id='word_1_57' title='bbox 766 387 775 403; x_wconf 75' lang='grc' dir='ltr'><strong>ι</strong></span> <span class='ocrx_word' id='word_1_58' title='bbox 797 377 853 405; x_wconf 92' lang='lat' dir='ltr'><strong>Hoc</strong></span> <span class='ocrx_word' id='word_1_59' title='bbox 871 377 970 404; x_wconf 80' lang='lat' dir='ltr'><strong>sentite</strong></span> 
     </span>
    </p>
   </div>
   <div class='ocr_carea' id='block_1_11' title="bbox 181 421 970 465">
    <p class='ocr_par' dir='ltr' id='par_1_11' title="bbox 181 421 970 465">
     <span class='ocr_line' id='line_1_11' title="bbox 181 421 970 465; baseline -0.014 -6"><span class='ocrx_word' id='word_1_60' title='bbox 181 433 209 459; x_wconf 89' lang='lat' dir='ltr'><strong>in</strong></span> <span class='ocrx_word' id='word_1_61' title='bbox 227 439 252 458; x_wconf 78' lang='lat' dir='ltr'><strong>Vt</strong></span> <span class='ocrx_word' id='word_1_62' title='bbox 264 431 304 458; x_wconf 88' lang='lat' dir='ltr'><strong>bis</strong></span> <span class='ocrx_word' id='word_1_63' title='bbox 319 429 390 465; x_wconf 88' lang='lat' dir='ltr'><strong>quod</strong></span> <span class='ocrx_word' id='word_1_64' title='bbox 404 433 430 455; x_wconf 91' lang='lat' dir='ltr'><strong>et</strong></span> <span class='ocrx_word' id='word_1_65' title='bbox 445 428 471 454; x_wconf 92' lang='lat' dir='ltr'><strong>in</strong></span> <span class='ocrx_word' id='word_1_66' title='bbox 488 427 599 454; x_wconf 86' lang='lat' dir='ltr'><strong>Christo</strong></span> <span class='ocrx_word' id='word_1_67' title='bbox 611 425 686 457; x_wconf 79' lang='lat' dir='ltr'><strong>Jesn,</strong></span> <span class='ocrx_word' id='word_1_68' title='bbox 704 425 749 459; x_wconf 90' lang='lat' dir='ltr'><strong>qui</strong></span> <span class='ocrx_word' id='word_1_69' title='bbox 765 431 826 451; x_wconf 91' lang='lat' dir='ltr'><strong>cum</strong></span> <span class='ocrx_word' id='word_1_70' title='bbox 841 423 867 450; x_wconf 94' lang='lat' dir='ltr'><strong>in</strong></span> <span class='ocrx_word' id='word_1_71' title='bbox 883 421 970 449; x_wconf 85' lang='lat' dir='ltr'><strong>forma</strong></span> 
     </span>
    </p>
   </div>
   <div class='ocr_carea' id='block_1_12' title="bbox 183 471 970 508">
    <p class='ocr_par' dir='ltr' id='par_1_12' title="bbox 183 471 970 508">
     <span class='ocr_line' id='line_1_12' title="bbox 183 471 970 508; baseline -0.011 -5"><span class='ocrx_word' id='word_1_72' title='bbox 183 476 229 503; x_wconf 88' lang='lat' dir='ltr'><strong>Dei</strong></span> <span class='ocrx_word' id='word_1_73' title='bbox 242 480 323 507; x_wconf 84' lang='lat' dir='ltr'><strong>esset,</strong></span> <span class='ocrx_word' id='word_1_74' title='bbox 339 481 392 501; x_wconf 95' lang='lat' dir='ltr'><strong>non</strong></span> <span class='ocrx_word' id='word_1_75' title='bbox 407 474 526 508; x_wconf 74' lang='lat' dir='ltr'><strong>rapiunt:</strong></span> <span class='ocrx_word' id='word_1_76' title='bbox 541 471 688 498; x_wconf 80' lang='lat' dir='ltr'><strong>arbitratus</strong></span> <span class='ocrx_word' id='word_1_77' title='bbox 701 474 743 496; x_wconf 84' lang='lat' dir='ltr'><strong>est</strong></span> <span class='ocrx_word' id='word_1_78' title='bbox 755 476 815 496; x_wconf 84' lang='lat' dir='ltr'><strong>esse</strong></span> <span class='ocrx_word' id='word_1_79' title='bbox 831 475 860 496; x_wconf 90' lang='lat' dir='ltr'><strong>se</strong></span> <span class='ocrx_word' id='word_1_80' title='bbox 876 474 970 502; x_wconf 80' lang='lat' dir='ltr'><strong>acqua-</strong></span> 
     </span>
    </p>
   </div>
   <div class='ocr_carea' id='block_1_13' title="bbox 182 512 971 552">
    <p class='ocr_par' dir='ltr' id='par_1_13' title="bbox 182 512 971 552">
     <span class='ocr_line' id='line_1_13' title="bbox 182 512 971 552; baseline -0.013 -3"><span class='ocrx_word' id='word_1_81' title='bbox 182 521 235 549; x_wconf 87' lang='lat' dir='ltr'><strong>lem</strong></span> <span class='ocrx_word' id='word_1_82' title='bbox 251 521 315 552; x_wconf 93' lang='lat' dir='ltr'><strong>Deo,</strong></span> <span class='ocrx_word' id='word_1_83' title='bbox 331 520 377 547; x_wconf 87' lang='lat' dir='ltr'><strong>sed</strong></span> <span class='ocrx_word' id='word_1_84' title='bbox 399 518 505 552; x_wconf 71' lang='lat' dir='ltr'><strong>semeti;</strong></span> <span class='ocrx_word' id='word_1_85' title='bbox 513 524 572 544; x_wconf 85' lang='lat' dir='ltr'><strong>sum</strong></span> <span class='ocrx_word' id='word_1_86' title='bbox 598 515 747 543; x_wconf 84' lang='lat' dir='ltr'><strong>exinanivit</strong></span> <span class='ocrx_word' id='word_1_87' title='bbox 770 513 884 541; x_wconf 90' lang='lat' dir='ltr'><strong>formam</strong></span> <span class='ocrx_word' id='word_1_88' title='bbox 899 512 971 540; x_wconf 85' lang='lat' dir='ltr'><strong>servi</strong></span> 
     </span>
    </p>
   </div>
   <div class='ocr_carea' id='block_1_14' title="bbox 184 558 971 601">
    <p class='ocr_par' dir='ltr' id='par_1_14' title="bbox 184 558 971 601">
     <span class='ocr_line' id='line_1_14' title="bbox 184 558 971 601; baseline -0.014 -6"><span class='ocrx_word' id='word_1_89' title='bbox 184 567 333 601; x_wconf 85' lang='lat' dir='ltr'><strong>accipiens,</strong></span> <span class='ocrx_word' id='word_1_90' title='bbox 352 566 378 592; x_wconf 93' lang='lat' dir='ltr'><strong>in</strong></span> <span class='ocrx_word' id='word_1_91' title='bbox 392 563 567 592; x_wconf 86' lang='lat' dir='ltr'><strong>similitudine</strong></span> <span class='ocrx_word' id='word_1_92' title='bbox 595 560 712 588; x_wconf 82' lang='lat' dir='ltr'><strong>hominis</strong></span> <span class='ocrx_word' id='word_1_93' title='bbox 732 559 820 586; x_wconf 87' lang='lat' dir='ltr'><strong>factus</strong></span> <span class='ocrx_word' id='word_1_94' title='bbox 835 563 863 586; x_wconf 93' lang='lat' dir='ltr'><strong>et</strong></span> <span class='ocrx_word' id='word_1_95' title='bbox 877 558 971 585; x_wconf 84' lang='lat' dir='ltr'><strong>habitu</strong></span> 
     </span>
    </p>
   </div>
   <div class='ocr_carea' id='block_1_15' title="bbox 187 604 972 642">
    <p class='ocr_par' dir='ltr' id='par_1_15' title="bbox 187 604 972 642">
     <span class='ocr_line' id='line_1_15' title="bbox 187 604 972 642; baseline -0.014 -2"><span class='ocrx_word' id='word_1_96' title='bbox 187 614 317 640; x_wconf 86' lang='lat' dir='ltr'><strong>inventus</strong></span> <span class='ocrx_word' id='word_1_97' title='bbox 344 615 373 638; x_wconf 91' lang='lat' dir='ltr'><strong>ut</strong></span> <span class='ocrx_word' id='word_1_98' title='bbox 390 611 482 642; x_wconf 87' lang='lat' dir='ltr'><strong>homo,</strong></span> <span class='ocrx_word' id='word_1_99' title='bbox 507 607 661 636; x_wconf 85' lang='lat' dir='ltr'><strong>humiliavit</strong></span> <span class='ocrx_word' id='word_1_100' title='bbox 684 605 858 640; x_wconf 78' lang='lat' dir='ltr'><strong>semetipsum</strong></span> <span class='ocrx_word' id='word_1_101' title='bbox 884 604 972 630; x_wconf 85' lang='lat' dir='ltr'><strong>factus</strong></span> 
     </span>
    </p>
   </div>
   <div class='ocr_carea' id='block_1_16' title="bbox 186 654 972 691">
    <p class='ocr_par' dir='ltr' id='par_1_16' title="bbox 186 654 972 691">
     <span class='ocr_line' id='line_1_16' title="bbox 186 654 972 691; baseline -0.014 -5"><span class='ocrx_word' id='word_1_102' title='bbox 186 659 318 686; x_wconf 86' lang='lat' dir='ltr'><strong>obediens</strong></span> <span class='ocrx_word' id='word_1_103' title='bbox 338 663 424 691; x_wconf 83' lang='lat' dir='ltr'><strong>usque</strong></span> <span class='ocrx_word' id='word_1_104' title='bbox 452 655 486 682; x_wconf 88' lang='lat' dir='ltr'><strong>ad</strong></span> <span class='ocrx_word' id='word_1_105' title='bbox 506 658 631 685; x_wconf 90' lang='lat' dir='ltr'><strong>mortem,</strong></span> <span class='ocrx_word' id='word_1_106' title='bbox 654 656 766 679; x_wconf 89' lang='lat' dir='ltr'><strong>mortem</strong></span> <span class='ocrx_word' id='word_1_107' title='bbox 795 654 883 677; x_wconf 86' lang='lat' dir='ltr'><strong>autem</strong></span> <span class='ocrx_word' id='word_1_108' title='bbox 911 657 972 676; x_wconf 87' lang='lat' dir='ltr'><strong>eru-</strong></span> 
     </span>
    </p>
   </div>
   <div class='ocr_carea' id='block_1_17' title="bbox 185 695 971 737">
    <p class='ocr_par' dir='ltr' id='par_1_17' title="bbox 185 695 971 737">
     <span class='ocr_line' id='line_1_17' title="bbox 185 695 971 737; baseline -0.015 -4"><span class='ocrx_word' id='word_1_109' title='bbox 185 705 238 733; x_wconf 87' lang='lat' dir='ltr'><strong>cis.</strong></span> <span class='ocrx_word' id='word_1_110' title='bbox 274 703 390 737; x_wconf 89' lang='lat' dir='ltr'><strong>Propter</strong></span> <span class='ocrx_word' id='word_1_111' title='bbox 429 701 500 736; x_wconf 88' lang='lat' dir='ltr'><strong>quod</strong></span> <span class='ocrx_word' id='word_1_112' title='bbox 535 705 561 727; x_wconf 92' lang='lat' dir='ltr'><strong>et</strong></span> <span class='ocrx_word' id='word_1_113' title='bbox 593 699 664 726; x_wconf 84' lang='lat' dir='ltr'><strong>Deus</strong></span> <span class='ocrx_word' id='word_1_114' title='bbox 705 697 836 726; x_wconf 83' lang='lat' dir='ltr'><strong>exaltavit</strong></span> <span class='ocrx_word' id='word_1_115' title='bbox 876 695 971 728; x_wconf 90' lang='lat' dir='ltr'><strong>illum,</strong></span> 
     </span>
    </p>
   </div>
   <div class='ocr_carea' id='block_1_18' title="bbox 185 745 973 780">
    <p class='ocr_par' dir='ltr' id='par_1_18' title="bbox 185 745 973 780">
     <span class='ocr_line' id='line_1_18' title="bbox 185 745 973 780; baseline -0.013 -3"><span class='ocrx_word' id='word_1_116' title='bbox 185 754 213 777; x_wconf 87' lang='lat' dir='ltr'><strong>et</strong></span> <span class='ocrx_word' id='word_1_117' title='bbox 242 749 315 776; x_wconf 89' lang='lat' dir='ltr'><strong>dedit</strong></span> <span class='ocrx_word' id='word_1_118' title='bbox 347 747 384 774; x_wconf 91' lang='lat' dir='ltr'><strong>illi</strong></span> <span class='ocrx_word' id='word_1_119' title='bbox 418 753 514 773; x_wconf 89' lang='lat' dir='ltr'><strong>nomen</strong></span> <span class='ocrx_word' id='word_1_120' title='bbox 544 745 614 780; x_wconf 88' lang='lat' dir='ltr'><strong>quod</strong></span> <span class='ocrx_word' id='word_1_121' title='bbox 644 748 686 771; x_wconf 91' lang='lat' dir='ltr'><strong>est</strong></span> <span class='ocrx_word' id='word_1_122' title='bbox 711 749 794 777; x_wconf 87' lang='lat' dir='ltr'><strong>super</strong></span> <span class='ocrx_word' id='word_1_123' title='bbox 818 748 898 775; x_wconf 73' lang='lat' dir='ltr'><strong>omne</strong></span> <span class='ocrx_word' id='word_1_124' title='bbox 925 748 973 768; x_wconf 90' lang='lat' dir='ltr'><strong>no-</strong></span> 
     </span>
    </p>
   </div>
   <div class='ocr_carea' id='block_1_19' title="bbox 185 795 335 823">
    <p class='ocr_par' dir='ltr' id='par_1_19' title="bbox 185 795 335 823">
     <span class='ocr_line' id='line_1_19' title="bbox 185 795 335 823; baseline -0.02 0"><span class='ocrx_word' id='word_1_125' title='bbox 185 804 247 823; x_wconf 88' lang='lat' dir='ltr'><strong>men</strong></span> <span class='ocrx_word' id='word_1_126' title='bbox 267 795 301 821; x_wconf 74' lang='lat'><strong>&quot;.</strong></span> <span class='ocrx_word' id='word_1_127' title='bbox 325 804 335 820; x_wconf 73' lang='grc' dir='ltr'><strong>ι</strong></span> 
     </span>
    </p>
   </div>
   <div class='ocr_carea' id='block_1_20' title="bbox 221 825 1008 874">
    <p class='ocr_par' dir='ltr' id='par_1_20' title="bbox 221 825 1008 874">
     <span class='ocr_line' id='line_1_20' title="bbox 221 825 1008 874; baseline -0.011 -7"><span class='ocrx_word' id='word_1_128' title='bbox 221 841 266 869; x_wconf 73' lang='grc'><strong>19.</strong></span> <span class='ocrx_word' id='word_1_129' title='bbox 283 840 352 867; x_wconf 87' lang='lat' dir='ltr'><strong>Deut</strong></span> <span class='ocrx_word' id='word_1_130' title='bbox 366 838 446 874; x_wconf 76' lang='lat' dir='ltr'><strong>igitur</strong></span> <span class='ocrx_word' id='word_1_131' title='bbox 458 836 538 864; x_wconf 89' lang='lat' dir='ltr'><strong>Celso</strong></span> <span class='ocrx_word' id='word_1_132' title='bbox 551 835 608 870; x_wconf 83' lang='lat' dir='ltr'><strong>alii,</strong></span> <span class='ocrx_word' id='word_1_133' title='bbox 623 836 705 862; x_wconf 87' lang='lat' dir='ltr'><strong>Deum</strong></span> <span class='ocrx_word' id='word_1_134' title='bbox 722 834 830 868; x_wconf 87' lang='lat' dir='ltr'><strong>quidem</strong></span> <span class='ocrx_word' id='word_1_135' title='bbox 846 840 898 859; x_wconf 93' lang='lat' dir='ltr'><strong>non</strong></span> <span class='ocrx_word' id='word_1_136' title='bbox 913 839 972 859; x_wconf 89' lang='lat' dir='ltr'><strong>mu-</strong></span> <span class='ocrx_word' id='word_1_137' title='bbox 986 825 1008 852; x_wconf 77' lang='grc' dir='ltr'><strong>Β</strong></span> 
     </span>
    </p>
   </div>
   <div class='ocr_carea' id='block_1_21' title="bbox 186 880 973 918">
    <p class='ocr_par' dir='ltr' id='par_1_21' title="bbox 186 880 973 918">
     <span class='ocr_line' id='line_1_21' title="bbox 186 880 973 918; baseline -0.013 -5"><span class='ocrx_word' id='word_1_138' title='bbox 186 890 270 913; x_wconf 83' lang='lat' dir='ltr'><strong>latum</strong></span> <span class='ocrx_word' id='word_1_139' title='bbox 283 885 379 918; x_wconf 86' lang='lat' dir='ltr'><strong>fuisse,</strong></span> <span class='ocrx_word' id='word_1_140' title='bbox 396 883 443 910; x_wconf 85' lang='lat' dir='ltr'><strong>sed</strong></span> <span class='ocrx_word' id='word_1_141' title='bbox 455 881 579 909; x_wconf 70' lang='lat' dir='ltr'><strong>ell&#39;ecisse</strong></span> <span class='ocrx_word' id='word_1_142' title='bbox 595 885 625 908; x_wconf 88' lang='lat' dir='ltr'><strong>ut</strong></span> <span class='ocrx_word' id='word_1_143' title='bbox 637 881 683 916; x_wconf 87' lang='lat' dir='ltr'><strong>qui</strong></span> <span class='ocrx_word' id='word_1_144' title='bbox 697 880 826 907; x_wconf 83' lang='lat' dir='ltr'><strong>videbant</strong></span> <span class='ocrx_word' id='word_1_145' title='bbox 841 882 973 904; x_wconf 90' lang='lat' dir='ltr'><strong>mutatum</strong></span> 
     </span>
    </p>
   </div>
   <div class='ocr_carea' id='block_1_22' title="bbox 185 924 974 964">
    <p class='ocr_par' dir='ltr' id='par_1_22' title="bbox 185 924 974 964">
     <span class='ocr_line' id='line_1_22' title="bbox 185 924 974 964; baseline -0.013 -5"><span class='ocrx_word' id='word_1_146' title='bbox 185 931 391 964; x_wconf 75' lang='lat' dir='ltr'><strong>existimarent;</strong></span> <span class='ocrx_word' id='word_1_147' title='bbox 423 930 457 957; x_wconf 81' lang='lat' dir='ltr'><strong>ad</strong></span> <span class='ocrx_word' id='word_1_148' title='bbox 477 936 526 956; x_wconf 91' lang='lat' dir='ltr'><strong>nos</strong></span> <span class='ocrx_word' id='word_1_149' title='bbox 550 927 648 962; x_wconf 86' lang='lat' dir='ltr'><strong>quibus</strong></span> <span class='ocrx_word' id='word_1_150' title='bbox 670 924 906 960; x_wconf 86' lang='lat' dir='ltr'><strong>persuasissimum</strong></span> <span class='ocrx_word' id='word_1_151' title='bbox 932 926 974 950; x_wconf 89' lang='lat' dir='ltr'><strong>est</strong></span> 
     </span>
    </p>
   </div>
   <div class='ocr_carea' id='block_1_23' title="bbox 185 969 975 1011">
    <p class='ocr_par' dir='ltr' id='par_1_23' title="bbox 185 969 975 1011">
     <span class='ocr_line' id='line_1_23' title="bbox 185 969 975 1011; baseline -0.011 -7"><span class='ocrx_word' id='word_1_152' title='bbox 185 985 240 1004; x_wconf 80' lang='lat' dir='ltr'><strong>non</strong></span> <span class='ocrx_word' id='word_1_153' title='bbox 258 977 350 1011; x_wconf 78' lang='lat' dir='ltr'><strong>Specie</strong></span> <span class='ocrx_word' id='word_1_154' title='bbox 363 981 441 1003; x_wconf 86' lang='lat' dir='ltr'><strong>tenus</strong></span> <span class='ocrx_word' id='word_1_155' title='bbox 455 975 559 1006; x_wconf 90' lang='lat' dir='ltr'><strong>.lcsum,</strong></span> <span class='ocrx_word' id='word_1_156' title='bbox 576 974 623 1001; x_wconf 91' lang='lat' dir='ltr'><strong>sed</strong></span> <span class='ocrx_word' id='word_1_157' title='bbox 646 978 709 998; x_wconf 84' lang='lat' dir='ltr'><strong>vere</strong></span> <span class='ocrx_word' id='word_1_158' title='bbox 737 971 770 997; x_wconf 88' lang='lat' dir='ltr'><strong>ad</strong></span> <span class='ocrx_word' id='word_1_159' title='bbox 797 969 922 997; x_wconf 88' lang='lat' dir='ltr'><strong>homines</strong></span> <span class='ocrx_word' id='word_1_160' title='bbox 947 973 975 996; x_wconf 90' lang='lat' dir='ltr'><strong>et</strong></span> 
     </span>
    </p>
   </div>
   <div class='ocr_carea' id='block_1_24' title="bbox 186 1014 972 1052">
    <p class='ocr_par' dir='ltr' id='par_1_24' title="bbox 186 1014 972 1052">
     <span class='ocr_line' id='line_1_24' title="bbox 186 1014 972 1052; baseline -0.011 -3"><span class='ocrx_word' id='word_1_161' title='bbox 186 1022 329 1050; x_wconf 80' lang='lat' dir='ltr'><strong>manifeste</strong></span> <span class='ocrx_word' id='word_1_162' title='bbox 341 1014 494 1052; x_wconf 78' lang='lat' dir='ltr'><strong>advenisse,</strong></span> <span class='ocrx_word' id='word_1_163' title='bbox 510 1019 580 1047; x_wconf 88' lang='lat' dir='ltr'><strong>Celsi</strong></span> <span class='ocrx_word' id='word_1_164' title='bbox 596 1016 751 1046; x_wconf 90' lang='lat' dir='ltr'><strong>criminatio</strong></span> <span class='ocrx_word' id='word_1_165' title='bbox 779 1023 832 1042; x_wconf 93' lang='lat' dir='ltr'><strong>non</strong></span> <span class='ocrx_word' id='word_1_166' title='bbox 845 1014 972 1050; x_wconf 82' lang='lat' dir='ltr'><strong>pertinet.</strong></span> 
     </span>
    </p>
   </div>
   <div class='ocr_carea' id='block_1_25' title="bbox 186 1060 972 1099">
    <p class='ocr_par' dir='ltr' id='par_1_25' title="bbox 186 1060 972 1099">
     <span class='ocr_line' id='line_1_25' title="bbox 186 1060 972 1099; baseline -0.011 -3"><span class='ocrx_word' id='word_1_167' title='bbox 186 1068 318 1096; x_wconf 79' lang='lat' dir='ltr'><strong>Refellam</strong></span> <span class='ocrx_word' id='word_1_168' title='bbox 332 1072 420 1095; x_wconf 88' lang='lat' dir='ltr'><strong>tamen</strong></span> <span class='ocrx_word' id='word_1_169' title='bbox 446 1067 486 1094; x_wconf 89' lang='lat' dir='ltr'><strong>sic</strong></span> <span class='ocrx_word' id='word_1_170' title='bbox 502 1075 509 1094; x_wconf 93' lang='lat'>:</span> <span class='ocrx_word' id='word_1_171' title='bbox 532 1065 627 1092; x_wconf 79' lang='lat' dir='ltr'><strong>Nonne</strong></span> <span class='ocrx_word' id='word_1_172' title='bbox 645 1064 702 1099; x_wconf 83' lang='lat' dir='ltr'><strong>ipse</strong></span> <span class='ocrx_word' id='word_1_173' title='bbox 725 1061 831 1094; x_wconf 85' lang='lat' dir='ltr'><strong>fateris,</strong></span> <span class='ocrx_word' id='word_1_174' title='bbox 849 1068 865 1087; x_wconf 91' lang='grc' dir='ltr'><strong>ο</strong></span> <span class='ocrx_word' id='word_1_175' title='bbox 883 1060 972 1092; x_wconf 84' lang='lat' dir='ltr'><strong>Celse,</strong></span> 
     </span>
    </p>
   </div>
   <div class='ocr_carea' id='block_1_26' title="bbox 186 1105 975 1148">
    <p class='ocr_par' dir='ltr' id='par_1_26' title="bbox 186 1105 975 1148">
     <span class='ocr_line' id='line_1_26' title="bbox 186 1105 975 1148; baseline -0.014 -6"><span class='ocrx_word' id='word_1_176' title='bbox 186 1115 269 1142; x_wconf 89' lang='lat' dir='ltr'><strong>licere</strong></span> <span class='ocrx_word' id='word_1_177' title='bbox 288 1121 336 1148; x_wconf 89' lang='lat' dir='ltr'><strong>pro</strong></span> <span class='ocrx_word' id='word_1_178' title='bbox 350 1112 470 1140; x_wconf 86' lang='lat' dir='ltr'><strong>remedio</strong></span> <span class='ocrx_word' id='word_1_179' title='bbox 484 1111 521 1138; x_wconf 90' lang='lat' dir='ltr'><strong>nti</strong></span> <span class='ocrx_word' id='word_1_180' title='bbox 537 1110 642 1138; x_wconf 79' lang='lat' dir='ltr'><strong>fallacia</strong></span> <span class='ocrx_word' id='word_1_181' title='bbox 672 1113 698 1136; x_wconf 88' lang='lat' dir='ltr'><strong>et</strong></span> <span class='ocrx_word' id='word_1_182' title='bbox 717 1107 878 1135; x_wconf 83' lang='lat' dir='ltr'><strong>mendacio?</strong></span> <span class='ocrx_word' id='word_1_183' title='bbox 906 1105 975 1138; x_wconf 82' lang='lat' dir='ltr'><strong>Quid</strong></span> 
     </span>
    </p>
   </div>
   <div class='ocr_carea' id='block_1_27' title="bbox 187 1151 974 1195">
    <p class='ocr_par' dir='ltr' id='par_1_27' title="bbox 187 1151 974 1195">
     <span class='ocr_line' id='line_1_27' title="bbox 187 1151 974 1195; baseline -0.014 -8"><span class='ocrx_word' id='word_1_184' title='bbox 187 1167 252 1195; x_wconf 85' lang='lat' dir='ltr'><strong>ergo</strong></span> <span class='ocrx_word' id='word_1_185' title='bbox 268 1159 426 1190; x_wconf 81' lang='lat' dir='ltr'><strong>absurdum,</strong></span> <span class='ocrx_word' id='word_1_186' title='bbox 441 1158 530 1185; x_wconf 91' lang='lat' dir='ltr'><strong>simile</strong></span> <span class='ocrx_word' id='word_1_187' title='bbox 542 1156 681 1191; x_wconf 84' lang='lat' dir='ltr'><strong>quidpiam</strong></span> <span class='ocrx_word' id='word_1_188' title='bbox 708 1153 858 1181; x_wconf 87' lang='lat' dir='ltr'><strong>adhibitum</strong></span> <span class='ocrx_word' id='word_1_189' title='bbox 880 1151 974 1183; x_wconf 80' lang='lat' dir='ltr'><strong>fuisse,</strong></span> 
     </span>
    </p>
   </div>
   <div class='ocr_carea' id='block_1_28' title="bbox 188 1197 976 1240">
    <p class='ocr_par' dir='ltr' id='par_1_28' title="bbox 188 1197 976 1240">
     <span class='ocr_line' id='line_1_28' title="bbox 188 1197 976 1240; baseline -0.014 -7"><span class='ocrx_word' id='word_1_190' title='bbox 188 1205 321 1240; x_wconf 86' lang='lat' dir='ltr'><strong>siquidem</strong></span> <span class='ocrx_word' id='word_1_191' title='bbox 339 1206 372 1231; x_wconf 87' lang='lat' dir='ltr'><strong>ad</strong></span> <span class='ocrx_word' id='word_1_192' title='bbox 386 1204 499 1232; x_wconf 82' lang='lat' dir='ltr'><strong>salutem</strong></span> <span class='ocrx_word' id='word_1_193' title='bbox 514 1203 677 1229; x_wconf 84' lang='lat' dir='ltr'><strong>collaturum</strong></span> <span class='ocrx_word' id='word_1_194' title='bbox 691 1200 780 1228; x_wconf 86' lang='lat' dir='ltr'><strong>esset?</strong></span> <span class='ocrx_word' id='word_1_195' title='bbox 804 1198 846 1225; x_wconf 86' lang='lat' dir='ltr'><strong>Fit</strong></span> <span class='ocrx_word' id='word_1_196' title='bbox 861 1197 932 1225; x_wconf 91' lang='lat' dir='ltr'><strong>enim</strong></span> <span class='ocrx_word' id='word_1_197' title='bbox 947 1200 976 1223; x_wconf 92' lang='lat' dir='ltr'><strong>ut</strong></span> 
     </span>
    </p>
   </div>
   <div class='ocr_carea' id='block_1_29' title="bbox 188 1243 974 1285">
    <p class='ocr_par' dir='ltr' id='par_1_29' title="bbox 188 1243 974 1285">
     <span class='ocr_line' id='line_1_29' title="bbox 188 1243 974 1285; baseline -0.013 -6"><span class='ocrx_word' id='word_1_198' title='bbox 188 1251 360 1279; x_wconf 83' lang='lat' dir='ltr'><strong>sermonibus</strong></span> <span class='ocrx_word' id='word_1_199' title='bbox 374 1250 534 1285; x_wconf 83' lang='lat' dir='ltr'><strong>quibusdam</strong></span> <span class='ocrx_word' id='word_1_200' title='bbox 556 1248 590 1274; x_wconf 86' lang='lat' dir='ltr'><strong>ad</strong></span> <span class='ocrx_word' id='word_1_201' title='bbox 610 1246 779 1274; x_wconf 76' lang='lat' dir='ltr'><strong>mendacium</strong></span> <span class='ocrx_word' id='word_1_202' title='bbox 805 1243 974 1278; x_wconf 87' lang='lat' dir='ltr'><strong>compositis,</strong></span> 
     </span>
    </p>
   </div>
   <div class='ocr_carea' id='block_1_30' title="bbox 188 1288 974 1332">
    <p class='ocr_par' dir='ltr' id='par_1_30' title="bbox 188 1288 974 1332">
     <span class='ocr_line' id='line_1_30' title="bbox 188 1288 974 1332; baseline -0.013 -8"><span class='ocrx_word' id='word_1_203' title='bbox 188 1297 316 1332; x_wconf 85' lang='lat' dir='ltr'><strong>qualibus</strong></span> <span class='ocrx_word' id='word_1_204' title='bbox 338 1303 401 1331; x_wconf 78' lang='lat' dir='ltr'><strong>erga</strong></span> <span class='ocrx_word' id='word_1_205' title='bbox 420 1299 539 1330; x_wconf 76' lang='lat' dir='ltr'><strong>zegrotos</strong></span> <span class='ocrx_word' id='word_1_206' title='bbox 564 1293 700 1320; x_wconf 83' lang='lat' dir='ltr'><strong>interdum</strong></span> <span class='ocrx_word' id='word_1_207' title='bbox 730 1294 846 1317; x_wconf 87' lang='lat' dir='ltr'><strong>utuntur</strong></span> <span class='ocrx_word' id='word_1_208' title='bbox 867 1288 974 1319; x_wconf 88' lang='lat' dir='ltr'><strong>medici,</strong></span> 
     </span>
    </p>
   </div>
   <div class='ocr_carea' id='block_1_31' title="bbox 189 1337 976 1374">
    <p class='ocr_par' dir='ltr' id='par_1_31' title="bbox 189 1337 976 1374">
     <span class='ocr_line' id='line_1_31' title="bbox 189 1337 976 1374; baseline -0.014 -4"><span class='ocrx_word' id='word_1_209' title='bbox 189 1349 280 1370; x_wconf 86' lang='lat' dir='ltr'><strong>mores</strong></span> <span class='ocrx_word' id='word_1_210' title='bbox 296 1341 403 1368; x_wconf 81' lang='lat' dir='ltr'><strong>facilius</strong></span> <span class='ocrx_word' id='word_1_211' title='bbox 416 1340 549 1374; x_wconf 80' lang='lat' dir='ltr'><strong>corrigas,</strong></span> <span class='ocrx_word' id='word_1_212' title='bbox 561 1345 641 1373; x_wconf 89' lang='lat' dir='ltr'><strong>quam</strong></span> <span class='ocrx_word' id='word_1_213' title='bbox 660 1337 681 1363; x_wconf 92' lang='lat' dir='ltr'><strong>si</strong></span> <span class='ocrx_word' id='word_1_214' title='bbox 696 1337 837 1363; x_wconf 89' lang='lat' dir='ltr'><strong>veritatem</strong></span> <span class='ocrx_word' id='word_1_215' title='bbox 859 1341 976 1368; x_wconf 84' lang='lat' dir='ltr'><strong>usurpa-</strong></span> 
     </span>
    </p>
   </div>
   <div class='ocr_carea' id='block_1_32' title="bbox 190 1380 976 1419">
    <p class='ocr_par' dir='ltr' id='par_1_32' title="bbox 190 1380 976 1419">
     <span class='ocr_line' id='line_1_32' title="bbox 190 1380 976 1419; baseline -0.013 -3"><span class='ocrx_word' id='word_1_216' title='bbox 190 1396 243 1416; x_wconf 89' lang='lat' dir='ltr'><strong>res.</strong></span> <span class='ocrx_word' id='word_1_217' title='bbox 263 1387 323 1415; x_wconf 67' lang='lat' dir='ltr'><strong>llaec</strong></span> <span class='ocrx_word' id='word_1_218' title='bbox 340 1394 355 1414; x_wconf 92' lang='lat' dir='ltr'><strong>a</strong></span> <span class='ocrx_word' id='word_1_219' title='bbox 368 1386 446 1414; x_wconf 87' lang='lat' dir='ltr'><strong>nobis</strong></span> <span class='ocrx_word' id='word_1_220' title='bbox 461 1385 570 1419; x_wconf 88' lang='lat' dir='ltr'><strong>quidem</strong></span> <span class='ocrx_word' id='word_1_221' title='bbox 594 1383 627 1410; x_wconf 84' lang='lat' dir='ltr'><strong>ad</strong></span> <span class='ocrx_word' id='word_1_222' title='bbox 653 1383 768 1409; x_wconf 87' lang='lat' dir='ltr'><strong>aliorum</strong></span> <span class='ocrx_word' id='word_1_223' title='bbox 791 1380 976 1408; x_wconf 85' lang='lat' dir='ltr'><strong>defensionem</strong></span> 
     </span>
    </p>
   </div>
   <div class='ocr_carea' id='block_1_33' title="bbox 190 1426 977 1466">
    <p class='ocr_par' dir='ltr' id='par_1_33' title="bbox 190 1426 977 1466">
     <span class='ocr_line' id='line_1_33' title="bbox 190 1426 977 1466; baseline -0.014 -4"><span class='ocrx_word' id='word_1_224' title='bbox 190 1435 262 1462; x_wconf 82' lang='lat' dir='ltr'><strong>dicta</strong></span> <span class='ocrx_word' id='word_1_225' title='bbox 290 1439 378 1461; x_wconf 90' lang='lat' dir='ltr'><strong>sunto.</strong></span> <span class='ocrx_word' id='word_1_226' title='bbox 410 1432 504 1466; x_wconf 80' lang='lat' dir='ltr'><strong>Neque</strong></span> <span class='ocrx_word' id='word_1_227' title='bbox 531 1430 605 1457; x_wconf 89' lang='lat' dir='ltr'><strong>enim</strong></span> <span class='ocrx_word' id='word_1_228' title='bbox 633 1428 780 1456; x_wconf 88' lang='lat' dir='ltr'><strong>absurdum</strong></span> <span class='ocrx_word' id='word_1_229' title='bbox 807 1430 849 1454; x_wconf 87' lang='lat' dir='ltr'><strong>est.</strong></span> <span class='ocrx_word' id='word_1_230' title='bbox 874 1426 977 1452; x_wconf 87' lang='lat' dir='ltr'><strong>amicos</strong></span> 
     </span>
    </p>
   </div>
   <div class='ocr_carea' id='block_1_34' title="bbox 187 1471 976 1515">
    <p class='ocr_par' dir='ltr' id='par_1_34' title="bbox 187 1471 976 1515">
     <span class='ocr_line' id='line_1_34' title="bbox 187 1471 976 1515; baseline -0.014 -8"><span class='ocrx_word' id='word_1_231' title='bbox 187 1484 353 1515; x_wconf 63' lang='lat' dir='ltr'><strong>aegrotantes</strong></span> <span class='ocrx_word' id='word_1_232' title='bbox 369 1481 520 1507; x_wconf 85' lang='lat' dir='ltr'><strong>sanantem,</strong></span> <span class='ocrx_word' id='word_1_233' title='bbox 537 1475 578 1502; x_wconf 91' lang='lat' dir='ltr'><strong>his</strong></span> <span class='ocrx_word' id='word_1_234' title='bbox 590 1473 708 1501; x_wconf 88' lang='lat' dir='ltr'><strong>amicum</strong></span> <span class='ocrx_word' id='word_1_235' title='bbox 723 1479 807 1507; x_wconf 80' lang='lat' dir='ltr'><strong>genus</strong></span> <span class='ocrx_word' id='word_1_236' title='bbox 827 1471 976 1498; x_wconf 88' lang='lat' dir='ltr'><strong>lmmannm</strong></span> 
     </span>
    </p>
   </div>
   <div class='ocr_carea' id='block_1_35' title="bbox 191 1516 977 1556">
    <p class='ocr_par' dir='ltr' id='par_1_35' title="bbox 191 1516 977 1556">
     <span class='ocr_line' id='line_1_35' title="bbox 191 1516 977 1556; baseline -0.013 -4"><span class='ocrx_word' id='word_1_237' title='bbox 191 1525 280 1553; x_wconf 80' lang='lat' dir='ltr'><strong>levare</strong></span> <span class='ocrx_word' id='word_1_238' title='bbox 291 1523 429 1554; x_wconf 86' lang='lat' dir='ltr'><strong>remediis,</strong></span> <span class='ocrx_word' id='word_1_239' title='bbox 443 1528 503 1556; x_wconf 71' lang='lat' dir='ltr'><strong>quae</strong></span> <span class='ocrx_word' id='word_1_240' title='bbox 521 1527 574 1547; x_wconf 93' lang='lat' dir='ltr'><strong>non</strong></span> <span class='ocrx_word' id='word_1_241' title='bbox 590 1519 651 1546; x_wconf 86' lang='lat' dir='ltr'><strong>data</strong></span> <span class='ocrx_word' id='word_1_242' title='bbox 679 1525 761 1552; x_wconf 85' lang='lat' dir='ltr'><strong>opera</strong></span> <span class='ocrx_word' id='word_1_243' title='bbox 780 1517 842 1552; x_wconf 88' lang='lat' dir='ltr'><strong>quis</strong></span> <span class='ocrx_word' id='word_1_244' title='bbox 865 1516 977 1543; x_wconf 88' lang='lat' dir='ltr'><strong>adhibe--</strong></span> 
     </span>
    </p>
   </div>
   <div class='ocr_carea' id='block_1_36' title="bbox 192 1562 980 1601">
    <p class='ocr_par' dir='ltr' id='par_1_36' title="bbox 192 1562 980 1601">
     <span class='ocr_line' id='line_1_36' title="bbox 192 1562 980 1601; baseline -0.014 -4"><span class='ocrx_word' id='word_1_245' title='bbox 192 1574 244 1601; x_wconf 88' lang='lat' dir='ltr'><strong>ret,</strong></span> <span class='ocrx_word' id='word_1_246' title='bbox 259 1570 305 1597; x_wconf 86' lang='lat' dir='ltr'><strong>sed</strong></span> <span class='ocrx_word' id='word_1_247' title='bbox 328 1568 420 1596; x_wconf 82' lang='lat' dir='ltr'><strong>habita</strong></span> <span class='ocrx_word' id='word_1_248' title='bbox 448 1564 714 1594; x_wconf 78' lang='lat' dir='ltr'><strong>circumstantiarum</strong></span> <span class='ocrx_word' id='word_1_249' title='bbox 738 1563 852 1590; x_wconf 82' lang='lat' dir='ltr'><strong>ratione.</strong></span> <span class='ocrx_word' id='word_1_250' title='bbox 869 1562 901 1588; x_wconf 85' lang='lat' dir='ltr'><strong>Et</strong></span> <span class='ocrx_word' id='word_1_251' title='bbox 919 1562 980 1596; x_wconf 88' lang='lat' dir='ltr'><strong>qni—</strong></span> 
     </span>
    </p>
   </div>
   <div class='ocr_carea' id='block_1_37' title="bbox 192 1608 979 1643">
    <p class='ocr_par' dir='ltr' id='par_1_37' title="bbox 192 1608 979 1643">
     <span class='ocr_line' id='line_1_37' title="bbox 192 1608 979 1643; baseline -0.011 -1"><span class='ocrx_word' id='word_1_252' title='bbox 192 1616 253 1643; x_wconf 86' lang='lat' dir='ltr'><strong>dent</strong></span> <span class='ocrx_word' id='word_1_253' title='bbox 271 1615 303 1642; x_wconf 86' lang='lat' dir='ltr'><strong>ad</strong></span> <span class='ocrx_word' id='word_1_254' title='bbox 318 1614 454 1640; x_wconf 81' lang='lat' dir='ltr'><strong>curandos</strong></span> <span class='ocrx_word' id='word_1_255' title='bbox 467 1617 557 1639; x_wconf 88' lang='lat' dir='ltr'><strong>mente</strong></span> <span class='ocrx_word' id='word_1_256' title='bbox 585 1612 718 1638; x_wconf 85' lang='lat' dir='ltr'><strong>alienatos</strong></span> <span class='ocrx_word' id='word_1_257' title='bbox 732 1609 858 1636; x_wconf 88' lang='lat' dir='ltr'><strong>homines</strong></span> <span class='ocrx_word' id='word_1_258' title='bbox 873 1609 923 1634; x_wconf 85' lang='lat' dir='ltr'><strong>hac</strong></span> <span class='ocrx_word' id='word_1_259' title='bbox 937 1608 979 1634; x_wconf 66' lang='lat' dir='ltr'><strong>vi.)</strong></span> 
     </span>
    </p>
   </div>
   <div class='ocr_carea' id='block_1_38' title="bbox 196 1657 980 1696">
    <p class='ocr_par' dir='ltr' id='par_1_38' title="bbox 196 1657 980 1696">
     <span class='ocr_line' id='line_1_38' title="bbox 196 1657 980 1696; baseline -0.005 -7"><span class='ocrx_word' id='word_1_260' title='bbox 196 1667 237 1690; x_wconf 79' lang='lat' dir='ltr'><strong>uti</strong></span> <span class='ocrx_word' id='word_1_261' title='bbox 260 1663 418 1696; x_wconf 80' lang='lat' dir='ltr'><strong>oportebat,</strong></span> <span class='ocrx_word' id='word_1_262' title='bbox 445 1665 524 1693; x_wconf 82' lang='lat' dir='ltr'><strong>quam</strong></span> <span class='ocrx_word' id='word_1_263' title='bbox 546 1657 664 1684; x_wconf 82' lang='lat' dir='ltr'><strong>Verbum</strong></span> <span class='ocrx_word' id='word_1_264' title='bbox 685 1661 797 1684; x_wconf 86' lang='lat' dir='ltr'><strong>noverat</strong></span> <span class='ocrx_word' id='word_1_265' title='bbox 820 1657 980 1685; x_wconf 83' lang='lat' dir='ltr'><strong>insanienti-</strong></span> 
     </span>
    </p>
   </div>
   <div class='ocr_carea' id='block_1_39' title="bbox 196 1701 980 1735">
    <p class='ocr_par' dir='ltr' id='par_1_39' title="bbox 196 1701 980 1735">
     <span class='ocr_line' id='line_1_39' title="bbox 196 1701 980 1735; baseline -0.006 0"><span class='ocrx_word' id='word_1_266' title='bbox 196 1707 248 1735; x_wconf 80' lang='lat' dir='ltr'><strong>bus</strong></span> <span class='ocrx_word' id='word_1_267' title='bbox 272 1705 305 1733; x_wconf 86' lang='lat' dir='ltr'><strong>ad</strong></span> <span class='ocrx_word' id='word_1_268' title='bbox 331 1711 422 1731; x_wconf 85' lang='lat' dir='ltr'><strong>sanam</strong></span> <span class='ocrx_word' id='word_1_269' title='bbox 447 1706 565 1730; x_wconf 88' lang='lat' dir='ltr'><strong>mentem</strong></span> <span class='ocrx_word' id='word_1_270' title='bbox 591 1701 752 1729; x_wconf 81' lang='lat' dir='ltr'><strong>reducendis</strong></span> <span class='ocrx_word' id='word_1_271' title='bbox 776 1702 878 1729; x_wconf 86' lang='lat' dir='ltr'><strong>utilem.</strong></span> <span class='ocrx_word' id='word_1_272' title='bbox 903 1702 980 1734; x_wconf 86' lang='lat' dir='ltr'><strong>Quod</strong></span> 
     </span>
    </p>
   </div>
   <div class='ocr_carea' id='block_1_40' title="bbox 197 1747 979 1782">
    <p class='ocr_par' dir='ltr' id='par_1_40' title="bbox 197 1747 979 1782">
     <span class='ocr_line' id='line_1_40' title="bbox 197 1747 979 1782; baseline -0.006 -3"><span class='ocrx_word' id='word_1_273' title='bbox 197 1752 235 1780; x_wconf 84' lang='lat' dir='ltr'><strong>ait</strong></span> <span class='ocrx_word' id='word_1_274' title='bbox 253 1761 262 1777; x_wconf 75' lang='grc' dir='ltr'><strong>ι</strong></span> <span class='ocrx_word' id='word_1_275' title='bbox 279 1751 340 1778; x_wconf 84' lang='lat' dir='ltr'><strong>talia</strong></span> <span class='ocrx_word' id='word_1_276' title='bbox 364 1750 467 1780; x_wconf 84' lang='lat' dir='ltr'><strong>facere,</strong></span> <span class='ocrx_word' id='word_1_277' title='bbox 490 1747 534 1782; x_wconf 91' lang='lat' dir='ltr'><strong>qui</strong></span> <span class='ocrx_word' id='word_1_278' title='bbox 552 1747 700 1782; x_wconf 90' lang='lat' dir='ltr'><strong>perieulum</strong></span> <span class='ocrx_word' id='word_1_279' title='bbox 719 1747 752 1773; x_wconf 86' lang='lat' dir='ltr'><strong>ab</strong></span> <span class='ocrx_word' id='word_1_280' title='bbox 766 1747 925 1774; x_wconf 81' lang='lat' dir='ltr'><strong>adversariis</strong></span> <span class='ocrx_word' id='word_1_281' title='bbox 938 1748 979 1774; x_wconf 91' lang='lat' dir='ltr'><strong>in-</strong></span> 
     </span>
    </p>
   </div>
   <div class='ocr_carea' id='block_1_41' title="bbox 199 1791 979 1828">
    <p class='ocr_par' dir='ltr' id='par_1_41' title="bbox 199 1791 979 1828">
     <span class='ocr_line' id='line_1_41' title="bbox 199 1791 979 1828; baseline -0.009 -4"><span class='ocrx_word' id='word_1_282' title='bbox 199 1800 331 1824; x_wconf 83' lang='lat' dir='ltr'><strong>tentatum</strong></span> <span class='ocrx_word' id='word_1_283' title='bbox 357 1793 448 1828; x_wconf 78' lang='lat' dir='ltr'><strong>fugere</strong></span> <span class='ocrx_word' id='word_1_284' title='bbox 468 1792 586 1826; x_wconf 82' lang='lat' dir='ltr'><strong>cogitat;</strong></span> <span class='ocrx_word' id='word_1_285' title='bbox 612 1799 628 1817; x_wconf 87' lang='lat' dir='ltr'><strong>a</strong></span> <span class='ocrx_word' id='word_1_286' title='bbox 652 1791 707 1818; x_wconf 87' lang='lat' dir='ltr'><strong>Deo</strong></span> <span class='ocrx_word' id='word_1_287' title='bbox 731 1796 820 1817; x_wconf 86' lang='lat' dir='ltr'><strong>autem</strong></span> <span class='ocrx_word' id='word_1_288' title='bbox 844 1791 979 1818; x_wconf 87' lang='lat' dir='ltr'><strong>neminem</strong></span> 
     </span>
    </p>
   </div>
   <div class='ocr_carea' id='block_1_42' title="bbox 199 1836 976 1872">
    <p class='ocr_par' dir='ltr' id='par_1_42' title="bbox 199 1836 976 1872">
     <span class='ocr_line' id='line_1_42' title="bbox 199 1836 976 1872; baseline -0.005 -4"><span class='ocrx_word' id='word_1_289' title='bbox 199 1840 304 1872; x_wconf 84' lang='lat' dir='ltr'><strong>timeri,</strong></span> <span class='ocrx_word' id='word_1_290' title='bbox 325 1843 356 1866; x_wconf 87' lang='lat' dir='ltr'><strong>ut</strong></span> <span class='ocrx_word' id='word_1_291' title='bbox 374 1839 406 1865; x_wconf 92' lang='lat' dir='ltr'><strong>ad</strong></span> <span class='ocrx_word' id='word_1_292' title='bbox 426 1837 563 1864; x_wconf 81' lang='lat' dir='ltr'><strong>vitandum</strong></span> <span class='ocrx_word' id='word_1_293' title='bbox 583 1836 731 1870; x_wconf 88' lang='lat' dir='ltr'><strong>periculum</strong></span> <span class='ocrx_word' id='word_1_294' title='bbox 752 1836 910 1864; x_wconf 86' lang='lat' dir='ltr'><strong>insidiantes</strong></span> <span class='ocrx_word' id='word_1_295' title='bbox 928 1836 976 1864; x_wconf 87' lang='lat' dir='ltr'><strong>fal-</strong></span> 
     </span>
    </p>
   </div>
   <div class='ocr_carea' id='block_1_43' title="bbox 195 1884 982 1921">
    <p class='ocr_par' dir='ltr' id='par_1_43' title="bbox 195 1884 982 1921">
     <span class='ocr_line' id='line_1_43' title="bbox 195 1884 982 1921; baseline -0.008 -6"><span class='ocrx_word' id='word_1_296' title='bbox 195 1888 251 1915; x_wconf 87' lang='lat' dir='ltr'><strong>lere</strong></span> <span class='ocrx_word' id='word_1_297' title='bbox 266 1894 333 1921; x_wconf 86' lang='lat' dir='ltr'><strong>opus</strong></span> <span class='ocrx_word' id='word_1_298' title='bbox 347 1887 463 1918; x_wconf 84' lang='lat' dir='ltr'><strong>haheat;</strong></span> <span class='ocrx_word' id='word_1_299' title='bbox 483 1895 492 1912; x_wconf 69' lang='grc' dir='ltr'><strong>ι</strong></span> <span class='ocrx_word' id='word_1_300' title='bbox 511 1885 536 1912; x_wconf 91' lang='lat' dir='ltr'><strong>id</strong></span> <span class='ocrx_word' id='word_1_301' title='bbox 551 1884 686 1918; x_wconf 84' lang='lat' dir='ltr'><strong>depellere</strong></span> <span class='ocrx_word' id='word_1_302' title='bbox 701 1890 898 1917; x_wconf 84' lang='lat' dir='ltr'><strong>supervacuum</strong></span> <span class='ocrx_word' id='word_1_303' title='bbox 923 1889 982 1909; x_wconf 87' lang='lat' dir='ltr'><strong>om-</strong></span> 
     </span>
    </p>
   </div>
   <div class='ocr_carea' id='block_1_44' title="bbox 164 1928 981 1964">
    <p class='ocr_par' dir='ltr' id='par_1_44' title="bbox 164 1928 981 1964">
     <span class='ocr_line' id='line_1_44' title="bbox 164 1928 981 1964; baseline -0.009 -3"><span class='ocrx_word' id='word_1_304' title='bbox 164 1942 173 1948; x_wconf 67' lang='lat'><strong>‘</strong></span> <span class='ocrx_word' id='word_1_305' title='bbox 196 1933 261 1961; x_wconf 89' lang='lat' dir='ltr'><strong>nino</strong></span> <span class='ocrx_word' id='word_1_306' title='bbox 271 1933 350 1960; x_wconf 89' lang='lat' dir='ltr'><strong>fuerit</strong></span> <span class='ocrx_word' id='word_1_307' title='bbox 365 1937 392 1959; x_wconf 87' lang='lat' dir='ltr'><strong>et</strong></span> <span class='ocrx_word' id='word_1_308' title='bbox 408 1940 422 1959; x_wconf 88' lang='lat' dir='ltr'><strong>a</strong></span> <span class='ocrx_word' id='word_1_309' title='bbox 437 1932 541 1958; x_wconf 88' lang='lat' dir='ltr'><strong>ratioue</strong></span> <span class='ocrx_word' id='word_1_310' title='bbox 552 1931 684 1957; x_wconf 85' lang='lat' dir='ltr'><strong>alienum.</strong></span> <span class='ocrx_word' id='word_1_311' title='bbox 700 1928 781 1964; x_wconf 64' lang='grc'><strong>514</strong></span> <span class='ocrx_word' id='word_1_312' title='bbox 795 1929 895 1962; x_wconf 83' lang='lat' dir='ltr'><strong>Ecquis</strong></span> <span class='ocrx_word' id='word_1_313' title='bbox 909 1928 981 1954; x_wconf 87' lang='lat' dir='ltr'><strong>enim</strong></span> 
     </span>
    </p>
   </div>
   <div class='ocr_carea' id='block_1_45' title="bbox 196 1973 981 2014">
    <p class='ocr_par' dir='ltr' id='par_1_45' title="bbox 196 1973 981 2014">
     <span class='ocr_line' id='line_1_45' title="bbox 196 1973 981 2014; baseline -0.009 -8"><span class='ocrx_word' id='word_1_314' title='bbox 196 1985 314 2014; x_wconf 87' lang='lat' dir='ltr'><strong>unquam</strong></span> <span class='ocrx_word' id='word_1_315' title='bbox 328 1979 385 2006; x_wconf 69' lang='lat' dir='ltr'><strong>lucc</strong></span> <span class='ocrx_word' id='word_1_316' title='bbox 404 1979 437 2005; x_wconf 87' lang='lat' dir='ltr'><strong>de</strong></span> <span class='ocrx_word' id='word_1_317' title='bbox 454 1982 547 2005; x_wconf 80' lang='lat' dir='ltr'><strong>nostro</strong></span> <span class='ocrx_word' id='word_1_318' title='bbox 576 1975 718 2003; x_wconf 85' lang='lat' dir='ltr'><strong>Salvatorc</strong></span> <span class='ocrx_word' id='word_1_319' title='bbox 741 1974 825 2001; x_wconf 81' lang='lat' dir='ltr'><strong>dixit?</strong></span> <span class='ocrx_word' id='word_1_320' title='bbox 839 1974 892 2001; x_wconf 83' lang='lat' dir='ltr'><strong>Sed</strong></span> <span class='ocrx_word' id='word_1_321' title='bbox 909 1977 936 2000; x_wconf 90' lang='lat' dir='ltr'><strong>et</strong></span> <span class='ocrx_word' id='word_1_322' title='bbox 949 1973 981 2000; x_wconf 86' lang='lat' dir='ltr'><strong>ad</strong></span> 
     </span>
    </p>
   </div>
   <div class='ocr_carea' id='block_1_46' title="bbox 196 2019 983 2058">
    <p class='ocr_par' dir='ltr' id='par_1_46' title="bbox 196 2019 983 2058">
     <span class='ocr_line' id='line_1_46' title="bbox 196 2019 983 2058; baseline -0.009 -6"><span class='ocrx_word' id='word_1_323' title='bbox 196 2025 279 2056; x_wconf 85' lang='lat' dir='ltr'><strong>istud,</strong></span> <span class='ocrx_word' id='word_1_324' title='bbox 297 2034 306 2050; x_wconf 78' lang='grc' dir='ltr'><strong>ι</strong></span> <span class='ocrx_word' id='word_1_325' title='bbox 323 2025 457 2052; x_wconf 88' lang='lat' dir='ltr'><strong>neminem</strong></span> <span class='ocrx_word' id='word_1_326' title='bbox 469 2030 571 2058; x_wconf 66' lang='lat' dir='ltr'><strong>wgrutu</strong></span> <span class='ocrx_word' id='word_1_327' title='bbox 587 2027 633 2048; x_wconf 85' lang='lat' dir='ltr'><strong>aut</strong></span> <span class='ocrx_word' id='word_1_328' title='bbox 651 2021 831 2048; x_wconf 77' lang='lat' dir='ltr'><strong>insanientem</strong></span> <span class='ocrx_word' id='word_1_329' title='bbox 850 2021 903 2047; x_wconf 83' lang='lat' dir='ltr'><strong>Deo</strong></span> <span class='ocrx_word' id='word_1_330' title='bbox 915 2019 983 2046; x_wconf 80' lang='lat' dir='ltr'><strong>anti-</strong></span> 
     </span>
    </p>
   </div>
   <div class='ocr_carea' id='block_1_47' title="bbox 196 2065 982 2103">
    <p class='ocr_par' dir='ltr' id='par_1_47' title="bbox 196 2065 982 2103">
     <span class='ocr_line' id='line_1_47' title="bbox 196 2065 982 2103; baseline -0.008 -6"><span class='ocrx_word' id='word_1_331' title='bbox 196 2077 259 2097; x_wconf 88' lang='lat' dir='ltr'><strong>cum</strong></span> <span class='ocrx_word' id='word_1_332' title='bbox 273 2078 345 2101; x_wconf 86' lang='lat' dir='ltr'><strong>esse,</strong></span> <span class='ocrx_word' id='word_1_333' title='bbox 361 2080 370 2096; x_wconf 75' lang='grc' dir='ltr'><strong>ι</strong></span> <span class='ocrx_word' id='word_1_334' title='bbox 384 2069 440 2103; x_wconf 85' lang='lat' dir='ltr'><strong>jam</strong></span> <span class='ocrx_word' id='word_1_335' title='bbox 453 2074 532 2095; x_wconf 85' lang='lat' dir='ltr'><strong>antea</strong></span> <span class='ocrx_word' id='word_1_336' title='bbox 548 2075 598 2102; x_wconf 92' lang='lat' dir='ltr'><strong>pro</strong></span> <span class='ocrx_word' id='word_1_337' title='bbox 612 2067 673 2094; x_wconf 90' lang='lat' dir='ltr'><strong>aliis</strong></span> <span class='ocrx_word' id='word_1_338' title='bbox 682 2065 820 2100; x_wconf 85' lang='lat' dir='ltr'><strong>respondi.</strong></span> <span class='ocrx_word' id='word_1_339' title='bbox 836 2065 895 2092; x_wconf 85' lang='lat' dir='ltr'><strong>Dixi</strong></span> <span class='ocrx_word' id='word_1_340' title='bbox 911 2065 982 2091; x_wconf 82' lang='lat' dir='ltr'><strong>enim</strong></span> 
     </span>
    </p>
   </div>
   <div class='ocr_carea' id='block_1_48' title="bbox 196 2111 983 2149">
    <p class='ocr_par' dir='ltr' id='par_1_48' title="bbox 196 2111 983 2149">
     <span class='ocr_line' id='line_1_48' title="bbox 196 2111 983 2149; baseline -0.011 -5"><span class='ocrx_word' id='word_1_341' title='bbox 196 2116 272 2144; x_wconf 81' lang='lat' dir='ltr'><strong>illam</strong></span> <span class='ocrx_word' id='word_1_342' title='bbox 298 2114 531 2149; x_wconf 84' lang='lat' dir='ltr'><strong>dispensationem</strong></span> <span class='ocrx_word' id='word_1_343' title='bbox 562 2120 614 2140; x_wconf 90' lang='lat' dir='ltr'><strong>non</strong></span> <span class='ocrx_word' id='word_1_344' title='bbox 644 2119 705 2139; x_wconf 89' lang='lat' dir='ltr'><strong>esse</strong></span> <span class='ocrx_word' id='word_1_345' title='bbox 736 2111 835 2138; x_wconf 83' lang='lat' dir='ltr'><strong>factam</strong></span> <span class='ocrx_word' id='word_1_346' title='bbox 871 2114 983 2144; x_wconf 86' lang='lat' dir='ltr'><strong>propter</strong></span> 
     </span>
    </p>
   </div>
   <div class='ocr_carea' id='block_1_49' title="bbox 1020 185 1813 229">
    <p class='ocr_par' dir='ltr' id='par_1_49' title="bbox 1020 185 1813 229">
     <span class='ocr_line' id='line_1_49' title="bbox 1020 185 1813 229; baseline -0.005 -8"><span class='ocrx_word' id='word_1_347' title='bbox 1020 194 1127 229; x_wconf 79' lang='grc' dir='ltr'>ποὶηκε,</span> <span class='ocrx_word' id='word_1_348' title='bbox 1158 192 1204 220; x_wconf 54' lang='grc' dir='ltr'><strong>καὶ⁸</strong></span> <span class='ocrx_word' id='word_1_349' title='bbox 1229 191 1360 222; x_wconf 76' lang='grc' dir='ltr'><strong>ἑκουσίως</strong></span> <span class='ocrx_word' id='word_1_350' title='bbox 1387 190 1427 221; x_wconf 78' lang='grc' dir='ltr'>εἰς</span> <span class='ocrx_word' id='word_1_351' title='bbox 1449 189 1498 220; x_wconf 80' lang='grc' dir='ltr'>τὰς</span> <span class='ocrx_word' id='word_1_352' title='bbox 1525 186 1698 223; x_wconf 78' lang='grc' dir='ltr'><strong>ἀνθρωπίνας</strong></span> <span class='ocrx_word' id='word_1_353' title='bbox 1721 185 1813 220; x_wconf 74' lang='grc' dir='ltr'>κῆρας</span> 
     </span>
    </p>
   </div>
   <div class='ocr_carea' id='block_1_50' title="bbox 1020 231 1813 274">
    <p class='ocr_par' dir='ltr' id='par_1_50' title="bbox 1020 231 1813 274">
     <span class='ocr_line' id='line_1_50' title="bbox 1020 231 1813 274; baseline -0.013 -8"><span class='ocrx_word' id='word_1_354' title='bbox 1020 240 1091 274; x_wconf 83' lang='grc' dir='ltr'>ὑπὲρ</span> <span class='ocrx_word' id='word_1_355' title='bbox 1104 238 1150 265; x_wconf 77' lang='grc' dir='ltr'><strong>τοῦ</strong></span> <span class='ocrx_word' id='word_1_356' title='bbox 1164 238 1258 272; x_wconf 77' lang='grc' dir='ltr'>γένους</span> <span class='ocrx_word' id='word_1_357' title='bbox 1275 236 1352 272; x_wconf 80' lang='grc' dir='ltr'><strong>ἡμῶν</strong></span> <span class='ocrx_word' id='word_1_358' title='bbox 1368 234 1518 262; x_wconf 73' lang='grc' dir='ltr'>καταϐᾶσα.</span> <span class='ocrx_word' id='word_1_359' title='bbox 1545 232 1638 259; x_wconf 78' lang='grc' dir='ltr'>Ταῦτα</span> <span class='ocrx_word' id='word_1_360' title='bbox 1654 232 1676 258; x_wconf 63' lang='grc' dir='ltr'><strong>δ’</strong></span> <span class='ocrx_word' id='word_1_361' title='bbox 1697 231 1813 257; x_wconf 76' lang='grc' dir='ltr'>ἐπιστά-</span> 
     </span>
    </p>
   </div>
   <div class='ocr_carea' id='block_1_51' title="bbox 1022 277 1812 320">
    <p class='ocr_par' dir='ltr' id='par_1_51' title="bbox 1022 277 1812 320">
     <span class='ocr_line' id='line_1_51' title="bbox 1022 277 1812 320; baseline -0.01 -10"><span class='ocrx_word' id='word_1_362' title='bbox 1022 293 1100 320; x_wconf 85' lang='grc' dir='ltr'>μενος</span> <span class='ocrx_word' id='word_1_363' title='bbox 1112 284 1126 309; x_wconf 85' lang='grc' dir='ltr'>ὁ</span> <span class='ocrx_word' id='word_1_364' title='bbox 1140 284 1213 314; x_wconf 72' lang='grc' dir='ltr'>θεῖος</span> <span class='ocrx_word' id='word_1_365' title='bbox 1225 282 1320 316; x_wconf 81' lang='grc' dir='ltr'>Λόγος,</span> <span class='ocrx_word' id='word_1_366' title='bbox 1336 280 1420 308; x_wconf 75' lang='grc' dir='ltr'>πολλὰ</span> <span class='ocrx_word' id='word_1_367' title='bbox 1436 279 1568 314; x_wconf 77' lang='grc' dir='ltr'>πολλαχοῦ</span> <span class='ocrx_word' id='word_1_368' title='bbox 1586 278 1659 312; x_wconf 80' lang='grc' dir='ltr'>λέγει</span> <span class='ocrx_word' id='word_1_369' title='bbox 1674 277 1729 303; x_wconf 83' lang='grc' dir='ltr'><strong>τῶν</strong></span> <span class='ocrx_word' id='word_1_370' title='bbox 1738 278 1812 312; x_wconf 84' lang='grc' dir='ltr'>Γρα-</span> 
     </span>
    </p>
   </div>
   <div class='ocr_carea' id='block_1_52' title="bbox 1020 323 1814 364">
    <p class='ocr_par' dir='ltr' id='par_1_52' title="bbox 1020 323 1814 364">
     <span class='ocr_line' id='line_1_52' title="bbox 1020 323 1814 364; baseline -0.01 -8"><span class='ocrx_word' id='word_1_371' title='bbox 1020 330 1087 364; x_wconf 74' lang='grc' dir='ltr'><strong>φῶψ</strong></span> <span class='ocrx_word' id='word_1_372' title='bbox 1109 330 1189 364; x_wconf 82' lang='grc' dir='ltr'>ἀρκεῖ</span> <span class='ocrx_word' id='word_1_373' title='bbox 1207 329 1229 354; x_wconf 75' lang='grc' dir='ltr'><strong>δ’</strong></span> <span class='ocrx_word' id='word_1_374' title='bbox 1246 329 1292 355; x_wconf 79' lang='grc' dir='ltr'><strong>ἐπὶ</strong></span> <span class='ocrx_word' id='word_1_375' title='bbox 1309 327 1355 354; x_wconf 74' lang='grc' dir='ltr'>τοῦ</span> <span class='ocrx_word' id='word_1_376' title='bbox 1384 327 1517 362; x_wconf 75' lang='grc' dir='ltr'><strong>παρόντος</strong></span> <span class='ocrx_word' id='word_1_377' title='bbox 1546 325 1609 360; x_wconf 77' lang='grc' dir='ltr'>μίαν</span> <span class='ocrx_word' id='word_1_378' title='bbox 1639 323 1814 359; x_wconf 72' lang='grc' dir='ltr'><strong>παραθέσθαι</strong></span> 
     </span>
    </p>
   </div>
   <div class='ocr_carea' id='block_1_53' title="bbox 1020 370 1814 410">
    <p class='ocr_par' dir='ltr' id='par_1_53' title="bbox 1020 370 1814 410">
     <span class='ocr_line' id='line_1_53' title="bbox 1020 370 1814 410; baseline -0.011 -6"><span class='ocrx_word' id='word_1_379' title='bbox 1020 377 1126 404; x_wconf 79' lang='grc' dir='ltr'><strong>Παύλου</strong></span> <span class='ocrx_word' id='word_1_380' title='bbox 1138 376 1210 408; x_wconf 77' lang='grc' dir='ltr'>λέξιν</span> <span class='ocrx_word' id='word_1_381' title='bbox 1226 375 1311 407; x_wconf 79' lang='grc' dir='ltr'>οὕτως</span> <span class='ocrx_word' id='word_1_382' title='bbox 1328 375 1450 410; x_wconf 76' lang='grc' dir='ltr'>ἔχουσαν·</span> <span class='ocrx_word' id='word_1_383' title='bbox 1472 383 1481 399; x_wconf 73' lang='grc' dir='ltr'><strong>ε</strong></span> <span class='ocrx_word' id='word_1_384' title='bbox 1505 371 1590 399; x_wconf 73' lang='grc' dir='ltr'>Τοῦτο</span> <span class='ocrx_word' id='word_1_385' title='bbox 1611 371 1764 407; x_wconf 74' lang='grc' dir='ltr'>φρονεισθω</span> <span class='ocrx_word' id='word_1_386' title='bbox 1784 370 1814 396; x_wconf 81' lang='grc' dir='ltr'>ὲν</span> 
     </span>
    </p>
   </div>
   <div class='ocr_carea' id='block_1_54' title="bbox 1021 416 1812 457">
    <p class='ocr_par' dir='ltr' id='par_1_54' title="bbox 1021 416 1812 457">
     <span class='ocr_line' id='line_1_54' title="bbox 1021 416 1812 457; baseline -0.009 -9"><span class='ocrx_word' id='word_1_387' title='bbox 1021 422 1085 457; x_wconf 80' lang='grc' dir='ltr'>ὑμῖν</span> <span class='ocrx_word' id='word_1_388' title='bbox 1103 422 1170 457; x_wconf 70' lang='grc'>(62),</span> <span class='ocrx_word' id='word_1_389' title='bbox 1193 421 1206 447; x_wconf 82' lang='grc' dir='ltr'><strong>ὃ</strong></span> <span class='ocrx_word' id='word_1_390' title='bbox 1232 421 1278 447; x_wconf 75' lang='grc' dir='ltr'>καὶ</span> <span class='ocrx_word' id='word_1_391' title='bbox 1301 421 1329 446; x_wconf 84' lang='grc' dir='ltr'><strong>ὲν</strong></span> <span class='ocrx_word' id='word_1_392' title='bbox 1355 418 1463 454; x_wconf 80' lang='grc' dir='ltr'>Χριστῷ</span> <span class='ocrx_word' id='word_1_393' title='bbox 1486 417 1584 453; x_wconf 74' lang='grc' dir='ltr'>Ἰησοῦ,</span> <span class='ocrx_word' id='word_1_394' title='bbox 1611 417 1641 448; x_wconf 83' lang='grc' dir='ltr'>ὃς</span> <span class='ocrx_word' id='word_1_395' title='bbox 1662 418 1690 442; x_wconf 80' lang='grc' dir='ltr'>ὲν</span> <span class='ocrx_word' id='word_1_396' title='bbox 1718 416 1812 450; x_wconf 66' lang='grc' dir='ltr'>μορφῇ</span> 
     </span>
    </p>
   </div>
   <div class='ocr_carea' id='block_1_55' title="bbox 1020 458 1814 502">
    <p class='ocr_par' dir='ltr' id='par_1_55' title="bbox 1020 458 1814 502">
     <span class='ocr_line' id='line_1_55' title="bbox 1020 458 1814 502; baseline -0.01 -9"><span class='ocrx_word' id='word_1_397' title='bbox 1020 466 1088 493; x_wconf 77' lang='grc' dir='ltr'>Θεοῦ</span> <span class='ocrx_word' id='word_1_398' title='bbox 1105 467 1246 502; x_wconf 82' lang='grc' dir='ltr'><strong>ὑπάρχων,</strong></span> <span class='ocrx_word' id='word_1_399' title='bbox 1259 465 1308 500; x_wconf 79' lang='grc' dir='ltr'><strong>οὺχ</strong></span> <span class='ocrx_word' id='word_1_400' title='bbox 1328 463 1475 499; x_wconf 74' lang='grc' dir='ltr'>ἁρπαγμὺν</span> <span class='ocrx_word' id='word_1_401' title='bbox 1492 463 1613 498; x_wconf 80' lang='grc' dir='ltr'>ἡγήσατο</span> <span class='ocrx_word' id='word_1_402' title='bbox 1629 461 1659 488; x_wconf 82' lang='grc' dir='ltr'>τδ</span> <span class='ocrx_word' id='word_1_403' title='bbox 1677 459 1749 487; x_wconf 81' lang='grc' dir='ltr'>εἷναι</span> <span class='ocrx_word' id='word_1_404' title='bbox 1765 458 1814 486; x_wconf 69' lang='grc' dir='ltr'>ἶσα</span> 
     </span>
    </p>
   </div>
   <div class='ocr_carea' id='block_1_56' title="bbox 1021 506 1814 547">
    <p class='ocr_par' dir='ltr' id='par_1_56' title="bbox 1021 506 1814 547">
     <span class='ocr_line' id='line_1_56' title="bbox 1021 506 1814 547; baseline -0.006 -8"><span class='ocrx_word' id='word_1_405' title='bbox 1021 512 1093 547; x_wconf 81' lang='grc' dir='ltr'>Θεῷ,</span> <span class='ocrx_word' id='word_1_406' title='bbox 1108 512 1165 538; x_wconf 80' lang='grc' dir='ltr'>ἀλλ’</span> <span class='ocrx_word' id='word_1_407' title='bbox 1180 511 1275 538; x_wconf 76' lang='grc' dir='ltr'>ἑαυτὸν</span> <span class='ocrx_word' id='word_1_408' title='bbox 1291 510 1406 538; x_wconf 80' lang='grc' dir='ltr'>ὲκένωσε</span> <span class='ocrx_word' id='word_1_409' title='bbox 1427 508 1532 544; x_wconf 75' lang='grc' dir='ltr'>μορφὴν</span> <span class='ocrx_word' id='word_1_410' title='bbox 1554 507 1648 534; x_wconf 81' lang='grc' dir='ltr'>δούλου</span> <span class='ocrx_word' id='word_1_411' title='bbox 1669 506 1772 539; x_wconf 76' lang='grc' dir='ltr'>λαϐὼν,</span> <span class='ocrx_word' id='word_1_412' title='bbox 1785 508 1814 534; x_wconf 82' lang='grc' dir='ltr'><strong>ὲν</strong></span> 
     </span>
    </p>
   </div>
   <div class='ocr_carea' id='block_1_57' title="bbox 1020 553 1814 594">
    <p class='ocr_par' dir='ltr' id='par_1_57' title="bbox 1020 553 1814 594">
     <span class='ocr_line' id='line_1_57' title="bbox 1020 553 1814 594; baseline -0.008 -10"><span class='ocrx_word' id='word_1_413' title='bbox 1020 558 1171 594; x_wconf 77' lang='grc' dir='ltr'><strong>ὁμοιώματι</strong></span> <span class='ocrx_word' id='word_1_414' title='bbox 1194 555 1337 592; x_wconf 86' lang='grc' dir='ltr'>ἀνθρώπου</span> <span class='ocrx_word' id='word_1_415' title='bbox 1358 555 1502 589; x_wconf 81' lang='grc' dir='ltr'>γενόμενος</span> <span class='ocrx_word' id='word_1_416' title='bbox 1525 553 1596 588; x_wconf 73' lang='grc'><strong>(65),</strong></span> <span class='ocrx_word' id='word_1_417' title='bbox 1621 553 1670 579; x_wconf 80' lang='grc' dir='ltr'>καὶ</span> <span class='ocrx_word' id='word_1_418' title='bbox 1693 553 1814 587; x_wconf 65' lang='grc' dir='ltr'>σχήματι</span> 
     </span>
    </p>
   </div>
   <div class='ocr_carea' id='block_1_58' title="bbox 1021 598 1814 640">
    <p class='ocr_par' dir='ltr' id='par_1_58' title="bbox 1021 598 1814 640">
     <span class='ocr_line' id='line_1_58' title="bbox 1021 598 1814 640; baseline -0.008 -11"><span class='ocrx_word' id='word_1_419' title='bbox 1021 603 1141 640; x_wconf 75' lang='grc' dir='ltr'>εὑρεθεὶς</span> <span class='ocrx_word' id='word_1_420' title='bbox 1159 603 1196 634; x_wconf 87' lang='grc' dir='ltr'>ὠς</span> <span class='ocrx_word' id='word_1_421' title='bbox 1213 601 1357 637; x_wconf 80' lang='grc' dir='ltr'>ἄνθρωπος</span> <span class='ocrx_word' id='word_1_422' title='bbox 1376 599 1557 626; x_wconf 76' lang='grc' dir='ltr'><strong>ἐταπείνωσεν</strong></span> <span class='ocrx_word' id='word_1_423' title='bbox 1580 598 1676 625; x_wconf 75' lang='grc' dir='ltr'>ἑαυτὸν</span> <span class='ocrx_word' id='word_1_424' title='bbox 1697 598 1814 632; x_wconf 78' lang='grc' dir='ltr'>γενόμε-</span> 
     </span>
    </p>
   </div>
   <div class='ocr_carea' id='block_1_59' title="bbox 1022 641 1813 683">
    <p class='ocr_par' dir='ltr' id='par_1_59' title="bbox 1022 641 1813 683">
     <span class='ocr_line' id='line_1_59' title="bbox 1022 641 1813 683; baseline -0.009 -7"><span class='ocrx_word' id='word_1_425' title='bbox 1022 658 1067 680; x_wconf 75' lang='grc' dir='ltr'>νος</span> <span class='ocrx_word' id='word_1_426' title='bbox 1092 649 1212 683; x_wconf 77' lang='grc' dir='ltr'><strong>ὑπήκοος</strong></span> <span class='ocrx_word' id='word_1_427' title='bbox 1236 647 1317 682; x_wconf 82' lang='grc' dir='ltr'>μέχρι</span> <span class='ocrx_word' id='word_1_428' title='bbox 1341 645 1466 677; x_wconf 81' lang='grc' dir='ltr'>θανάτου,</span> <span class='ocrx_word' id='word_1_429' title='bbox 1495 643 1610 670; x_wconf 80' lang='grc' dir='ltr'>θανάτου</span> <span class='ocrx_word' id='word_1_430' title='bbox 1629 643 1658 669; x_wconf 80' lang='grc' dir='ltr'>δὲ</span> <span class='ocrx_word' id='word_1_431' title='bbox 1682 641 1813 678; x_wconf 73' lang='grc' dir='ltr'>σταυροῦ.</span> 
     </span>
    </p>
   </div>
   <div class='ocr_carea' id='block_1_60' title="bbox 1021 688 1814 724">
    <p class='ocr_par' dir='ltr' id='par_1_60' title="bbox 1021 688 1814 724">
     <span class='ocr_line' id='line_1_60' title="bbox 1021 688 1814 724; baseline -0.009 -4"><span class='ocrx_word' id='word_1_432' title='bbox 1021 693 1066 720; x_wconf 86' lang='grc' dir='ltr'><strong>Διὸ</strong></span> <span class='ocrx_word' id='word_1_433' title='bbox 1089 693 1136 720; x_wconf 72' lang='grc' dir='ltr'>καὶ</span> <span class='ocrx_word' id='word_1_434' title='bbox 1159 694 1174 718; x_wconf 85' lang='grc' dir='ltr'>ὁ</span> <span class='ocrx_word' id='word_1_435' title='bbox 1200 692 1264 723; x_wconf 81' lang='grc' dir='ltr'>Θεὸς</span> <span class='ocrx_word' id='word_1_436' title='bbox 1290 689 1371 717; x_wconf 80' lang='grc' dir='ltr'>αὐτὸν</span> <span class='ocrx_word' id='word_1_437' title='bbox 1398 688 1570 724; x_wconf 68' lang='grc' dir='ltr'>ὑπερύψωσε,</span> <span class='ocrx_word' id='word_1_438' title='bbox 1596 688 1643 714; x_wconf 71' lang='grc' dir='ltr'>καὶ</span> <span class='ocrx_word' id='word_1_439' title='bbox 1666 688 1814 723; x_wconf 75' lang='grc' dir='ltr'>ἐχαρίσατο</span> 
     </span>
    </p>
   </div>
   <div class='ocr_carea' id='block_1_61' title="bbox 1021 734 1532 774">
    <p class='ocr_par' dir='ltr' id='par_1_61' title="bbox 1021 734 1532 774">
     <span class='ocr_line' id='line_1_61' title="bbox 1021 734 1532 774; baseline -0.014 -8"><span class='ocrx_word' id='word_1_440' title='bbox 1021 739 1095 774; x_wconf 72' lang='grc' dir='ltr'>αὐτῷ</span> <span class='ocrx_word' id='word_1_441' title='bbox 1111 738 1196 774; x_wconf 75' lang='grc' dir='ltr'>ὄνομα</span> <span class='ocrx_word' id='word_1_442' title='bbox 1209 737 1239 763; x_wconf 84' lang='grc' dir='ltr'>τὸ</span> <span class='ocrx_word' id='word_1_443' title='bbox 1252 736 1322 771; x_wconf 79' lang='grc' dir='ltr'>ὑπὲρ</span> <span class='ocrx_word' id='word_1_444' title='bbox 1338 736 1392 761; x_wconf 81' lang='grc' dir='ltr'>πᾶν</span> <span class='ocrx_word' id='word_1_445' title='bbox 1408 734 1500 769; x_wconf 72' lang='grc' dir='ltr'>ὄνομα.</span> <span class='ocrx_word' id='word_1_446' title='bbox 1524 743 1532 758; x_wconf 77' lang='grc' dir='ltr'><strong>ι</strong></span> 
     </span>
    </p>
   </div>
   <div class='ocr_carea' id='block_1_62' title="bbox 1060 822 1815 863">
    <p class='ocr_par' dir='ltr' id='par_1_62' title="bbox 1060 822 1815 863">
     <span class='ocr_line' id='line_1_62' title="bbox 1060 822 1815 863; baseline -0.011 -8"><span class='ocrx_word' id='word_1_447' title='bbox 1060 828 1152 855; x_wconf 74' lang='grc' dir='ltr'>Ἄλλοι</span> <span class='ocrx_word' id='word_1_448' title='bbox 1166 827 1214 863; x_wconf 72' lang='grc' dir='ltr'>μὲν</span> <span class='ocrx_word' id='word_1_449' title='bbox 1230 825 1277 854; x_wconf 76' lang='grc' dir='ltr'>οὖν</span> <span class='ocrx_word' id='word_1_450' title='bbox 1297 826 1442 853; x_wconf 76' lang='grc' dir='ltr'>διδότωσαν</span> <span class='ocrx_word' id='word_1_451' title='bbox 1458 823 1496 859; x_wconf 82' lang='grc' dir='ltr'><strong>τῷ</strong></span> <span class='ocrx_word' id='word_1_452' title='bbox 1510 824 1616 858; x_wconf 77' lang='grc' dir='ltr'>Κέλσῳ,</span> <span class='ocrx_word' id='word_1_453' title='bbox 1633 822 1713 849; x_wconf 71' lang='grc' dir='ltr'><strong>ὅτιού</strong></span> <span class='ocrx_word' id='word_1_454' title='bbox 1735 830 1815 856; x_wconf 85' lang='grc' dir='ltr'>μετα-</span> 
     </span>
    </p>
   </div>
   <div class='ocr_carea' id='block_1_63' title="bbox 1024 868 1814 910">
    <p class='ocr_par' dir='ltr' id='par_1_63' title="bbox 1024 868 1814 910">
     <span class='ocr_line' id='line_1_63' title="bbox 1024 868 1814 910; baseline -0.013 -8"><span class='ocrx_word' id='word_1_455' title='bbox 1024 875 1115 902; x_wconf 71' lang='grc' dir='ltr'>ϐάλλει</span> <span class='ocrx_word' id='word_1_456' title='bbox 1132 875 1191 910; x_wconf 76' lang='grc' dir='ltr'>μὲν,</span> <span class='ocrx_word' id='word_1_457' title='bbox 1209 875 1270 900; x_wconf 84' lang='grc' dir='ltr'>ποεῖ</span> <span class='ocrx_word' id='word_1_458' title='bbox 1285 873 1313 899; x_wconf 81' lang='grc' dir='ltr'>δὲ</span> <span class='ocrx_word' id='word_1_459' title='bbox 1327 873 1389 904; x_wconf 78' lang='grc' dir='ltr'>τοὺς</span> <span class='ocrx_word' id='word_1_460' title='bbox 1402 871 1523 907; x_wconf 84' lang='grc' dir='ltr'><strong>ὁρῶντας</strong></span> <span class='ocrx_word' id='word_1_461' title='bbox 1538 870 1626 896; x_wconf 86' lang='grc' dir='ltr'>δοκεῖν</span> <span class='ocrx_word' id='word_1_462' title='bbox 1645 868 1814 903; x_wconf 67' lang='grc' dir='ltr'>μεταῧεελη-</span> 
     </span>
    </p>
   </div>
   <div class='ocr_carea' id='block_1_64' title="bbox 1024 914 1815 956">
    <p class='ocr_par' dir='ltr' id='par_1_64' title="bbox 1024 914 1815 956">
     <span class='ocr_line' id='line_1_64' title="bbox 1024 914 1815 956; baseline -0.014 -7"><span class='ocrx_word' id='word_1_463' title='bbox 1024 922 1110 949; x_wconf 84' lang='grc' dir='ltr'>κέναι·</span> <span class='ocrx_word' id='word_1_464' title='bbox 1127 921 1206 956; x_wconf 82' lang='grc' dir='ltr'>ἡμεῖς</span> <span class='ocrx_word' id='word_1_465' title='bbox 1218 920 1246 946; x_wconf 74' lang='grc' dir='ltr'>δὲ</span> <span class='ocrx_word' id='word_1_466' title='bbox 1262 919 1416 954; x_wconf 79' lang='grc' dir='ltr'><strong>πειθόμενοι</strong></span> <span class='ocrx_word' id='word_1_467' title='bbox 1438 917 1468 943; x_wconf 78' lang='grc' dir='ltr'>οὐ</span> <span class='ocrx_word' id='word_1_468' title='bbox 1479 916 1600 950; x_wconf 84' lang='grc' dir='ltr'><strong>δόκησιν,</strong></span> <span class='ocrx_word' id='word_1_469' title='bbox 1615 914 1673 941; x_wconf 76' lang='grc' dir='ltr'>ἀλλ’</span> <span class='ocrx_word' id='word_1_470' title='bbox 1687 914 1815 949; x_wconf 81' lang='grc' dir='ltr'><strong>ἀλήθειαν</strong></span> 
     </span>
    </p>
   </div>
   <div class='ocr_carea' id='block_1_65' title="bbox 1025 961 1815 1002">
    <p class='ocr_par' dir='ltr' id='par_1_65' title="bbox 1025 961 1815 1002">
     <span class='ocr_line' id='line_1_65' title="bbox 1025 961 1815 1002; baseline -0.011 -6"><span class='ocrx_word' id='word_1_471' title='bbox 1025 967 1157 996; x_wconf 78' lang='grc' dir='ltr'>εἶναικαὶ</span> <span class='ocrx_word' id='word_1_472' title='bbox 1174 967 1317 1002; x_wconf 79' lang='grc' dir='ltr'>ἐνάργειαν</span> <span class='ocrx_word' id='word_1_473' title='bbox 1340 964 1411 992; x_wconf 78' lang='grc' dir='ltr'>κατὰ</span> <span class='ocrx_word' id='word_1_474' title='bbox 1427 965 1476 999; x_wconf 84' lang='grc' dir='ltr'>τὴν</span> <span class='ocrx_word' id='word_1_475' title='bbox 1498 963 1585 999; x_wconf 81' lang='grc' dir='ltr'>Ἰησοῦ</span> <span class='ocrx_word' id='word_1_476' title='bbox 1608 964 1638 989; x_wconf 79' lang='grc' dir='ltr'>ὲν</span> <span class='ocrx_word' id='word_1_477' title='bbox 1661 961 1815 998; x_wconf 80' lang='grc' dir='ltr'>ἀνθρώποις</span> 
     </span>
    </p>
   </div>
   <div class='ocr_carea' id='block_1_66' title="bbox 1025 1005 1815 1050">
    <p class='ocr_par' dir='ltr' id='par_1_66' title="bbox 1025 1005 1815 1050">
     <span class='ocr_line' id='line_1_66' title="bbox 1025 1005 1815 1050; baseline -0.013 -8"><span class='ocrx_word' id='word_1_478' title='bbox 1025 1007 1180 1050; x_wconf 62' lang='grc' dir='ltr'>ἐπιδημίαν,</span> <span class='ocrx_word' id='word_1_479' title='bbox 1197 1014 1246 1048; x_wconf 78' lang='grc' dir='ltr'>οὐχ</span> <span class='ocrx_word' id='word_1_480' title='bbox 1262 1011 1431 1046; x_wconf 76' lang='grc' dir='ltr'>ὑποκείμεθα</span> <span class='ocrx_word' id='word_1_481' title='bbox 1456 1012 1488 1046; x_wconf 86' lang='grc' dir='ltr'><strong>τῇ</strong></span> <span class='ocrx_word' id='word_1_482' title='bbox 1512 1010 1619 1036; x_wconf 80' lang='grc' dir='ltr'><strong>Κέλσου</strong></span> <span class='ocrx_word' id='word_1_483' title='bbox 1650 1005 1815 1044; x_wconf 71' lang='grc' dir='ltr'>κατηγορὶα.</span> 
     </span>
    </p>
   </div>
   <div class='ocr_carea' id='block_1_67' title="bbox 1027 1051 1817 1096">
    <p class='ocr_par' dir='ltr' id='par_1_67' title="bbox 1027 1051 1817 1096">
     <span class='ocr_line' id='line_1_67' title="bbox 1027 1051 1817 1096; baseline -0.013 -8"><span class='ocrx_word' id='word_1_484' title='bbox 1027 1061 1120 1096; x_wconf 82' lang='grc' dir='ltr'>Ὅμως</span> <span class='ocrx_word' id='word_1_485' title='bbox 1134 1060 1155 1087; x_wconf 82' lang='grc' dir='ltr'>δ’</span> <span class='ocrx_word' id='word_1_486' title='bbox 1175 1056 1411 1093; x_wconf 79' lang='grc' dir='ltr'>ἀπολογησόμεθα,</span> <span class='ocrx_word' id='word_1_487' title='bbox 1428 1057 1469 1082; x_wconf 81' lang='grc' dir='ltr'>ὅτι</span> <span class='ocrx_word' id='word_1_488' title='bbox 1483 1056 1519 1082; x_wconf 79' lang='grc' dir='ltr'><strong>Οὐ</strong></span> <span class='ocrx_word' id='word_1_489' title='bbox 1538 1055 1600 1090; x_wconf 75' lang='grc' dir='ltr'>φῂς,</span> <span class='ocrx_word' id='word_1_490' title='bbox 1618 1051 1641 1080; x_wconf 83' lang='grc' dir='ltr'>ὧ</span> <span class='ocrx_word' id='word_1_491' title='bbox 1659 1053 1760 1084; x_wconf 70' lang='grc' dir='ltr'>Κέλσε,</span> <span class='ocrx_word' id='word_1_492' title='bbox 1781 1052 1817 1084; x_wconf 83' lang='grc' dir='ltr'>ὡς</span> 
     </span>
    </p>
   </div>
   <div class='ocr_carea' id='block_1_68' title="bbox 1030 1099 1817 1143">
    <p class='ocr_par' dir='ltr' id='par_1_68' title="bbox 1030 1099 1817 1143">
     <span class='ocr_line' id='line_1_68' title="bbox 1030 1099 1817 1143; baseline -0.013 -9"><span class='ocrx_word' id='word_1_493' title='bbox 1030 1109 1058 1134; x_wconf 70' lang='grc' dir='ltr'>ἐν</span> <span class='ocrx_word' id='word_1_494' title='bbox 1077 1107 1225 1143; x_wconf 74' lang='grc' dir='ltr'>φαρμάκου</span> <span class='ocrx_word' id='word_1_495' title='bbox 1245 1105 1327 1140; x_wconf 73' lang='grc' dir='ltr'>μοίρᾳ</span> <span class='ocrx_word' id='word_1_496' title='bbox 1338 1103 1403 1130; x_wconf 81' lang='grc' dir='ltr'>ποτὲ</span> <span class='ocrx_word' id='word_1_497' title='bbox 1418 1103 1517 1129; x_wconf 81' lang='grc' dir='ltr'>δίδοται</span> <span class='ocrx_word' id='word_1_498' title='bbox 1530 1100 1646 1137; x_wconf 82' lang='grc' dir='ltr'>χρῆσθαι</span> <span class='ocrx_word' id='word_1_499' title='bbox 1659 1100 1700 1135; x_wconf 85' lang='grc' dir='ltr'>τῷ</span> <span class='ocrx_word' id='word_1_500' title='bbox 1715 1099 1817 1134; x_wconf 76' lang='grc' dir='ltr'>πλανᾷν</span> 
     </span>
    </p>
   </div>
   <div class='ocr_carea' id='block_1_69' title="bbox 1026 1145 1817 1187">
    <p class='ocr_par' dir='ltr' id='par_1_69' title="bbox 1026 1145 1817 1187">
     <span class='ocr_line' id='line_1_69' title="bbox 1026 1145 1817 1187; baseline -0.011 -8"><span class='ocrx_word' id='word_1_501' title='bbox 1026 1154 1073 1180; x_wconf 83' lang='grc' dir='ltr'>καὶ</span> <span class='ocrx_word' id='word_1_502' title='bbox 1089 1152 1128 1187; x_wconf 84' lang='grc' dir='ltr'>τῷ</span> <span class='ocrx_word' id='word_1_503' title='bbox 1148 1152 1310 1186; x_wconf 74' lang='grc' dir='ltr'>ψεύδεσθαι;</span> <span class='ocrx_word' id='word_1_504' title='bbox 1335 1150 1367 1176; x_wconf 80' lang='grc' dir='ltr'><strong>Τί</strong></span> <span class='ocrx_word' id='word_1_505' title='bbox 1390 1147 1436 1175; x_wconf 79' lang='grc' dir='ltr'>οὖν</span> <span class='ocrx_word' id='word_1_506' title='bbox 1461 1148 1570 1179; x_wconf 77' lang='grc' dir='ltr'>ἄτοπον,</span> <span class='ocrx_word' id='word_1_507' title='bbox 1593 1147 1616 1172; x_wconf 79' lang='grc' dir='ltr'>εἰ</span> <span class='ocrx_word' id='word_1_508' title='bbox 1645 1145 1769 1172; x_wconf 74' lang='grc' dir='ltr'>τοιοῦτον</span> <span class='ocrx_word' id='word_1_509' title='bbox 1792 1153 1817 1170; x_wconf 84' lang='grc' dir='ltr'><strong>τι</strong></span> 
     </span>
    </p>
   </div>
   <div class='ocr_carea' id='block_1_70' title="bbox 1026 1190 1818 1233">
    <p class='ocr_par' dir='ltr' id='par_1_70' title="bbox 1026 1190 1818 1233">
     <span class='ocr_line' id='line_1_70' title="bbox 1026 1190 1818 1233; baseline -0.013 -9"><span class='ocrx_word' id='word_1_510' title='bbox 1026 1198 1122 1233; x_wconf 79' lang='grc' dir='ltr'>ἔμελλε</span> <span class='ocrx_word' id='word_1_511' title='bbox 1139 1197 1246 1229; x_wconf 77' lang='grc' dir='ltr'>σώζειν,</span> <span class='ocrx_word' id='word_1_512' title='bbox 1261 1194 1379 1222; x_wconf 76' lang='grc' dir='ltr'>τοιοῦτόν</span> <span class='ocrx_word' id='word_1_513' title='bbox 1392 1203 1416 1220; x_wconf 88' lang='grc' dir='ltr'><strong>τι</strong></span> <span class='ocrx_word' id='word_1_514' title='bbox 1429 1192 1586 1227; x_wconf 82' lang='grc' dir='ltr'>γεγονέναι;</span> <span class='ocrx_word' id='word_1_515' title='bbox 1605 1191 1661 1218; x_wconf 76' lang='lat' dir='ltr'><strong>Kal.</strong></span> <span class='ocrx_word' id='word_1_516' title='bbox 1679 1190 1736 1225; x_wconf 81' lang='grc' dir='ltr'>γάρ</span> <span class='ocrx_word' id='word_1_517' title='bbox 1748 1198 1818 1220; x_wconf 77' lang='grc' dir='ltr'>τινες</span> 
     </span>
    </p>
   </div>
   <div class='ocr_carea' id='block_1_71' title="bbox 1026 1235 1818 1277">
    <p class='ocr_par' dir='ltr' id='par_1_71' title="bbox 1026 1235 1818 1277">
     <span class='ocr_line' id='line_1_71' title="bbox 1026 1235 1818 1277; baseline -0.014 -6"><span class='ocrx_word' id='word_1_518' title='bbox 1026 1244 1079 1271; x_wconf 72' lang='grc' dir='ltr'><strong>τῶν</strong></span> <span class='ocrx_word' id='word_1_519' title='bbox 1096 1243 1182 1277; x_wconf 82' lang='grc' dir='ltr'>λόγων</span> <span class='ocrx_word' id='word_1_520' title='bbox 1197 1242 1232 1268; x_wconf 82' lang='grc' dir='ltr'><strong>τὰ</strong></span> <span class='ocrx_word' id='word_1_521' title='bbox 1247 1241 1333 1268; x_wconf 75' lang='grc' dir='ltr'>τοιαδὶ</span> <span class='ocrx_word' id='word_1_522' title='bbox 1350 1240 1401 1275; x_wconf 75' lang='grc' dir='ltr'><strong>ἤθη</strong></span> <span class='ocrx_word' id='word_1_523' title='bbox 1416 1239 1485 1266; x_wconf 79' lang='grc' dir='ltr'>κατὰ</span> <span class='ocrx_word' id='word_1_524' title='bbox 1500 1238 1530 1264; x_wconf 81' lang='grc' dir='ltr'>τὸ</span> <span class='ocrx_word' id='word_1_525' title='bbox 1544 1237 1640 1273; x_wconf 66' lang='grc' dir='ltr'>ψεῦδος</span> <span class='ocrx_word' id='word_1_526' title='bbox 1660 1236 1761 1272; x_wconf 79' lang='grc' dir='ltr'>μᾶλλον</span> <span class='ocrx_word' id='word_1_527' title='bbox 1778 1235 1818 1260; x_wconf 82' lang='grc' dir='ltr'><strong>λε-</strong></span> 
     </span>
    </p>
   </div>
   <div class='ocr_carea' id='block_1_72' title="bbox 1027 1281 1817 1325">
    <p class='ocr_par' dir='ltr' id='par_1_72' title="bbox 1027 1281 1817 1325">
     <span class='ocr_line' id='line_1_72' title="bbox 1027 1281 1817 1325; baseline -0.013 -8"><span class='ocrx_word' id='word_1_528' title='bbox 1027 1291 1136 1325; x_wconf 78' lang='grc' dir='ltr'>γόμενοι</span> <span class='ocrx_word' id='word_1_529' title='bbox 1156 1288 1380 1323; x_wconf 64' lang='grc' dir='ltr'>ἐπιστρέφουσιν,</span> <span class='ocrx_word' id='word_1_530' title='bbox 1398 1286 1492 1321; x_wconf 78' lang='grc' dir='ltr'>ὥσπερ</span> <span class='ocrx_word' id='word_1_531' title='bbox 1507 1284 1552 1311; x_wconf 76' lang='grc' dir='ltr'>καὶ</span> <span class='ocrx_word' id='word_1_532' title='bbox 1568 1283 1622 1310; x_wconf 82' lang='grc' dir='ltr'><strong>τῶν</strong></span> <span class='ocrx_word' id='word_1_533' title='bbox 1644 1282 1747 1318; x_wconf 82' lang='grc' dir='ltr'>ἰατρῶν</span> <span class='ocrx_word' id='word_1_534' title='bbox 1765 1281 1817 1316; x_wconf 69' lang='grc'><strong>(64)</strong></span> 
     </span>
    </p>
   </div>
   <div class='ocr_carea' id='block_1_73' title="bbox 1028 1327 1819 1369">
    <p class='ocr_par' dir='ltr' id='par_1_73' title="bbox 1028 1327 1819 1369">
     <span class='ocr_line' id='line_1_73' title="bbox 1028 1327 1819 1369; baseline -0.011 -7"><span class='ocrx_word' id='word_1_535' title='bbox 1028 1344 1094 1362; x_wconf 81' lang='grc' dir='ltr'>ποτε</span> <span class='ocrx_word' id='word_1_536' title='bbox 1108 1335 1181 1369; x_wconf 88' lang='grc' dir='ltr'>λόγοι</span> <span class='ocrx_word' id='word_1_537' title='bbox 1197 1333 1292 1360; x_wconf 75' lang='grc' dir='ltr'>τοιοίδε</span> <span class='ocrx_word' id='word_1_538' title='bbox 1310 1333 1377 1368; x_wconf 77' lang='grc' dir='ltr'>πρὸς</span> <span class='ocrx_word' id='word_1_539' title='bbox 1398 1332 1461 1363; x_wconf 77' lang='grc' dir='ltr'>τοὺς</span> <span class='ocrx_word' id='word_1_540' title='bbox 1473 1331 1625 1366; x_wconf 78' lang='grc' dir='ltr'>κάμνοντας</span> <span class='ocrx_word' id='word_1_541' title='bbox 1651 1330 1724 1364; x_wconf 76' lang='grc' dir='ltr'>ἥπερ</span> <span class='ocrx_word' id='word_1_542' title='bbox 1750 1327 1819 1354; x_wconf 76' lang='grc' dir='ltr'>κατᾶ</span> 
     </span>
    </p>
   </div>
   <div class='ocr_carea' id='block_1_74' title="bbox 1027 1373 1820 1415">
    <p class='ocr_par' dir='ltr' id='par_1_74' title="bbox 1027 1373 1820 1415">
     <span class='ocr_line' id='line_1_74' title="bbox 1027 1373 1820 1415; baseline -0.013 -8"><span class='ocrx_word' id='word_1_543' title='bbox 1027 1380 1058 1407; x_wconf 86' lang='grc' dir='ltr'><strong>τὺ</strong></span> <span class='ocrx_word' id='word_1_544' title='bbox 1080 1380 1188 1415; x_wconf 77' lang='grc' dir='ltr'><strong>ἀληθές.</strong></span> <span class='ocrx_word' id='word_1_545' title='bbox 1212 1378 1292 1405; x_wconf 80' lang='grc' dir='ltr'>Ἀλλὰ</span> <span class='ocrx_word' id='word_1_546' title='bbox 1310 1377 1396 1403; x_wconf 79' lang='grc' dir='ltr'>ταῦτα</span> <span class='ocrx_word' id='word_1_547' title='bbox 1418 1376 1467 1411; x_wconf 78' lang='grc' dir='ltr'>μὲν</span> <span class='ocrx_word' id='word_1_548' title='bbox 1487 1376 1551 1410; x_wconf 73' lang='grc' dir='ltr'>περὶ</span> <span class='ocrx_word' id='word_1_549' title='bbox 1573 1375 1675 1410; x_wconf 80' lang='grc' dir='ltr'>ἑτέρων</span> <span class='ocrx_word' id='word_1_550' title='bbox 1696 1373 1820 1400; x_wconf 55' lang='grc' dir='ltr'>ἀπολελσ</span> 
     </span>
    </p>
   </div>
   <div class='ocr_carea' id='block_1_75' title="bbox 1028 1420 1818 1463">
    <p class='ocr_par' dir='ltr' id='par_1_75' title="bbox 1028 1420 1818 1463">
     <span class='ocr_line' id='line_1_75' title="bbox 1028 1420 1818 1463; baseline -0.01 -9"><span class='ocrx_word' id='word_1_551' title='bbox 1028 1427 1121 1463; x_wconf 87' lang='grc' dir='ltr'>γήσθω</span> <span class='ocrx_word' id='word_1_552' title='bbox 1134 1428 1209 1462; x_wconf 80' lang='grc' dir='ltr'>ἡμῖν.</span> <span class='ocrx_word' id='word_1_553' title='bbox 1227 1427 1282 1452; x_wconf 67' lang='grc' dir='ltr'><strong>Καὶ</strong></span> <span class='ocrx_word' id='word_1_554' title='bbox 1293 1426 1346 1460; x_wconf 73' lang='grc' dir='ltr'>γὰρ</span> <span class='ocrx_word' id='word_1_555' title='bbox 1362 1426 1412 1452; x_wconf 73' lang='grc' dir='ltr'>οὐκ</span> <span class='ocrx_word' id='word_1_556' title='bbox 1429 1423 1527 1451; x_wconf 76' lang='grc' dir='ltr'>ἄτοπόν</span> <span class='ocrx_word' id='word_1_557' title='bbox 1551 1423 1608 1449; x_wconf 74' lang='grc' dir='ltr'>ἐστι</span> <span class='ocrx_word' id='word_1_558' title='bbox 1632 1422 1678 1448; x_wconf 78' lang='grc' dir='ltr'>τὸν</span> <span class='ocrx_word' id='word_1_559' title='bbox 1703 1420 1818 1456; x_wconf 79' lang='grc' dir='ltr'><strong>ἰώμενον</strong></span> 
     </span>
    </p>
   </div>
   <div class='ocr_carea' id='block_1_76' title="bbox 992 1466 1820 1521">
    <p class='ocr_par' dir='ltr' id='par_1_76' title="bbox 992 1466 1820 1521">
     <span class='ocr_line' id='line_1_76' title="bbox 992 1466 1820 1521; baseline -0.01 -21"><span class='ocrx_word' id='word_1_560' title='bbox 992 1493 1012 1521; x_wconf 75' lang='lat' dir='ltr'>C</span> <span class='ocrx_word' id='word_1_561' title='bbox 1030 1473 1124 1508; x_wconf 76' lang='grc' dir='ltr'>φίλους</span> <span class='ocrx_word' id='word_1_562' title='bbox 1137 1472 1285 1503; x_wconf 78' lang='grc' dir='ltr'>νοσοῦντας</span> <span class='ocrx_word' id='word_1_563' title='bbox 1304 1472 1431 1498; x_wconf 76' lang='grc' dir='ltr'>ἰάσασθαι</span> <span class='ocrx_word' id='word_1_564' title='bbox 1446 1471 1476 1498; x_wconf 71' lang='grc' dir='ltr'>τὸ</span> <span class='ocrx_word' id='word_1_565' title='bbox 1494 1470 1570 1505; x_wconf 75' lang='grc' dir='ltr'>φίλον</span> <span class='ocrx_word' id='word_1_566' title='bbox 1594 1468 1648 1495; x_wconf 82' lang='grc' dir='ltr'><strong>τῶν</strong></span> <span class='ocrx_word' id='word_1_567' title='bbox 1669 1466 1820 1503; x_wconf 77' lang='grc' dir='ltr'>ἀνθρώπων</span> 
     </span>
    </p>
   </div>
   <div class='ocr_carea' id='block_1_77' title="bbox 1031 1514 1820 1553">
    <p class='ocr_par' dir='ltr' id='par_1_77' title="bbox 1031 1514 1820 1553">
     <span class='ocr_line' id='line_1_77' title="bbox 1031 1514 1820 1553; baseline -0.01 -8"><span class='ocrx_word' id='word_1_568' title='bbox 1031 1519 1108 1553; x_wconf 80' lang='grc' dir='ltr'>γένος</span> <span class='ocrx_word' id='word_1_569' title='bbox 1124 1520 1179 1549; x_wconf 84' lang='grc' dir='ltr'>τοῖς</span> <span class='ocrx_word' id='word_1_570' title='bbox 1194 1514 1364 1549; x_wconf 51' lang='lat' dir='ltr'><strong>comis-85,03;</strong></span> <span class='ocrx_word' id='word_1_571' title='bbox 1377 1517 1426 1543; x_wconf 75' lang='grc' dir='ltr'>οὐκ</span> <span class='ocrx_word' id='word_1_572' title='bbox 1439 1516 1470 1543; x_wconf 81' lang='grc' dir='ltr'>ἄν</span> <span class='ocrx_word' id='word_1_573' title='bbox 1485 1524 1526 1547; x_wconf 85' lang='grc' dir='ltr'>τις</span> <span class='ocrx_word' id='word_1_574' title='bbox 1534 1515 1666 1550; x_wconf 77' lang='grc' dir='ltr'>χρήσαιτο</span> <span class='ocrx_word' id='word_1_575' title='bbox 1685 1521 1820 1548; x_wconf 72' lang='grc' dir='ltr'>προηγου-</span> 
     </span>
    </p>
   </div>
   <div class='ocr_carea' id='block_1_78' title="bbox 1033 1558 1820 1600">
    <p class='ocr_par' dir='ltr' id='par_1_78' title="bbox 1033 1558 1820 1600">
     <span class='ocr_line' id='line_1_78' title="bbox 1033 1558 1820 1600; baseline -0.011 -8"><span class='ocrx_word' id='word_1_576' title='bbox 1033 1565 1130 1600; x_wconf 80' lang='grc' dir='ltr'>μένως,</span> <span class='ocrx_word' id='word_1_577' title='bbox 1144 1564 1200 1591; x_wconf 85' lang='grc' dir='ltr'>ἀλλ’</span> <span class='ocrx_word' id='word_1_578' title='bbox 1218 1565 1250 1590; x_wconf 80' lang='grc' dir='ltr'>ἐκ</span> <span class='ocrx_word' id='word_1_579' title='bbox 1266 1563 1462 1598; x_wconf 69' lang='grc' dir='ltr'>περιστάσεως.</span> <span class='ocrx_word' id='word_1_580' title='bbox 1479 1562 1533 1588; x_wconf 76' lang='grc' dir='ltr'>Καὶ</span> <span class='ocrx_word' id='word_1_581' title='bbox 1550 1559 1671 1596; x_wconf 76' lang='grc' dir='ltr'><strong>μεμηνὸς</strong></span> <span class='ocrx_word' id='word_1_582' title='bbox 1687 1559 1714 1585; x_wconf 71' lang='grc' dir='ltr'><strong>δὲ</strong></span> <span class='ocrx_word' id='word_1_583' title='bbox 1731 1558 1761 1584; x_wconf 77' lang='grc' dir='ltr'>τὸ</span> <span class='ocrx_word' id='word_1_584' title='bbox 1777 1558 1820 1592; x_wconf 76' lang='grc' dir='ltr'><strong>γέ-</strong></span> 
     </span>
    </p>
   </div>
   <div class='ocr_carea' id='block_1_79' title="bbox 1031 1603 1820 1644">
    <p class='ocr_par' dir='ltr' id='par_1_79' title="bbox 1031 1603 1820 1644">
     <span class='ocr_line' id='line_1_79' title="bbox 1031 1603 1820 1644; baseline -0.009 -9"><span class='ocrx_word' id='word_1_585' title='bbox 1031 1618 1075 1641; x_wconf 84' lang='grc' dir='ltr'>νος</span> <span class='ocrx_word' id='word_1_586' title='bbox 1090 1609 1144 1635; x_wconf 81' lang='grc' dir='ltr'><strong>τῶν</strong></span> <span class='ocrx_word' id='word_1_587' title='bbox 1172 1608 1322 1644; x_wconf 85' lang='grc' dir='ltr'>ἀνθρώπων</span> <span class='ocrx_word' id='word_1_588' title='bbox 1334 1607 1386 1634; x_wconf 75' lang='grc' dir='ltr'>ἔδει</span> <span class='ocrx_word' id='word_1_589' title='bbox 1402 1606 1600 1643; x_wconf 83' lang='grc' dir='ltr'><strong>θεραπευθῆναι</strong></span> <span class='ocrx_word' id='word_1_590' title='bbox 1631 1605 1674 1631; x_wconf 74' lang='grc' dir='ltr'>διὰ</span> <span class='ocrx_word' id='word_1_591' title='bbox 1693 1603 1820 1639; x_wconf 77' lang='grc' dir='ltr'>μεθόδων,</span> 
     </span>
    </p>
   </div>
   <div class='ocr_carea' id='block_1_80' title="bbox 1031 1651 1820 1690">
    <p class='ocr_par' dir='ltr' id='par_1_80' title="bbox 1031 1651 1820 1690">
     <span class='ocr_line' id='line_1_80' title="bbox 1031 1651 1820 1690; baseline -0.008 -9"><span class='ocrx_word' id='word_1_592' title='bbox 1031 1652 1068 1682; x_wconf 77' lang='grc' dir='ltr'>ὧν</span> <span class='ocrx_word' id='word_1_593' title='bbox 1084 1654 1156 1690; x_wconf 77' lang='grc' dir='ltr'>ἑώρα</span> <span class='ocrx_word' id='word_1_594' title='bbox 1171 1655 1185 1681; x_wconf 84' lang='grc' dir='ltr'><em>ὁ</em></span> <span class='ocrx_word' id='word_1_595' title='bbox 1202 1655 1286 1689; x_wconf 80' lang='grc' dir='ltr'>Λόγος</span> <span class='ocrx_word' id='word_1_596' title='bbox 1302 1655 1444 1690; x_wconf 83' lang='grc' dir='ltr'>χρησίμων</span> <span class='ocrx_word' id='word_1_597' title='bbox 1454 1655 1510 1685; x_wconf 82' lang='grc' dir='ltr'>τοῖς</span> <span class='ocrx_word' id='word_1_598' title='bbox 1529 1651 1690 1687; x_wconf 80' lang='grc' dir='ltr'>μεμηνόσιν,</span> <span class='ocrx_word' id='word_1_599' title='bbox 1709 1651 1752 1677; x_wconf 84' lang='grc' dir='ltr'><strong>ῖνα</strong></span> <span class='ocrx_word' id='word_1_600' title='bbox 1769 1659 1820 1676; x_wconf 87' lang='grc' dir='ltr'><strong>σω-</strong></span> 
     </span>
    </p>
   </div>
   <div class='ocr_carea' id='block_1_81' title="bbox 1032 1697 1820 1738">
    <p class='ocr_par' dir='ltr' id='par_1_81' title="bbox 1032 1697 1820 1738">
     <span class='ocr_line' id='line_1_81' title="bbox 1032 1697 1820 1738; baseline -0.01 -9"><span class='ocrx_word' id='word_1_601' title='bbox 1032 1705 1197 1738; x_wconf 78' lang='grc' dir='ltr'>φρονήσωσι.</span> <span class='ocrx_word' id='word_1_602' title='bbox 1215 1702 1284 1737; x_wconf 76' lang='grc' dir='ltr'>Φησὶ</span> <span class='ocrx_word' id='word_1_603' title='bbox 1302 1701 1339 1733; x_wconf 85' lang='grc' dir='ltr'><strong>δ’,</strong></span> <span class='ocrx_word' id='word_1_604' title='bbox 1364 1701 1405 1727; x_wconf 80' lang='grc' dir='ltr'>ὅτι</span> <span class='ocrx_word' id='word_1_605' title='bbox 1428 1700 1476 1726; x_wconf 70' lang='grc' dir='ltr'>καὶ</span> <span class='ocrx_word' id='word_1_606' title='bbox 1495 1708 1503 1724; x_wconf 80' lang='grc' dir='ltr'><strong>ι</strong></span> <span class='ocrx_word' id='word_1_607' title='bbox 1525 1698 1564 1724; x_wconf 77' lang='grc' dir='ltr'><strong>Τὰ</strong></span> <span class='ocrx_word' id='word_1_608' title='bbox 1583 1697 1671 1724; x_wconf 74' lang='grc' dir='ltr'>τοιάδε</span> <span class='ocrx_word' id='word_1_609' title='bbox 1689 1705 1731 1727; x_wconf 84' lang='grc' dir='ltr'>τις</span> <span class='ocrx_word' id='word_1_610' title='bbox 1754 1697 1820 1722; x_wconf 73' lang='grc' dir='ltr'>ποιεῖ</span> 
     </span>
    </p>
   </div>
   <div class='ocr_carea' id='block_1_82' title="bbox 1032 1742 1818 1783">
    <p class='ocr_par' dir='ltr' id='par_1_82' title="bbox 1032 1742 1818 1783">
     <span class='ocr_line' id='line_1_82' title="bbox 1032 1742 1818 1783; baseline -0.009 -10"><span class='ocrx_word' id='word_1_611' title='bbox 1032 1747 1100 1783; x_wconf 72' lang='grc' dir='ltr'>πρὸς</span> <span class='ocrx_word' id='word_1_612' title='bbox 1121 1747 1249 1782; x_wconf 72' lang='grc' dir='ltr'><strong>ἐχθροὺς,</strong></span> <span class='ocrx_word' id='word_1_613' title='bbox 1276 1746 1397 1773; x_wconf 82' lang='grc' dir='ltr'>κίνδυνον</span> <span class='ocrx_word' id='word_1_614' title='bbox 1423 1745 1552 1779; x_wconf 72' lang='grc' dir='ltr'>ἐκφυγεῖν</span> <span class='ocrx_word' id='word_1_615' title='bbox 1587 1742 1818 1778; x_wconf 82' lang='grc' dir='ltr'>προμηθούμενος.</span> 
     </span>
    </p>
   </div>
   <div class='ocr_carea' id='block_1_83' title="bbox 1032 1787 1819 1827">
    <p class='ocr_par' dir='ltr' id='par_1_83' title="bbox 1032 1787 1819 1827">
     <span class='ocr_line' id='line_1_83' title="bbox 1032 1787 1819 1827; baseline -0.009 -8"><span class='ocrx_word' id='word_1_616' title='bbox 1032 1793 1069 1819; x_wconf 86' lang='grc' dir='ltr'><strong>Οὺ</strong></span> <span class='ocrx_word' id='word_1_617' title='bbox 1087 1793 1208 1827; x_wconf 74' lang='grc' dir='ltr'>φοϐεῖται</span> <span class='ocrx_word' id='word_1_618' title='bbox 1221 1792 1249 1818; x_wconf 80' lang='grc' dir='ltr'>δέ</span> <span class='ocrx_word' id='word_1_619' title='bbox 1263 1801 1337 1823; x_wconf 89' lang='grc' dir='ltr'>τινας</span> <span class='ocrx_word' id='word_1_620' title='bbox 1349 1793 1362 1817; x_wconf 79' lang='grc' dir='ltr'>ὁ</span> <span class='ocrx_word' id='word_1_621' title='bbox 1375 1791 1452 1822; x_wconf 76' lang='grc' dir='ltr'>Θεὸς,</span> <span class='ocrx_word' id='word_1_622' title='bbox 1469 1791 1512 1816; x_wconf 82' lang='grc' dir='ltr'>ἵνα</span> <span class='ocrx_word' id='word_1_623' title='bbox 1529 1789 1667 1823; x_wconf 81' lang='grc' dir='ltr'>πλανήσας</span> <span class='ocrx_word' id='word_1_624' title='bbox 1687 1787 1750 1819; x_wconf 68' lang='grc' dir='ltr'>τοὺς</span> <span class='ocrx_word' id='word_1_625' title='bbox 1763 1788 1819 1813; x_wconf 81' lang='grc' dir='ltr'>ἐπι-</span> 
     </span>
    </p>
   </div>
   <div class='ocr_carea' id='block_1_84' title="bbox 1033 1833 1819 1872">
    <p class='ocr_par' dir='ltr' id='par_1_84' title="bbox 1033 1833 1819 1872">
     <span class='ocr_line' id='line_1_84' title="bbox 1033 1833 1819 1872; baseline -0.009 -7"><span class='ocrx_word' id='word_1_626' title='bbox 1033 1838 1210 1870; x_wconf 76' lang='grc' dir='ltr'>ϐουλεύοντας</span> <span class='ocrx_word' id='word_1_627' title='bbox 1226 1838 1347 1864; x_wconf 79' lang='grc' dir='ltr'>κίνδυνον</span> <span class='ocrx_word' id='word_1_628' title='bbox 1364 1837 1493 1872; x_wconf 64' lang='grc' dir='ltr'>διαφύγῃ.</span> <span class='ocrx_word' id='word_1_629' title='bbox 1511 1845 1520 1861; x_wconf 82' lang='grc'><strong>›</strong></span> <span class='ocrx_word' id='word_1_630' title='bbox 1540 1835 1632 1870; x_wconf 86' lang='grc' dir='ltr'>Πάντη</span> <span class='ocrx_word' id='word_1_631' title='bbox 1649 1834 1678 1860; x_wconf 77' lang='grc' dir='ltr'><strong>δὲ</strong></span> <span class='ocrx_word' id='word_1_632' title='bbox 1695 1833 1819 1869; x_wconf 71' lang='grc' dir='ltr'>περισσὸν</span> 
     </span>
    </p>
   </div>
   <div class='ocr_carea' id='block_1_85' title="bbox 1033 1879 1820 1918">
    <p class='ocr_par' dir='ltr' id='par_1_85' title="bbox 1033 1879 1820 1918">
     <span class='ocr_line' id='line_1_85' title="bbox 1033 1879 1820 1918; baseline -0.009 -7"><span class='ocrx_word' id='word_1_633' title='bbox 1033 1885 1080 1910; x_wconf 72' lang='grc' dir='ltr'>καὶ</span> <span class='ocrx_word' id='word_1_634' title='bbox 1097 1883 1191 1918; x_wconf 78' lang='grc' dir='ltr'>ἄλογον</span> <span class='ocrx_word' id='word_1_635' title='bbox 1203 1882 1424 1918; x_wconf 81' lang='grc' dir='ltr'>ἀπολογήσασθαι</span> <span class='ocrx_word' id='word_1_636' title='bbox 1443 1882 1511 1917; x_wconf 72' lang='grc' dir='ltr'>πρὸς</span> <span class='ocrx_word' id='word_1_637' title='bbox 1527 1880 1557 1907; x_wconf 85' lang='grc' dir='ltr'><strong>τὺ</strong></span> <span class='ocrx_word' id='word_1_638' title='bbox 1574 1880 1620 1906; x_wconf 82' lang='grc' dir='ltr'><strong>ὑπ’</strong></span> <span class='ocrx_word' id='word_1_639' title='bbox 1637 1879 1745 1911; x_wconf 75' lang='grc' dir='ltr'>οὐδενὸς</span> <span class='ocrx_word' id='word_1_640' title='bbox 1761 1879 1820 1913; x_wconf 74' lang='grc' dir='ltr'>περὶ</span> 
     </span>
    </p>
   </div>
   <div class='ocr_carea' id='block_1_86' title="bbox 1033 1924 1820 1965">
    <p class='ocr_par' dir='ltr' id='par_1_86' title="bbox 1033 1924 1820 1965">
     <span class='ocr_line' id='line_1_86' title="bbox 1033 1924 1820 1965; baseline -0.009 -9"><span class='ocrx_word' id='word_1_641' title='bbox 1033 1930 1078 1956; x_wconf 75' lang='grc' dir='ltr'>τοῦ</span> <span class='ocrx_word' id='word_1_642' title='bbox 1095 1930 1220 1965; x_wconf 82' lang='grc' dir='ltr'>Σωτῆρος</span> <span class='ocrx_word' id='word_1_643' title='bbox 1238 1929 1316 1964; x_wconf 84' lang='grc' dir='ltr'><strong>ἡμῶν</strong></span> <span class='ocrx_word' id='word_1_644' title='bbox 1329 1928 1483 1964; x_wconf 82' lang='grc' dir='ltr'>λεγόμενον.</span> <span class='ocrx_word' id='word_1_645' title='bbox 1502 1926 1666 1963; x_wconf 78' lang='grc' dir='ltr'>Προείρηται</span> <span class='ocrx_word' id='word_1_646' title='bbox 1684 1925 1706 1951; x_wconf 88' lang='grc' dir='ltr'>δ’</span> <span class='ocrx_word' id='word_1_647' title='bbox 1722 1926 1760 1956; x_wconf 76' lang='grc' dir='ltr'>εἰς</span> <span class='ocrx_word' id='word_1_648' title='bbox 1775 1924 1820 1959; x_wconf 69' lang='grc' dir='ltr'>τὴν</span> 
     </span>
    </p>
   </div>
   <div class='ocr_carea' id='block_1_87' title="bbox 1034 1970 1818 2011">
    <p class='ocr_par' dir='ltr' id='par_1_87' title="bbox 1034 1970 1818 2011">
     <span class='ocr_line' id='line_1_87' title="bbox 1034 1970 1818 2011; baseline -0.01 -8"><span class='ocrx_word' id='word_1_649' title='bbox 1034 1976 1097 2011; x_wconf 67' lang='grc' dir='ltr'>περὶ</span> <span class='ocrx_word' id='word_1_650' title='bbox 1110 1976 1209 2011; x_wconf 77' lang='grc' dir='ltr'>ἐτέρων</span> <span class='ocrx_word' id='word_1_651' title='bbox 1220 1977 1286 2010; x_wconf 83' lang='grc' dir='ltr'>ἡμῖν</span> <span class='ocrx_word' id='word_1_652' title='bbox 1297 1974 1442 2008; x_wconf 79' lang='grc' dir='ltr'>ἀπολογίαν</span> <span class='ocrx_word' id='word_1_653' title='bbox 1455 1973 1521 2009; x_wconf 85' lang='grc' dir='ltr'>πρὸς</span> <span class='ocrx_word' id='word_1_654' title='bbox 1533 1973 1572 2004; x_wconf 75' lang='grc' dir='ltr'>τὸ,</span> <span class='ocrx_word' id='word_1_655' title='bbox 1593 1982 1602 1997; x_wconf 88' lang='grc'><strong><em>‹</em></strong></span> <span class='ocrx_word' id='word_1_656' title='bbox 1618 1970 1687 1998; x_wconf 72' lang='grc' dir='ltr'>Οὔτε</span> <span class='ocrx_word' id='word_1_657' title='bbox 1700 1970 1729 1997; x_wconf 81' lang='grc' dir='ltr'><strong>δὲ</strong></span> <span class='ocrx_word' id='word_1_658' title='bbox 1741 1970 1818 1996; x_wconf 67' lang='grc' dir='ltr'>νοσῶν</span> 
     </span>
    </p>
   </div>
   <div class='ocr_carea' id='block_1_88' title="bbox 1033 2016 1815 2057">
    <p class='ocr_par' dir='ltr' id='par_1_88' title="bbox 1033 2016 1815 2057">
     <span class='ocr_line' id='line_1_88' title="bbox 1033 2016 1815 2057; baseline -0.009 -9"><span class='ocrx_word' id='word_1_659' title='bbox 1033 2022 1049 2057; x_wconf 79' lang='grc' dir='ltr'>ἢ</span> <span class='ocrx_word' id='word_1_660' title='bbox 1067 2021 1195 2056; x_wconf 85' lang='grc' dir='ltr'>μεμηνὼς</span> <span class='ocrx_word' id='word_1_661' title='bbox 1207 2020 1292 2052; x_wconf 74' lang='grc' dir='ltr'>οὐδεὶς</span> <span class='ocrx_word' id='word_1_662' title='bbox 1306 2020 1380 2055; x_wconf 73' lang='grc' dir='ltr'>φίλος</span> <span class='ocrx_word' id='word_1_663' title='bbox 1392 2019 1446 2055; x_wconf 74' lang='grc'><strong>(65)</strong></span> <span class='ocrx_word' id='word_1_664' title='bbox 1463 2018 1501 2054; x_wconf 78' lang='grc' dir='ltr'>τῷ</span> <span class='ocrx_word' id='word_1_665' title='bbox 1515 2017 1583 2053; x_wconf 84' lang='grc' dir='ltr'>Θεῷ.</span> <span class='ocrx_word' id='word_1_666' title='bbox 1606 2027 1614 2043; x_wconf 77' lang='grc' dir='ltr'><strong>ι</strong></span> <span class='ocrx_word' id='word_1_667' title='bbox 1641 2017 1670 2043; x_wconf 90' lang='lat'><strong>&#39;0</strong></span> <span class='ocrx_word' id='word_1_668' title='bbox 1688 2016 1743 2051; x_wconf 73' lang='grc' dir='ltr'><strong>γὰρ</strong></span> <span class='ocrx_word' id='word_1_669' title='bbox 1759 2017 1815 2042; x_wconf 68' lang='grc' dir='ltr'>ἀπο.</span> 
     </span>
    </p>
   </div>
   <div class='ocr_carea' id='block_1_89' title="bbox 1033 2062 1809 2103">
    <p class='ocr_par' dir='ltr' id='par_1_89' title="bbox 1033 2062 1809 2103">
     <span class='ocr_line' id='line_1_89' title="bbox 1033 2062 1809 2103; baseline -0.008 -9"><span class='ocrx_word' id='word_1_670' title='bbox 1033 2067 1220 2103; x_wconf 78' lang='grc' dir='ltr'>λογησάμενός</span> <span class='ocrx_word' id='word_1_671' title='bbox 1235 2075 1315 2102; x_wconf 72' lang='grc' dir='ltr'>φησιν</span> <span class='ocrx_word' id='word_1_672' title='bbox 1332 2067 1381 2101; x_wconf 75' lang='grc' dir='ltr'><strong>οὐχ</strong></span> <span class='ocrx_word' id='word_1_673' title='bbox 1396 2066 1465 2101; x_wconf 75' lang='grc' dir='ltr'>ὑπὲρ</span> <span class='ocrx_word' id='word_1_674' title='bbox 1485 2065 1539 2091; x_wconf 82' lang='grc' dir='ltr'><strong>τῶν</strong></span> <span class='ocrx_word' id='word_1_675' title='bbox 1551 2065 1601 2100; x_wconf 73' lang='grc' dir='ltr'><strong>ἤδη</strong></span> <span class='ocrx_word' id='word_1_676' title='bbox 1619 2063 1705 2098; x_wconf 71' lang='grc' dir='ltr'>φίλων</span> <span class='ocrx_word' id='word_1_677' title='bbox 1719 2062 1809 2089; x_wconf 74' lang='grc' dir='ltr'>νοσούν</span> 
     </span>
    </p>
   </div>
   <div class='ocr_carea' id='block_1_90' title="bbox 1034 2107 1819 2148">
    <p class='ocr_par' dir='ltr' id='par_1_90' title="bbox 1034 2107 1819 2148">
     <span class='ocr_line' id='line_1_90' title="bbox 1034 2107 1819 2148; baseline -0.008 -9"><span class='ocrx_word' id='word_1_678' title='bbox 1034 2113 1117 2148; x_wconf 83' lang='grc' dir='ltr'>τωνῆ</span> <span class='ocrx_word' id='word_1_679' title='bbox 1139 2113 1299 2148; x_wconf 75' lang='grc' dir='ltr'>μεμηνότων</span> <span class='ocrx_word' id='word_1_680' title='bbox 1322 2111 1370 2147; x_wconf 83' lang='grc' dir='ltr'><strong>τὴν</strong></span> <span class='ocrx_word' id='word_1_681' title='bbox 1392 2110 1496 2137; x_wconf 80' lang='grc' dir='ltr'>τοιάνδε</span> <span class='ocrx_word' id='word_1_682' title='bbox 1518 2109 1674 2144; x_wconf 75' lang='grc' dir='ltr'>οἰκονομίαν</span> <span class='ocrx_word' id='word_1_683' title='bbox 1695 2107 1819 2142; x_wconf 72' lang='grc' dir='ltr'>γίνεσθαι,</span> 
     </span>
    </p>
   </div>
   <div class='ocr_carea' id='block_1_91' title="bbox 197 2154 978 2197">
    <p class='ocr_par' dir='ltr' id='par_1_91' title="bbox 197 2156 978 2197">
     <span class='ocr_line' id='line_1_91' title="bbox 197 2156 978 2197; baseline -0.009 -8"><span class='ocrx_word' id='word_1_684' title='bbox 197 2166 313 2197; x_wconf 66' lang='lat' dir='ltr'><strong>aegrotos</strong></span> <span class='ocrx_word' id='word_1_685' title='bbox 327 2166 355 2188; x_wconf 86' lang='lat' dir='ltr'><strong>et</strong></span> <span class='ocrx_word' id='word_1_686' title='bbox 370 2161 536 2188; x_wconf 82' lang='lat' dir='ltr'><strong>insanientes</strong></span> <span class='ocrx_word' id='word_1_687' title='bbox 552 2158 599 2193; x_wconf 92' lang='lat' dir='ltr'><strong>qni</strong></span> <span class='ocrx_word' id='word_1_688' title='bbox 613 2157 668 2192; x_wconf 84' lang='lat' dir='ltr'><strong>jam</strong></span> <span class='ocrx_word' id='word_1_689' title='bbox 682 2157 762 2184; x_wconf 88' lang='lat' dir='ltr'><strong>amici</strong></span> <span class='ocrx_word' id='word_1_690' title='bbox 776 2160 877 2188; x_wconf 87' lang='lat' dir='ltr'><strong>essent,</strong></span> <span class='ocrx_word' id='word_1_691' title='bbox 895 2156 941 2183; x_wconf 91' lang='lat' dir='ltr'><strong>sed</strong></span> <span class='ocrx_word' id='word_1_692' title='bbox 953 2160 978 2182; x_wconf 91' lang='lat' dir='ltr'><strong>ul</strong></span> 
     </span>
    </p>
   </div>
   <div class='ocr_carea' id='block_1_92' title="bbox 1033 2154 1821 2197">
    <p class='ocr_par' dir='ltr' id='par_1_92' title="bbox 1033 2154 1821 2194">
     <span class='ocr_line' id='line_1_92' title="bbox 1033 2154 1821 2194; baseline -0.008 -9"><span class='ocrx_word' id='word_1_693' title='bbox 1033 2159 1089 2186; x_wconf 72' lang='grc' dir='ltr'>ἀλλ’</span> <span class='ocrx_word' id='word_1_694' title='bbox 1110 2159 1181 2194; x_wconf 76' lang='grc' dir='ltr'>ὑπὲρ</span> <span class='ocrx_word' id='word_1_695' title='bbox 1194 2158 1248 2185; x_wconf 81' lang='grc' dir='ltr'>τῶν</span> <span class='ocrx_word' id='word_1_696' title='bbox 1265 2158 1308 2185; x_wconf 73' lang='grc' dir='ltr'>διὰ</span> <span class='ocrx_word' id='word_1_697' title='bbox 1336 2158 1413 2184; x_wconf 80' lang='grc' dir='ltr'>νόσον</span> <span class='ocrx_word' id='word_1_698' title='bbox 1442 2157 1492 2192; x_wconf 77' lang='grc' dir='ltr'><strong>τῆς</strong></span> <span class='ocrx_word' id='word_1_699' title='bbox 1516 2155 1605 2191; x_wconf 70' lang='grc' dir='ltr'>ψυχῆς</span> <span class='ocrx_word' id='word_1_700' title='bbox 1628 2154 1674 2181; x_wconf 73' lang='grc' dir='ltr'>καὶ</span> <span class='ocrx_word' id='word_1_701' title='bbox 1700 2155 1821 2180; x_wconf 74' lang='grc' dir='ltr'>ἔκστασιν</span> 
     </span>
    </p>
   </div>
   <div class='ocr_carea' id='block_1_93' title="bbox 198 2201 985 2242">
    <p class='ocr_par' dir='ltr' id='par_1_93' title="bbox 198 2201 985 2242">
     <span class='ocr_line' id='line_1_93' title="bbox 198 2201 985 2242; baseline -0.01 -8"><span class='ocrx_word' id='word_1_702' title='bbox 198 2208 244 2242; x_wconf 91' lang='lat' dir='ltr'><strong>qui</strong></span> <span class='ocrx_word' id='word_1_703' title='bbox 256 2207 346 2234; x_wconf 87' lang='lat' dir='ltr'><strong>adhuc</strong></span> <span class='ocrx_word' id='word_1_704' title='bbox 358 2210 469 2240; x_wconf 89' lang='lat' dir='ltr'><strong>propter</strong></span> <span class='ocrx_word' id='word_1_705' title='bbox 485 2204 609 2231; x_wconf 87' lang='lat' dir='ltr'><strong>morbum</strong></span> <span class='ocrx_word' id='word_1_706' title='bbox 626 2202 725 2229; x_wconf 74' lang='lat' dir='ltr'><strong>anima:</strong></span> <span class='ocrx_word' id='word_1_707' title='bbox 739 2201 924 2236; x_wconf 85' lang='lat' dir='ltr'><strong>naturalisque</strong></span> <span class='ocrx_word' id='word_1_708' title='bbox 941 2209 985 2228; x_wconf 81' lang='lat' dir='ltr'><strong>ra-</strong></span> 
     </span>
    </p>
   </div>
   <div class='ocr_carea' id='block_1_94' title="bbox 197 2246 980 2279">
    <p class='ocr_par' dir='ltr' id='par_1_94' title="bbox 197 2246 980 2279">
     <span class='ocr_line' id='line_1_94' title="bbox 197 2246 980 2279; baseline -0.008 -1"><span class='ocrx_word' id='word_1_709' title='bbox 197 2251 280 2279; x_wconf 87' lang='lat' dir='ltr'><strong>tionis</strong></span> <span class='ocrx_word' id='word_1_710' title='bbox 295 2250 483 2277; x_wconf 87' lang='lat' dir='ltr'><strong>alienationem</strong></span> <span class='ocrx_word' id='word_1_711' title='bbox 498 2247 599 2276; x_wconf 86' lang='lat' dir='ltr'><strong>inimici</strong></span> <span class='ocrx_word' id='word_1_712' title='bbox 616 2251 707 2278; x_wconf 82' lang='lat' dir='ltr'><strong>erant,</strong></span> <span class='ocrx_word' id='word_1_713' title='bbox 727 2247 753 2273; x_wconf 93' lang='lat' dir='ltr'><strong>in</strong></span> <span class='ocrx_word' id='word_1_714' title='bbox 770 2247 816 2274; x_wconf 91' lang='lat' dir='ltr'><strong>Dei</strong></span> <span class='ocrx_word' id='word_1_715' title='bbox 831 2246 980 2273; x_wconf 82' lang='lat' dir='ltr'><strong>amicitiam</strong></span> 
     </span>
    </p>
   </div>
   <div class='ocr_carea' id='block_1_95' title="bbox 199 2293 985 2332">
    <p class='ocr_par' dir='ltr' id='par_1_95' title="bbox 199 2293 985 2332">
     <span class='ocr_line' id='line_1_95' title="bbox 199 2293 985 2332; baseline -0.009 -7"><span class='ocrx_word' id='word_1_716' title='bbox 199 2297 399 2332; x_wconf 86' lang='lat' dir='ltr'><strong>reciperentur.</strong></span> <span class='ocrx_word' id='word_1_717' title='bbox 414 2295 482 2322; x_wconf 86' lang='lat' dir='ltr'><strong>Nam</strong></span> <span class='ocrx_word' id='word_1_718' title='bbox 499 2294 577 2321; x_wconf 81' lang='lat' dir='ltr'><strong>.iesns</strong></span> <span class='ocrx_word' id='word_1_719' title='bbox 587 2293 659 2321; x_wconf 81' lang='lat' dir='ltr'><strong>clare</strong></span> <span class='ocrx_word' id='word_1_720' title='bbox 676 2293 777 2320; x_wconf 91' lang='lat' dir='ltr'><strong>dicitur</strong></span> <span class='ocrx_word' id='word_1_721' title='bbox 786 2293 875 2319; x_wconf 88' lang='lat' dir='ltr'><strong>omnia</strong></span> <span class='ocrx_word' id='word_1_722' title='bbox 892 2297 985 2326; x_wconf 89' lang='lat' dir='ltr'><strong>pertu-</strong></span> 
     </span>
    </p>
   </div>
   <div class='ocr_carea' id='block_1_96' title="bbox 199 2339 986 2376">
    <p class='ocr_par' dir='ltr' id='par_1_96' title="bbox 199 2339 986 2376">
     <span class='ocr_line' id='line_1_96' title="bbox 199 2339 986 2376; baseline -0.006 -6"><span class='ocrx_word' id='word_1_723' title='bbox 199 2343 274 2376; x_wconf 87' lang='lat' dir='ltr'><strong>lisse,</strong></span> <span class='ocrx_word' id='word_1_724' title='bbox 294 2347 323 2369; x_wconf 88' lang='lat' dir='ltr'><strong>ut</strong></span> <span class='ocrx_word' id='word_1_725' title='bbox 338 2350 384 2369; x_wconf 81' lang='lat' dir='ltr'><strong>eos</strong></span> <span class='ocrx_word' id='word_1_726' title='bbox 409 2342 454 2376; x_wconf 90' lang='lat' dir='ltr'><strong>qui</strong></span> <span class='ocrx_word' id='word_1_727' title='bbox 484 2345 641 2376; x_wconf 71' lang='lat' dir='ltr'><strong>peccassent</strong></span> <span class='ocrx_word' id='word_1_728' title='bbox 667 2339 784 2375; x_wconf 86' lang='lat' dir='ltr'><strong>peccatis</strong></span> <span class='ocrx_word' id='word_1_729' title='bbox 812 2339 938 2366; x_wconf 87' lang='lat' dir='ltr'><strong>liberaret</strong></span> <span class='ocrx_word' id='word_1_730' title='bbox 958 2342 986 2365; x_wconf 89' lang='lat' dir='ltr'><strong>et</strong></span> 
     </span>
    </p>
   </div>
   <div class='ocr_carea' id='block_1_97' title="bbox 195 2388 442 2424">
    <p class='ocr_par' dir='ltr' id='par_1_97' title="bbox 195 2388 442 2424">
     <span class='ocr_line' id='line_1_97' title="bbox 195 2388 442 2424; baseline -0.008 -7"><span class='ocrx_word' id='word_1_731' title='bbox 195 2389 284 2424; x_wconf 71' lang='lat' dir='ltr'><strong>iustos</strong></span> <span class='ocrx_word' id='word_1_732' title='bbox 297 2389 397 2416; x_wconf 79' lang='lat' dir='ltr'><strong>faceret</strong></span> <span class='ocrx_word' id='word_1_733' title='bbox 408 2388 442 2415; x_wconf 58' lang='grc' dir='ltr'><strong>ιθ.</strong></span> 
     </span>
    </p>
   </div>
   <div class='ocr_carea' id='block_1_98' title="bbox 236 2431 985 2470">
    <p class='ocr_par' dir='ltr' id='par_1_98' title="bbox 236 2431 985 2470">
     <span class='ocr_line' id='line_1_98' title="bbox 236 2431 985 2470; baseline -0.009 -7"><span class='ocrx_word' id='word_1_734' title='bbox 236 2435 282 2463; x_wconf 80' lang='lat'><strong>20.</strong></span> <span class='ocrx_word' id='word_1_735' title='bbox 299 2435 394 2463; x_wconf 85' lang='lat' dir='ltr'><strong>Postea</strong></span> <span class='ocrx_word' id='word_1_736' title='bbox 406 2434 513 2462; x_wconf 64' lang='lat' dir='ltr'><strong>Iudaeos</strong></span> <span class='ocrx_word' id='word_1_737' title='bbox 535 2433 649 2470; x_wconf 87' lang='lat' dir='ltr'><strong>inducit,</strong></span> <span class='ocrx_word' id='word_1_738' title='bbox 668 2432 714 2468; x_wconf 88' lang='lat' dir='ltr'><strong>qui</strong></span> <span class='ocrx_word' id='word_1_739' title='bbox 739 2431 852 2459; x_wconf 87' lang='lat' dir='ltr'><strong>seorsiut</strong></span> <span class='ocrx_word' id='word_1_740' title='bbox 875 2437 985 2457; x_wconf 86' lang='lat' dir='ltr'><strong>causam</strong></span> 
     </span>
    </p>
   </div>
   <div class='ocr_carea' id='block_1_99' title="bbox 200 2477 986 2510">
    <p class='ocr_par' dir='ltr' id='par_1_99' title="bbox 200 2477 986 2510">
     <span class='ocr_line' id='line_1_99' title="bbox 200 2477 986 2510; baseline -0.009 0"><span class='ocrx_word' id='word_1_741' title='bbox 200 2482 317 2510; x_wconf 67' lang='lat' dir='ltr'><strong>afferant</strong></span> <span class='ocrx_word' id='word_1_742' title='bbox 331 2490 379 2510; x_wconf 92' lang='lat' dir='ltr'><strong>cur</strong></span> <span class='ocrx_word' id='word_1_743' title='bbox 395 2481 498 2509; x_wconf 86' lang='lat' dir='ltr'><strong>Christi</strong></span> <span class='ocrx_word' id='word_1_744' title='bbox 521 2481 666 2508; x_wconf 89' lang='lat' dir='ltr'><strong>adventum</strong></span> <span class='ocrx_word' id='word_1_745' title='bbox 688 2479 808 2507; x_wconf 89' lang='lat' dir='ltr'><strong>futurum</strong></span> <span class='ocrx_word' id='word_1_746' title='bbox 836 2484 897 2504; x_wconf 84' lang='lat' dir='ltr'><strong>esse</strong></span> <span class='ocrx_word' id='word_1_747' title='bbox 913 2477 986 2504; x_wconf 88' lang='lat' dir='ltr'><strong>arbi-</strong></span> 
     </span>
    </p>
   </div>
   <div class='ocr_carea' id='block_1_100' title="bbox 237 2534 1013 2574">
    <p class='ocr_par' dir='ltr' id='par_1_100' title="bbox 237 2534 1013 2574">
     <span class='ocr_line' id='line_1_100' title="bbox 237 2534 1013 2574; baseline -0.012 -6"><span class='ocrx_word' id='word_1_748' title='bbox 237 2541 260 2557; x_wconf 81' lang='grc'><strong>⁸³</strong></span> <span class='ocrx_word' id='word_1_749' title='bbox 279 2540 376 2574; x_wconf 75' lang='lat' dir='ltr'><strong>Philip.</strong></span> <span class='ocrx_word' id='word_1_750' title='bbox 400 2547 428 2572; x_wconf 85' lang='grc' dir='ltr'><strong>ιι,</strong></span> <span class='ocrx_word' id='word_1_751' title='bbox 450 2539 476 2566; x_wconf 79' lang='grc'><strong>5.</strong></span> <span class='ocrx_word' id='word_1_752' title='bbox 515 2539 536 2554; x_wconf 75' lang='grc'><em>³³</em></span> <span class='ocrx_word' id='word_1_753' title='bbox 553 2537 634 2565; x_wconf 87' lang='lat' dir='ltr'><strong>llcbr.</strong></span> <span class='ocrx_word' id='word_1_754' title='bbox 660 2545 689 2569; x_wconf 89' lang='grc' dir='ltr'><strong>ιι,</strong></span> <span class='ocrx_word' id='word_1_755' title='bbox 713 2536 760 2568; x_wconf 80' lang='lat'><strong>15;</strong></span> <span class='ocrx_word' id='word_1_756' title='bbox 788 2536 881 2561; x_wconf 81' lang='lat' dir='ltr'><strong>Matth.</strong></span> <span class='ocrx_word' id='word_1_757' title='bbox 910 2542 948 2565; x_wconf 64' lang='grc' dir='ltr'>ιχ,</span> <span class='ocrx_word' id='word_1_758' title='bbox 971 2534 1013 2560; x_wconf 76' lang='lat' dir='ltr'><strong>i5.</strong></span> 
     </span>
    </p>
   </div>
   <div class='ocr_carea' id='block_1_101' title="bbox 236 2599 989 2647">
    <p class='ocr_par' dir='ltr' id='par_1_101' title="bbox 236 2599 989 2647">
     <span class='ocr_line' id='line_1_101' title="bbox 236 2599 989 2647; baseline -0.016 -9"><span class='ocrx_word' id='word_1_759' title='bbox 236 2609 293 2647; x_wconf 78' lang='lat'><strong>(6&#39;2)</strong></span> <span class='ocrx_word' id='word_1_760' title='bbox 311 2607 481 2647; x_wconf 67' lang='lat' dir='ltr'><strong>ljneschelius</strong></span> <span class='ocrx_word' id='word_1_761' title='bbox 499 2609 526 2647; x_wconf 73' lang='lat' dir='ltr'><strong>et</strong></span> <span class='ocrx_word' id='word_1_762' title='bbox 539 2605 706 2647; x_wconf 69' lang='lat' dir='ltr'><strong>§pencerus.</strong></span> <span class='ocrx_word' id='word_1_763' title='bbox 729 2602 804 2636; x_wconf 76' lang='grc' dir='ltr'>ἡμῖν.</span> <span class='ocrx_word' id='word_1_764' title='bbox 834 2600 919 2628; x_wconf 88' lang='lat' dir='ltr'><strong>Codd.</strong></span> <span class='ocrx_word' id='word_1_765' title='bbox 935 2599 989 2628; x_wconf 79' lang='lat' dir='ltr'><strong>Be-</strong></span> 
     </span>
    </p>
   </div>
   <div class='ocr_carea' id='block_1_102' title="bbox 203 2641 580 2682">
    <p class='ocr_par' dir='ltr' id='par_1_102' title="bbox 203 2641 580 2682">
     <span class='ocr_line' id='line_1_102' title="bbox 203 2641 580 2682; baseline -0.019 -9"><span class='ocrx_word' id='word_1_766' title='bbox 203 2641 264 2682; x_wconf 74' lang='lat' dir='ltr'><strong>gius</strong></span> <span class='ocrx_word' id='word_1_767' title='bbox 275 2641 302 2682; x_wconf 64' lang='lat' dir='ltr'><strong>et</strong></span> <span class='ocrx_word' id='word_1_768' title='bbox 314 2643 490 2682; x_wconf 45' lang='lat' dir='ltr'><strong>Ba‘sileensis,</strong></span> <span class='ocrx_word' id='word_1_769' title='bbox 503 2641 580 2682; x_wconf 57' lang='grc' dir='ltr'>ῥμῖν,</span> 
     </span>
    </p>
   </div>
   <div class='ocr_carea' id='block_1_103' title="bbox 239 2671 988 2715">
    <p class='ocr_par' dir='ltr' id='par_1_103' title="bbox 239 2671 988 2715">
     <span class='ocr_line' id='line_1_103' title="bbox 239 2671 988 2715; baseline -0.015 -8"><span class='ocrx_word' id='word_1_770' title='bbox 239 2671 295 2715; x_wconf 59' lang='grc' dir='ltr'><strong>(δέ)</strong></span> <span class='ocrx_word' id='word_1_771' title='bbox 333 2680 382 2705; x_wconf 80' lang='grc' dir='ltr'><strong>Ἐν</strong></span> <span class='ocrx_word' id='word_1_772' title='bbox 425 2671 583 2715; x_wconf 56' lang='grc' dir='ltr'>ὁμοιώματι</span> <span class='ocrx_word' id='word_1_773' title='bbox 595 2710 601 2715; x_wconf 74' lang='lat'>_</span> <span class='ocrx_word' id='word_1_774' title='bbox 618 2671 774 2715; x_wconf 72' lang='grc' dir='ltr'>ἀνθρώπρυ</span> <span class='ocrx_word' id='word_1_775' title='bbox 789 2671 988 2715; x_wconf 25' lang='grc' dir='ltr'><strong>μγενόμετςος.</strong></span> 
     </span>
    </p>
   </div>
   <div class='ocr_carea' id='block_1_104' title="bbox 205 2707 991 2742">
    <p class='ocr_par' dir='ltr' id='par_1_104' title="bbox 205 2707 991 2742">
     <span class='ocr_line' id='line_1_104' title="bbox 205 2707 991 2742; baseline -0.014 0"><span class='ocrx_word' id='word_1_776' title='bbox 205 2707 268 2742; x_wconf 56' lang='lat' dir='ltr'><strong>ilice</strong></span> <span class='ocrx_word' id='word_1_777' title='bbox 287 2707 321 2742; x_wconf 51' lang='lat' dir='ltr'><strong>lin</strong></span> <span class='ocrx_word' id='word_1_778' title='bbox 346 2719 425 2740; x_wconf 86' lang='lat' dir='ltr'><strong>antea</strong></span> <span class='ocrx_word' id='word_1_779' title='bbox 440 2707 528 2740; x_wconf 57' lang='lat' dir='ltr'><strong>&#39;etliti&#39;s</strong></span> <span class='ocrx_word' id='word_1_780' title='bbox 548 2710 648 2738; x_wconf 86' lang='lat' dir='ltr'><strong>omissa</strong></span> <span class='ocrx_word' id='word_1_781' title='bbox 673 2707 831 2742; x_wconf 84' lang='lat' dir='ltr'><strong>supplentur</strong></span> <span class='ocrx_word' id='word_1_782' title='bbox 854 2714 868 2733; x_wconf 92' lang='lat' dir='ltr'><strong>e</strong></span> <span class='ocrx_word' id='word_1_783' title='bbox 895 2707 991 2733; x_wconf 86' lang='lat' dir='ltr'><strong>codice</strong></span> 
     </span>
    </p>
   </div>
   <div class='ocr_carea' id='block_1_105' title="bbox 205 2750 361 2777">
    <p class='ocr_par' dir='ltr' id='par_1_105' title="bbox 205 2750 361 2777">
     <span class='ocr_line' id='line_1_105' title="bbox 205 2750 361 2777; baseline -0.013 0"><span class='ocrx_word' id='word_1_784' title='bbox 205 2750 361 2777; x_wconf 83' lang='lat' dir='ltr'><strong>Basileensi.</strong></span> 
     </span>
    </p>
   </div>
   <div class='ocr_carea' id='block_1_106' title="bbox 243 2775 988 2824">
    <p class='ocr_par' dir='ltr' id='par_1_106' title="bbox 243 2775 988 2824">
     <span class='ocr_line' id='line_1_106' title="bbox 243 2775 988 2824; baseline 0 0"><span class='ocrx_word' id='word_1_785' title='bbox 243 2775 988 2824; x_wconf 51' lang='grc' dir='ltr'><strong>(ίὶίι”φενπερ.κα.ὶ.τξῖ&gt;γιαῑοίῖηῆ,ξιοςέξῑῑςιο-¹ξῖξέ1ί·</strong></span> 
     </span>
    </p>
   </div>
   <div class='ocr_carea' id='block_1_107' title="bbox 207 2808 989 2850">
    <p class='ocr_par' dir='ltr' id='par_1_107' title="bbox 207 2808 989 2850">
     <span class='ocr_line' id='line_1_107' title="bbox 207 2808 989 2850; baseline -0.01 -4"><span class='ocrx_word' id='word_1_786' title='bbox 207 2808 570 2850; x_wconf 21' lang='lat' dir='ltr'><strong>quiddesiderai-i&#39;vidctur.</strong></span> <span class='ocrx_word' id='word_1_787' title='bbox 601 2808 643 2843; x_wconf 61' lang='lat' dir='ltr'><strong>A&#39;n</strong></span> <span class='ocrx_word' id='word_1_788' title='bbox 672 2808 722 2841; x_wconf 85' lang='lat' dir='ltr'><strong>sic.</strong></span> <span class='ocrx_word' id='word_1_789' title='bbox 747 2808 844 2847; x_wconf 82' lang='lat' dir='ltr'><strong>inquit.</strong></span> <span class='ocrx_word' id='word_1_790' title='bbox 868 2811 989 2840; x_wconf 85' lang='lat' dir='ltr'><strong>scriben-</strong></span> 
     </span>
    </p>
   </div>
   <div class='ocr_carea' id='block_1_108' title="bbox 1034 2200 1820 2239">
    <p class='ocr_par' dir='ltr' id='par_1_108' title="bbox 1034 2200 1820 2239">
     <span class='ocr_line' id='line_1_108' title="bbox 1034 2200 1820 2239; baseline -0.008 -9"><span class='ocrx_word' id='word_1_791' title='bbox 1034 2205 1082 2232; x_wconf 75' lang='grc' dir='ltr'><strong>τοῦ</strong></span> <span class='ocrx_word' id='word_1_792' title='bbox 1097 2205 1166 2232; x_wconf 79' lang='grc' dir='ltr'>κατὰ</span> <span class='ocrx_word' id='word_1_793' title='bbox 1185 2205 1265 2239; x_wconf 79' lang='grc' dir='ltr'>φύσιν</span> <span class='ocrx_word' id='word_1_794' title='bbox 1281 2203 1411 2239; x_wconf 79' lang='grc' dir='ltr'>λυγισμοῦ</span> <span class='ocrx_word' id='word_1_795' title='bbox 1430 2203 1470 2229; x_wconf 80' lang='grc' dir='ltr'>ἔτι</span> <span class='ocrx_word' id='word_1_796' title='bbox 1492 2202 1608 2238; x_wconf 78' lang='grc' dir='ltr'>ἐχθρῶν,</span> <span class='ocrx_word' id='word_1_797' title='bbox 1628 2202 1673 2227; x_wconf 87' lang='grc' dir='ltr'>ἴνα</span> <span class='ocrx_word' id='word_1_798' title='bbox 1696 2200 1820 2234; x_wconf 73' lang='grc' dir='ltr'>γένωνται</span> 
     </span>
    </p>
   </div>
   <div class='ocr_carea' id='block_1_109' title="bbox 1036 2244 1821 2286">
    <p class='ocr_par' dir='ltr' id='par_1_109' title="bbox 1036 2244 1821 2286">
     <span class='ocr_line' id='line_1_109' title="bbox 1036 2244 1821 2286; baseline -0.01 -8"><span class='ocrx_word' id='word_1_799' title='bbox 1036 2251 1106 2285; x_wconf 74' lang='grc' dir='ltr'>φίλοι</span> <span class='ocrx_word' id='word_1_800' title='bbox 1117 2251 1156 2286; x_wconf 83' lang='grc' dir='ltr'>τῷ</span> <span class='ocrx_word' id='word_1_801' title='bbox 1168 2250 1237 2286; x_wconf 83' lang='grc' dir='ltr'><strong>Θεῷ.</strong></span> <span class='ocrx_word' id='word_1_802' title='bbox 1251 2251 1306 2277; x_wconf 71' lang='grc' dir='ltr'><strong>Καὶ</strong></span> <span class='ocrx_word' id='word_1_803' title='bbox 1323 2250 1377 2286; x_wconf 76' lang='grc' dir='ltr'>γὰρ</span> <span class='ocrx_word' id='word_1_804' title='bbox 1395 2248 1487 2283; x_wconf 74' lang='grc' dir='ltr'>σαφῶς</span> <span class='ocrx_word' id='word_1_805' title='bbox 1506 2247 1576 2283; x_wconf 83' lang='grc' dir='ltr'>ὑπὲρ</span> <span class='ocrx_word' id='word_1_806' title='bbox 1601 2244 1770 2282; x_wconf 81' lang='grc' dir='ltr'>ἁμαρτωλῶν</span> <span class='ocrx_word' id='word_1_807' title='bbox 1787 2244 1821 2270; x_wconf 75' lang='grc' dir='ltr'><strong>λέ-</strong></span> 
     </span>
    </p>
   </div>
   <div class='ocr_carea' id='block_1_110' title="bbox 1035 2290 1821 2332">
    <p class='ocr_par' dir='ltr' id='par_1_110' title="bbox 1035 2290 1821 2332">
     <span class='ocr_line' id='line_1_110' title="bbox 1035 2290 1821 2332; baseline -0.01 -8"><span class='ocrx_word' id='word_1_808' title='bbox 1035 2306 1111 2332; x_wconf 82' lang='grc' dir='ltr'>γεται</span> <span class='ocrx_word' id='word_1_809' title='bbox 1121 2297 1208 2324; x_wconf 79' lang='grc' dir='ltr'>πάντα</span> <span class='ocrx_word' id='word_1_810' title='bbox 1224 2296 1396 2331; x_wconf 80' lang='grc' dir='ltr'>ἀναδεδέχθοιι</span> <span class='ocrx_word' id='word_1_811' title='bbox 1411 2296 1425 2321; x_wconf 80' lang='grc' dir='ltr'>ὁ</span> <span class='ocrx_word' id='word_1_812' title='bbox 1444 2293 1557 2329; x_wconf 76' lang='grc' dir='ltr'>Ἰησοῦς,</span> <span class='ocrx_word' id='word_1_813' title='bbox 1569 2294 1600 2319; x_wconf 77' lang='grc' dir='ltr'><strong>ἶν’</strong></span> <span class='ocrx_word' id='word_1_814' title='bbox 1617 2293 1718 2324; x_wconf 74' lang='grc' dir='ltr'>αὐτοὺς</span> <span class='ocrx_word' id='word_1_815' title='bbox 1743 2290 1821 2318; x_wconf 80' lang='grc' dir='ltr'>ἀπαλ-</span> 
     </span>
    </p>
   </div>
   <div class='ocr_carea' id='block_1_111' title="bbox 1036 2338 1631 2379">
    <p class='ocr_par' dir='ltr' id='par_1_111' title="bbox 1036 2338 1631 2379">
     <span class='ocr_line' id='line_1_111' title="bbox 1036 2338 1631 2379; baseline -0.01 -9"><span class='ocrx_word' id='word_1_816' title='bbox 1036 2343 1104 2379; x_wconf 81' lang='grc' dir='ltr'><strong>λάξῃ</strong></span> <span class='ocrx_word' id='word_1_817' title='bbox 1118 2343 1169 2377; x_wconf 80' lang='grc' dir='ltr'><strong>τῆς</strong></span> <span class='ocrx_word' id='word_1_818' title='bbox 1180 2342 1316 2378; x_wconf 80' lang='grc' dir='ltr'>ἁμαρτίας</span> <span class='ocrx_word' id='word_1_819' title='bbox 1328 2341 1375 2368; x_wconf 72' lang='grc' dir='ltr'>καὶ</span> <span class='ocrx_word' id='word_1_820' title='bbox 1392 2341 1493 2377; x_wconf 78' lang='grc' dir='ltr'>ποιήσῃ</span> <span class='ocrx_word' id='word_1_821' title='bbox 1501 2338 1631 2369; x_wconf 84' lang='grc' dir='ltr'>δικαίους.</span> 
     </span>
    </p>
   </div>
   <div class='ocr_carea' id='block_1_112' title="bbox 1074 2424 1819 2465">
    <p class='ocr_par' dir='ltr' id='par_1_112' title="bbox 1074 2424 1819 2465">
     <span class='ocr_line' id='line_1_112' title="bbox 1074 2424 1819 2465; baseline -0.012 -8"><span class='ocrx_word' id='word_1_822' title='bbox 1074 2428 1130 2456; x_wconf 79' lang='grc' dir='ltr'>Εἶτ’</span> <span class='ocrx_word' id='word_1_823' title='bbox 1145 2430 1205 2456; x_wconf 79' lang='grc' dir='ltr'>ἐπεὶ</span> <span class='ocrx_word' id='word_1_824' title='bbox 1221 2429 1423 2465; x_wconf 81' lang='grc' dir='ltr'>προσωποποιεῖ</span> <span class='ocrx_word' id='word_1_825' title='bbox 1445 2427 1499 2462; x_wconf 62' lang='grc' dir='ltr'><strong>ἰδίᾳ.</strong></span> <span class='ocrx_word' id='word_1_826' title='bbox 1516 2426 1564 2461; x_wconf 79' lang='grc' dir='ltr'>μὲν</span> <span class='ocrx_word' id='word_1_827' title='bbox 1588 2424 1731 2455; x_wconf 75' lang='grc' dir='ltr'>Ἰουδαίους</span> <span class='ocrx_word' id='word_1_828' title='bbox 1747 2424 1819 2450; x_wconf 76' lang='grc' dir='ltr'>αἰτιο-</span> 
     </span>
    </p>
   </div>
   <div class='ocr_carea' id='block_1_113' title="bbox 1038 2469 1820 2510">
    <p class='ocr_par' dir='ltr' id='par_1_113' title="bbox 1038 2469 1820 2510">
     <span class='ocr_line' id='line_1_113' title="bbox 1038 2469 1820 2510; baseline -0.01 -8"><span class='ocrx_word' id='word_1_829' title='bbox 1038 2474 1184 2510; x_wconf 79' lang='grc' dir='ltr'>λογοῦντας</span> <span class='ocrx_word' id='word_1_830' title='bbox 1199 2475 1248 2510; x_wconf 84' lang='grc' dir='ltr'><strong>τὴν</strong></span> <span class='ocrx_word' id='word_1_831' title='bbox 1263 2473 1322 2501; x_wconf 83' lang='grc' dir='ltr'>κατ’</span> <span class='ocrx_word' id='word_1_832' title='bbox 1338 2473 1436 2504; x_wconf 67' lang='grc' dir='ltr'>αὐτοὺς</span> <span class='ocrx_word' id='word_1_833' title='bbox 1454 2471 1602 2508; x_wconf 77' lang='grc' dir='ltr'>μέλλουσαν</span> <span class='ocrx_word' id='word_1_834' title='bbox 1630 2469 1749 2506; x_wconf 72' lang='grc' dir='ltr'>Χριστοῦ</span> <span class='ocrx_word' id='word_1_835' title='bbox 1772 2469 1820 2495; x_wconf 75' lang='grc' dir='ltr'>ἐπι-</span> 
     </span>
    </p>
   </div>
   <div class='ocr_carea' id='block_1_114' title="bbox 1042 2595 1819 2637">
    <p class='ocr_par' dir='ltr' id='par_1_114' title="bbox 1042 2595 1819 2637">
     <span class='ocr_line' id='line_1_114' title="bbox 1042 2595 1819 2637; baseline -0.009 -8"><span class='ocrx_word' id='word_1_836' title='bbox 1042 2602 1105 2628; x_wconf 83' lang='grc' dir='ltr'>(1ιιιη</span> <span class='ocrx_word' id='word_1_837' title='bbox 1119 2610 1125 2628; x_wconf 91' lang='lat'><strong>:</strong></span> <span class='ocrx_word' id='word_1_838' title='bbox 1138 2601 1231 2637; x_wconf 84' lang='grc' dir='ltr'>ὥσπερ</span> <span class='ocrx_word' id='word_1_839' title='bbox 1245 2601 1292 2628; x_wconf 67' lang='grc' dir='ltr'>καὶ</span> <span class='ocrx_word' id='word_1_840' title='bbox 1304 2600 1357 2627; x_wconf 81' lang='grc' dir='ltr'>τῶν</span> <span class='ocrx_word' id='word_1_841' title='bbox 1377 2600 1476 2637; x_wconf 80' lang='grc' dir='ltr'>ἰατρῶν</span> <span class='ocrx_word' id='word_1_842' title='bbox 1491 2607 1554 2637; x_wconf 78' lang='grc' dir='ltr'>ποτε</span> <span class='ocrx_word' id='word_1_843' title='bbox 1567 2598 1641 2637; x_wconf 74' lang='grc' dir='ltr'>λόγοι</span> <span class='ocrx_word' id='word_1_844' title='bbox 1656 2596 1730 2637; x_wconf 54' lang='grc' dir='ltr'>κατὰ</span> <span class='ocrx_word' id='word_1_845' title='bbox 1742 2595 1819 2637; x_wconf 52' lang='lat' dir='ltr'><strong>cetaria</strong></span> 
     </span>
    </p>
   </div>
   <div class='ocr_carea' id='block_1_115' title="bbox 1043 2632 1820 2672">
    <p class='ocr_par' dir='ltr' id='par_1_115' title="bbox 1043 2632 1820 2672">
     <span class='ocr_line' id='line_1_115' title="bbox 1043 2632 1820 2672; baseline -0.01 -8"><span class='ocrx_word' id='word_1_846' title='bbox 1043 2637 1111 2672; x_wconf 73' lang='grc' dir='ltr'>πρὸς</span> <span class='ocrx_word' id='word_1_847' title='bbox 1126 2638 1189 2668; x_wconf 81' lang='grc' dir='ltr'>τοὺς</span> <span class='ocrx_word' id='word_1_848' title='bbox 1207 2632 1361 2672; x_wconf 68' lang='grc' dir='ltr'>κάμνοντας</span> <span class='ocrx_word' id='word_1_849' title='bbox 1379 2632 1532 2672; x_wconf 23' lang='grc' dir='ltr'><strong>ήπέρλκατ-δι</strong></span> <span class='ocrx_word' id='word_1_850' title='bbox 1552 2633 1582 2672; x_wconf 74' lang='grc' dir='ltr'>τὸ</span> <span class='ocrx_word' id='word_1_851' title='bbox 1600 2632 1710 2672; x_wconf 62' lang='grc' dir='ltr'><strong>ἀληθὲς,</strong></span> <span class='ocrx_word' id='word_1_852' title='bbox 1733 2632 1820 2672; x_wconf 45' lang='lat' dir='ltr'><strong>abso-3;</strong></span> 
     </span>
    </p>
   </div>
   <div class='ocr_carea' id='block_1_116' title="bbox 1043 2666 1818 2705">
    <p class='ocr_par' dir='ltr' id='par_1_116' title="bbox 1043 2666 1818 2705">
     <span class='ocr_line' id='line_1_116' title="bbox 1043 2666 1818 2705; baseline -0.009 -7"><span class='ocrx_word' id='word_1_853' title='bbox 1043 2666 1168 2704; x_wconf 76' lang='grc' dir='ltr'>σώζουσι.</span> <span class='ocrx_word' id='word_1_854' title='bbox 1180 2666 1235 2700; x_wconf 46' lang='grc' dir='ltr'>-γει</span> <span class='ocrx_word' id='word_1_855' title='bbox 1246 2666 1303 2703; x_wconf 64' lang='grc' dir='ltr'><strong>ἐίκ,</strong></span> <span class='ocrx_word' id='word_1_856' title='bbox 1316 2666 1410 2705; x_wconf 78' lang='grc' dir='ltr'>ὥσπερ</span> <span class='ocrx_word' id='word_1_857' title='bbox 1425 2666 1472 2696; x_wconf 71' lang='grc' dir='ltr'><strong>καὶ</strong></span> <span class='ocrx_word' id='word_1_858' title='bbox 1488 2668 1541 2705; x_wconf 76' lang='grc' dir='ltr'><strong>τῷν</strong></span> <span class='ocrx_word' id='word_1_859' title='bbox 1556 2667 1659 2705; x_wconf 80' lang='grc' dir='ltr'>ἰατρῶν</span> <span class='ocrx_word' id='word_1_860' title='bbox 1673 2666 1818 2705; x_wconf 24' lang='grc' dir='ltr'>ποτε-*λόγω</span> 
     </span>
    </p>
   </div>
   <div class='ocr_carea' id='block_1_117' title="bbox 1041 2700 1819 2752">
    <p class='ocr_par' dir='ltr' id='par_1_117' title="bbox 1041 2700 1819 2752">
     <span class='ocr_line' id='line_1_117' title="bbox 1041 2700 1819 2752; baseline -0.009 -18"><span class='ocrx_word' id='word_1_861' title='bbox 1041 2700 1137 2752; x_wconf 53' lang='grc' dir='ltr'>τοιοίδε</span> <span class='ocrx_word' id='word_1_862' title='bbox 1151 2708 1213 2739; x_wconf 68' lang='grc' dir='ltr'>τοὺς</span> <span class='ocrx_word' id='word_1_863' title='bbox 1230 2700 1381 2743; x_wconf 77' lang='grc' dir='ltr'>κάμνοντας</span> <span class='ocrx_word' id='word_1_864' title='bbox 1395 2700 1496 2741; x_wconf 68' lang='grc' dir='ltr'>μᾶλλον</span> <span class='ocrx_word' id='word_1_865' title='bbox 1511 2704 1583 2739; x_wconf 77' lang='grc' dir='ltr'>ἥπερ</span> <span class='ocrx_word' id='word_1_866' title='bbox 1596 2700 1667 2729; x_wconf 74' lang='grc' dir='ltr'>κατὰ</span> <span class='ocrx_word' id='word_1_867' title='bbox 1684 2702 1714 2728; x_wconf 79' lang='grc' dir='ltr'><strong>τὸ</strong></span> <span class='ocrx_word' id='word_1_868' title='bbox 1733 2700 1819 2737; x_wconf 75' lang='grc' dir='ltr'>ἀληθὲς</span> 
     </span>
    </p>
   </div>
   <div class='ocr_carea' id='block_1_118' title="bbox 1044 2751 1168 2770">
    <p class='ocr_par' dir='ltr' id='par_1_118' title="bbox 1044 2751 1168 2770">
     <span class='ocr_line' id='line_1_118' title="bbox 1044 2751 1168 2770; baseline 0 -2"><span class='ocrx_word' id='word_1_869' title='bbox 1044 2751 1168 2770; x_wconf 48' lang='grc' dir='ltr'>σωςουσι.</span> 
     </span>
    </p>
   </div>
   <div class='ocr_carea' id='block_1_119' title="bbox 1079 2769 1756 2813">
    <p class='ocr_par' dir='ltr' id='par_1_119' title="bbox 1079 2769 1756 2813">
     <span class='ocr_line' id='line_1_119' title="bbox 1079 2769 1756 2813; baseline -0.01 -9"><span class='ocrx_word' id='word_1_870' title='bbox 1079 2769 1135 2813; x_wconf 70' lang='lat'><strong>(&#39;65)</strong></span> <span class='ocrx_word' id='word_1_871' title='bbox 1149 2778 1227 2806; x_wconf 86' lang='lat' dir='ltr'><strong>Libb.</strong></span> <span class='ocrx_word' id='word_1_872' title='bbox 1242 2777 1336 2805; x_wconf 79' lang='lat' dir='ltr'><strong>excusi</strong></span> <span class='ocrx_word' id='word_1_873' title='bbox 1352 2776 1378 2804; x_wconf 94' lang='lat' dir='ltr'><strong>in</strong></span> <span class='ocrx_word' id='word_1_874' title='bbox 1398 2780 1484 2808; x_wconf 82' lang='lat' dir='ltr'><strong>textu,</strong></span> <span class='ocrx_word' id='word_1_875' title='bbox 1500 2772 1588 2804; x_wconf 74' lang='grc' dir='ltr'>οὐδεὶς</span> <span class='ocrx_word' id='word_1_876' title='bbox 1601 2771 1662 2808; x_wconf 80' lang='grc' dir='ltr'><strong>Θεῷ</strong></span> <span class='ocrx_word' id='word_1_877' title='bbox 1674 2771 1756 2807; x_wconf 71' lang='grc' dir='ltr'>φίλος.</span> 
     </span>
    </p>
   </div>
  </div>
