1908 3099
86 123 149 151 I055

654 121 795 149 CONTRA
816 119 955 148 CELSUM
973 119 1037 146 LIB.
1057 118 1102 145 IV.

1627 116 1696 144 I0“

84 182 186 218 δημίανν
201 180 253 215 ἰδίᾳ
265 180 294 207 δὲ
313 180 494 216 Χριστιανοὺς
509 180 637 214 λέγοντας
659 180 723 215 περὶ
747 179 797 214 τῆς
813 179 862 214 ᾕῆη

921 181 1035 210 rreutur;
1056 175 1170 204 seorsim
1192 174 1274 202 etiam
1304 173 1485 206 Christianos,
1503 173 1550 207 qui
1578 173 1611 200 de
1636 171 1697 201 Filii

84 225 260 262 γεγενημένης
279 225 425 260 ἐπιδημίας
444 226 484 258 είς
499 225 544 252 τὸν
565 225 620 260 βίον
644 225 696 252 τῶν
715 223 864 259 ἀνθρώπων

83 273 125 298 τοῦ
139 271 202 297 Υίοῦ
217 270 264 297 τοῦ
279 270 356 297 Θεοῦ·
375 271 451 306 φέρε,
465 271 513 297 καὶ
523 271 621 302 ταῦτα,
635 271 672 302 ὡς
687 267 743 297 οἷόν
755 270 785 296 τέ
796 271 863 300 ἐστι,

84 316 123 343 διὰ
135 315 254 352 βραχέων
269 315 492 350 κατανοήσωμεν.
512 315 635 342 Ἰουδαῖοι
659 315 691 349 δὴ
710 315 774 349 παρ’
791 313 865 347 αὐτῷ

85 361 195 395 λέγουσι,
213 370 222 385 ι
239 360 416 395 πληρωθέντα
425 360 470 386 τὸν
487 360 542 395 βίον
557 361 646 396 πάσης
660 360 756 391 κακίας
766 359 865 385 δεῖσθαι

84 405 125 432 τοῦ
140 405 383 440 καταπεμπομένου
392 405 445 431 ἀπὸ
458 405 536 431 Θεοῦ·
554 406 586 431 ἵν’
596 407 619 432 οἱ
634 406 680 440 μὲν
693 405 780 432 ἄδικοι
791 405 866 431 κολα-

86 451 171 481 σθῶσι,
184 450 217 476 τὰ
237 450 262 476 δὲ
285 450 373 476 πάντα
396 450 533 486 καθαρθῇ,
561 451 691 485 ἀνάλογον
711 450 749 485 τῷ
767 449 866 486 πρώτῳ

87 496 211 531 συμϐάντι
230 496 284 532 (66)
300 496 495 532 κατακλυσμῷ.
516 507 525 522 ι
551 497 627 523 Ἐπεὶ
642 497 669 523 δὲ
680 497 804 531 λέγονται
820 496 866 522 καὶ

86 542 232 577 Χριστιανοὶ
246 541 350 573 τούτοις
363 542 538 577 προστιθέναι
552 543 644 578 ἔτερα,
662 542 741 578 δῆλον
761 543 802 568 ὅτι
819 542 866 568 καὶ

87 588 180 619 τούτοις
197 589 263 623 φησὶ
280 588 366 616 ταῦτα
381 589 517 623 λέγεσθαι.
535 589 590 615 Καὶ
606 589 631 614 τί
648 588 746 614 ἄτοπον
767 587 814 613 ἐπὶ
833 589 866 622 τῇ

86 634 155 669 χύσει
169 635 217 669 τῆς
237 635 337 667 κακίας
358 636 537 671 ἐπιδημήσειν
564 635 611 661 τὸν
641 632 868 669 ἁποκαθαροῦντα

86 681 126 706 τὸν
141 680 251 714 κόσμον,
267 681 315 707 καὶ
332 681 439 716 ἑκάστῳ
451 682 510 707 κατ’
534 680 611 712 ἀξίαν
630 680 811 715 χρησόμενον;
830 679 867 705 Οὐ

87 725 136 760 γὰρ
149 725 218 752 κατὰ
239 725 361 752 τὸνθεόν
382 726 439 752 ἐστι
464 726 500 761 μὴ
523 726 617 760 στῆναι
632 724 681 760 τὴν
701 724 751 758 τῆς
772 724 869 754 κακίας

88 772 174 806 νομὴν,
191 771 239 797 καὶ
256 771 442 798 ἀνακαινῶσαι
456 771 491 798 τὰ
505 771 664 806 πράγματα.
681 770 768 796 ’Ἱσασι
781 769 809 796 δὲ
823 769 869 795 καὶ

90 817 208 851 Ἕλληνες
241 816 424 851 κατακλυσμῷ
445 817 460 850 ἢ
481 817 547 852 πυρὶ
564 816 612 852 τὴν
627 816 679 850 γῆν
696 815 765 842 κατὰ
779 813 869 849 περιό-

918 223 963 250 Dei
977 222 1002 249 in
1018 222 1140 249 homines
1163 221 1277 247 adventu
1301 220 1435 247 disserant
1460 223 1586 253 tanquam
1613 218 1647 246 de
1668 225 1698 245 re

916 275 976 302 qua:
994 267 1081 302 reipsa
1098 265 1221 299 contigit.
1249 265 1322 297 Quod
1353 269 1507 299 utrumque.
1525 270 1605 297 (luam
1633 262 1698 290 brc-

916 312 1025 339 vissime
1037 311 1147 346 poterit,
1170 310 1384 337 consideremus.
1407 309 1468 336 IImc
1484 309 1566 344 igitur
1580 307 1648 342 apud
1665 306 1699 334 il-

917 357 969 383 lum
980 356 1063 383 Judaei
1081 364 1088 382 :
1105 365 1114 381 ‹
1133 355 1199 382 Cum
1227 355 1299 381 omni
1319 354 1448 380 vitiorum
1472 361 1570 388 genere
1585 353 1640 378 vita
1658 359 1698 378 re-

916 402 984 429 ferta
997 402 1042 434 sit,
1061 401 1129 428 Dens
1142 401 1230 428 mittat
1247 407 1359 427 necesse
1372 404 1423 431 est,
1439 399 1484 434 qui
1501 400 1584 426 malos
1599 398 1697 425 afliciat

916 448 1054 482 suppliciis
1077 451 1105 474 et
1134 451 1260 481 repnrget
1282 446 1384 476 omnia,
1413 450 1443 472 ut
1479 445 1567 479 primo
1596 444 1697 471 diluvio

916 493 1016 520 factum
1037 497 1090 519 est.
1105 502 1114 519 ι
1129 492 1261 525 Quoniam
1288 496 1375 517 autem
1393 490 1521 517 dicuntur
1548 489 1698 517 Christiani

917 539 967 565 alia
984 539 1026 566 his
1038 538 1149 569 addere,
1164 538 1249 572 liquet
1265 541 1291 564 et
1305 537 1361 563 haec
1376 536 1463 570 ipsum
1484 535 1574 562 dicere
1598 536 1631 562 ab
1644 535 1699 562 illis

918 583 1099 611 allirmari.Et
1114 583 1176 618 quid
1190 583 1297 610 absurtli
1321 587 1373 614 est,
1395 582 1466 608 vitiis
1498 587 1598 608 terram
1620 582 1701 608 iuun-

919 629 1056 660 danlibtts,
1088 634 1244 661 venturum,
1274 628 1318 661 qui
1345 627 1474 655 mundum
1505 630 1650 663 perpurget
1672 629 1700 653 et

918 681 979 700 cum
993 680 1153 708 unoquoque
1165 681 1213 708 pro
1232 674 1335 700 meritis
1348 673 1427 707 agat?
1447 673 1503 700 Nec
1524 674 1596 700 enim
1615 672 1701 700 Deum

919 720 1012 747 deceat
1025 719 1077 746 late
1090 725 1243 754 serpentem
1256 720 1404 754 nequitiam
1423 726 1511 745 rerum
1527 719 1701 745 renovatione

919 773 972 792 non
991 765 1098 792 sistere.
1115 765 1165 800 Ipsi
1178 766 1259 792 etiam
1276 764 1363 792 Graeci
1395 770 1495 792 norunt
1512 769 1612 791 terram
1640 764 1702 798 igne

919 810 1078 838 autdiluvio
1092 811 1174 837 certis
1187 811 1348 845 quibusdam
1370 814 1522 844 temporum
1546 810 1703 836 conversio-

88 862 140 894 ὃονς
150 862 358 898 καθαιρομένην,
369 862 405 893 ὡς
412 863 458 888 καὶ
467 862 577 888 Πλάτων
586 869 637 888 που
644 861 713 887 οὕτω
719 860 792 894 λέγει
803 859 868 894 (67)·

922 856 999 883 nibus
1013 856 1132 891 purgari.
1160 857 1227 883 Dicit
1248 857 1319 882 enim
1334 856 1430 883 alicubi
1447 856 1520 883 Plato
1537 865 1542 883 :
1565 865 1574 881 ι
1590 856 1702 888 Quando

91 908 188 934 ι”Οταν
212 907 234 933 δ’
256 909 280 933 oi
301 907 356 933 θεοὶ
375 907 423 942 τὴν
441 907 503 942 γῆν,
528 906 605 933 ὕδασι
625 906 800 942 καθαίροντες
822 913 869 930 κα-

88 952 257 985 τακλύζωσιν,
285 954 309 979 οἱ
334 952 382 988 μὲν
410 953 437 979 ἐν
462 954 517 984 τοῖς
544 952 630 987 ὄρεσι,
647 952 742 979 καὶτὰ
767 950 839 986 ἑξῆς.
856 960 865 976 ι

88 996 193 1024 Λεκτέον
207 997 265 1030 οὖν,
280 999 320 1025 ὃτι
337 997 380 1034 ἄρ’
397 998 444 1024 ἐὰν
457 999 504 1033 μὲν
516 999 614 1024 ἐκεῖνοι
630 997 715 1024 ταῦτα
733 997 867 1032 φάσκωσι,

90 1043 167 1077 σεμνά
185 1045 243 1070 ἐστι
263 1044 310 1069 καὶ
327 1044 405 1078 λόγου
426 1044 488 1075 ἄξια
510 1043 544 1069 τὰ
567 1043 788 1078 ἐπαγγελλόμενα
801 1042 866 1077 (68)-

89 1088 129 1114 ἐὰν
143 1088 169 1114 δὲ
188 1090 269 1124 ἡμεῖς
289 1089 350 1115 τάδε
376 1089 437 1115 τινὰ
461 1089 512 1115 ὑπὸ
533 1089 665 1124 Ἑλλήνων
686 1087 869 1122 ἐπαινούμενα

89 1135 130 1160 καὶ
142 1134 215 1160 αὐτοὶ
227 1134 487 1170 κατασκευάζωμεν,
503 1135 594 1161 οὐκέτι
619 1134 689 1160 καλά
713 1135 771 1160 ἐστι
784 1133 869 1160 ταῦτα

88 1179 218 1214 δόγματας
241 1180 371 1214 Καίτοιγε
393 1178 434 1212 οἷς
456 1180 530 1215 μέλει
550 1181 599 1215 τῆς
624 1174 731 1206 πᾶντων
752 1179 804 1205 τῶν
825 1188 870 1213 γεα

89 1225 245 1260 γραμμένων
258 1224 448 1261 διαρθρώσεως
459 1225 506 1251 καὶ
522 1224 674 1260 ἀκριϐείας,
693 1224 869 1259 πειράσονται

89 1270 213 1296 δεικνύναι
232 1270 264 1296 οὐ
283 1270 361 1305 μόνον
377 1270 426 1306 τὴν
448 1271 616 1306 ἀρχαιότητα
631 1269 684 1296 τῶν
703 1269 790 1295 ταῦτα
802 1277 870 1304 γρα-

88 1314 196 1348 ψάντων,
209 1315 277 1342 ἀλλὰ
291 1316 337 1341 καὶ
350 1315 398 1350 τὴν
411 1316 563 1352 σεμνότητα
580 1315 632 1342 τῶν
645 1314 812 1350 λελεγμένων
824 1315 870 1341 καὶ

89 1361 114 1387 τὸ
127 1361 266 1387 ἀκόλουθον
283 1361 384 1392 αὐτοῖς.

119 1405 172 1432 οὐκ
193 1404 251 1432 οἶδα
273 1406 295 1432 δ’
315 1406 389 1437 ὅπως
412 1405 609 1441 παραπλησίως
628 1405 665 1440 τῷ
686 1403 870 1439 κατακλυσμῷ

91 1453 233 1489 καθήραντι
247 1454 297 1489 τὴν
314 1453 376 1487 γῆν,
395 1452 432 1484 ὡς
445 1453 459 1478 ὁ
480 1451 614 1478 Ἰουδαίων
632 1452 679 1479 καὶ
702 1450 870 1487 Χριστιανῶν

91 1499 202 1534 βούλεται
219 1499 308 1533 λόγος,
321 1499 406 1524 οἴεται
423 1497 469 1524 καὶ
487 1496 537 1532 τὴν
556 1497 602 1523 τοῦ
619 1497 722 1532 πύργου
739 1496 870 1532 καταρρι-

90 1544 129 1578 div
141 1545 289 1578 γεγονέναι.
307 1544 366 1570 Ἰνα
381 1543 434 1578 γὰρ
451 1543 533 1578 μηδὲν
546 1543 700 1578 αίνίσσηται
713 1543 728 1577 ἡ
741 1541 810 1568 κατὰ
824 1541 870 1568 τὸν

91 1590 185 1625 πύργον
200 1590 307 1626 ἱστορία
322 1590 433 1625 κειμένη
449 1590 477 1615 ὲν
490 1589 521 1624 τῇ
534 1588 651 1621 Γενέσει,
665 1588 721 1615 ἀλλ’
733 1588 779 1623 (ὡς
786 1588 869 1614 οἴεται

91 1636 204 1671 Κέλσος,)
231 1636 320 1671 σαφὴς
347 1635 476 1671 τυγχάνῃ·
504 1634 557 1660 οὐδ’
583 1634 653 1660 οὕτω
676 1634 799 1668 φαίνεται
823 1633 870 1660 ὲπὶ

91 1680 221 1717 καθαρσίῳ
260 1681 309 1716 τῆς
346 1681 397 1716 γῆς
429 1679 507 1706 τοῦτο
538 1679 755 1714 συμϐεϐηκέναι·
784 1680 807 1705 εί
833 1679 869 1714 μὴ

91 1727 137 1763 ἄρα
169 1727 316 1763 καθάρσιον
343 1727 392 1761 τῆς
426 1726 476 1761 γῆς
506 1726 590 1752 οἴεται.
622 1725 669 1760 τὴν
699 1725 870 1760 καλουμένην

91 1772 138 1798 τῶν
165 1771 294 1806 γλωσσῶν
328 1770 474 1805 σύγχυσιν·
504 1770 567 1805 περὶ
585 1767 619 1805 ἧς
636 1770 649 1795 ὁ
665 1768 813 1803 δυνάμενος
826 1768 871 1793 εὑ-

91 1817 239 1852 καιρότερον
276 1816 452 1851 διηγήσεται,
489 1814 558 1842 ἐπὰν
592 1814 622 1840 τὸ
653 1810 868 1849 προκείμενονῇ

92 1863 256 1898 παραστῆσαι
271 1862 316 1888 καὶ
332 1861 365 1887 τὰ
377 1860 427 1895 τῆς
437 1860 506 1886 κατὰ
520 1860 565 1886 τὸν
583 1860 665 1886 τόπον
679 1859 798 1894 ἱστορίας
811 1858 870 1884 τίνα

92 1907 141 1942 ἔχοι
149 1908 235 1942 λόγον,
253 1907 346 1934 καὶτὰ
359 1906 409 1941 τῆς
431 1906 494 1941 περὶ
512 1905 593 1932 αὐτοῦ
616 1905 769 1939 ἀναγωγῆς.
794 1903 870 1929 Ἐπεὶ⁸

92 1953 110 1979 δ’
122 1953 341 1985 οἴεταιΜωῡσ-έα,
356 1952 401 1979 τὺν
412 1951 605 1987 ἀναγράψαντα
615 1950 650 1977 τὰ
663 1950 727 1986 περὶ
740 1949 787 1976 τοῦ
800 1949 869 1984 πύρ-

92 2007 134 2032 γου
154 2000 197 2026 καὶ
214 2000 264 2034 τῆς
284 1999 339 2024 τῶν
362 1997 506 2024 διαλέκτων
528 1997 693 2032 συγχύσεως,
719 1995 871 2031 παραφθεί-

94 2052 170 2078 ραντα
192 2044 226 2071 τὰ
253 2044 317 2079 περὶ
345 2042 400 2069 τῶν
434 2042 574 2068 Ἀλωαδῶν
600 2042 654 2077 (69)
682 2041 869 2077 ἱστορούμενα,

92 2090 194 2117 τοιαῦτα
214 2091 278 2126 περὶ
300 2089 347 2116 τοῦ
368 2090 472 2125 πύργου
496 2087 730 2123 ἀναγεγραφέναι·
758 2087 871 2114 λεκτέον

92 2135 168 2162 ὅτιτὰ
180 2137 227 2171 μὲν
236 2136 301 2172 περ).
312 2135 365 2161 τῶν
379 2134 516 2161 Ἀλωαδῶν
529 2135 578 2160 οὐκ
591 2131 666 2168 οἶμαι
678 2133 730 2168 πρὸ
750 2134 869 2169 Ὀμήρου

93 2180 146 2206 τινὰ
165 2181 321 2216 εἰρηκέναι·
340 2180 374 2207 τὰ
386 2180 415 2206 δὲ
429 2179 493 2215 περὶ
508 2179 554 2206 τοῦ
569 2179 673 2215 πύργου
695 2178 784 2214 πολλῷ
804 2188 870 2214 πρε-

95 2225 201 2261 σὸύτερα
218 2226 274 2262 (70)
296 2227 325 2252 οὐ
347 2225 425 2260 μόνον
453 2224 582 2260 Ὀμήρου,
603 2223 672 2250 ἀλλὰ
687 2224 734 2250 καὶ
751 2224 800 2259 τῆς
814 2224 868 2251 τῶν

98 2270 250 2306 Ἑλληνικῶν
263 2271 434 2307 γραμμάτων
453 2270 587 2306 εὑρέσεως
603 2269 677 2300 ὄντα,
691 2270 736 2296 τὸν
749 2270 869 2296 Μωῦσέα

93 2315 301 2353 ἀναγεγραφέναι
320 2317 457 2351 πείθομαι.
472 2315 549 2347 Τίνες
565 2313 611 2341 οὖν
627 2315 724 2350 μᾶλλον
737 2314 772 2341 τὰ
788 2315 869 2341 τίνων

94 2362 332 2398 παραφθείρουσιῊ
351 2359 425 2397 τΑρα
444 2360 478 2387 τὰ
498 2361 561 2395 περ)⁴
582 2360 628 2387 τοῦ
647 2360 750 2396 πύργου
768 2361 791 2386 οἱ
805 2359 868 2395 περ).

99 2405 228 2434 Ἀλωαδῶν
241 2407 420 2443 ἱστοροῦντες,
434 2408 449 2442 ἢ
463 2407 498 2434 τὰ
508 2407 562 2433 τῶν
582 2407 719 2434 Ἀλωαδῶν
733 2408 746 2434 ὁ
759 2406 793 2432 τὰ
804 2407 868 2442 περὶ

94 2451 134 2478 τοῦ
155 2453 257 2489 πύργου
274 2453 321 2479 καὶ
334 2454 383 2489 τῆς
398 2452 552 2488 συγχύσεως
567 2452 621 2479 τῶν
640 2452 785 2479 διαλέκτων
799 2451 868 2488 γρά-

123 2519 249 2548 "Cenes.
276 2528 315 2552 ιι,
330 2521 355 2548 I.
395 2521 417 2537 ⁸¹
434 2521 501 2548 Ibid.
513 2521 540 2549 9.

124 2588 176 2624 (66)
191 2590 464 2626 Duojaticanitrip
480 2590 587 2626 πρῶτον
616 2591 757 2626 συμϐάντι.
784 2590 870 2618 Paulo

93 2628 147 2655 past
159 2625 236 2661 codd.
252 2625 352 2659 Regius
367 2631 393 2661 et
405 2625 577 2658 Basileensis,
591 2625 762 2660 προστιθέναι
776 2626 867 2661 ἕτερα,

95 2663 172 2696 recte,
187 2660 272 2696 Alias,
287 2659 453 2696 περιτιθέναι
466 2660 556 2696 ἕτερα.

125 2692 177 2727 (67)
191 2694 315 2720 Πλάτων
325 2692 387 2721 ’που
401 2695 476 2721 οὕτω
490 2692 580 2729 ﬁeret.
601 2694 667 2721 Vide
681 2694 819 2721 Platonem
839 2695 864 2722 in

96 2725 195 2767 mea.
210 2736 271 2767 pag.
288 2729 334 2761 22,
350 2734 377 2756 et
396 2730 444 2757 lib.
460 2737 490 2756 ιιι
507 2725 544 2756 De
556 2729 646 2764 legib..
660 2729 792 2765 pag.676,
803 2730 864 2763 677,

95 2760 150 2791 678,
164 2769 190 2789 et
203 2760 340 2797 deinceps.

127 2796 178 2830 (b8)
195 2798 241 2834 Idi
273 2796 523 2834 ἐπαγγελλόμενα.
553 2799 709 2826 Boherellus
745 2799 865 2830 mav'ult,

127 2807 178 2830 (οδ)
204 2807 241 2824 ια
273 2807 343 2834 sua)
370 2807 523 2833 -.ικομενω
554 2807 709 2826 υοιιενειιιιε
745 2807 864 2830 mavult.

95 2828 318 2869 ἀπαγγελλόμενα.
342 2807 430 2861 mulo
452 2838 513 2868 post
533 2835 616 2862 codex
629 2834 802 2869 Basileensis,
820 2835 864 2861 καὶ

919 905 1007 928 autem
1027 901 1062 929 dii
1084 906 1181 928 [errant
1206 901 1284 935 aquis
1314 906 1458 935 purgantes
1482 901 1612 928 inducunt
1631 901 1701 927 dilu-

918 947 1003 979 vium,
1024 949 1088 973 tunc
1110 947 1204 973 incohe
1226 948 1368 978 montium,
1389 952 1439 974 etc.
1458 956 1467 972 ι
1483 947 1523 972 An
1536 947 1593 973 hzec
1612 954 1672 973 cum
1687 953 1702 972 a

919 991 1021 1019 Graacis
1037 992 1175 1025 dicuntur,
1198 993 1302 1026 pondus
1327 997 1355 1019 et
1379 992 1568 1019 auctoritatem
1586 991 1701 1023 habent;

920 1043 980 1063 cum
997 1041 1087 1062 autem
1103 1036 1197 1063 eadem
1216 1037 1363 1063 astruituus
1389 1044 1448 1070 qum
1474 1036 1582 1062 laudant
1601 1035 1701 1068 Grazci,

921 1081 971 1108 hoc
984 1081 1041 1116 ipso
1054 1081 1187 1108 vilescunt
1200 1086 1225 1108 et
1240 1081 1338 1107 nullius
1351 1086 1411 1107 sunt
1425 1082 1501 1115 pretii
1516 1082 1571 1109 hac
1585 1082 1681 1116 placita
1691 1082 1704 1109 ?

920 1126 1020 1154 Tamen
1044 1127 1141 1161 quibus
1162 1128 1237 1154 cordi
1253 1132 1294 1154 est
1318 1127 1417 1165 scripta
1443 1128 1533 1153 omnia
1562 1127 1657 1155 ordine
1676 1132 1704 1154 et

920 1178 1047 1199 accurate
1062 1172 1224 1207 ponderare,
1242 1173 1259 1199 ii
1279 1180 1331 1199 non
1352 1172 1431 1199 modo
1454 1174 1641 1207 antiquitatem
1656 1182 1704 1201 eo-

921 1225 983 1244 rnnr
992 1218 1038 1252 qui
1052 1217 1109 1244 haec
1126 1217 1302 1252 scripserunt,
1313 1218 1455 1246 ostendere
1463 1220 1644 1249 conabuntur,
1656 1219 1702 1246 sed

920 1264 1002 1291 etiam
1016 1271 1096 1298 quam
1113 1264 1206 1299 gravia
1224 1263 1269 1290 illa
1289 1264 1343 1291 sint
1362 1268 1389 1291 et
1408 1272 1488 1299 quam
1510 1270 1574 1300 apte
1589 1265 1658 1293 inter
1674 1273 1704 1292 se

921 1309 1084 1336 cohaereant.

956 1410 1001 1437 2|.
1021 1410 1154 1438 Caeterum
1167 1411 1258 1439 nescio
1278 1418 1330 1446 qua
1343 1418 1423 1438 causa
1434 1410 1515 1438 turris
1534 1410 1702 1438 eversionem

919 1456 1022 1491 judicet
1037 1463 1098 1484 esse
1113 1457 1228 1484 similem
1259 1457 1369 1490 diluvio,
1383 1464 1436 1489 quo
1465 1461 1565 1483 terram
1580 1455 1664 1484 Judmi
1677 1461 1704 1483 et

921 1501 1068 1528 Christiani
1081 1505 1221 1536 purgatam
1235 1501 1381 1527 alIirmant.
1397 1500 1430 1527 Ut
1440 1499 1512 1527 enim
1525 1499 1590 1526 nihil
1605 1498 1704 1526 oceulti

921 1546 1021 1573 indicet
1037 1551 1147 1572 narrata
1164 1545 1189 1572 in
1202 1545 1299 1572 Genesi
1318 1545 1400 1572 turris
1413 1545 1484 1572 illius
1497 1544 1610 1572 historia
1623 1544 1656 1577 '°,
1666 1549 1703 1574 et,

921 1596 949 1618 ut
970 1592 1027 1626 ipse
1053 1591 1202 1623 existimat,
1230 1592 1373 1625 perspicua
1397 1591 1450 1623 sit;
1474 1598 1527 1618 non
1554 1591 1590 1616 ita
1614 1594 1704 1616 tamen

920 1636 1030 1663 evidens
1057 1640 1100 1663 est
1129 1636 1153 1662 id
1170 1636 1202 1662 ad
1223 1634 1390 1670 purgandam
1420 1639 1520 1661 terram
1550 1634 1704 1661 accidisse:

921 1682 971 1709 nisi
985 1682 1055 1709 forte
1072 1682 1104 1709 ad
1122 1686 1200 1709 terra:
1226 1681 1415 1716 purgationem
1436 1681 1495 1708 ttsui
1524 1681 1607 1708 finisse
1629 1685 1706 1715 putet

921 1727 1073 1762 linguarum
1091 1728 1275 1754 confusionem
1287 1727 1327 1760 ‘”;
1347 1727 1380 1754 de
1395 1735 1446 1761 qua
1463 1727 1558 1754 doctus
1570 1727 1704 1761 quispiam

920 1773 1125 1801 convcnientius
1142 1777 1214 1807 aget,
1239 1780 1300 1799 cum
1323 1773 1374 1798 sibi
1399 1776 1532 1807 proponet
1560 1772 1705 1799 ostendere

921 1823 947 1846 et
960 1818 1024 1853 quid
1038 1818 1088 1845 sibi
1106 1817 1170 1844 velit
1196 1818 1253 1844 haec
1283 1818 1397 1844 historia
1414 1817 1493 1843 obvio
1510 1824 1589 1843 sensu
1625 1807 1706 1844 acce-

920 1868 979 1898 pta,
1005 1868 1032 1889 et
1055 1864 1087 1889 ad
1099 1863 1162 1896 quid
1185 1863 1312 1889 arcanius
1337 1862 1432 1889 referri
1445 1862 1552 1889 debeat.
1570 1861 1703 1895 Quoniam

921 1908 1000 1943 515
1013 1915 1076 1935 vero
1089 1908 1182 1935 Celsus
1197 1907 1283 1935 credit
1294 1914 1328 1934 ex
1343 1907 1488 1941 depravata
1501 1907 1616 1933 filiorum
1629 1906 1705 1934 Aloei

921 1953 1034 1980 historia
1058 1954 1204 1986 sumpsisse
1226 1952 1354 1987 Moysem,
1370 1959 1430 1986 quae
1443 1952 1475 1978 de
1486 1952 1550 1978 turri
1565 1952 1706 1986 etlingua-

922 2007 982 2025 rum
1000 1998 1159 2026 confusione
1177 1998 1350 2030 memoravit,
1368 1997 1511 2024 dicendum
1529 1996 1629 2023 nullam
1644 1997 1705 2030 qui-

921 2044 981 2071 dem
997 2044 1030 2070 ab
1048 2044 1103 2070 ullo
1119 2048 1180 2070 ante
1194 2042 1341 2070 Homerum
1362 2042 1460 2069 factam
1480 2042 1565 2069 fuisse
1586 2042 1618 2068 de
1642 2041 1704 2067 liliis

920 2090 997 2118 Aloei
1026 2090 1219 2122 mentionem;
1247 2093 1274 2115 at
1301 2089 1384 2115 turris
1411 2088 1551 2114 historiam
1577 2087 1661 2114 fuisse
1689 2096 1702 2113 a

921 2136 1014 2172 Moyse
1041 2135 1242 2170 conscriptam,
1271 2142 1350 2169 quem
1383 2142 1436 2161 non
1454 2133 1540 2161 solum
1566 2133 1703 2164 Ilomcro,

885 2198 907 2225 Ι)
921 2182 967 2210 sed
993 2181 1072 2208 etiam
1095 2181 1250 2208 litterarum
1273 2180 1429 2207 Graecarum
1451 2179 1607 2206 inventione
1633 2177 1704 2204 anti-

922 2228 1044 2261 quiorem
1062 2234 1121 2254 esse
1139 2226 1205 2253 mihi
1223 2233 1383 2260 persuasum
1401 2229 1453 2252 est.
1474 2225 1539 2252 Uter
1562 2225 1644 2259 igitur
1664 2223 1704 2250 al-

921 2273 1006 2299 terius
1031 2273 1132 2306 scripta
1159 2272 1338 2306 depravavit?
1362 2271 1520 2305 Scriptorne
1547 2270 1703 2297 Aloidarum

922 2319 1020 2345 fabulm
1037 2319 1179 2346 historiam
1205 2318 1312 2345 turris?
1330 2317 1370 2344 An
1389 2317 1412 2344 is
1428 2316 1472 2351 qui
1486 2317 1518 2343 de
1534 2317 1601 2343 turri
1615 2320 1642 2342 et
1654 2315 1705 2341 lin-

921 2371 1035 2399 gnarum
1061 2363 1222 2390 confusione
1246 2363 1375 2397 scripsit,
1390 2362 1545 2389 Aloidarum
1567 2361 1704 2387 fabulam?

920 2409 956 2436 At
971 2416 1049 2436 neruo
1065 2416 1157 2443 mqnus
1173 2417 1225 2436 non
1239 2410 1366 2444 agnoscit
1380 2408 1497 2443 Moysem
1512 2415 1571 2435 esse
1587 2407 1704 2434 Ilomero

922 2453 1114 2488 antiquiorem.
1127 2455 1175 2482 Sic
1189 2459 1216 2482 ct
1235 2463 1296 2489 qum
1311 2455 1345 2482 de
1363 2454 1489 2482 Sodomis
1504 2457 1530 2480 et
1544 2452 1703 2480 Gomorrhis

919 2590 995 2617 αὐτοὶ
1011 2589 1270 2625 κατασκευάζωμεν,
1297 2590 1395 2618 melius
1415 2599 1495 2626 quatn
1511 2591 1577 2621 libb.
1594 2592 1700 2626 excusi,

918 2627 965 2652 καὶ
978 2625 1054 2652 αὐτοὶ
1068 2625 1316 2661 κατασκευάζομεν.

954 2661 1009 2696 (69)
1022 2661 1106 2696 Codd.
1121 2660 1218 2696 ltegius
1241 2660 1267 2687 et
1281 2660 1444 2688 Basileensis
1471 2661 1579 2695 ubique.
1601 2661 1701 2689 Ἀλωα-

916 2695 979 2722 δῶν.
1009 2695 1176 2722 Hceschelius
1203 2695 1228 2721 in
1253 2697 1383 2729 margine,
1405 2696 1525 2728 Ἀλωέως
1543 2696 1617 2723 υἱῶν.
1646 2697 1701 2723 Duo

919 2730 1050 2760 Vaticani,
1081 2731 1159 2757 modo
1188 2729 1332 2761 Ἀλωυιῶν,
1357 2730 1436 2757 modo
1464 2731 1596 2764 Ἀλωέων,
1623 2734 1702 2759 modo

927 2765 1083 2791 Ἀλωειδῶν.
1100 2764 1166 2791 Vide
1182 2764 1325 2791 Homerum
1342 2764 1435 2799 Odyss.
1451 2766 1497 2791 lib.
1511 2774 1548 2798 ιιι,
1560 2766 1622 2795 506.

956 2799 1010 2836 (70)
1028 2800 1419 2836 Ilpedé’titepa.__lloherellus
1443 2800 1516 2836 legit,
1551 2801 1700 2836 πρεσϐύτε-

920 2833 976 2870 ρον,
995 2833 1024 2862 ut
1038 2835 1171 2863 referatur
1188 2835 1220 2862 ad
1235 2833 1363 2873 Moysem.‘
