1908 3099
195 143 263 173 1039

933 138 1094 168 ORIGENIS

1748 143 1815 172 1060

191 209 350 238 magnorum
375 204 452 229 erant
477 199 668 236 mysteriorum
692 199 826 236 symbola.
849 199 960 233 Oportui

1027 199 1205 234 νενομισμένα
1225 198 1346 235 σὺμῦολα
1372 198 1496 235 μεγάλων
1524 198 1682 236 μυστηρίων
1708 201 1816 229 ἐποίουν

192 247 275 281 igitur
287 247 378 273 urbem
395 245 479 277 illam,
495 245 540 272 ubi
556 245 613 271 hinc
623 243 703 271 Iesus
716 250 859 277 perpessus
876 242 972 276 fuerat,

192 293 277 320 deleri
289 292 421 324 funditus,
438 290 576 319 Judaicatn
591 294 698 324 gentem
715 289 851 323 dissipari,
868 293 895 316 et
906 289 974 316 alios

191 338 225 364 ad
249 336 296 364 Dei
321 337 516 363 beatitudinem
532 336 633 363 vocari.
659 335 749 368 Atque
774 335 800 361 hi
824 334 973 362 Christiani

192 387 272 416 sunt,
296 383 328 409 ad
349 390 418 417 quos
435 382 468 409 de
486 389 614 416 germano
630 388 751 415 puroque
767 380 813 407 Dei
834 380 907 408 cultu
923 380 972 407 do-

191 429 278 456 ctrina
294 428 417 462 pervenit
429 447 437 460 ,
453 427 553 461 quique
576 425 650 460 leges
668 429 833 460 acceperunt
847 433 931 452 novas
946 430 974 452 et

191 474 345 509 reipublicae
367 473 466 507 ubique
491 476 625 499 terrarum
643 472 744 506 vigenti
769 475 797 498 et
814 472 971 499 constitutae

190 519 430 552 accommodatas;
457 526 518 545 cum
539 521 634 544 c0ntra
656 516 760 551 priores
778 517 909 551 imposita:
926 518 972 545 uni

189 566 261 601 genti
274 586 282 597 ,
302 572 382 600 quam
398 565 478 599 patrii
503 571 579 598 reges
596 564 696 590 eisdem
724 571 756 590 ac
772 565 830 599 ipsa
852 565 973 592 moribus

190 611 402 646 gubernabant,
428 616 501 636 nunc
536 609 570 636 ab
593 608 719 636 omnibus
746 609 886 637 observari
919 618 972 638 non

189 655 306 689 possint.

226 700 271 728 25.
294 699 390 727 Pestea
406 699 499 728 Celsus
514 707 563 735 pro
581 708 654 728 more
672 707 721 728 suo
733 699 841 728 Iudaeos
854 705 881 728 et
897 700 974 728 Chri-

189 746 292 774 stianos
304 746 430 773 deridens
440 766 448 779 ,
463 751 592 780 utrosque
604 752 743 781 comparat
757 756 767 772 t
779 752 825 774 aut
837 747 971 782 vesperti-

188 792 290 819 lionum
307 791 417 827 agmini,
437 797 483 819 aut
498 792 618 820 formicis
633 800 649 820 e
665 793 729 819 nido
746 793 951 827 prorepentibns
963 814 969 826 ,

188 843 233 864 aut
245 839 317 864 ranis
329 837 430 865 circum
443 838 566 872 paludem
579 838 792 872 considentibus,
803 843 849 865 aut
859 838 973 866 lumbri-

187 882 226 908 cis
251 881 277 909 in
299 882 389 916 aliquo
411 883 482 910 caeni
500 884 599 918 angulo
616 884 787 918 congregatis
808 889 835 910 et
854 884 928 910 inter
942 892 971 911 se

187 926 355 962 litigantibus
368 929 478 962 quinam
497 928 602 955 illorum
625 930 710 963 magis
730 930 910 964 peccaverint,
928 930 971 956 di-

186 973 385 1007 centibusqtte:
404 981 452 1001 nos
468 981 560 1000 sumus
574 994 580 1006 ,
597 975 695 1009 quibus
708 975 798 1001 omnia
818 974 887 1002 Deus
902 982 970 1009 prac-

187 1024 321 1045 ntonstrat
331 1023 358 1046 et
370 1019 505 1054 praedicit;
520 1019 597 1047 nobis
611 1020 684 1051 solis,
696 1020 790 1047 relicto
801 1024 857 1048 ιοιο
871 1022 971 1047 mnmlo

186 1062 373 1097 ctelormnque
393 1071 472 1091 cursu
494 1068 521 1091 et
536 1064 659 1098 neglecta
682 1069 735 1091 tuta
754 1072 806 1098 qua
828 1065 881 1091 late
898 1069 971 1099 patet

187 1111 260 1133 terra
275 1127 282 1139 ,
299 1107 422 1140 providet
437 1115 568 1142 suamque
585 1114 676 1134 curant
701 1107 850 1142 impendit;
869 1107 902 1134 ad
921 1115 970 1134 nos

186 1153 258 1180 solos
270 1152 353 1179 mittit
366 1159 514 1187 praecones,
526 1160 576 1180 nec
593 1152 701 1179 mittere
712 1152 822 1184 desinit,
837 1153 970 1180 sollicitus

185 1198 321 1232 quomodo
332 1202 463 1225 aeternum
473 1198 508 1225 illi
521 1198 776 1233 conjungatnumln
788 1197 846 1232 ejus
859 1198 969 1226 fictione

185 1243 288 1270 similes
301 1250 395 1270 sutnus
407 1243 562 1271 vermiculis
578 1244 623 1278 qui
640 1244 780 1272 dicerent:
801 1255 810 1271 ι
822 1246 894 1273 Deus
908 1244 970 1279 qui-

186 1290 245 1318 dem
263 1294 316 1323 est,
332 1290 379 1317 sed
400 1291 550 1325 proximum
570 1290 607 1317 illi
621 1290 709 1318 locum
726 1298 902 1325 occupamus.
923 1291 969 1318 Ille

185 1344 235 1364 nos
248 1336 298 1364 sibi
314 1336 424 1363 omnino
436 1337 539 1363 similes
553 1336 628 1364 fecit.
647 1336 761 1363 Subdita
779 1337 856 1364 nobis
873 1337 967 1363 omnia

186 1386 260 1414 sunt,
278 1386 362 1413 terra,
378 1389 459 1416 aqua,
472 1389 531 1413 aer,
547 1381 653 1412 sidera;
676 1386 785 1416 propter
801 1389 851 1408 nos
865 1381 967 1413 omnia,

184 1427 273 1453 omnia
289 1427 366 1454 nobis
384 1434 481 1461 parere
494 1427 569 1460 jussa
595 1431 668 1454 sunt.
685 1435 694 1452 ι
714 1426 831 1461 Pergunt
848 1427 917 1461 apttd
935 1426 968 1452 il-

185 1473 239 1500 lum
255 1472 395 1499 vermiculi
407 1492 414 1503 ,
431 1480 479 1500 nos
496 1472 622 1499 videlicet
635 1480 643 1499 :
657 1472 894 1506 «Quandoquidem
906 1476 969 1499 sunt

184 1518 256 1545 inter
271 1525 321 1545 nos
336 1519 381 1552 qui
397 1525 425 1545 se
441 1519 562 1553 peccatis
577 1519 774 1549 contaminant,
791 1518 862 1545 Deus
877 1519 967 1545 veniet

184 1568 232 1589 aut
247 1563 336 1590 mittet
346 1562 454 1595 Filium,
468 1568 497 1590 ut
511 1563 627 1590 ﬂammis
641 1563 749 1590 addicat
761 1563 867 1597 impios,
880 1568 907 1590 et
920 1571 968 1590 ca»

186 1610 237 1636 teri
269 1618 329 1636 cttm
349 1610 406 1643 ipso
434 1613 535 1636 attenta
563 1609 617 1636 vita
641 1609 774 1636 fruantur.
790 1619 799 1635 ι
827 1609 909 1636 Addit
927 1610 968 1637 bis

185 1655 322 1686 Omnibus,
335 1664 346 1679 ι
361 1655 446 1690 magis
459 1655 515 1682 haec
527 1654 636 1682 ferenda
656 1663 728 1687 esse,
745 1663 807 1682 ettm
821 1655 892 1682 inter
906 1663 968 1682 vero

186 1699 299 1726 miculos
315 1704 341 1726 et
358 1707 438 1726 ranas
449 1720 456 1731 ,
471 1707 550 1733 quam
567 1708 627 1727 cum
640 1700 747 1728 Judteos
763 1701 835 1728 inter
848 1705 876 1727 et
891 1700 969 1728 Chri-

183 1746 286 1773 stianos
302 1746 482 1780 disputantur.
500 1755 509 1772 ι

220 1835 265 1862 24.
285 1835 319 1863 Ut
335 1837 391 1863 haec
407 1835 541 1869 refellant,
559 1843 604 1863 eos
626 1837 763 1871 interrogo
777 1837 819 1870 qui
833 1836 976 1870 ejusmodi.

184 1880 392 1908 criminationes
407 1881 520 1915 probant
534 1890 540 1908 :
559 1889 592 1908 an
615 1889 709 1908 omnes
733 1882 855 1908 homines
869 1883 966 1908 existi-

185 1925 265 1952 matis
282 1931 391 1960 propter
411 1926 457 1953 Dei
471 1926 680 1960 prmcelleutiam
694 1933 754 1953 esse
771 1931 816 1953 attt
836 1928 966 1961 vesperti-

184 1969 287 1996 lionttm
306 1963 402 2004 agmen
418 1989 425 2002 ,
443 1975 488 1996 aut
505 1969 635 1997 formicas
649 1990 656 2001 ,
672 1975 718 1996 aut
733 1969 900 2002 lumbricos,
919 1973 965 1996 aut

184 2016 286 2042 ranas?
302 2015 342 2042 Ait
362 2020 477 2043 ezcteros
490 2016 597 2049 quidem
616 2016 642 2042 in
656 2016 699 2043 illa
719 2016 896 2043 similituditte
912 2023 964 2042 non

183 2061 411 2096 comprehensos,
434 2061 558 2088 homines
581 2068 640 2088 esse
661 2061 832 2095 permittitis,
847 2068 879 2088 eo
894 2062 965 2096 quod

183 2154 288 2176 clarum
303 2149 422 2183 gentium
438 2149 606 2180 servitutem,
622 2157 770 2184 rursusque
789 2150 868 2182 bella,
884 2157 964 2178 exer-

183 2185 266 2215 citos,
282 2191 314 2210 ae
337 2184 499 2217 triumphos,
524 2189 552 2210 et
567 2189 756 2218 superatorum
771 2192 860 2216 neces.
888 2194 962 2213 mor-

183 2223 292 2252 temque
315 2218 462 2244 centenarii
489 2219 657 2252 peccatoris:
672 2220 713 2245 cui
730 2219 834 2245 duobus
850 2220 961 2246 volumi-

182 2253 261 2279 nibus
278 2253 421 2285 respoudct
432 2253 623 2287 Apollinarius,
645 2261 724 2287 quem
741 2262 792 2280 tton
807 2253 892 2280 solutn
907 2263 962 2281 sua:

182 2291 263 2314 secta:
275 2287 410 2320 homines,
427 2288 473 2314 sed
487 2293 514 2314 et
528 2293 681 2315 nostrormn
697 2288 721 2313 in
737 2289 785 2314 hac
800 2293 876 2321 parte
891 2289 961 2316 dun-

182 2326 268 2353 taxat,
287 2322 412 2358 plurima
439 2322 561 2357 sequitur
587 2322 740 2358 multitudo.
781 2321 814 2350 Ut
841 2331 960 2358 pra-saga

182 2361 272 2383 mente
284 2356 339 2390 jam
356 2363 476 2388 cernant,
495 2363 655 2390 quantoruin
676 2357 702 2382 in
721 2365 764 2383 tite
790 2356 878 2384 rabies
894 2356 960 2385 conv

182 2391 288 2417 citanda
304 2391 349 2418 sit.
363 2400 372 2416 ι
389 2392 517 2418 ΕΠΙΙΗΙΘΙΠ
533 2392 594 2418 vide
606 2391 632 2416 in
646 2390 788 2419 Comment.
802 2394 835 2417 ad
852 2392 959 2424 [hec/1.,

182 2432 243 2460 cap.
255 2433 347 2457 xxx",
367 2431 394 2453 el
409 2427 435 2453 in
453 2426 579 2460 Calalogo
591 2426 680 2460 script.
696 2426 850 2458 ecclesiasl.,
870 2428 896 2454 in
910 2427 962 2454 Pu-

182 2460 244 2493 pia;
260 2461 331 2487 lreu.
345 2461 392 2487 lib.
404 2469 430 2492 v,
449 2469 473 2488 e.
485 2460 529 2492 Ὦ,
548 2459 622 2491 etc.;
642 2459 753 2486 Tertull.
777 2462 845 2488 liltro
862 2463 898 2488 De
916 2471 959 2488 re-

181 2497 340 2522 surrectione
363 2496 463 2528 carnis,
481 2503 540 2528 cap.
553 2495 599 2525 ‘25.
619 2500 646 2521 et.
667 2495 712 2521 lib.
726 2503 754 2521 lll
781 2501 870 2522 contra
886 2496 960 2522 Mar—

181 2529 293 2562 cionem,
320 2538 380 2564 cap.
399 2530 443 2556 '25.
481 2530 540 2556 «De
566 2530 737 2556 restitutione
762 2538 826 2557 vero
848 2531 957 2563 Judaaa,

181 2572 261 2600 quam
286 2570 314 2592 et
332 2565 381 2598 ipsi
397 2564 492 2595 Judmi,
521 2565 556 2591 ita
583 2569 620 2600 uti
637 2565 809 2600 describitur,
838 2569 957 2600 sperant,

181 2599 302 2634 locorum
317 2604 344 2626 et
367 2600 504 2634 regionum
523 2599 675 2626 nominibus
697 2599 808 2630 inducti,
824 2599 958 2634 quomodo

181 2633 324 2668 allegorica
350 2633 536 2668 interpretatio
557 2635 582 2661 iit
611 2634 749 2660 Christum
774 2640 800 2660 ct
817 2633 842 2660 in
866 2634 958 2661 Eccle-

181 2669 259 2699 siatn,
286 2673 313 2695 ct
331 2669 449 2695 ltabitunt
466 2674 494 2695 et
510 2669 626 2695 fructum
643 2669 701 2703 ejus
714 2669 871 2702 spiritaliter
883 2676 958 2696 cont-

180 2706 263 2735 petat,
288 2707 315 2730 ct
330 2704 437 2738 longum
451 2709 492 2730 est
507 2705 641 2738 persequi,
658 2702 693 2730 'et
716 2702 810 2735 ittEalio
821 2711 903 2738 opere
918 2704 958 2729 di-

181 2740 297 2769 gestum,
324 2739 395 2771 qttod
421 2738 592 2765 inscribimus
607 2738 645 2765 De
670 2746 713 2772 spe
730 2739 855 2772 ﬁdelium,
883 2744 910 2764 et
930 2739 955 2764 in

180 2772 304 2806 praesenti
330 2774 370 2798 vel
385 2780 417 2799 eo
431 2774 556 2804 otiosum,
574 2780 635 2806 qula
655 2781 707 2799 non
723 2775 754 2798 de
771 2779 886 2802 terrena,
909 2774 956 2799 sed

181 2805 215 2829 tle
228 2805 330 2841 ctnlesti
347 2807 524 2839 promissione
548 2805 722 2841 sitiquazstio.
748 2807 814 2833 Nam
832 2811 857 2833 ct
873 2808 956 2834 conli-

182 2842 271 2864 temur
294 2840 319 2866 in
346 2846 416 2867 terra
438 2842 514 2869 nobis
539 2850 650 2876 regnum
681 2844 880 2876 repromissum,
908 2843 955 2870 sed

1024 243 1063 278 τῷ
1078 244 1146 279 Θεῷ.
1169 245 1267 280 Ἐχρῆν
1283 243 1328 271 οὖν
1352 245 1459 281 ἐκείνην
1475 245 1523 281 τὴν
1542 246 1630 278 πόλιν,
1644 248 1712 273 ὅπου
1732 247 1816 274 ταῦτα

1024 289 1157 315 πέπονθεν
1173 289 1294 325 ,”1ήσοῦς,
1318 290 1401 325 ἄρδην
1419 290 1584 317 ἀπολωλέναι
1597 311 1604 323 ,
1628 292 1676 318 καὶ
1695 292 1727 317 τὸ
1753 293 1817 318 Ἰου-

1023 334 1095 361 δαῖον
1111 334 1185 366 ἕθνος
1201 335 1349 362 ἀνάστατον
1369 335 1518 368 γεγονέναι,
1532 336 1578 362 καὶ
1596 336 1639 362 ἐπ’
1654 336 1752 367 ἄλλους
1766 337 1815 371 τὴν

1023 380 1069 406 τοῦ
1079 380 1145 407 Θεοῦ
1155 382 1194 413 εἰς
1204 381 1390 417 μακαριότητα
1401 381 1494 417 κλῆσιν
1508 383 1741 418 μεταϐεϐηκέναιυ
1754 385 1817 415 τοις

1023 423 1201 457 Χριστιανους
1215 424 1295 458 λέγω,
1311 425 1354 459 ἐφ’
1377 425 1423 457 οὒς
1444 425 1571 460 ἐλήλυθεν
1588 428 1604 461 ἡ
1628 428 1694 462 περὶ
1711 427 1761 463 τῆς
1778 428 1816 454 εἰ-

1023 467 1158 503 λικρινοῦς
1171 469 1217 495 καὶ
1231 468 1354 504 καθαρᾶς
1373 468 1526 500 θεοσεϐείας
1538 470 1709 504 διδασκαλία,
1725 480 1816 507 παρα-

1022 513 1152 545 λαϐόντας
1164 515 1260 549 νόμους
1275 516 1395 549 καινοὺς,
1410 517 1456 543 καὶ
1473 517 1643 552 ἁρμόζοντας
1659 519 1692 552 τῇ
1712 525 1815 543 παντα-

1023 559 1069 594 χοῦ
1085 560 1243 597 καθεστώσῃ
1259 561 1394 598 πολιτείᾳ·
1409 562 1470 589 ἐπεὶ
1488 563 1525 598 μὴ
1537 564 1561 588 οἱ
1579 563 1714 598 πρότερον
1726 563 1817 590 δοθέν-

1021 614 1077 638 τες,
1091 606 1128 637 ὠς
1145 607 1184 632 ἐνὶ
1200 606 1269 633 ἔθνει
1285 607 1336 634 ὑπὸ
1351 608 1456 635 οἰκείων
1475 609 1521 634 καὶ
1536 609 1662 644 ὁμοήθων
1676 609 1817 644 βασιλευο-

1024 651 1106 686 μένῳ,
1119 649 1169 677 οἷοί
1182 660 1211 677 τε
1224 650 1293 688 ἦσαν
1308 652 1406 684 πάντες
1417 653 1464 679 νῦν
1476 653 1671 680 ἐπιτελεῖσθαι.

1057 695 1133 723 Μετὰ
1156 697 1251 730 ταῦτα,
1273 698 1393 734 συνήθως
1415 699 1502 733 ἑαυτῴ
1519 699 1605 733 γελῶν
1623 699 1654 726 τὸ
1681 700 1820 728 Ἰουδαίων

1023 742 1069 769 καὶ
1082 743 1252 778 Χριστιανῶν
1267 743 1353 778 γένος,
1367 745 1469 776 πάντας
1487 745 1679 780 παραϐέϐληκε
1697 755 1706 770 t
1723 755 1805 773 νυκτε

1023 788 1103 824 ρίδων
1118 787 1240 824 ὁρμαθῷ,
1255 788 1270 823 ἢ
1287 786 1423 822 μύρμηξιν
1435 790 1467 815 ἐκ
1479 789 1574 821 καλιᾶς
1591 789 1786 826 προελθοῦσιν,
1800 792 1818 826 ἢ

1024 833 1168 869 βατράχοις
1185 834 1248 869 περὶ
1266 834 1352 868 τέλμα
1371 834 1583 870 συνεδρεύουσιν,
1597 835 1615 868 ἢ
1630 835 1771 870 σκώληξιν
1789 837 1819 862 ἐν

987 871 1007 898 Β
1024 878 1152 914 βορϐόρου
1176 879 1262 914 γωνίᾳ
1285 878 1504 914 ἐκκλησιάζουσι,
1528 879 1574 905 καὶ
1592 880 1660 914 πρὸς
1682 879 1819 914 ἀλλήλους

1022 923 1235 959 διαφερομένοις,
1253 923 1325 954 τίνες
1335 923 1430 956 ,αὐτῶν
1449 921 1504 949 εἷεν
1518 923 1755 959 ἁμαρτωλὸτεροι,
1772 924 1820 950 καὶ

1022 970 1181 1004 φάσκουσιν,
1195 969 1234 996 ὅτι
1248 969 1334 996 πάντα
1346 971 1411 1005 ἡμῖν
1424 971 1437 996 ὁ
1453 969 1518 999 Θεὸς
1533 969 1664 1005 προδηλοί
1681 970 1730 995 καὶ
1751 977 1821 1004 πριι-

1021 1015 1210 1049 καταγγέλλει,
1224 1015 1270 1042 καὶ
1281 1014 1326 1042 τὸν
1342 1015 1431 1042 πάντα
1445 1016 1546 1051 κόσμον
1561 1016 1608 1042 καὶ
1622 1016 1673 1051 τὴν
1687 1016 1821 1051 οὐράνιον

1022 1060 1107 1096 φορὰν
1133 1060 1283 1093 ἀπολιπὼν,
1307 1061 1354 1087 καὶ
1376 1060 1424 1096 τὴν
1447 1061 1580 1096 τοσαύτην
1602 1061 1653 1095 γῆν
1679 1060 1822 1095 παριδὼν,

1020 1109 1086 1143 ¹ἡμῖν
1106 1107 1195 1142 μόνοις
1211 1107 1415 1142 ὲμπολιτεύεται
1434 1107 1501 1142 (75),
1521 1107 1568 1134 καὶ
1584 1108 1652 1143 πρὸς
1670 1109 1751 1143 ἡμᾶς
1770 1108 1823 1143 μὸ-

1020 1162 1082 1185 νους
1097 1153 1338 1188 ἐπικηρυκεύεται,
1353 1153 1400 1179 καὶ
1421 1152 1537 1188 πέμπων
1556 1153 1585 1180 οὺ
1603 1153 1751 1186 διαλείπει,
1772 1155 1824 1180 καὶ

1020 1199 1109 1235 ζητῶν
1123 1199 1196 1230 ὅπως
1208 1199 1251 1225 ἀεὶ
1262 1198 1384 1233 συνῶμεν
1399 1198 1484 1234 αὐτῷ.
1500 1208 1509 1224 ι
1528 1199 1582 1225 Καὶ
1595 1199 1623 1225 ὲν
1638 1200 1678 1234 τῷ
1690 1200 1825 1226 ἀναπλά-

1020 1245 1103 1280 σματὶ
1121 1253 1152 1278 γε
1170 1243 1265 1270 ἑαυτοῦ
1282 1243 1487 1278 παραπλησίους
1505 1244 1577 1279 ἡμᾶς
1598 1246 1672 1270 ποιεῖ
1694 1244 1825 1279 exthqu

1019 1290 1179 1324 φάσκουσιν,
1194 1289 1234 1315 ὅτι
1251 1298 1260 1314 t
1281 1288 1346 1319 Θεός
1361 1289 1444 1321 ἐστιν,
1457 1286 1517 1315 εἶτα
1536 1288 1595 1324 μετ’
1612 1289 1718 1315 ἐκεῖνον
1732 1291 1825 1324 ἡμεῖς

1019 1337 1064 1362 ὑπ’
1079 1335 1161 1362 αὑτοῦ
1175 1335 1315 1369 γεγονότες
1335 1335 1422 1370 πάντη
1438 1335 1524 1370 ὅμοιοι
1535 1335 1572 1370 τῷ
1585 1335 1660 1370 Θεῷ·
1680 1336 1729 1362 καὶ
1751 1337 1824 1371 ἡμῖν

1019 1381 1106 1407 πάντα
1127 1380 1324 1414 ὑποϐέϐληται,
1347 1379 1393 1414 γῆ,
1420 1379 1467 1405 καὶ
1490 1379 1571 1414 ὓδωρ,
1599 1380 1646 1406 καὶ
1669 1381 1747 1415 ἀὴρ,
1772 1383 1826 1408 καὶ

1018 1427 1115 1462 ἄστρα,
1137 1425 1184 1452 καὶ
1202 1425 1279 1460 ἡμῶν
1304 1425 1384 1450 ἕνεκα
1409 1424 1507 1457 πάντα,
1525 1425 1573 1451 καὶ
1590 1426 1658 1460 ἡμῖν
1673 1425 1824 1452 δουλεύειν

1017 1473 1157 1500 τέτακται.
1186 1481 1195 1497 t
1223 1471 1337 1506 Λέγουσι
1366 1471 1394 1497 δὲ
1419 1471 1484 1506 παρ’
1511 1470 1584 1503 αὐτῷ
1604 1472 1629 1497 οἱ
1656 1471 1824 1507 σκώληκες,

982 1535 1004 1566 C
1021 1519 1101 1553 ἡμεῖς
1114 1517 1223 1552 δηλαδὴ,
1237 1517 1288 1549 ὅτι,
1309 1525 1317 1542 t
1330 1516 1387 1543 Νῦν
1403 1516 1494 1551 ἐπειδή
1513 1524 1583 1548 τινες
1597 1517 1627 1543 ἐν
1639 1518 1706 1552 ἡμῖν
1719 1518 1824 1553 πλημ-

1022 1563 1157 1599 μελοῦσιν,
1172 1563 1296 1597 ἀφίξεται
1310 1562 1385 1594 Θεὸς,
1403 1563 1419 1598 ἦ
1436 1563 1538 1599 πέμψει
1552 1563 1597 1590 τὸν
1610 1563 1686 1593 Υἱον,
1699 1564 1749 1592 ἵνα
1766 1573 1824 1592 κα-

1018 1609 1137 1644 ταφλέξῃ
1154 1608 1215 1639 τοὺς
1232 1608 1349 1640 ἀδίκους,
1371 1608 1417 1634 καὶ
1439 1609 1464 1634 οἱ
1476 1608 1562 1635 λοιποὶ
1580 1609 1628 1635 σὺν
1641 1610 1718 1645 αὐτῷ
1741 1610 1824 1645 ζωὴν

1019 1654 1126 1681 αἰώνιον
1139 1654 1253 1689 ἔχωμεν.
1268 1664 1276 1679 t
1287 1655 1341 1680 Καὶ
1349 1654 1474 1689 ἐπιφέρει
1484 1663 1514 1688 γε
1528 1655 1620 1686 πᾶσιν,
1635 1655 1673 1681 6::
1690 1665 1699 1681 ί
1718 1657 1823 1682 Ταῦτα

1020 1699 1119 1734 μᾶλλον
1139 1699 1250 1732 ἀνεκτὰ,
1278 1700 1426 1735 σκωλήκων
1454 1701 1501 1726 καὶ
1524 1700 1677 1736 βατράχων,
1698 1702 1715 1737 ἦ
1748 1703 1822 1729 Ἰου-

1015 1745 1099 1772 δαίων
1113 1746 1160 1772 καὶ
1177 1745 1347 1781 Χριστιανῶν
1361 1746 1427 1781 (76),
1449 1746 1516 1782 πρὸς
1535 1746 1667 1782 ἀλλήλους
1682 1746 1822 1783 διαφερο-

1019 1791 1116 1826 μένων.
1139 1801 1148 1816 ι

1053 1837 1124 1872 Πρὸς
1154 1837 1241 1864 ταῦτα
1272 1838 1304 1873 δὴ
1334 1837 1523 1874 πυνθανόμεθα
1553 1839 1607 1865 τῶν
1640 1838 1820 1874 ἀποδεχομέ-

1017 1892 1069 1909 νων
1081 1883 1116 1910 τὰ
1129 1882 1199 1910 οὕτω
1218 1883 1278 1910 καθ’
1298 1884 1375 1919 ἡμῶν
1391 1885 1531 1920 εἰρημένα,
1546 1884 1593 1911 καί
1606 1893 1716 1920 φαμεν·
1737 1884 1817 1920 τΑρα

1018 1929 1122 1961 πάντας
1134 1928 1181 1955 ἀνθ
1187 1928 1292 1964 ρώπους
1304 1929 1421 1965 ὁρμαθδν
1437 1928 1506 1957 εἶναι
1518 1930 1694 1965 νυκτερίδων,
1706 1930 1725 1964 ἢ
1742 1930 1816 1965 μύρ-

1018 1982 1117 2009 μηκας,
1139 1974 1155 2008 ἢ
1180 1974 1339 2009 βατράχους,
1363 1974 1379 2010 ἢ
1406 1974 1559 2009 σκώληκας,
1585 1975 1814 2009 ὑπολαμϐάνετε,

1015 2019 1060 2046 διὰ
1071 2020 1121 2055 τὴν
1134 2018 1179 2046 τοῦ
1196 2020 1263 2046 Θεοῦ
1276 2021 1428 2055 ὑπεροχήν;
1446 2021 1481 2047 Ἣ
1497 2021 1558 2052 τοὺς
1574 2021 1623 2055 μὲν
1640 2020 1744 2052 ἄλλους
1765 2021 1815 2047 ἀν-

1016 2065 1139 2102 θρώπους
1151 2066 1191 2097 εἰς
1204 2066 1252 2102 τὴν
1266 2066 1449 2102 προκειμένην
1463 2066 1555 2093 εἰκόνα
1570 2066 1607 2102 μὴ
1621 2067 1815 2102 πραλαμὸἀ-

1016 2155 1080 2177 ante
1095 2148 1204 2182 ctelum,
1233 2151 1279 2178 setl
1305 2151 1357 2178 alio
1383 2156 1466 2181 statu,
1490 2156 1581 2184 utpote
1597 2156 1659 2184 post
1675 2159 1810 2179 resurre-

1015 2186 1132 2220 ctionem
1155 2186 1180 2212 in
1205 2187 1277 2213 inille
1302 2194 1398 2218 annos,
1427 2187 1453 2212 in
1471 2186 1581 2213 civitate
1597 2187 1686 2213 divini
1713 2187 1809 2220 operis

1014 2219 1166 2246 Jerusalem
1180 2220 1250 2247 cutio
1266 2221 1370 2253 delata;
1388 2229 1467 2254 quant
1483 2225 1509 2247 ct
1523 2221 1672 2253 Apostolus
1690 2219 1808 2248 matrem

1014 2260 1135 2290 nostram
1161 2262 1266 2281 sursum
1294 2257 1426 2290 designat,
1450 2260 1477 2282 et
1496 2255 1647 2290 πολίτευμα
1667 2262 1806 2288 nostrum,

1013 2289 1038 2324 id
1062 2294 1113 2319 est.
1141 2289 1396 2324 municipatuut.’in
1423 2291 1498 2318 caelis
1520 2297 1581 2317 esse
1607 2291 1805 2323 pronuntians,

1012 2323 1091 2358 alicui
1109 2325 1203 2358 tttique
1218 2323 1323 2351 ctrlesti
1339 2326 1442 2351 civitati
1462 2332 1522 2351 cum
1538 2326 1661 2358 deputat.
1685 2325 1762 2351 Itane
1777 2330 1807 2351 rt

1012 2357 1135 2394 _E_zechiel
1152 2359 1236 2394 novit,
1252 2365 1278 2385 et
1290 2360 1425 2393 apostolus
1435 2359 1553 2386 Joannes
1566 2357 1633 2385 vidit
1650 2359 1780 2394 (Lactant
1794 2379 1803 2391 ,

1011 2391 1056 2428 lib.
1071 2400 1119 2428 vn1
1136 2401 1160 2419 c.
1173 2392 1230 2428 2t).
1248 2402 1256 2418 ι
1286 2391 1412 2427 Aitgust.,
1433 2394 1477 2421 lib.
1492 2402 1537 2425 xx,
1555 2401 1615 2427 cap.
1635 2391 1686 2426 29,
1713 2394 1752 2421 De
1767 2395 1807 2420 ci-

1011 2427 1088 2453 t-ilate
1106 2427 1153 2454 Dei
1169 2436 1178 2454 :
1195 2437 1203 2453 t
1218 2428 1267 2454 Per
1282 2429 1352 2455 hunc
1369 2428 1464 2460 Eliattt,
1484 2436 1610 2462 magnum
1629 2429 1804 2456 mirabilem-

1010 2467 1062 2494 que
1079 2464 1249 2496 prophetam.
1275 2464 1396 2496 exposita
1411 2464 1462 2490 sibi
1480 2464 1548 2496 lege,
1564 2463 1662 2489 ultimo
1680 2469 1803 2497 tempore

1010 2501 1083 2533 ante_
1096 2497 1227 2530 judicium
1243 2497 1355 2533 Judazos
1371 2498 1396 2524 in
1411 2497 1547 2524 Christum
1564 2505 1661 2524 verum
1690 2498 1731 2533 (td
1749 2503 1800 2528 est.

1010 2530 1036 2556 itt
1064 2531 1200 2558 Christum
1227 2532 1360 2568 nostrum)
1379 2539 1438 2559 esse
1467 2533 1620 2568 credituros
1645 2530 1801 2560 celeberri-

1010 2572 1082 2600 ntnm
1111 2571 1153 2593 est
1188 2569 1213 2593 in
1238 2569 1407 2594 sermonibus
1432 2567 1614 2600 cordibusque
1634 2568 1798 2594 ﬁdelium.-

1010 2599 1140 2627 Srsncen.

1043 2635 1099 2670 (75)
1126 2637 1370 2670 Έμπολιτεύεται-
1395 2635 1563 2664 [imschelius
1585 2635 1613 2663 in
1632 2641 1728 2668 textu,
1752 2636 1799 2663 ἐκ·

1008 2669 1204 2697 πολιτεύεσθαι.
1219 2671 1302 2697 Cottd.
1322 2671 1430 2704 lit-gius,
1447 2671 1614 2698 Basileensls
1629 2676 1658 2699 et
1674 2674 1730 2699 duo
1747 2671 1800 2698 Va-

1009 2705 1103 2737 ticani,
1120 2706 1298 2732 πολιτεύεται.
1336 2714 1339 2717 ’

1043 2740 1098 2773 (Ἠῑ)
1121 2740 1293 2767 ιΙωευΙιυΙειιδ
1315 2745 1342 2768 et
1357 2741 1509 2774 Spettcerus
1523 2740 1575 2767 hoc
1591 2740 1652 2767 loco
1678 2742 1723 2768 hal
1736 2745 1796 2771 ent,

1006 2775 1090 2813 ταῦτα
1106 2775 1205 2813 ἀνεκτὰ
1219 2774 1364 2813 σκωλήκων
1380 2776 1397 2811 ἢ
1413 2776 1564 2811 βατράχων,
1581 2775 1597 2811 ἢ
1617 2776 1734 2803 Ἰουδαίρ
1744 2785 1768 2813 ν,
1781 2781 1797 2813 ἦ

1006 2810 1185 2844 Χριστιανῶν,
1200 2811 1244 2837 sed
1263 2810 1407 2837 lectionem
1423 2819 1563 2845 sequuntur
1578 2819 1640 2845 qua:
1660 2815 1732 2839 intra
1749 2811 1787 2838 In

1009 2846 1089 2871 betur
1106 2846 1155 2873 sub
1173 2847 1253 2873 liuctn
1270 2853 1343 2872 nunt.
1358 2846 1403 2872 50.
