1908 3099
122 111 193 138 1065

701 111 839 139 CONTRA
860 110 998 139 CELSUM
1019 110 1082 137 Llll.
1102 109 1147 136 lV'.

1673 111 1742 137 1066

119 170 264 206 μύρμηκες
280 171 327 197 καὶ
346 171 475 206 βάτραχοι
491 172 515 197 οἱ
531 172 777 203 καταπεπτωκότες
792 172 845 198 ἀπὸ
859 171 900 205 τῆς

960 170 1036 200 culis.
1055 177 1105 204 pro
1127 168 1248 196 formicis
1265 171 1291 195 et
1303 176 1351 203 pro
1365 169 1440 196 ranis
1455 169 1593 198 habendos
1611 176 1680 202 esse,
1695 174 1741 205 qui

121 215 184 251 περὶ
198 215 264 240 θεοῦ
285 216 377 249 ὑγιοῦς
394 215 564 251 ὑπολήψεως,
581 216 715 251 φαντασίᾳ
729 216 750 241 δ’
769 215 907 246 εὐσεϐείας

117 262 176 296 ἦτοι
194 261 276 295 ἄλογα
298 261 354 293 ζῶα
367 261 386 298 ἢ
402 261 547 296 ἀγάλματα
567 262 700 293 σέϐοντες,
717 262 734 297 ἢ
751 262 796 288 καὶ
809 261 843 287 τὰ
860 261 907 296 δη-

119 308 324 342 μιουργήματα’
337 307 395 334 δέον
412 307 443 333 ὲκ
466 307 512 333 τοῦ
526 307 639 338 κάλλους
654 307 742 333 αὐτῶν
758 307 906 341 θαυμάζειν

117 353 162 379 τὸν
186 353 362 388 πεποιηκότα,
388 353 511 379 κάκεῖνον
528 353 631 378 σέϐειψ
648 352 783 388 ἅνθρωποι
803 352 840 383 δὲ,
859 352 905 378 καὶ

117 397 143 422 εἴ
156 406 183 424 τι
201 397 351 432 ἀνθρώπων
364 396 536 432 τιμιώτερον,
551 397 575 423 οἱ
596 396 755 431 δυνηθέντες
775 396 905 430 ἀναϐῆναι

116 440 325 472 ἀκολουθοῦντες
342 440 379 475 τῷ
399 441 470 476 λόγῳ
484 441 537 467 ἀπὸ
554 441 633 467 λίθων
653 441 700 467 καὶ
725 440 820 473 ξύλων,
838 440 906 466 ἀλλὰ

117 486 224 521 καὶτῆς
238 487 415 522 νομιζομένης
430 486 496 522 ὕλης
511 485 580 513 εἶναι
599 487 766 522 τιμιωτάτης
784 485 903 521 ἀργύρου

117 532 162 558 καὶ
175 532 275 568 χρυσοῦ
286 542 292 547 ·
311 533 460 565 ἀναϐάντες
475 533 502 559 δὲ
515 533 561 559 καὶ
572 533 625 559 ἀπὸ
641 532 695 558 τῶν
707 534 735 559 ἐν
750 533 843 567 κόσμῳ
855 541 904 558 κα-

115 577 169 603 λῶν
188 578 235 604 ἐπὶ
254 578 298 604 τὸν
316 578 350 603 τὰ
372 578 419 604 ὅλα
436 578 596 613 ποιήσαντα,
615 578 661 603 καὶ
684 577 779 611 ἐκείνῳ
794 576 904 608 ἑαυτοὺς

116 623 321 655 πιστεύσαντες,
347 623 393 650 καὶ
407 623 444 655 ὡς
470 624 541 658 μόνῳ
560 624 680 659 διαρκεῖν
697 622 838 658 δυναμένῳ
858 623 904 648 ἐπὶ

117 669 206 695 πάντα
219 668 253 695 τὰ
271 669 345 700 ὄντα,
361 670 407 695 καὶ
427 670 526 704 ἐφορᾷν
541 669 603 701 τοὺς
623 670 730 695 πάντων
747 668 902 702 λογισμοὺς,

115 716 160 742 καὶ
182 716 291 742 ἀκούειν
315 716 364 751 τῆς
386 716 492 742 πάντων
515 716 614 751 εὐχῆς·
629 715 679 746 τὰς
703 714 783 749 εὐχὰς
807 714 903 748 ἐκείνῳ

115 762 332 796 ἀναπέμποντες,
355 762 401 788 καὶ
415 761 452 793 ὡς
468 761 514 788 ἐπὶ
535 761 631 788 θεατοῦ
649 760 729 787 αὐτοῦ
754 760 807 786 τῶν
829 768 902 794 γινο-

116 807 204 842 μένων
223 807 312 833 πάντα
328 807 502 842 πράττοντες,
523 807 569 833 καὶ
586 807 622 838 ὡς
638 806 682 832 ἐπὶ
700 805 834 842 ἀκροατοῦ
849 805 901 831 τῶν

114 852 267 888 λεγομένων
289 852 484 888 φυλαττόμενοι
507 853 596 887 λέγειν
616 852 646 878 τὸ
670 852 706 887 μὴ
731 851 901 886 ἀρεσκόντως

113 899 349 933 ἀπαγγελλόμενον
364 899 403 933 τῷ
415 898 483 934 Θεῷ.
499 899 529 925 EE
549 899 585 934 μὴ
598 897 651 934 ἆρα
665 899 681 933 ή
694 897 843 932 τηλικαύτη
859 897 903 922 εὐ-

115 945 207 971 σέϐεια
229 944 284 971 οὗθ’
300 945 352 971 ὑπὸ
370 945 468 976 πόνων,
484 943 540 970 οὔθ’
557 944 608 970 ὑπὸ
625 943 753 970 κινδύνων
776 942 901 974 Θανάτου,

113 989 167 1016 οὗθ’
184 990 236 1016 ὑπὸ
256 990 371 1024 λογικῶν
383 990 569 1025 πιθανοτήτων
586 990 734 1024 νικωμένη,
751 987 825 1014 οὐδὲν
842 987 903 1022 βοηο

113 1035 154 1062 θεῖ
169 1037 225 1068 τοῖς
248 1036 418 1071 ἀνειληφόσιν
435 1036 520 1071 αὐτὴν
542 1035 610 1070 πρὸς
629 1035 659 1060 τὺ
683 1034 780 1069 μηκέτι
804 1033 901 1065 αὐτοὺς

113 1081 334 1116 παραϐάλλεσθαι
357 1081 501 1117 σκώληξιν,
522 1082 546 1106 εί
564 1081 610 1106 καὶ
633 1079 833 1115 παρεϐάλλοντο
849 1078 902 1113 πρὸ

111 1126 160 1161 τῆς
173 1126 340 1161 τηλικαύτης
364 1126 522 1158 εὐσεϐείας;
537 1123 610 1160 ’Ἃρα
623 1124 651 1150 δὲ
669 1125 694 1150 οἰ
709 1122 836 1154 νικῶντες
852 1123 901 1157 τὴν

111 1171 279 1207 δριμυτάτην
301 1171 368 1207 πρὸς
385 1171 530 1207 ἀφροδίσια
550 1170 648 1205 ὄρεξιν,
669 1169 772 1195 πολλῶν
794 1168 902 1202 ποιήσα-

113 1224 162 1242 σαν
187 1217 251 1247 coli;
267 1215 369 1251 θυμοὺς
392 1215 547 1251 μαλθακοὺς
565 1215 612 1241 καὶ
631 1214 769 1250 κηρίνους,
791 1213 837 1239 καὶ
859 1212 901 1238 διὰ

111 1260 190 1287 τοῦτο
211 1261 349 1294 νικῶντες,
371 1261 498 1297 ἐπείπερ
517 1260 681 1295 ἐπείσθησαν
699 1259 735 1294 μὴ
753 1258 840 1289 ἄλλως
863 1258 901 1283 οἱ·

112 1306 259 1341 κειωθῆναι
275 1306 402 1334 δύνασθαι
415 1306 454 1341 τῷ
469 1306 537 1341 Θεῷ,
556 1306 602 1332 ἐὰν
617 1305 654 1341 μὴ
669 1305 715 1331 καὶ
735 1304 780 1330 διὰ
796 1312 901 1339 σωφρο-

113 1351 195 1387 σύνης
212 1352 331 1379 ἀναϐῶσι
346 1352 414 1388 πρὸς
428 1352 518 1384 αὑτὸν,
535 1351 681 1386 σκωλήκων
699 1351 762 1385 ὑμῖν
777 1349 900 1376 δοκοῦσιν

112 1395 180 1424 εἶναι
195 1398 314 1433 ἀδελφοὶ,
336 1399 382 1425 καὶ
400 1399 552 1434 μυρμήκων
574 1398 723 1431 συγγενεῖς,
738 1396 784 1422 καὶ
801 1396 900 1431 βατρά-

111 1451 166 1477 χοις
185 1443 387 1478 παραπλήσιοι;
406 1443 439 1469 Τί
455 1443 493 1474 δὲ,
510 1443 540 1468 τδ
559 1442 684 1478 λαμπρδν
698 1442 747 1476 τῆς
762 1441 899 1468 δικαιοσύ-

111 1495 168 1522 νης,
181 1487 318 1523 τηρούσης
331 1488 361 1514 τὸ
375 1488 441 1523 πρὸς
453 1488 497 1514 τὸν
510 1487 622 1522 πλησίον
637 1487 683 1513 καὶ
702 1485 829 1521 ὁμογενὲς
843 1494 900 1512 κοι-

111 1533 233 1565 νωνικὸν,
246 1533 291 1559 καὶ
303 1533 417 1565 δίκαιον,
436 1534 482 1560 καὶ
497 1532 695 1568 φιλάνθρωπον,
712 1533 758 1558 καὶ
773 1531 898 1566 χρηστὸν,

109 1578 184 1605 οᾶδὲν
199 1578 275 1605 ἀνύει
288 1579 354 1614 πρὸς
364 1579 397 1605 eo
410 1579 446 1614 μὴ
457 1576 525 1605 εἶναι
537 1577 680 1612 νυκτερίδα
690 1577 735 1603 τὸν
744 1576 841 1603 τοιονδί
853 1585 859 1608 ;
875 1576 899 1602 οἱ

110 1623 136 1650 δὲ
150 1625 214 1659 περὶ
228 1624 276 1656 τὰς
295 1624 441 1655 ἀκολασίας
464 1624 676 1659 καλινδούμενοι,
693 1623 778 1649 ὁποῖοί
794 1625 860 1649 εἰσιν
874 1623 899 1649 οἱ

111 1669 203 1696 πολλοὶ
212 1670 264 1696 τῶν
276 1669 435 1705 ἀνθρώπων,
451 1671 496 1697 καὶ
513 1671 537 1696 οἱ
549 1671 607 1701 ταῖς
625 1669 809 1704 χαμαιτύπαις
826 1668 900 1694 ἀδια-

111 1716 201 1751 φόρως
216 1716 270 1750 (84)
285 1716 451 1751 προσιόντες,
463 1715 630 1746 διδάσκοντες
642 1714 669 1740 δὲ
682 1714 728 1741 καὶ
744 1713 780 1749 μὴ
792 1714 899 1744 πάντως

111 1762 185 1797 παρὰ
212 1761 242 1787 τὸ
261 1761 380 1796 καθῆκον
395 1761 449 1797 (85)
470 1760 550 1787 τοῦτο
566 1759 697 1794 γίνεσθαι,
718 1758 768 1785 οὔκ
782 1760 849 1785 εἰσιν
870 1759 898 1785 ἐν

111 1806 233 1843 βορϐόρῳ
255 1806 410 1842 σκώληκεςς
426 1807 471 1833 καὶ
487 1806 603 1841 μάλιστα
624 1805 829 1840 συγκρινόμενοι
844 1805 900 1835 τοῖς

110 1852 257 1888 διδαχθεῖσι
272 1853 309 1888 μὴ
327 1862 335 1878 ι
354 1853 449 1887 αἴρειν
463 1852 499 1879 τὰ
510 1852 587 1887 μέλη
603 1852 654 1878 τοῦ
670 1851 808 1884 Χριστοῦ,
827 1859 835 1874 ι
854 1850 900 1875 καὶ

110 1898 139 1924 τὸ
153 1898 207 1925 ὑπὸ
221 1898 268 1925 τοῦ
281 1899 366 1932 Λόγου
379 1898 534 1933 οἰκούμενον
554 1898 643 1933 σῶμα,
658 1899 702 1924 καὶ
715 1897 812 1923 ποιεῖν
825 1896 899 1924 αὐτὰ

110 1944 225 1979 πόρνης
232 1945 311 1978 μέλη
322 1953 328 1959 ·
344 1943 457 1979 μαθοῦσι
471 1944 499 1970 δὲ
510 1943 559 1979 ἤδη
573 1945 619 1970 καὶ
632 1944 672 1970 ὅτι
683 1943 737 1979 (86)
753 1943 781 1969 τὸ
793 1942 839 1969 τοῦ
857 1943 899 1969 λο-
913 1980 917 1983 ἢ

110 1990 189 2024 γικοῦ
221 1990 267 2016 καὶ
293 1989 331 2024 τῷ
354 1989 413 2024 Θεῷ
433 1989 488 2015 τῶν
512 1989 579 2015 ὅλων
606 1988 783 2023 ἀνακείμενον
808 1987 898 2023 σῶμα,

113 2045 122 2061 ι
155 2035 230 2068 ναός
264 2045 273 2060 ι
306 2036 363 2060 ἐστι
391 2034 438 2060 τοῦ
468 2034 702 2069 προσκυνουμένου
733 2033 778 2060 ὑπ’
810 2033 899 2059 αὐτῶν

113 2091 122 2107 ‹
142 2081 228 2112 Θεοῦ,
251 2089 260 2105 ι
282 2080 400 2106 τοιοῦτον
421 2079 474 2105 ἀπὸ
493 2079 543 2114 τῆς
565 2079 689 2114 καθαρᾶς
711 2079 774 2114 περὶ
787 2078 834 2104 τοῦ
851 2079 898 2113 δη-

112 2126 243 2163 μιουργοῦ
257 2126 359 2157 ἐννοίας
373 2125 529 2160 γινόμενον·
549 2124 573 2150 οἳ
588 2124 635 2150 καὶ
649 2123 843 2158 φυλαττόμενοι
856 2123 898 2150 διὰ

110 2175 158 2210 τῆς
182 2173 341 2209 παρανόμου
361 2172 501 2203 συνουσίας
516 2172 636 2207 φθείρειν
658 2181 667 2196 ι
685 2170 738 2196 τεν
752 2170 827 2196 ναὸν
846 2170 898 2196 τοῦ

112 2219 196 2251 Θεοῦ,
218 2230 227 2245 ι
243 2219 280 2251 ὡς
295 2219 335 2250 εἰς
351 2219 417 2245 Θεὸν
434 2217 572 2244 εὐσέϐειαν
590 2216 703 2243 ἀσκοῦσι
718 2216 766 2251 τὴν
791 2224 896 2251 σωφρο-

112 2266 203 2301 σύνην.

145 2312 200 2338 Καὶ
226 2311 302 2337 ούπω
327 2311 397 2344 λέγω
421 2310 455 2336 τὰ
476 2309 556 2335 λοιπὰ
584 2310 612 2334 ἐν
634 2307 787 2342 ἀνθρώποις
814 2306 896 2338 κακὰ,

111 2354 146 2384 ὧν
162 2358 193 2384 οὑ
210 2357 315 2392 ταχέως
330 2356 384 2383 οὐδ’
398 2357 422 2382 οἱ
441 2355 594 2389 φιλοσοφεῖν
613 2353 754 2384 δοκοῦντες
768 2353 900 2388 καθαρεύ-

109 2412 168 2429 ουσι
178 2411 184 2418 ·
201 2402 293 2429 πολλοὶ
308 2401 362 2437 γὰρ
374 2402 420 2427 καὶ
433 2402 457 2427 οἱ
474 2402 503 2427 ὲν
517 2399 660 2434 φιλοσοφίᾳ
671 2399 753 2425 νόθοι.
769 2398 837 2425 Οὑδέ
853 2407 899 2434 φη-

112 2449 141 2484 μί
153 2458 205 2479 πω,
218 2448 259 2474 ὅτι
274 2447 358 2474 πολλά
373 2447 422 2482 μέν
435 2447 491 2472 ὲστι
505 2446 537 2472 τὰ
544 2445 656 2472 τοιαῦτα
671 2444 745 2480 παρὰ
758 2446 813 2476 τοῖς
830 2445 899 2479 μήτε

116 2494 252 2526 Ἰουδαίοις
268 2494 336 2529 μήτε
346 2493 526 2528 Χριστιανοῖς.
540 2492 617 2518 Ἤτοι
631 2491 659 2517 δὲ
669 2491 722 2517 οὐδ’
731 2490 798 2521 ὅλως
812 2490 899 2524 ὑπάρ-

110 2548 151 2575 χει
167 2541 197 2566 ὲν
212 2540 400 2576 Χριπιανοίς·
422 2540 445 2565 εξ
465 2538 566 2574 κυρίως
582 2535 728 2570 ἐξετάζοις,
743 2536 784 2567 τίς
798 2537 812 2562 ό
830 2536 897 2570 Χρι-

111 2586 232 2618 στιανός·
247 2585 264 2621 ἢ
275 2586 299 2612 εἰ
312 2585 358 2612 καὶ
371 2583 505 2619 εὑρεθείη,
517 2582 574 2610 ἀλλ’
586 2581 643 2609 οΰτι
657 2590 689 2616 γε
705 2583 734 2609 ἐν
749 2582 805 2612 τοῖς
820 2588 897 2607 συνε-

149 2659 173 2676 "
186 2658 197 2686 Ι
209 2658 273 2686 Cor.
289 2665 327 2689 v1,
344 2657 388 2684 15.
427 2655 449 2671 ⁵³
466 2654 549 2682 lCor.
565 2654 666 2686 111,16.

145 2728 202 2765 (81)
221 2727 405 2761 Ἀδιαφόρως.
428 2726 471 2765 ita.
489 2729 564 2765 recte
586 2723 697 2765 omnino
717 2723 798 2765 habet
813 2722 897 2765 codex

112 2757 286 2794 Balileeusis,
298 2757 343 2788 ’ρι’
356 2757 434 2796 vetns
451 2759 606 2796 vaticamts.
630 2759 725 2796 __Alias_,
750 2757 896 2796 διαφόρως,

113 2799 192 2826 male.
209 2792 284 2825 Infra
306 2796 384 2823 codd.
412 2795 512 2829 Regius
529 2799 555 2821 ct
577 2793 748 2827 Basileensis,
773 2792 824 2818 ὑπὸ
850 2792 896 2818 τοῦ

110 2834 196 2868 Λόγου
208 2834 296 2859 οὶκονο
300 2831 349 2866 μού
354 2838 432 2866 μενον
448 2829 537 2864 σῶμα.

277 2879 333 2907 Pin
343 2886 412 2906 om.
436 2876 493 2905 (in.
523 2875 575 2904 XI.

959 223 1025 243 sana
1044 216 1076 242 tle
1091 215 1145 241 Deo
1164 215 1268 248 perdita
1288 215 1421 242 sententia
1434 235 1441 247 ,
1464 223 1531 242 vana
1549 216 1660 250 pietatis
1677 217 1743 244 illla-

958 261 1018 295 gine
1033 260 1128 294 delusi,
1145 264 1191 286 aut
1206 259 1333 287 animalia
1350 261 1463 288 rationis
1481 262 1603 295 expertia
1615 282 1622 293 ,
1642 267 1688 288 aut
1703 263 1742 289 si-

957 306 1094 338 mulacra,
1111 311 1157 333 aut
1173 305 1242 332 alias
1256 306 1376 340 insignes
1390 306 1471 340 hujus
1484 308 1575 334 mundi
1598 316 1640 335 res
1657 316 1740 336 vene-

957 357 1062 384 rantur,
1079 359 1193 386 quarum
1217 352 1418 386 pulchritudine
1438 353 1471 380 ad
1492 353 1678 381 admirandum
1694 363 1740 382 co-

956 397 1121 432 lendumque
1143 397 1268 431 opiﬁcem
1297 397 1395 424 adduci
1421 400 1608 426 tantummodo
1632 400 1741 428 debuis-

956 448 1032 475 sent;
1049 443 1096 470 scd
1116 442 1174 469 illos
1199 450 1259 469 esse
1275 442 1419 475 homines,
1438 448 1465 470 et
1481 444 1503 471 si
1518 445 1583 478 quid
1601 450 1642 472 est
1657 446 1742 472 homi-

957 490 1034 516 nibus
1049 489 1239 519 excellentius.
1257 489 1320 523 qui,
1343 489 1476 516 rationem
1494 490 1588 517 ducem
1607 493 1708 519 secuti.
1725 500 1740 517 a

955 535 1089 570 lapidibus
1114 540 1141 562 et
1159 535 1255 570 lignis,
1284 535 1317 562 ab
1333 542 1404 562 auro
1415 539 1443 562 et
1461 541 1571 570 argento
1594 537 1689 571 majori
1713 538 1739 564 in

955 582 1042 615 pretio
1058 581 1168 614 habitis,
1184 589 1199 608 a
1220 582 1298 608 rebus
1311 580 1394 614 hujus
1412 581 1505 607 mundi
1520 582 1666 615 quamlibet
1679 590 1740 615 spc-

955 627 1046 658 ciosis,
1064 627 1096 653 ad
1120 626 1240 653 omnium
1266 626 1436 654 conditorem
1460 626 1568 661 erigere
1596 634 1625 654 se
1645 633 1740 661 potue-

960 678 1044 706 runt;
1058 673 1101 707 qui
1114 679 1143 699 se
1156 677 1225 699 totos
1237 672 1273 698 illi
1286 672 1483 699 commiserunt
1498 679 1505 704 ;
1521 672 1566 706 qui
1577 692 1584 705 ,
1604 673 1675 706 quod
1692 681 1740 708 pro

954 723 1032 745 certo
1045 719 1163 745 habeant
1178 718 1252 744 illum
1269 717 1357 744 solum
1367 718 1491 744 omnibus
1509 724 1587 751 posse
1604 718 1739 750 sufﬁcere.

954 764 1132 798 cogitationes
1142 763 1262 790 omnium
1277 763 1574 798 perspicere,omnium
1585 771 1679 798 preces
1696 773 1741 791 au-

955 810 1023 842 dire,
1043 817 1135 844 preces
1150 810 1182 835 ad
1196 809 1270 836 illtnn
1283 809 1513 843 dirigunt,omnia
1529 810 1604 843 quasi
1618 810 1675 844 ipso
1695 810 1740 836 iu-

953 857 1091 886 spectantc
1107 852 1215 885 faciunt,
1232 858 1259 879 et
1274 853 1350 887 quasi
1367 854 1493 880 audiente
1506 854 1571 891 ipso
1592 860 1689 882 cavent
1707 863 1740 882 ne

952 897 1097 932 quidquam
1115 898 1179 931 ipsis
1194 898 1301 924 excidat
1315 917 1322 930 ,
1335 898 1407 932 quod
1424 898 1461 924 illi
1481 898 1627 932 displicere
1644 900 1738 933 possit.

953 942 1014 969 lltcc
1025 948 1095 969 tanta
1106 944 1192 978 pietas
1204 943 1284 977 520
1292 952 1340 970 nec
1348 944 1496 975 laboribus,
1504 951 1553 970 nec
1564 945 1658 971 mortis
1666 946 1739 979 peri-

952 988 1032 1021 culis,
1045 996 1093 1014 nec
1105 989 1234 1022 captiosis
1249 989 1383 1015 rationum
1406 989 1628 1016 conclusionibus
1644 990 1740 1017 debili-

954 1038 1019 1066 tata,
1031 1033 1133 1060 nihilne
1147 1033 1218 1060 illam
1228 1033 1358 1068 anlplcxis
1366 1034 1497 1068 proderit,
1505 1035 1651 1068 quominus
1662 1035 1739 1061 deiu-

953 1086 1015 1113 ceps
1022 1086 1082 1105 cum
1092 1078 1248 1105 vermiculis
1258 1078 1445 1110 conferantur.
1454 1079 1559 1106 etiamsi
1571 1084 1649 1106 antea
1659 1086 1737 1107 com—

952 1125 1042 1158 parari
1058 1125 1198 1159 potuerint
1209 1124 1298 1157 ?Quid
1309 1125 1321 1151 ?
1333 1125 1378 1159 qui
1404 1124 1669 1152 vehementissimam
1690 1127 1738 1152 ob-

957 1176 1055 1196 scmna:
1067 1170 1212 1204 voluptatis
1228 1169 1363 1196 libidinem
1373 1175 1547 1197 enervantem
1559 1174 1641 1204 atque
1652 1171 1738 1197 etnol-

952 1215 1060 1242 lientem
1073 1216 1179 1242 animos
1191 1215 1319 1243 cohibent
1332 1222 1363 1242 ea
1380 1221 1474 1248 causa,
1491 1216 1563 1250 quod
1578 1223 1736 1251 persuasum

951 1260 1054 1287 habent
1070 1268 1100 1287 se
1119 1260 1164 1286 Dei
1183 1267 1237 1286 non
1259 1267 1338 1295 posse
1361 1259 1571 1288 fatuiliaritatem
1596 1262 1736 1296 consequi,

954 1305 1006 1332 nisi
1028 1307 1061 1332 ad
1087 1313 1148 1333 eum
1169 1313 1216 1340 per
1249 1306 1455 1340 temperantiam
1480 1308 1690 1341 contenderim;
1718 1308 1737 1334 ii

952 1352 1028 1380 vobis
1050 1351 1260 1379 vermiculorum
1289 1352 1431 1386 germani,
1456 1352 1646 1387 cognationem
1673 1361 1735 1380 cum

952 1399 1073 1426 formicis
1087 1398 1196 1429 habere|
1207 1397 1307 1423 similes
1321 1405 1380 1423 esse
1396 1397 1469 1424 ranis
1491 1398 1634 1424 videntur?
1647 1398 1735 1432 Quid?

951 1444 1058 1471 Iustitia
1071 1463 1078 1473 ,
1098 1442 1237 1478 splendida
1256 1442 1300 1468 illa
1316 1442 1400 1468 virtus
1419 1449 1479 1476 quae
1496 1450 1560 1477 erga
1583 1444 1736 1477 proximum

950 1490 1009 1524 jura
1019 1482 1179 1519 societatis,
1196 1488 1352 1522 aequitatem
1362 1508 1368 1519 ,
1383 1488 1578 1522 benignitatem
1589 1509 1595 1521 ,
1610 1489 1736 1516 humani-

955 1540 1036 1562 tatem
1053 1539 1159 1565 servat,
1186 1542 1238 1560 non
1258 1533 1378 1560 obstabit
1405 1533 1468 1567 quin
1487 1534 1531 1559 illa
1559 1535 1690 1567 praeditus
1709 1535 1736 1560 in

951 1580 1155 1614 vespertilioncs
1172 1579 1329 1605 referatur?
1344 1578 1442 1605 Contra
1455 1578 1500 1612 qui
1512 1585 1540 1605 se
1553 1579 1578 1604 iu
1590 1578 1738 1613 ﬂagitiosas

951 1627 1079 1654 libidines
1102 1626 1280 1660 ingurgitent,
1306 1624 1377 1659 quod
1403 1623 1524 1658 plerique
1548 1623 1665 1657 faciunt,
1689 1625 1735 1659 qui

952 1673 1025 1701 nullo
1040 1672 1141 1707 pudore
1152 1672 1185 1698 ad
1205 1671 1298 1697 obvias
1310 1677 1432 1704 quasque
1450 1670 1549 1704 vulgati
1561 1671 1682 1703 corporis
1696 1671 1735 1696 fe-

951 1719 1038 1745 minas
1059 1718 1200 1749 accedunt,
1215 1717 1264 1750 qui
1295 1716 1392 1742 docent
1407 1716 1464 1742 hate
1477 1723 1529 1742 non
1545 1723 1606 1742 esse
1623 1715 1735 1750 ﬂagitia,

952 1771 1041 1791 nonne
1061 1762 1098 1790 illi
1111 1766 1173 1789 sunt
1183 1768 1291 1788 vermes
1305 1761 1331 1787 in
1347 1768 1426 1787 emno
1439 1760 1549 1787 volutati
1561 1761 1572 1786 ?
1586 1761 1735 1795 praesertim

951 1810 972 1837 si
991 1813 1182 1844 cotnparentur
1192 1807 1224 1834 ad
1236 1815 1283 1834 eos
1307 1808 1351 1841 qui
1368 1806 1441 1833 docti
1465 1811 1527 1832 sunt
1544 1813 1596 1832 non
1616 1815 1625 1831 ‹
1643 1806 1736 1833 tollere

951 1855 1070 1883 membra
1086 1846 1187 1881 Christi
1205 1863 1213 1879 ι
1231 1858 1258 1879 et
1268 1859 1366 1886 corpus
1380 1852 1405 1877 in
1421 1859 1473 1885 quo
1493 1852 1608 1878 Verbum
1622 1852 1735 1884 habitat,

951 1906 992 1928 ιιι(
1006 1899 1230 1928 I‘aeiantutembra
1239 1898 1390 1924 meretricis
1402 1898 1424 1912 δ’
1437 1906 1443 1929 ;
1457 1897 1569 1931 ιίιιιίίμιε
1582 1897 1736 1924 didicerunt

950 1954 1047 1981 corpus
1064 1947 1089 1972 in
1101 1953 1155 1980 quo
1171 1950 1267 1971 natura
1279 1948 1319 1971 est
1336 1943 1447 1970 rationis
1462 1943 1606 1977 particeps,
1625 1943 1736 1969 univer~

950 2000 1040 2020 sorum
1058 1992 1112 2019 Deo
1122 1994 1321 2021 consecratum,
1337 1999 1345 2014 ι
1361 1989 1487 2022 templum
1500 1998 1510 2013 ι
1524 1996 1583 2015 esse
1599 1998 1608 2014 ι
1630 1989 1673 2014 hei
1687 1988 1708 2003 ⁵³
1722 1997 1733 2014 ι

950 2046 1029 2073 quem
1045 2037 1175 2069 adorant,
1198 2036 1311 2069 lierique
1331 2034 1377 2061 Dei
1395 2034 1521 2067 templum
1537 2042 1596 2060 cum
1615 2038 1688 2060 recte
1703 2034 1736 2060 de

950 2084 1090 2116 conditore
1117 2083 1253 2115 sentitur;
1280 2082 1324 2116 qui
1353 2081 1468 2114 denique
1495 2080 1636 2106 horrentes
1662 2089 1672 2104 ι
1689 2079 1734 2106 Dei

951 2128 1078 2162 templum
1091 2137 1100 2153 ι
1119 2127 1212 2154 illicita
1226 2126 1365 2160 voluptate
1379 2124 1510 2159 polluere,
1526 2131 1581 2150 sua:
1596 2123 1735 2158 religionis

916 2184 937 2210 ι)
951 2181 1011 2200 esse
1027 2174 1131 2200 ducunt
1145 2172 1234 2198 colere
1250 2170 1468 2204 temperantiam.

987 2304 1035 2331 27.
1051 2305 1185 2331 Praetereo
1205 2308 1301 2331 caetera
1318 2311 1377 2338 quae
1402 2303 1471 2337 apud
1496 2303 1622 2331 homines
1645 2304 1738 2338 vigent

953 2351 1080 2382 crimina,
1095 2357 1209 2384 quorum
1225 2349 1341 2376 fortasse
1353 2357 1404 2376 non
1416 2354 1478 2376 sunt
1491 2349 1623 2376 immunes
1635 2349 1676 2376 vel
1691 2350 1737 2384 qui

953 2390 1148 2430 philosophiam
1163 2402 1218 2429 prae
1232 2401 1260 2422 se
1274 2393 1384 2421 feruut:
1403 2394 1478 2421 multi
1501 2394 1572 2420 enim
1588 2398 1651 2420 sunt
1670 2402 1738 2428 quos

953 2441 1084 2475 genuinos
1098 2441 1244 2474 discipulos
1258 2441 1424 2475 philosophia
1440 2448 1492 2466 non
1505 2440 1636 2474 agnoscit.
1650 2439 1740 2467 Taceo

952 2488 1034 2514 etiam
1048 2486 1131 2513 multa
1150 2486 1280 2521 ejusmodi
1296 2486 1410 2514 critniua
1423 2485 1492 2520 apud
1504 2493 1550 2513 eos
1567 2485 1679 2519 reperiri
1692 2486 1738 2519 qui

952 2541 1039 2567 neque
1053 2532 1148 2564 Judaei,
1164 2540 1250 2566 neque
1261 2532 1410 2559 Christiani
1426 2536 1500 2559 sunt.
1517 2530 1628 2558 Allirmo
1644 2535 1735 2558 autent

953 2580 1009 2606 hzec
1024 2584 1069 2606 aut
1086 2579 1155 2614 apud
1173 2578 1343 2606 Christianos
1359 2585 1414 2605 non
1426 2585 1497 2610 esse,
1512 2577 1535 2604 si
1549 2577 1613 2612 quid
1628 2577 1737 2612 proprie

989 2719 1046 2754 (85)
1061 2718 1144 2752 Παρὰ
1158 2718 1191 2744 τὸ
1207 2717 1348 2754 καθῆκον.
1359 2717 1391 2743 ν.
1404 2716 1580 2754 Τυιιιοικριιρ
1643 2714 1735 2743 ϐωίὶο.

988 2751 1042 2789 (86)
1063 2751 1118 2781 νυξὶ
1132 2753 1271 2789 ὅτιηψιίε-
1285 2753 1310 2789 in
1341 2757 1420 2789 antea
1445 2752 1528 2789 editis
1554 2751 1735 2789 desideratur.

952 2786 1104 2816 restituitur
1116 2796 1131 2814 c
1142 2787 1233 2815 codice
1259 2787 1375 2814 .Ioliano.
1386 2786 1468 2813 Paulo
1482 2792 1552 2821 post,
1567 2786 1636 2812 idem
1649 2786 1733 2812 codex

952 2829 1036 2857 recte,
1049 2823 1072 2850 οἳ
1085 2824 1132 2850 καὶ
1144 2823 1347 2857 ψυλαττόμενοι.

1562 2866 1599 2895 δι
