1908 3099
194 116 263 146 1667

901 112 1062 144 ORIGENIS

1761 120 1772 147 ί
1777 121 1826 148 063

193 178 410 206 sitChristianus
424 177 660 209 considerat-eris;
679 181 737 209 aut.
752 177 774 204 si
792 177 973 208 inveniuntur,

1034 177 1152 213 Βρεύουσι
1166 178 1212 204 καὶ
1223 177 1269 205 ἐπὶ
1281 178 1330 211 τὰς
1341 179 1433 211 κοινὰς
1444 180 1525 215 εὐχὰς
1538 180 1712 216 ἐρχομένοις,
1728 181 1775 207 καὶ
1791 182 1825 217 μὴ

194 233 246 252 non
267 229 340 252 certe
354 224 422 251 inter
440 230 489 251 eos
504 223 549 257 qui
567 223 599 249 ad
615 226 716 250 coetum
731 223 894 250 conveniunt
906 244 914 255 .
934 225 981 258 qui

193 271 319 306 precibus
335 271 450 306 publicis
465 271 621 303 intersunt,
639 278 690 297 nec
706 268 740 297 ab
761 266 813 298 illis
831 276 958 299 arcentur
972 273 978 298 ξ

192 314 243 344 nisi
273 318 342 344 l'orte
367 317 428 351 quis
455 317 524 344 inter
551 313 620 344 alios
641 317 734 344 furtim
764 318 907 353 irrepsisse
932 318 980 345 de-

192 362 388 396 prehendatur.
404 361 462 388 Nott
486 358 570 395 igitur
596 362 737 390 vermiculi
762 368 856 390 sumus
877 368 979 390 caelum

192 406 331 438 facientes,
350 415 400 434 nos
411 407 457 442 qui
483 412 578 434 contra
592 399 699 435 Judzeos
716 415 732 435 e
753 408 894 443 scripturis
912 416 980 443 quas

191 454 305 480 credunt
321 458 417 479 sacras
432 460 584 487 pugnaturus
595 473 602 485 ,
616 458 643 480 et
657 453 840 486 ostendimus,
857 462 918 481 eum
933 455 978 489 qui

190 499 334 533 prmdictus
365 503 416 531 est,
443 496 602 533 advenisse,
645 499 762 534 illosque
788 505 898 535 propter
930 509 979 528 sua

190 545 309 572 maxima
338 550 449 579 peccata
474 546 597 572 desertos
620 545 721 578 fuisse;
749 554 799 574 nos
821 552 910 574 autem
933 548 978 582 qui

189 591 359 625 suscepimus
376 590 513 624 Verbum,
535 592 653 626 optimas
672 592 699 618 in
724 592 778 619 Deo
797 600 859 627 spes
877 593 979 621 habere

190 635 346 667 collocatas,
371 635 450 662 nixas
467 641 558 663 nostra
585 637 610 663 in
628 645 689 663 entn
708 637 760 664 title
772 657 780 668 ,
795 643 823 664 et
848 639 909 665 vita:
931 646 978 673 ge’

191 689 269 713 nere,
287 681 358 716 quod
373 689 424 709 nos
440 682 475 709 ab
489 682 562 710 omni
579 683 699 717 nequitia
715 684 833 718 vitioque
847 692 929 719 puros
945 686 977 712 ad

189 727 248 761 ejus
263 733 352 762 potest
373 728 524 763 perducere
550 729 777 757 familiaritatem.
795 730 880 759 Nemo
896 731 978 766 igitur

189 780 295 804 eorum,
312 773 357 807 qui
372 781 400 800 se
413 772 521 801 Judazos
543 779 590 800 aut
610 774 782 803 Christianos
804 776 975 811 profitentur,

190 818 351 853 simpliciter
379 820 506 847 dixerit:
536 820 607 848 Deus
630 821 715 848 nostri
747 829 830 849 causa
859 823 976 851 maxime

188 865 317 891 mundum
329 873 435 892 omnetn
449 866 635 900 cwlorumque
646 871 806 901 apparatum
819 866 897 902 521
909 875 975 895 con-

189 911 353 938 stituitzsed
368 912 390 938 si
406 912 477 945 quis,
487 916 516 938 ut
531 911 610 939 Jesus
623 912 758 944 docuit”,
778 913 879 940 mundo
894 915 977 941 corde

188 959 240 988 est,
259 955 335 982 mitis
349 975 357 988 ,
371 956 514 990 paciﬁcus,
528 956 710 991 periculorum
727 962 838 992 propter
849 958 976 992 pietatem

190 1002 320 1034 tolerans,
333 1002 355 1029 is
365 1002 425 1036 jure
439 1001 493 1029 Deo
511 1003 648 1030 conﬁdere
671 1009 760 1037 potest
780 1009 808 1031 et
824 1005 933 1037 dicere,
953 1005 975 1033 si

187 1048 294 1082 quidem
313 1049 469 1083 prophetias
487 1049 612 1083 intelligit
630 1056 636 1075 :
659 1049 744 1078 Nobis
766 1050 812 1082 qui
831 1051 975 1084 credimus,

188 1096 275 1121 omnia
290 1095 345 1122 lucc
358 1094 429 1122 Deus
446 1097 653 1128 prmmanstrurit
666 1101 690 1122 ct
702 1097 836 1130 prwdixit.

222 1139 267 1166 28.
292 1138 425 1171 Quoniam
449 1147 514 1166 vero
538 1139 635 1167 Celsus
660 1140 832 1174 Christianis,
846 1150 914 1177 quos
928 1151 976 1178 pro

187 1185 343 1212 vermiculis
359 1185 449 1218 habet,
464 1187 546 1213 verba
563 1187 620 1214 haec
635 1187 760 1215 attribuit
778 1196 786 1215 :
804 1198 813 1214 ι
831 1189 915 1218 Nobis
932 1197 976 1217 so-

186 1229 231 1263 lis,
244 1229 337 1257 relicto
353 1235 408 1258 toto
431 1231 531 1258 mundo
544 1231 702 1266 caelestique
720 1240 811 1264 cursu,
836 1234 975 1268 neglecta-

186 1283 240 1309 qtte
252 1279 306 1302 tota
323 1275 374 1302 hac
389 1283 442 1310 qua
459 1275 512 1302 late
529 1280 603 1310 patet
619 1281 702 1310 terra,
718 1276 788 1304 Deus
812 1278 936 1312 providet
950 1283 976 1306 et

187 1320 323 1356 invigilat;
340 1320 373 1348 ad
390 1328 440 1348 nos
453 1321 534 1348 mittit
550 1329 699 1356 praecones,
713 1329 763 1349 nec
775 1323 884 1350 mittere
902 1323 975 1350 desi-

186 1366 240 1398 nit,
256 1365 386 1393 sollicitus
395 1366 530 1400 quomodo
542 1371 673 1394 :eternum
689 1367 725 1394 illi
737 1367 945 1402 cottjungamur;
963 1378 972 1394 ι

186 1411 329 1438 dicendum
344 1410 389 1438 ltic
403 1410 438 1437 ab
456 1411 500 1438 illo
516 1411 594 1438 nobis
610 1412 745 1447 assignari
761 1420 820 1447 qua:
838 1421 974 1448 nunquam

186 1455 264 1483 nobis
281 1455 307 1482 in
322 1457 439 1482 mentem
456 1460 600 1482 venerunt.
615 1455 743 1490 Legimus
759 1456 831 1483 enim
857 1461 882 1483 et
898 1457 975 1483 novi-

187 1508 259 1532 mus,
283 1511 293 1527 ‹
315 1500 398 1527 Deum
425 1500 538 1534 diligere
561 1501 652 1527 omnia
676 1508 736 1535 qua:
760 1506 835 1533 sunt,
855 1506 882 1528 et
909 1502 974 1529 nihil

186 1546 276 1574 odisse
287 1554 380 1573 eorum
397 1553 457 1580 quae
472 1546 556 1578 fecit;
586 1546 653 1572 nihil
671 1547 743 1574 enim
762 1547 972 1574 constitutorum

187 1592 272 1619 fuisse
283 1594 355 1626 quod
365 1592 468 1618 odiSset
480 1592 514 1618 ".
533 1601 542 1617 )
560 1591 670 1618 Lectum
687 1591 764 1619 nobis
777 1597 817 1620 est
834 1597 863 1620 et
877 1593 947 1620 istud
965 1602 972 1620 :

189 1648 199 1664 ι
217 1637 311 1665 Parcis
329 1641 420 1664 autem
435 1637 570 1670 omnibus,
585 1638 713 1672 quoniam
728 1639 818 1665 omnia
836 1644 879 1666 tua
898 1645 971 1672 sunt,

187 1683 233 1718 qui
248 1691 324 1710 amas
338 1683 454 1710 animas.
469 1683 685 1717 lncorruptibilis
698 1684 770 1711 enim
789 1689 850 1711 tuus
864 1689 906 1712 est
917 1685 973 1718 spi-

186 1730 257 1757 ritus
270 1729 296 1756 in
314 1728 455 1761 omnibus;
475 1729 589 1763 ideoque
611 1736 659 1756 eos
677 1729 722 1764 qui
734 1732 863 1757 cxerrant
889 1730 974 1765 parti-

185 1774 237 1802 bus
248 1774 374 1809 corripis,
390 1779 417 1801 et
431 1775 463 1801 de
479 1775 576 1808 quibus
591 1779 717 1809 peccant,
729 1775 859 1803 admones
873 1781 900 1804 et
913 1784 974 1803 eor-

186 1819 252 1854 rigis
268 1820 301 1847 ".
323 1829 332 1846 ι
350 1820 402 1853 Qui
420 1820 502 1846 etiam
523 1820 675 1847 diceremus
690 1830 699 1846 ι
717 1821 849 1849 caelorum
861 1825 971 1850 cursum

186 1870 328 1901 totumque
343 1865 472 1893 muttdum
489 1874 504 1892 a
522 1867 578 1894 Deo
591 1867 720 1902 relinqui,
733 1874 859 1902 eumque,
881 1868 973 1902 negle-

185 1912 236 1939 ctis
254 1912 287 1938 iis
309 1912 393 1939 tantis
412 1916 491 1938 terra:
512 1913 616 1947 spatiis,
641 1913 786 1946 providere
805 1913 882 1941 nobis
907 1914 972 1942 solis

185 1962 267 1992 atque
284 1957 449 1985 consulere?
466 1965 515 1985 nos
527 1958 573 1992 qui
590 1958 617 1985 in
632 1959 757 1993 precibus
771 1959 872 1986 scimus
891 1963 918 1986 et
932 1959 973 1986 di-

185 2003 299 2030 cendum
313 2008 341 2030 et
358 2003 531 2038 cogitandum
545 2010 615 2035 esse,
631 2012 640 2029 ‹
661 2004 848 2032 misericordia
864 2005 971 2032 Domini

186 2048 291 2083 plenam
314 2056 373 2076 esse
398 2054 498 2076 terram
512 2050 557 2082 "7;
577 2054 605 2076 et
626 2050 840 2077 misericordiam
866 2050 970 2078 Domini

185 2102 246 2122 esse
260 2102 452 2129 superomnetn
465 2102 577 2122 carnem
591 2094 613 2111 ⁸⁸
626 2103 635 2128 ;
648 2099 675 2122 et
686 2095 786 2122 bonum
800 2103 861 2124 esse
876 2096 971 2128 Deutn,

188 2148 198 2164 ι
218 2139 263 2173 qui
277 2139 360 2166 solem
380 2146 458 2165 sttuttt
471 2138 537 2164 oriri
551 2137 616 2164 facit
633 2146 715 2172 super
729 2139 814 2165 honos
829 2144 856 2165 et
873 2139 969 2170 tnalos,

185 2190 212 2212 et
238 2185 304 2220 pluit
326 2192 407 2219 super
428 2185 516 2218 justus
542 2189 569 2210 ct
596 2183 709 2217 injustos
728 2182 768 2216 ‘9;
789 2193 797 2209 ι
815 2185 860 2218 qui
877 2189 904 2211 et
920 2192 970 2211 nos

186 2232 321 2264 hortatur,
337 2231 471 2264 siquidem
492 2231 552 2265 ejus
569 2229 617 2256 [iiii
631 2237 690 2257 esse
704 2230 840 2262 volumus,
861 2235 889 2258 ut
911 2230 970 2264 ejus

184 2276 306 2312 exempla
330 2284 478 2310 sequamur
499 2275 533 2308 ⁶⁰,
555 2277 687 2310 docetque
710 2283 805 2303 omnes
835 2276 969 2308 homines,

183 2322 272 2356 quoad
292 2328 446 2356 possumus,
466 2320 608 2348 beneficiis
635 2321 788 2355 complecti.
817 2321 874 2355 ipse
896 2321 968 2348 enim

183 2368 272 2395 dictus
291 2371 331 2394 est
350 2377 360 2393 ι
384 2367 509 2395 Salvator
529 2367 651 2394 omnium
673 2367 824 2399 hominum,
851 2368 969 2394 maxime

184 2414 302 2441 tidelium
313 2413 352 2446 δίς
371 2422 381 2439 ι
396 2417 423 2440 et
437 2413 562 2440 Christus
573 2412 630 2447 ejus
649 2422 658 2438 ι
677 2413 833 2447 propitiatio
848 2420 907 2441 esse
920 2421 968 2447 pro

183 2460 303 2494 peccatis
319 2458 431 2492 nostris,
447 2466 500 2485 non
526 2464 576 2493 pro
597 2459 699 2486 nostris
718 2464 806 2485 autent
830 2458 904 2490 solis,
921 2459 968 2485 sed

182 2506 264 2533 etiam
281 2513 330 2540 pro
344 2505 428 2532 totius
444 2505 536 2531 mundi
553 2505 585 2532 ⁶¹.
600 2513 609 2530 ι
625 2505 714 2538 Atque
727 2504 785 2531 hate
797 2504 904 2538 quidem
920 2504 968 2530 ad-

218 2561 242 2577 “
257 2561 353 2588 Matth.
365 2567 393 2592 ν,
408 2559 435 2587 8.
474 2560 496 2576 ⁵⁵
515 2560 581 2595 Sap.
604 2568 641 2593 xt,
655 2560 705 2588 25.

183 2597 206 2613 “
221 2596 314 2624 Matth.
330 2603 355 2629 ν,
371 2595 416 2623 45.
456 2595 478 2611 °°
495 2595 562 2623 Luc.
581 2603 618 2628 vt,
635 2595 685 2622 25.

221 2656 275 2691 (87)
288 2655 364 2688 Mss.,
375 2654 601 2691 λέγοιηιιιψιρεεί
620 2653 691 2686 libri,
708 2653 794 2691 λέγει.

219 2689 273 2725 (88)
288 2691 370 2721 Alias,
385 2690 423 2722 ὼς
437 2691 451 2715 ὁ
464 2689 540 2721 Θεός,
555 2689 601 2725 sed
615 2697 679 2725 mss.
693 2693 719 2715 ut
738 2690 764 2715 in
774 2693 870 2725 nostro
886 2692 971 2725 t_e_xtn.

185 2724 255 2751 Inl'ra
265 2723 348 2752 iidem
365 2733 443 2760 ntss.,
457 2724 501 2751 διὰ
516 2725 566 2760 τὴν
577 2723 716 2760 εὐσέϐειαν
727 2723 874 2755 κινδύνους.
893 2723 971 2749 Libh.

185 2760 319 2792 impressi,
334 2759 378 2786 διὰ
390 2759 440 2794 τῆς
456 2758 594 2794 εὐσεϐείας
606 2758 752 2790 κινδύνους.

221 2793 276 2826 (89)
294 2792 449 2827 Τοσαύτήν
469 2793 537 2827 γῆν.
559 2795 604 2820 Sic
622 2801 687 2820 mss.
709 2794 781 2820 Alias
796 2801 868 2826 vero,
881 2792 972 2819 τοιαύ-

184 2835 233 2862 την
243 2829 304 2862 γῆν.

754 2560 778 2576 ⁵⁸
787 2559 851 2593 Sap.
869 2568 910 2592 xl,
927 2559 983 2592 27;

742 2594 781 2622 “1
801 2594 872 2621 'l‘tnt.
889 2602 927 2627 Iv,
947 2595 991 2622 10.

1032 224 1253 259 ἀποκλειομένοις
1269 225 1315 251 ἀπ’
1334 225 1439 252 ιιιῖιτῶν⁵
1461 227 1485 252 εἰ
1508 226 1544 262 μὴ
1565 226 1619 262 ἄρα
1642 235 1686 258 τις
1706 227 1826 259 σπανίως

1031 270 1170 298 λανθάνων
1197 272 1226 297 ὲν
1248 273 1304 304 τοῖς
1327 272 1434 305 πολλοῖς
1458 273 1612 308 εὑρίσκοιτο
1633 273 1760 304 τοιοῦτος
1790 273 1826 300 Οὐ

1032 316 1171 352 σκώληκες
1183 315 1229 344 οὖν
1239 317 1463 354 ἐκκλησιάζοντές
1471 319 1555 354 ἐσμεν
1562 320 1587 345 οἱ
1596 320 1666 354 πρὸς
1684 319 1826 350 Ἰουδαίους

1032 360 1170 397 ἱστάμενοι
1186 361 1240 389 ἀπὸ
1251 363 1304 389 τῶν
1318 364 1542 399 πεπιστευμένων
1553 365 1647 396 αὐτοῖς
1657 360 1731 391 εἶναι
1745 373 1827 399 γραμ-

1032 406 1123 441 μάτων
1142 407 1231 442 ἰερῶν,
1247 408 1294 434 καὶ
1309 407 1462 440 δεικνύντες
1478 409 1523 435 τόν
1539 418 1569 435 τε
1586 409 1826 445 προφητευόμενον

1030 451 1267 488 ἐπιδεδημηκέναι,
1293 453 1340 480 καὶ
1367 453 1411 480 διὰ
1435 454 1469 481 τὰ
1496 454 1613 490 μέγιστα
1637 455 1826 490 ἁμαρτήματι

1030 498 1150 530 ἐκείνους
1164 499 1419 533 ὲγκαταλελεῖςροαι,
1437 500 1483 526 καὶ
1496 501 1580 535 ἡμᾶς,
1594 501 1659 532 τοὺς
1676 500 1817 535 παραδεξα

1031 543 1126 578 μένους
1139 543 1184 570 τὸν
1197 544 1294 578 Λόγον,
1313 545 1422 577 ἐλπίδας
1441 545 1513 581 ἔχειν
1534 545 1609 578 παρὰ
1622 545 1685 581 Θεῷ
1702 546 1754 577 τὰς
1771 546 1826 581 ἀρί-

1030 597 1106 621 στας,
1122 589 1153 616 ἔκ
1167 599 1195 616 τε
1209 590 1259 625 τῆς
1273 591 1312 621 είς
1325 591 1405 617 αὑτὸν
1419 591 1536 622 πίστεως
1550 592 1597 618 καὶ
1611 590 1660 618 τοῦ
1673 591 1824 625 δυναμένου

1028 635 1101 669 ἡμᾶς
1113 635 1252 662 οἰκειῶσαι
1269 636 1343 672 αὐτῴ
1356 637 1491 672 καθαροὺς
1507 637 1562 663 ἀπὸ
1581 637 1674 672 πάσης
1693 637 1824 672 πονηρίας

1029 681 1075 707 καὶ
1098 681 1198 713 κακίας
1217 681 1285 716 βίου.
1309 683 1366 717 Οὐχ
1385 683 1479 714 ἁπλῶς
1502 681 1558 715 οὖν,
1582 684 1609 709 εἷ
1631 692 1674 715 τις
1700 683 1824 710 Ἰουδαῖον

1028 726 1152 762 ἐαυτὸνῆ
1167 727 1327 762 Χριστιανὸν
1343 727 1513 763 ἀναγορεύει,
1527 725 1604 759 οὗτος
1619 728 1697 762 λέγοι
1712 728 1770 762 (87)
1784 729 1823 760 ἂν,

1027 772 1068 798 ὃτι
1085 772 1130 799 τὸν
1151 773 1241 799 πάντα
1257 773 1358 808 κόσμον
1372 774 1418 800 καὶ
1434 774 1484 809 τὴν
1508 774 1634 809 οὐράνιον
1649 773 1742 809 φορὰν
1764 775 1824 809 ἡμῖν

1030 817 1146 853 μάλιστα
1171 818 1320 854 πεποίηκεν
1342 820 1356 845 ὁ
1378 819 1458 850 Θεός·
1480 818 1539 846 ἁλλ’
1558 819 1585 846 εῐ
1604 828 1657 852 τις,
1677 819 1720 851 ὠς
1740 821 1755 846 ὁ
1776 819 1824 854 Ἰη-

1029 863 1091 896 σοῦς
1106 864 1161 900 (88)
1174 865 1287 898 ἐδίδαξε,
1301 864 1420 900 καθαρός
1431 866 1488 892 ἐστι
1500 867 1533 901 τῇ
1543 866 1653 902 καρδία,
1665 865 1718 892 καὶ
1730 867 1823 900 ripis;

1028 909 1074 935 καὶ
1098 910 1275 945 εἰρηνοποιὸς,
1295 911 1342 937 καὶ
1363 911 1510 945 προθύμως
1532 911 1678 946 ὑπομένων
1702 913 1770 942 τοὺς
1785 912 1825 938 διὶι

1027 955 1075 991 τὴν
1088 955 1228 982 εὐσέϐειαν
1245 956 1385 988 κινδύνους
1394 965 1401 971 ·
1413 956 1531 990 εὐλόγως
1542 956 1574 983 ἂν
1587 958 1601 983 ὁ
1614 957 1744 988 τοιοῦτος
1762 957 1824 992 θαρ-

1028 1001 1087 1036 ροίη
1100 1000 1139 1036 τῷ
1154 1000 1223 1036 Θεῷ,
1246 1001 1346 1032 συνιεὶς
1358 1001 1387 1027 δὲ
1406 1002 1453 1028 καὶ
1466 1001 1511 1028 τὸν
1526 1003 1554 1028 ὲν
1568 1003 1625 1033 ταῖς
1643 1002 1825 1037 προφητείαις

1027 1046 1103 1080 λόγον
1115 1048 1198 1082 φήσαι
1214 1047 1246 1073 ἂν
1263 1048 1309 1074 καί
1322 1047 1361 1073 τό·
1384 1056 1393 1072 ε
1412 1047 1504 1074 Πάντα
1519 1048 1607 1074 ταῦτα
1622 1049 1691 1083 ἡμῖν
1710 1050 1770 1080 τοῖς
1790 1058 1826 1074 m-

1029 1092 1165 1119 στεύουσιν
1177 1093 1190 1118 δ
1203 1092 1268 1124 Θεὸς
1281 1092 1467 1128 προδεδήλωκε
1481 1093 1527 1119 καὶ
1539 1092 1739 1127 κατήγγειλεν.
1764 1102 1773 1118 ι

1069 1138 1145 1164 Ἐπεὶ
1161 1137 1189 1163 δὲ
1206 1137 1253 1164 καὶ
1277 1138 1435 1173 πεποίηκεν,
1458 1137 1506 1169 οὓς
1531 1139 1638 1173 ἡγεῖται
1664 1138 1824 1173 σκώληκας,

1026 1183 1206 1219 Χριστιανοὺς
1233 1183 1371 1217 λέγοντας,
1396 1184 1437 1210 ὅτι
1463 1193 1472 1209 t
1500 1184 1550 1220 τὴν
1577 1184 1708 1219 οὐράνιον
1742 1184 1827 1220 φορὰν

1027 1228 1166 1256 ἀπολιπὼν
1181 1229 1194 1254 ὁ
1209 1229 1284 1261 Θεὸς,
1303 1229 1349 1255 καὶ
1373 1229 1423 1264 τὴν
1440 1229 1575 1264 τοσαύτην
1596 1229 1649 1264 γῆν
1665 1229 1726 1264 (89)
1745 1237 1827 1264 παριε

1026 1273 1088 1306 δὼν,
1103 1275 1168 1309 ἡμῖν
1186 1274 1275 1309 μόνοις
1285 1274 1504 1309 ὲμπολιτεύεται,
1522 1275 1570 1301 καὶ
1587 1275 1657 1310 πρὸς
1673 1276 1753 1310 ἡμᾶς
1768 1276 1826 1301 ἑπι-

1027 1320 1218 1356 κηρυκεύεται,
1236 1320 1282 1346 καὶ
1310 1319 1425 1355 πέμπων
1440 1320 1470 1346 οὐ
1493 1320 1638 1351 διαλείπει,
1661 1320 1713 1346 καὶ
1737 1320 1827 1356 ζητῶν

1026 1365 1100 1397 ὅπως
1116 1366 1160 1392 ἀεὶ
1179 1366 1302 1401 συνῶμεν
1322 1365 1413 1400 αὐτῷ·
1435 1375 1443 1391 ι
1459 1364 1634 1396 λεκτέον,”δτι
1654 1366 1692 1392 τὰ
1717 1366 1757 1401 μὴ
1786 1366 1828 1392 λε-

1027 1407 1128 1445 γόμενα
1143 1410 1210 1445 πρὸς
1226 1410 1304 1445 ἡμῶν
1319 1409 1488 1445 περιτίθησιν
1505 1410 1580 1444 ἡμῖν,
1603 1410 1660 1440 τοῖς
1685 1409 1737 1435 καὶ
1761 1409 1824 1435 ἀνα-

1026 1456 1189 1490 γινώσκουσι
1202 1456 1251 1482 καὶ
1266 1455 1474 1489 γιγνώσκουσιν,
1491 1465 1500 1481 ι
1518 1455 1559 1481 ὃτι
1572 1455 1668 1490 ἀγαπᾷ
1685 1455 1780 1481 πάντα
1793 1454 1825 1480 τὰ

1026 1502 1090 1528 ὅντα
1114 1502 1128 1527 ὁ
1150 1501 1225 1533 Θεὸς,
1253 1500 1300 1527 καὶ
1326 1501 1402 1527 οὐδὲν
1429 1500 1603 1536 βδελύσσεται
1620 1496 1658 1526 ὧν
1674 1500 1823 1534 ὲποίησεψ

1025 1548 1084 1575 οὐδὲ
1105 1547 1159 1584 γὰρ
1177 1546 1211 1574 ἂν
1230 1547 1316 1582 μισῶν
1336 1556 1362 1574 τι
1389 1547 1602 1573 κατεσκεύασεν.
1620 1556 1629 1572 )
1648 1546 1825 1581 ’Ᾱνέγνωμεν

1024 1593 1051 1619 δὲ
1066 1593 1112 1620 χαὶ
1126 1594 1155 1620 τό
1165 1601 1171 1608 ·
1188 1602 1197 1618 ι
1212 1593 1292 1629 Φείδῃ
1306 1593 1334 1619 δὲ
1350 1592 1469 1625 πάντων,
1485 1593 1525 1619 ὅτι
1539 1593 1573 1619 σά
1589 1591 1648 1618 ἐστι
1664 1593 1771 1623 πάντα,
1784 1600 1825 1626 (ξι-

1024 1639 1132 1674 λύψυχε.
1153 1638 1190 1665 Τὸ
1215 1639 1268 1674 γὰρ
1286 1638 1421 1674 ἄφθαρτον
1436 1647 1482 1665 σου
1492 1638 1601 1673 πνεῦμά
1613 1639 1690 1664 ἐστιν
1703 1639 1733 1664 ὲν
1742 1639 1822 1664 πᾶσι·

1023 1689 1063 1715 διὸ
1079 1689 1125 1715 καὶ
1137 1688 1201 1719 τοὺς
1215 1688 1439 1723 παραπίπτοντας
1452 1687 1511 1713 κατ’
1523 1687 1612 1721 ὀλίγον
1624 1687 1764 1722 ἐλέγχεις,
1779 1687 1825 1713 καὶ

1024 1734 1053 1760 ὲν
1066 1730 1105 1764 οἷς
1118 1732 1321 1768 ἁμαρτάνουσιν
1340 1732 1557 1767 ὑπομιμνήσκων
1571 1731 1725 1763 νουθετεῖς.
1738 1741 1747 1757 ι
1763 1732 1823 1762 Πῶς

1023 1777 1051 1803 δὲ
1070 1776 1207 1812 δυνάμεθα
1230 1775 1317 1810 λέγειν
1333 1785 1342 1800 I
1369 1775 1418 1810 τὴν
1442 1775 1566 1810 οὐράνιον
1589 1775 1678 1809 φορὰν
1704 1775 1755 1801 καὶ
1779 1774 1822 1800 τὸν

1024 1823 1111 1849 πάντα
1131 1823 1242 1857 κόσμον,
1255 1820 1421 1847 ἀπολιπόντα
1437 1820 1482 1846 τὸν
1496 1820 1572 1852 Θεὸν,
1587 1820 1636 1846 καὶ
1655 1819 1706 1854 τὴν
1722 1819 1821 1846 τοσαύ-

1022 1874 1072 1900 την
1089 1865 1140 1900 γῆν
1165 1864 1321 1900 παριδόντα,
1346 1864 1411 1899 ἡμῖν
1431 1863 1520 1898 μόνοις
1536 1863 1788 1898 ὲμπολιτεύεσϐαι;
1809 1873 1817 1888 ι

1022 1912 1119 1943 οἵτινες
1133 1911 1160 1936 ἐν
1173 1912 1232 1942 ταῖς
1245 1910 1337 1945 εὐχαῖς
1352 1909 1469 1946 εὕρομεν
1480 1910 1535 1936 δεῖν
1547 1917 1573 1935 τι
1587 1909 1679 1942 λέγειν
1691 1909 1820 1944 φρονοῦν-

1023 1966 1081 1993 τας,
1099 1967 1107 1982 t
1121 1957 1162 1982 ὅτι
1175 1955 1221 1982 τοῦ
1236 1955 1326 1987 ἐλέους
1336 1956 1439 1989 Κυρίου
1457 1955 1562 1990 πλήρης
1577 1955 1593 1989 ἡ
1608 1954 1654 1989 γῆ·
1673 1956 1734 1987 καὶ,
1750 1955 1820 1985 ἕλεος

1023 2002 1124 2038 Κυρίου
1152 2002 1198 2028 ἐπὶ
1221 2001 1310 2028 πᾶσαν
1338 2001 1435 2036 σάρκα·
1459 2010 1468 2026 ›
1487 2000 1543 2032 καὶ,
1560 2000 1601 2026 ὃτι
1624 2000 1732 2033 ἀγαθὸς
1755 2000 1793 2026 ὢν
1807 2001 1820 2026 ὁ

1023 2048 1098 2078 Θεὸς,
1116 2056 1124 2072 ι
1144 2045 1283 2072 ἀνατέλλει
1296 2045 1342 2071 τὸν
1358 2045 1434 2080 ἥλιον
1454 2044 1534 2071 αὑτοῦ
1549 2044 1603 2079 (90)
1619 2045 1666 2070 ἐπὶ
1684 2045 1819 2080 πονηροὺς

1022 2093 1069 2119 καὶ
1080 2091 1258 2126 ἀγαθοὺς,κα“ι
1274 2091 1365 2126 βρέχει
1373 2091 1420 2117 ἐπὶ
1428 2090 1547 2121 δικαίους
1561 2091 1608 2117 καὶ
1619 2091 1763 2122 ἁδίκους,›
1776 2091 1819 2117 καὶ

1023 2138 1107 2172 ἡμᾶς,
1125 2137 1168 2162 ἵνα
1183 2135 1327 2170 γενώμεθα
1341 2135 1424 2161 αὑτοῦ
1442 2135 1506 2164 υἱοὶ,
1523 2134 1568 2160 ἐπὶ
1581 2134 1616 2160 τὰ
1637 2134 1818 2169 παραπλήσια

988 2179 1008 2205 Ι)
1022 2183 1193 2218 προτρέπων,
1203 2182 1249 2208 καὶ
1259 2181 1392 2208 διδάσκων
1401 2182 1439 2212 εἰς
1450 2180 1634 2215 πάνταςήμᾶς
1644 2179 1818 2215 ἀνθρώπους,

1022 2228 1092 2256 κατὰ
1103 2226 1134 2255 τὸ
1149 2228 1270 2260 δυνατὸν,
1285 2227 1415 2253 ἐκτείνειν
1429 2226 1478 2258 τὰς
1492 2226 1623 2257 εὐποιίας.
1639 2226 1696 2252 Καὶ
1709 2226 1765 2262 γὰρ
1778 2227 1818 2252 air

1020 2275 1066 2306 τος
1089 2274 1195 2310 εἴρηται
1221 2284 1229 2299 ι
1258 2273 1353 2308 Σωτὴρ
1379 2273 1487 2299 πάντων
1509 2271 1674 2307 ἀνθρώπων,
1700 2273 1817 2307 μάλιστα

1023 2320 1140 2346 πιστῶν·
1165 2330 1174 2345 ι
1192 2320 1238 2346 καὶ
1249 2321 1263 2345 ὁ
1280 2319 1397 2354 Χριστὸς
1413 2318 1495 2345 αὐτοῦ
1509 2328 1517 2343 ι
1540 2317 1654 2353 ἱλασμὸς
1667 2316 1740 2345 εἶναι
1758 2319 1818 2353 περὶ

1023 2366 1075 2392 τῶν
1086 2365 1227 2400 ἁμαρτιῶν
1240 2364 1319 2399 ἡμῶν
1333 2372 1339 2378 '
1355 2364 1385 2390 οὺ
1405 2364 1469 2399 περ).
1483 2363 1537 2389 τῶν
1548 2364 1693 2398 ἡμετέρων
1713 2364 1743 2390 δὲ
1770 2364 1815 2398 μό·

1023 2420 1085 2443 νων,
1103 2411 1170 2437 ἀλλὰ
1184 2411 1229 2437 καὶ
1251 2410 1314 2440 περ).
1330 2410 1390 2436 ὅλου
1415 2409 1462 2435 τοῦ
1487 2409 1599 2444 κόσμου.
1620 2418 1629 2434 ι
1649 2409 1708 2435 Καὶ
1734 2409 1815 2436 12:37:

1024 2458 1073 2493 μὲν
1089 2455 1135 2484 οὖν
1154 2457 1222 2492 πρὸς
1237 2455 1332 2487 ταῦτα,
1355 2456 1404 2482 ὅσα
1422 2454 1475 2489 (9i)
1493 2454 1648 2490 ἀνέγραψεν
1662 2455 1677 2480 ὁ
1694 2455 1813 2485 Κέλσος·

1022 2503 1088 2531 ἄλλα
1101 2502 1128 2529 δέ
1143 2510 1203 2528 τινα
1217 2500 1338 2528 ἰδιωτικᾶ
1350 2501 1451 2527 εἴποιεν
1464 2497 1500 2527 ἄν’
1512 2500 1646 2526 Ἰουδαίων
1658 2501 1744 2532 τινὲς,

1012 2568 1062 2592 xtl,
1079 2561 1105 2591 i,
1119 2560 1147 2586 2.
1187 2561 1210 2576 ⁵⁷
1227 2559 1298 2586 Psal.
1316 2566 1402 2590 χχιιι,
1415 2557 1444 2585 5.
1490 2557 1514 2573 ⁸⁸
1530 2557 1617 2584 Eccli.
1634 2565 1717 2589 xvut,
1737 2557 1779 2585 12.

1048 2595 1087 2621 ⁶¹Ι
1103 2594 1185 2622 Joan.
1200 2603 1230 2628 ll,
1245 2595 1274 2621 2.

1057 2652 1114 2687 (90)
1133 2652 1192 2679 Vox
1216 2651 1299 2679 αὑτοῦ
1314 2651 1483 2678 desideratur
1503 2651 1529 2677 in
1550 2654 1631 2677 antea
1648 2651 1745 2683 editis,
1769 2651 1813 2679 sed

1022 2687 1397 2726 lt:tl_)_e_l_ur_itt_manuscriptis.
1424 2721 1429 2726 _
1511 2720 1525 2725 _
1583 2720 1595 2726 _
1743 2721 1759 2726 _
1792 2720 1798 2726 .

1058 2723 1115 2757 (9i)
1129 2722 1223 2749 Ίὶιῦτα
1236 2722 1295 2756 μὲν
1308 2721 1365 2749 οὖν
1377 2721 1452 2755 πρὸς
1462 2720 1564 2757 ’ταῦτα
1578 2720 1649 2757 dea,
1665 2726 1724 2748 etc.
1738 2720 1810 2757 ﬁcri-

1021 2755 1139 2785 ltendtim
1151 2755 1269 2788 videtur,
1283 2757 1369 2784 ταῦτα
1381 2757 1429 2791 μὲν
1445 2755 1491 2782 οὖν
1500 2755 1568 2790 πρὸς
1583 2756 1645 2786 ὅσα,
1663 2761 1720 2791 c_tc.
1736 2756 1810 2782 Lihlt.

1022 2793 1145 2826 impressi
1169 2792 1194 2818 itt
1221 2792 1342 2826 margine
1369 2789 1477 2820 habent,
1497 2791 1567 2823 τάχα
1591 2790 1642 2824 μὲν
1659 2789 1708 2817 οὖν
1730 2790 1810 2818 ταῦτα

1021 2827 1080 2860 ὅσα,
1097 2831 1147 2854 etc.
