1908 3099
126 80 143 107 l
150 78 203 108 069

709 77 849 108 CONTRA
868 79 1006 108 CELSUM
1023 80 1087 108 LIB.
1103 79 1149 109 ιν.

1686 79 1754 108 1070

123 140 190 167 οὔτι
209 148 241 174 γε
257 140 305 167 καὶ
319 138 476 176 Χριστιανοί
489 147 495 155 ·
520 139 545 166 oi
569 139 747 174 διδαχθέντες,
763 140 803 166 ὅτι
821 148 830 165 t
851 139 922 166 συνί-

975 147 1068 167 versus
1090 147 1122 166 ea
1142 146 1203 174 quae
1225 138 1319 166 Celsus
1345 138 1518 173 conscripsit.
1545 138 1671 172 Qumdam
1703 138 1754 165 alia

126 195 210 222 στησι
226 187 275 222 τὴν
290 184 386 213 ἑαυτοῦ
402 184 511 220 ἀγάπην
530 186 569 216 εἰς
589 185 661 220 ἡμᾶς
676 186 689 211 ό
704 184 780 216 Θεὸς,
805 184 856 215 ὃτι,
881 183 920 210 ἔτι

125 232 300 268 ἁμαρτωλῶν
320 232 404 258 ὅντων
426 232 514 267 ἡμῶν,
537 231 653 266 Χριστδς
669 231 738 266 ὑπὲρ
754 230 833 265 ἡμῶν
856 230 923 256 ἁπέ-

125 277 205 305 Θανε.
233 278 361 312 Καίτοιγε
384 278 462 313 μόγις
480 286 522 309 τις
541 278 611 312 ὑπὲρ
625 277 671 303 τοῦ
687 277 790 303 δικαίου
821 275 923 302 ἀποθα-

125 325 226 350 νεῖται’
243 324 312 359 ὑπὲρ
325 323 380 360 γὰρ
388 324 434 350 τοῦ
446 323 548 357 ἀγαθοῦ
561 323 631 358 τάχα
641 330 682 354 τις
695 323 742 349 καὶ
753 322 841 357 τολμᾷ
856 323 923 348 ἀπο-

125 370 231 396 Θανεῖν.
258 379 267 394 ι
290 369 358 396 Νυνὶ
374 369 402 395 δὲ
419 369 488 405 ὑπὲρ
510 367 564 395 τῶν
590 367 725 403 πανταχοῦ
753 367 920 403 ἁμαρτωλῶν

126 416 188 450 (ἵνα
203 415 371 441 καταλίπωσι
392 414 440 449 τὴν
461 413 607 450 ἁμαρτίαν,
635 414 682 440 καὶ
703 413 867 440 πιστεύσωσι
881 412 919 447 τῷ

125 461 191 496 Θεῷ
221 460 351 496 ἑαυτοὺς)
379 459 607 495 ἐπιδεδημηκέναι
633 460 686 495 (9⁵2)
714 460 882 494 κεκήρυκται
907 460 920 484 ὁ

133 506 251 542 Ἰησοῦς,
262 506 367 542 πατρίῳ
380 506 432 532 τινὶ
443 507 498 538 τοῖς
515 506 602 540 λόγοις
616 506 720 538 τούτοις
732 505 859 541 συνηθείᾳ
874 505 921 532 καὶ

125 551 249 587 Χριστὸς
263 550 331 578 εἶναι
342 551 487 586 λεγόμενος
502 552 548 578 τοῦ
566 551 644 578 Θεοῦ.

973 186 1024 212 sibi
1049 186 1157 220 propria
1185 184 1269 212 Ιιιιιιυὶ
1296 185 1417 212 nonnulli
1435 189 1606 220 reponerent,
1631 192 1688 219 qua:
1703 185 1755 211 mi-

973 231 1044 258 nime
1074 230 1239 257 Christianis
1263 231 1427 258 conveniunt
1453 230 1575 265 :qnippe
1601 230 1698 264 quibus
1713 230 1756 257 di-

974 281 1017 304 cta
1039 282 1103 304 sunt
1128 277 1186 304 haec
1211 284 1217 303 :
1248 284 1257 301 ‹
1286 276 1462 303 Commendat
1491 276 1650 303 charitatcm
1678 283 1755 302 suam

976 322 1046 350 Deus
1062 323 1087 348 in
1109 322 1198 354 nobis,
1217 322 1345 356 quoniam
1359 330 1419 349 cum
1433 322 1520 349 adhuc
1535 325 1693 357 peccatores
1713 329 1756 349 es-

974 375 1076 398 semus,
1097 367 1222 394 Christus
1239 374 1286 401 pro
1304 367 1382 394 nobis
1398 372 1520 394 mortuus
1533 371 1575 395 est
1601 366 1634 393 ⁶³.
1666 367 1757 400 Quan-

973 421 1054 448 quam
1072 413 1115 439 vix
1135 420 1183 447 pro
1204 412 1277 446 justo
1296 413 1357 447 quis
1379 413 1508 440 moritur.
1529 412 1594 439 Nam
1619 421 1667 447 pro
1686 413 1757 440 bono

975 459 1090 486 forsitan
1103 459 1163 494 quis
1193 459 1289 486 audeat
1313 459 1380 486 mori
1394 459 1425 485 ⁸⁵.
1442 467 1451 484 ›
1477 458 1552 486 Nunc
1564 464 1653 485 autem
1667 459 1756 492 Jesus,

975 512 1055 540 quem
1071 506 1152 532 etiam
1168 505 1249 531 ducto
1271 511 1302 531 ex
1327 509 1480 532 nostrarum
1496 504 1697 538 Scripturarum
1719 505 1759 532 Io-

976 551 1076 585 quendi
1096 551 1292 578 consuetudine
1304 551 1439 577 vocabqu
1453 549 1589 576 Christum
1607 551 1652 576 Dei
1667 551 1758 585 appel-

128 600 235 633 Iatnus,
253 600 398 627 advenisse
423 608 471 635 pro
485 601 613 628 omnibus
635 601 789 636 ubicunque
802 601 857 628 sint
873 601 1061 636 peccatoribus
1089 600 1258 634 przndicatur,
1285 603 1324 631 nt,
1343 599 1431 633 posito
1449 602 1570 632 peccato,
1597 598 1677 633 seipsi
1703 598 1758 625 Deo

127 647 255 674 credant.

165 691 243 727 Τάχα
256 691 284 718 δέ
297 700 378 719 τινων
392 692 565 728 παρήκουσεν
583 691 598 718 ὁ
614 692 727 724 Κέλσος,
740 692 780 719 ὄτι
798 702 807 718 ‹
825 693 839 719 ό
853 691 918 725 Θεὸς

126 738 216 770 ἐστιν,
232 736 290 765 εἶτα
309 736 367 774 μετ’
384 739 486 765 ἐκεῖνον
505 737 595 773 ἡμεῖς,
615 747 624 763 ι
640 738 687 769 οὓς
703 737 826 773 ὠνόμασε
847 737 918 765 σκώ-

126 784 228 820 ληκας.
241 785 295 811 Καὶ
316 785 407 820 ὅμοιον
426 782 497 811 ποιεῖ
515 787 570 817 τοῖς
586 785 632 820 ὅλῃ
645 785 747 820 αἱρέσει
761 784 919 819 φιλοσοφίας

125 829 278 865 ἐγκαλοῦσι
302 831 346 857 διά
366 840 425 858 τινα
440 831 571 867 λεγόμενα
587 830 640 858 ὑπὸ
658 830 810 867 προπετοῦς
828 840 920 867 μειρα-

127 874 191 903 κίου
209 877 292 912 τριῶν
306 877 416 912 ἡμερῶν
433 878 609 913 φοιτήσαντος
631 878 671 909 εἰς
691 876 846 912 φιλοσόφου,
876 877 921 903 καὶ

126 920 314 959 ἐπαιρομένου
340 923 410 950 κατὰ
432 923 486 950 τῶν
511 922 621 955 λοιπῶν,
645 923 682 955 ὡς
706 923 853 949 ἐλαττόνων
876 924 922 950 καὶ

127 967 314 1002 ἀφιλοσόφων.
337 967 429 1003 ’Ῑσμεν
445 966 508 1003 γὰρ,
523 966 564 994 ὅτι
583 967 666 994 πολλά
688 968 760 993 ἐστιν
778 967 921 1003 ἀνθρώπου

127 1013 300 1049 τιμιώτερα·
311 1011 357 1039 καὶ
371 1013 536 1048 ἀνέγνωμεν,
553 1013 593 1039 ὅτι
609 1023 617 1038 ι
629 1013 715 1044 esse;
734 1013 798 1048 ἔστη
815 1014 843 1039 ὲν
859 1021 922 1039 συν-

127 1058 228 1094 αγωγῇ
247 1058 314 1085 θεῶν
324 1067 330 1073 ·
353 1068 362 1084 ι
387 1059 453 1085 θεῶν
469 1059 497 1085 δὲ
512 1059 541 1085 οὐ
555 1059 608 1085 τῶν
619 1058 859 1094 προσκυνουμένων
867 1058 920 1093 (95)

128 1104 187 1131 ὑπὸ
201 1104 254 1130 τῶν
271 1103 384 1130 λοιπῶν·
407 1114 416 1129 ι
447 1105 547 1135 πάντες
565 1114 573 1130 ν
591 1104 645 1139 γὰρ
659 1113 668 1129 ‹
692 1105 716 1130 οἱ
731 1103 786 1130 θεοὶ
801 1103 856 1129 τῶν
878 1103 922 1129 ἐθ-

128 1150 186 1176 νῶν
203 1149 337 1184 δαιμόνια.
358 1159 366 1174 ι
383 1149 437 1176 Καὶ
447 1149 613 1185 ἀνέγνωμεν,
630 1150 670 1176 ὅτι
682 1159 690 1175 ι
703 1149 800 1181 ὁΘεὺς,
821 1148 884 1180 στὰς
892 1150 921 1175 ὲν

130 1197 278 1230 συναγωγῇ
295 1194 372 1226 θεῶν,
384 1195 413 1221 ἐν
426 1195 501 1233 μέσῳ
516 1195 592 1226 θεοὺς
606 1195 736 1230 διακρίνει
744 1195 826 1230 (91).)
841 1193 921 1220 Οἶδα-

130 1249 186 1275 μεν
204 1239 232 1265 δὲ
246 1240 293 1266 καὶ
309 1239 360 1271 ὅτι,
376 1239 455 1275 εἴπερ
471 1240 525 1265 εἰσὶ
544 1239 599 1265 θεοὶ
618 1239 757 1274 λεγόμενοι
772 1238 820 1264 εἴτ’
836 1238 865 1264 ἐν
881 1239 923 1264 οὺ-

130 1286 210 1322 ρανῷ
227 1286 282 1312 εἴτε
306 1286 351 1312 ἐπὶ
376 1286 437 1320 γῆς,
464 1285 574 1321 (ὥσπερ
598 1285 652 1312 εἰσὶ
677 1285 733 1312 θεοὶ
755 1285 857 1316 πολλοὶ,
875 1284 922 1311 καὶ

129 1331 226 1367 κύριοι
243 1331 372 1366 πολλοί·)
393 1331 450 1358 ἀλλ’
464 1332 529 1366 ἡμῖν
544 1329 583 1362 εἷς
606 1331 672 1362 Θεὸς
692 1331 705 1356 ὸ
721 1330 825 1366 Πατὴρ,
843 1329 873 1363 ἐξ
892 1326 921 1357 οὗ

130 1377 169 1404 τὰ
183 1377 281 1409 πάντα,
298 1377 344 1403 καὶ
359 1378 440 1412 ἡμεῖς
454 1378 493 1408 εἰς
508 1376 601 1403 αὐτόν’
618 1377 664 1402 καὶ
683 1374 723 1408 εἷς
739 1376 850 1411 Κύριος,
872 1376 923 1412 Ἰη-

132 1422 200 1454 σοῦς
217 1423 343 1459 Χριστὸς,
355 1423 388 1449 δι’
402 1420 431 1449 οῦ
447 1422 480 1448 τὰ
498 1423 597 1455 πάντα,
612 1422 658 1448 καὶ
669 1423 749 1458 ἡμεῖς
762 1422 795 1448 δι’
811 1421 919 1449 αὑτοῦ-ι

129 1469 244 1504 οἴδαμεν
253 1469 281 1495 δὲ
300 1472 346 1495 κα.)⁸
357 1470 419 1500 τοὺς
432 1469 564 1502 ἀγγέλους
579 1467 664 1499 οὕτως
681 1467 749 1494 εἶναι
772 1467 922 1502 ἀνθρώπων

130 1516 307 1550 κρείττονας,
333 1514 401 1541 ὥστε
431 1515 494 1546 τοὺς
517 1514 694 1550 ἀνθρώπους,
715 1513 920 1546 τελειωθέντας,

131 1560 295 1594 ζσαγγέλους
319 1559 450 1594 γίνεσθαι.
470 1569 479 1584 ‹
500 1560 544 1586 Ἐν
561 1559 616 1595 γὰρ
639 1561 671 1595 τῇ
699 1559 845 1586 ἀναστάσει
870 1559 922 1586 τῶν

129 1605 238 1642 νεκρῶν
254 1605 316 1632 οὔτε
335 1605 468 1640 γαμοῦσιν
485 1605 540 1632 οὒτ’
554 1605 760 1640 ὲκγαμίζονται·
780 1605 847 1631 ἀλλά
856 1606 922 1631 εἰσιν

130 1652 171 1683 ὡς
184 1652 209 1677 οἱ
227 1651 335 1686 ἄγγελοι
358 1651 411 1677 τῶν
430 1650 552 1686 οὐρανῶν
570 1651 594 1676 oi
605 1651 713 1681 δίκαιοι,
733 1651 781 1676 καὶ
804 1650 922 1684 γίνονται

132 1696 284 1731 ἰσάγγελοι.
306 1705 315 1722 ι
335 1696 452 1732 Οἴδαμεν
465 1696 487 1722 δ’
500 1697 528 1723 ἐν
545 1698 578 1731 τῇ
593 1695 712 1727 διατάξει
734 1696 788 1722 τῶν
803 1696 870 1722 ὅλων
885 1695 924 1721 εἷο

131 1744 178 1771 ναί
193 1752 269 1774 τινας
295 1743 357 1772 τοὺς
380 1741 563 1777 καλουμένους
591 1740 727 1775 θρόνους,
755 1741 802 1767 καὶ
828 1741 923 1772 ἄλλους

132 1790 322 1824 κυριότητας,
341 1789 387 1816 κα)⁸
402 1789 494 1821 ἄλλους
517 1787 668 1819 ἐξουσίας,
683 1787 729 1812 καὶ
756 1786 851 1817 ἄλλους
872 1786 924 1820 ἀρ-

132 1835 194 1870 χάς
203 1843 209 1850 ·
229 1835 275 1861 καὶ
288 1835 404 1870 ὁρῶμεν,
421 1835 461 1861 ὅτι
485 1833 552 1860 πολὺ
575 1833 675 1859 τούτων
689 1833 768 1868 ἡμεῖς
782 1833 806 1858 ol
820 1832 924 1868 ἄνθρω-

132 1889 183 1908 ποι
196 1881 402 1915 ἀπολειπόμενοι
412 1880 520 1911 ἐλπίδας
532 1879 627 1914 ἔχομεν
640 1879 673 1905 ἐκ
685 1878 731 1904 τοῦ
747 1877 836 1909 καλῶς
850 1878 922 1913 βιοῦν

132 1928 184 1954 καὶ
199 1927 288 1953 πάντα
306 1927 435 1962 πράττειν
449 1926 518 1952 κατὰ
534 1926 579 1952 τὸν
597 1925 686 1959 λόγον,
709 1924 863 1951 ἀναϐαίνειν
878 1924 923 1950 ἐπὶ

132 1974 187 2008 ’τὴν
203 1972 305 1998 τούτων
319 1972 426 1998 πάντων
438 1971 606 2007 ἐξομοίωσιν.
621 1971 676 1997 Καὶ
687 1970 851 2002 τελευταῖον,
863 1970 922 1995 ἐπεὶ

137 2027 147 2044 ι
169 2019 254 2054 μήπω
281 2017 436 2052 ἐφανερώθη
462 2017 489 2043 τί
515 2016 641 2051 ἐσόμεθα,
669 2015 779 2051 οἴδαμεν
807 2016 858 2046 ὅτι,
876 2015 923 2041 ἐὰν

135 2063 294 2099 φανερωθῇ,
310 2063 426 2098 ἐσόμεθα
442 2063 528 2097 ὅμοιοι
543 2062 582 2097 τῷ
596 2061 669 2096 Θεῷ,
685 2061 732 2087 καὶ
746 2060 865 2096 ὀψόμεθα
880 2061 924 2087 αὺ-

133 2109 195 2142 τὸν,
210 2108 301 2140 καθώς
317 2109 387 2135 ἐστιν
405 2117 411 2123 ·
435 2118 444 2134 ›
463 2108 494 2134 Εἰ
508 2107 536 2133 δέ
551 2116 593 2138 τις
614 2107 644 2133 τὸ
660 2107 802 2142 λεγόμενον
820 2107 871 2132 ὑπό
884 2115 924 2133 ’τι⁸

1006 689 1051 717 ‘29.
1076 687 1136 716 Iltcc
1155 692 1245 715 autem
1263 697 1269 714 :
1295 696 1305 714 ι
1326 687 1396 714 Deus
1411 692 1461 720 est,
1480 689 1527 715 sed
1543 688 1697 722 proximum
1719 687 1756 714 illi

973 736 1061 763 locum
1088 742 1263 769 occupamus,
1293 743 1301 759 ι
1331 735 1447 762 fortasse
1467 734 1561 762 Celsus
1587 735 1702 762 audierit
1725 741 1757 761 ex

972 781 1132 818 quibusdam
1148 788 1252 813 eorum,
1269 787 1336 814 quos
1351 788 1457 807 vermes
1477 781 1610 807 nominat.
1632 780 1711 815 522
1724 781 1759 807 At

972 828 1035 862 quid
1061 827 1131 854 idem
1149 827 1214 853 facit
1228 834 1259 853 ac
1278 826 1316 853 illi
1331 826 1388 861 qui,
1405 827 1476 859 quod
1503 833 1624 860 przt‘ccps
1645 826 1756 860 quidam

975 873 1144 904 adolescens,
1161 873 1242 898 triutn
1257 871 1363 899 dierum
1387 871 1535 905 discipulus
1549 871 1714 906 philosophi,
1731 875 1758 898 et

972 922 1113 951 propterea
1128 917 1154 943 in
1171 920 1284 943 cmteros
1302 921 1430 950 tanquam
1458 915 1601 942 inferiores
1614 922 1643 942 se
1663 920 1691 942 ct
1711 916 1759 941 im-

972 962 1074 997 peritos
1104 961 1324 992 contumeliosus,
1350 961 1472 995 quardam
1498 967 1600 988 tenuere
1630 961 1757 994 dixisset,

973 1008 1100 1034 continuo
1111 1011 1194 1033 totam
1210 1006 1424 1041 philosophicam
1439 1012 1540 1034 sectam
1555 1007 1580 1034 in
1596 1007 1698 1034 crimen
1711 1014 1760 1035 vo-

972 1055 1076 1079 carent.
1090 1050 1197 1078 Scimus
1217 1051 1288 1077 enim
1307 1051 1389 1077 mttlta
1413 1059 1472 1078 esse
1500 1052 1609 1080 homine
1628 1057 1758 1087 praestau-

973 1097 1052 1124 tiora.
1078 1095 1227 1129 Legimus:
1255 1104 1264 1120 ι
1289 1095 1360 1122 Deus
1387 1097 1462 1122 stetit
1483 1097 1509 1123 in
1537 1104 1674 1133 synagoga
1692 1098 1757 1125 deo—

974 1149 1031 1168 rum
1047 1141 1084 1174 “;
1108 1151 1116 1167 ι
1132 1146 1159 1168 et.
1175 1149 1228 1168 non
1245 1141 1353 1168 illorum
1370 1141 1480 1175 quidem
1492 1143 1605 1169 deorum
1617 1150 1686 1177 quos
1700 1144 1758 1170 vul-

973 1194 1021 1222 gus
1035 1188 1099 1214 colit
1114 1188 1231 1221 gentium
1250 1194 1257 1212 :
1277 1195 1339 1214 nam
1361 1196 1370 1212 (
1391 1195 1485 1215 omnes
1508 1188 1543 1214 dii
1559 1189 1678 1222 gentium
1704 1190 1759 1216 dac-

973 1234 1063 1259 monia
1079 1233 1111 1259 “.
1125 1241 1134 1257 ι
1153 1232 1183 1258 Et
1197 1232 1309 1267 legimus
1323 1233 1404 1259 Deum
1419 1238 1537 1260 stantem
1554 1242 1563 1258 t
1580 1234 1605 1260 in
1621 1241 1758 1270 synagoga

974 1279 1096 1312 deorum,
1112 1279 1140 1305 in
1153 1279 1242 1306 medio
1254 1278 1319 1306 deos
1335 1279 1493 1313 dijudicare.
1512 1288 1522 1305 ι
1534 1279 1641 1307 Scimus
1654 1285 1757 1313 autem,

975 1333 985 1350 ι
1005 1324 1057 1351 etsi
1077 1329 1140 1351 sunt
1159 1325 1204 1358 qui
1230 1324 1355 1351 dicantur
1373 1325 1408 1351 dii
1426 1325 1484 1352 sive
1511 1326 1536 1352 in
1561 1325 1633 1353 cet-Io
1655 1326 1713 1353 sive
1730 1326 1756 1353 in

976 1375 1048 1397 terra
1067 1370 1212 1405 (siquidem
1239 1374 1303 1397 sunt
1328 1369 1364 1397 (lii
1385 1371 1462 1397 multi
1478 1376 1505 1398 et
1526 1371 1628 1399 domini
1655 1372 1757 1405 multi),

975 1415 1052 1443 nobis
1065 1421 1152 1442 tamen
1170 1423 1251 1442 unum
1272 1423 1332 1443 esse
1348 1416 1430 1443 Deum
1447 1416 1565 1451 Patrem,
1584 1425 1617 1445 ex
1631 1425 1685 1453 quo
1700 1425 1758 1445 om-

936 1495 957 1524 C
975 1474 1029 1506 nia,
1043 1480 1070 1502 et
1083 1483 1132 1502 nos
1148 1476 1174 1502 in
1189 1475 1279 1508 illum;
1297 1479 1413 1502 etunum
1424 1475 1564 1503 Dominum
1578 1475 1668 1503 Jesum
1680 1475 1759 1504 Chri-

974 1523 1054 1551 stum,
1071 1527 1117 1554 per
1132 1528 1211 1554 quem
1225 1520 1327 1551 omnia,
1340 1524 1368 1546 et
1382 1527 1432 1547 nos
1449 1528 1495 1555 per
1519 1521 1606 1554 ipsum
1620 1521 1653 1548 ⁸⁷.
1674 1530 1683 1547 ι
1704 1521 1759 1548 Nec

974 1566 1057 1593 nescii
1083 1574 1175 1593 sumus
1187 1567 1298 1600 angelos
1321 1566 1357 1593 ita
1379 1574 1439 1593 esse
1466 1574 1548 1600 supra
1578 1567 1713 1600 homines,
1730 1572 1759 1593 ut

974 1610 1086 1645 perfecti
1111 1612 1234 1638 homines
1250 1618 1330 1645 pares
1346 1611 1449 1646 angelis
1470 1611 1550 1638 fiant.
1562 1621 1570 1637 ι
1592 1611 1620 1638 In
1637 1619 1759 1639 resurre-

974 1657 1064 1683 ctione
1077 1657 1148 1683 enim
1168 1664 1256 1691 neque
1267 1657 1369 1684 nubent
1388 1664 1474 1691 neque
1489 1657 1634 1691 nubeutnr,
1649 1658 1695 1685 sed
1716 1657 1761 1692 ju-

976 1701 1010 1728 sti
1023 1706 1084 1728 sunt
1099 1701 1169 1728 sicut
1190 1702 1276 1735 angeli
1294 1703 1320 1729 in
1346 1703 1425 1735 caelo,
1438 1703 1554 1737 :rquales
1573 1703 1676 1737 angelis
1691 1703 1723 1730 ⁸³.
1748 1713 1757 1730 ι

975 1747 1148 1781 Pet-specuum
1165 1754 1275 1782 quoque
1291 1748 1368 1775 nobis
1381 1753 1422 1775 est
1436 1749 1471 1775 ita
1487 1757 1548 1776 esse
1564 1750 1690 1776 ordinata
1702 1757 1760 1777 om-

974 1793 1031 1826 nia,
1051 1797 1080 1818 ut
1096 1792 1141 1819 alii
1159 1793 1212 1819 sint
1228 1793 1274 1826 qui
1289 1797 1423 1820 vocantur
1442 1794 1541 1826 throni,
1567 1794 1614 1821 alii
1638 1794 1760 1822 domina-

974 1838 1069 1868 tiones,
1084 1837 1130 1864 alii
1145 1842 1296 1872 potestates,
1312 1837 1358 1864 alii
1369 1839 1535 1872 principatus
1548 1839 1570 1856 θ’
1584 1847 1590 1871 ;
1607 1843 1635 1866 et
1645 1847 1694 1866 nos
1703 1840 1761 1874 qui—

974 1881 1034 1908 dem
1050 1881 1172 1909 homines
1190 1886 1249 1915 post
1265 1889 1312 1909 eos
1322 1881 1399 1916 longo
1415 1881 1558 1908 intervallo
1574 1882 1700 1918 relinqui,
1712 1883 1760 1910 sed

974 1934 1047 1960 spem
1064 1933 1125 1953 esse
1143 1926 1210 1959 fore,
1228 1931 1257 1953 ut
1270 1926 1459 1953 benevivendo
1474 1927 1657 1961 faciendisque
1672 1929 1761 1956 omni-

975 1973 1024 2000 bus
1038 1979 1098 2006 quae
1115 1972 1185 1999 ratio
1203 1972 1334 2006 praecipit,
1348 1979 1426 2006 pares
1436 1972 1494 1999 istis
1504 1972 1630 2000 omnibus
1645 1974 1760 2001 evadere

977 2025 1140 2044 mereamur.
1169 2017 1290 2050 Denique
1317 2016 1445 2050 quoniam
1469 2026 1478 2042 ι
1500 2017 1618 2044 nondum
1636 2019 1759 2052 apparuit

975 2063 1038 2097 quid
1053 2062 1166 2093 erimus,
1182 2062 1284 2090 scimus
1294 2062 1422 2096 quoniam
1434 2070 1496 2089 cum
1509 2063 1676 2098 apparuerit,
1687 2064 1762 2091 simi-

976 2108 1014 2135 les
1031 2109 1084 2135 Deo
1105 2108 1217 2140 erimus,
1234 2112 1260 2135 et
1283 2107 1434 2134 videbimus
1456 2115 1517 2135 eum
1541 2109 1622 2136 sicuti
1641 2113 1684 2136 est
1695 2110 1729 2136 "°.
1748 2118 1758 2135 ι

133 2164 192 2182 νων
208 2154 262 2181 εἴτε
277 2153 330 2180 τῶν
347 2154 475 2181 νοούντων
487 2153 541 2179 εἴτε
557 2152 610 2179 τῶν
629 2153 665 2187 μὴ
684 2153 840 2184 συνιέντων,
856 2152 922 2178 ἀλλὰ

976 2154 1024 2181 Sin
1051 2159 1143 2180 autem
1162 2153 1297 2188 quispiam
1324 2153 1350 2180 id
1377 2153 1449 2188 quod
1475 2161 1508 2181 ex
1535 2155 1697 2190 quibusdam
1717 2155 1761 2183 vel

134 2200 370 2236 παρακουσάντων
395 2200 473 2234 λόγου
497 2198 599 2233 ὑγιοῦς,
618 2198 726 2233 φάσκοι,
749 2198 788 2224 ὃτι
805 2207 814 2223 ι
828 2199 842 2224 ὁ
856 2197 922 2229 Θεός

133 2247 222 2278 ἐστιν,
238 2244 297 2272 εἶτα
320 2246 377 2281 μετ’
403 2246 505 2272 ἐκεῖνον
533 2246 628 2280 ἡμεῖς·
651 2254 660 2270 ›
678 2245 724 2270 καὶ
746 2244 825 2270 τοῦτό
847 2244 873 2277 γ’
889 2244 922 2270 ἂν

134 2293 316 2330 ὲρμηνεῦοιμι
343 2293 372 2319 τὸ
389 2292 483 2326 ἡμεῖς,
509 2291 595 2325 λέγων
618 2290 676 2316 ἀντὶ
697 2289 756 2321 τοῦ,
771 2291 795 2316 οἱ
809 2289 922 2323 λογικοὶ,

134 2341 185 2367 καὶ
199 2339 240 2366 ἔτι
257 2338 365 2374 μᾶλλον,
379 2339 403 2364 οἱ
420 2337 556 2364 σπουδαῖοι
571 2336 683 2370 λογικοί.
697 2336 765 2362 Καθ’
783 2336 856 2370 ἡμᾶς
870 2335 924 2370 γὰρ

134 2386 153 2421 ἡ
164 2384 233 2419 αὺτὴ
249 2385 331 2420 ἀρετή
348 2384 405 2410 ἐστι
421 2383 474 2409 τῶν
492 2382 633 2418 μακαρίων
653 2382 771 2413 πάντων,
792 2381 861 2407 ὥστε
877 2381 924 2407 καὶ

135 2430 209 2465 αὐτὴ
223 2430 306 2465 ἀρετὴ
322 2429 376 2465 (95)
391 2428 534 2463 ἀνθρώπου
549 2428 595 2454 καὶ
615 2427 692 2453 Θεοῦ.
709 2427 807 2462 Διόπερ
824 2437 832 2452 ι
853 2427 925 2460 γίνε-

175 2490 197 2506 ⁸¹
215 2490 292 2516 Rom.
305 2497 330 2517 ν,
345 2489 372 2516 8.
428 2488 450 2505 ⁸³
466 2488 530 2514 Ibid.
543 2488 570 2515 τ.
609 2487 630 2503 ⁸⁵
644 2487 714 2514 Psal.
733 2495 826 2518 Lxxxt,
842 2488 866 2512 l.

136 2529 166 2554 el
183 2525 248 2552 Luc.
263 2533 308 2556 η,
325 2525 370 2551 50.
423 2523 444 2539 ⁸³
461 2523 566 2550 Coluss.
582 2531 601 2554 ι,
616 2523 660 2549 l6.

175 2582 232 2616 (92)
248 2582 311 2608 Post
327 2581 437 2608 verbum
457 2579 684 2616 ἐπιδεδημηκέναι
707 2578 772 2616 libb.
801 2578 925 2616 impressi

136 2613 243 2644 addunt
266 2617 337 2643 inter
356 2615 510 2646 uncinulns,
527 2613 574 2641 καί
589 2613 633 2640 διὰ
654 2614 687 2639 τὰ
705 2613 821 2648 μέγιστα
837 2615 926 2649 ἁμαρ-

135 2652 259 2685 τήματα,
277 2659 336 2686 qum
354 2658 368 2677 a
387 2658 450 2676 mss.
473 2650 580 2683 absunt,
602 2656 651 2675 nec
671 2649 778 2682 agnovit
794 2649 927 2683 interpres

137 2687 282 2712 Gelenius.

178 2721 233 2754 (95)
250 2719 416 2747 llwschelius
433 2719 459 2746 in
479 2717 815 2754 ιεςιιιππροσκυνούντων,
828 2717 907 2744 male.

177 2753 234 2789 (94)
256 2755 327 2781 Idem
344 2756 370 2781 in
388 2759 473 2785 textu,
490 2753 642 2787 διακρίνων.

178 2786 235 2826 (1)5)
254 2790 342 2816 Ὥστε
363 2789 412 2815 καὶ
435 2789 454 2822 ἡ
479 2786 559 2822 αὑτῆ
575 2787 677 2822 ἀρετή,
698 2791 751 2815 etc.
773 2787 842 2814 'I'ull.
857 2786 928 2815 lib.t

905 2487 927 2502 ⁸⁸
943 2485 1015 2513 Psal.
1033 2495 1095 2519 xcv,

712 2522 734 2537 7°
751 2521 851 2549 IJoan.
870 2530 908 2553 ut,
929 2522 957 2547 2.

977 2207 1029 2227 non
1053 2199 1275 2234 intelligentibus,
1293 2199 1334 2226 vel
1354 2206 1387 2227 ex
1413 2199 1628 2234 intelligentibus
1641 2201 1760 2236 quidem,

978 2245 1025 2272 sed
1039 2253 1091 2272 non
1110 2245 1195 2279 probe
1214 2252 1310 2272 sanam
1333 2245 1485 2273 doctrinam
1507 2247 1638 2274 assecutis
1661 2247 1761 2277 audiit.

978 2291 1075 2319 dixerit
1094 2300 1099 2316 :
1119 2301 1127 2317 ι
1149 2292 1218 2318 Deus
1229 2295 1272 2319 est
1288 2291 1407 2318 omnium
1422 2293 1536 2326 primus,
1550 2300 1601 2320 nos
1615 2293 1761 2320 secundum

978 2337 1011 2363 ab
1029 2337 1073 2364 illo
1090 2344 1257 2372 occupamus
1274 2337 1379 2370 locum;
1403 2347 1412 2364 ι
1426 2339 1457 2366 -id
1472 2339 1595 2373 equidem
1616 2339 1695 2366 facile
1718 2340 1762 2367 in-

980 2386 1153 2416 terpretarer,
1172 2391 1218 2409 nos
1233 2384 1370 2418 accipiens
1397 2391 1445 2418 pro
1467 2384 1501 2411 iis
1514 2384 1559 2418 qui
1582 2384 1687 2411 ratione
1699 2393 1765 2418 prze~

978 2427 1026 2454 diti
1044 2421 1117 2460 sunt,
1134 2429 1294 2463 autpotius,
1319 2435 1367 2463 pro
1391 2429 1426 2456 iis
1447 2430 1494 2463 qui
1515 2429 1615 2456 rationi
1633 2430 1763 2457 virtutem

1179 2487 1200 2503 ⁸⁷
1220 2487 1230 2514 I
1248 2488 1309 2515 Cor.
1331 2495 1391 2519 vnt,
1404 2487 1430 2515 ὅ.
1482 2486 1504 2504 ⁸⁸
1518 2487 1616 2514 Matth.
1627 2495 1695 2519 xm,
1709 2487 1762 2520 50;

976 2577 1015 2604 De
1040 2578 1150 2612 legibus.
1169 2588 1178 2604 ι
1198 2578 1258 2605 Jmn
1273 2587 1338 2606 vero
1350 2580 1436 2606 virtus
1451 2579 1545 2606 eadem
1563 2579 1589 2606 in
1608 2579 1719 2606 h0mine
1732 2586 1765 2608 ac

976 2614 1031 2640 Deo
1044 2618 1095 2645 est,
1112 2621 1200 2647 neque
1214 2613 1267 2640 ullo
1284 2614 1336 2640 alio
1352 2615 1377 2640 in
1390 2615 1469 2649 genio
1482 2618 1624 2648 prieterea.
1648 2614 1696 2640 Est
1712 2622 1763 2640 au—

976 2652 1029 2674 tem
1045 2649 1133 2674 virtus
1144 2648 1212 2674 nihil
1235 2649 1320 2679 aliud,
1337 2648 1419 2682 quam
1436 2650 1462 2675 in
1487 2657 1516 2675 se
1536 2649 1670 2682 perfecta,
1685 2653 1712 2675 et
1729 2650 1761 2675 ad

975 2690 1117 2718 suntmutn
1133 2683 1260 2718 perducta
1279 2688 1385 2718 natura.
1409 2683 1455 2709 Est
1478 2684 1564 2718 igitur
1579 2683 1680 2718 homini
1696 2691 1757 2710 cnm

975 2716 1213 2753 DBQSIIIIIIIlIIlIQJ
1229 2717 1315 2753 Clem.
1331 2716 1428 2753 Slvom.
1443 2725 1478 2744 vtt
1493 2716 1543 2744 ἷυὺ
1561 2717 1625 2753 γὰρ,
1640 2718 1764 2752 καθάπερ

975 2751 1003 2789 oi
1016 2751 1145 2789 Στωϊκοὶ,
1156 2752 1243 2789 ἀθέως
1258 2752 1327 2789 πάνυ
1344 2752 1392 2786 τὴν
1407 2752 1492 2789 αὐτὴν
1505 2751 1605 2789 ἀρετὴν
1620 2751 1763 2789 ἀνθρώπου

976 2762 1000 2776 οι
1016 2762 1138 2783 ιιτωικοι,
1156 2762 1243 2782 ausu);
1258 2762 1327 2777 πανυ
1344 2762 1392 2786 την
1408 2762 1492 2786 αυτην
1505 2762 1522 2779 a.
1542 2762 1605 2788 ετην
1620 2762 1763 2789 ανῠρωπου

976 2785 1090 2821 λέγομεν
1105 2787 1152 2812 καὶ
1169 2786 1246 2813 Θεοῦ.
1267 2795 1276 2810 ι
1293 2786 1350 2814 Non
1369 2787 1454 2818 enim,
1471 2792 1500 2814 ut
1520 2762 1604 2815 gloici
1620 2789 1696 2816 valde
1713 2789 1764 2814 im-
