1908 3099
122 122 194 150 ἰθῖῖ

706 121 848 149 CONTRA
864 121 1003 149 CELSUM
1024 121 1088 148 LIB.
1107 121 1150 148 IV.

1682 122 1750 152 1078

123 180 245 215 μάλιστα
270 181 326 213 τοῖς
352 181 494 216 βελτίοσιν,
520 181 596 207 ἔθετο
610 181 719 216 νόμους,
742 181 803 208 καθ’
819 181 866 213 οὒς
887 190 900 208 ο

963 174 1122 216 ιιυὶὺυεάιιί
1141 181 1285 216 parebunt,
1295 181 1452 210 felicitatem
1466 186 1680 218 consequentur.
1692 183 1748 210 Nec

122 225 248 260 βιοῦντες
265 227 393 262 μακάριοι
410 227 526 254 ἔσονται·
553 227 685 262 μηδαμῶς
700 228 764 259 τοὺς
783 228 913 262 δαίμονας

121 271 169 299 διὰ
180 272 235 299 τῶν
250 272 350 299 θυσιῶν
366 273 559 304 κολακεύοντες
569 293 575 305 ,
598 273 645 300 καὶ
669 273 755 308 πάντη
778 281 914 308 καταφρο-

121 318 233 349 νοῦντες
244 319 350 351 αὐτῶν,
373 319 416 345 διὰ
436 320 482 346 τὸν
507 319 654 355 βοηθοῦντα
673 319 719 346 τοῦ
744 319 811 346 Θεοῦ
827 320 912 353 Λόγον

121 366 181 396 τοῖς
196 365 252 391 ἄνω
268 366 316 391 καὶ
330 365 398 401 πρὸς
417 365 482 392 Θεὸν
507 365 644 400 βλέπουσι.
661 366 715 392 Καὶ
737 366 798 392 ἐπεὶ
819 366 833 391 ὁ
847 365 912 397 Θεὸς

118 409 249 436 ὲῧούλετο
268 410 403 445 κρατῆσαι
418 411 446 436 ἐν
460 412 516 442 τοῖς
527 410 680 445 ἀνθρώποις
695 410 740 437 τδν
756 410 802 437 τοῦ
826 410 911 445 Ἰησοῦ

116 453 213 489 λόγον,
235 456 311 482 οὐδὲν
339 455 495 490 δεδύνηνται
520 456 655 491 δαίμονες,
678 456 799 489 καίτοιγε
824 456 912 482 πάντα

117 500 214 527 κάλων
238 502 399 536 κινήσαντες
414 501 481 536 (10),
510 501 553 527 ἴνα
577 501 614 536 μὴ
630 501 790 536 Χριστιανοὶ
816 501 910 536 μηκέτ’

116 544 184 573 ὦσι·
206 547 269 579 τούς
292 556 322 573 τε
343 547 397 583 γὰρ
413 547 613 582 βασιλεύοντας,
640 548 686 574 καὶ
696 547 744 582 τὴν
762 547 911 582 σύγκλητον

118 593 238 629 βουλὴν,
253 594 298 620 καὶ
311 594 373 625 τοὺς
385 593 518 629 ἄρχοντας
529 593 669 627 πανταχοῦ
681 613 688 625 ,
703 593 771 619 ἀλλὰ
787 593 834 619 καὶ
848 594 911 624 τοὺς

116 638 225 674 δήμους
240 639 348 670 αὐτοὺς,
360 640 410 667 οὐκ
418 639 629 674 αἰσθανομένους
640 639 689 674 τῆς
699 639 795 673 ἀλόγου
807 639 853 666 καὶ
863 648 910 665 πο-

115 685 208 719 νηρᾶς
218 684 274 711 τῶν
282 685 418 720 δαιμόνων
429 685 580 720 ἐνεργείας,
592 684 758 720 ὲξετάραξαν
775 685 846 711 κατὰ
861 685 909 711 τοῦ

117 729 202 763 λόγου
218 730 265 759 καὶ
276 730 329 756 τῶν
348 731 529 758 πιστευόντων
541 731 580 762 εἰς
598 730 688 756 αὐτόν·
701 730 757 756 ἀλλ’
768 730 782 756 ὁ
801 731 910 757 πάντων

116 775 304 810 δυνατώτερος
310 775 356 802 τοῦ
363 776 430 803 Θεοῦ
438 776 523 810 Λόγος
537 776 583 802 καὶ
592 775 761 811 κωλυόμενος
770 797 776 808 ,
788 776 909 812 ὡσπερεὶ

116 820 225 856 τροφὴν
243 821 311 856 πρὸς
328 821 359 847 τὸ
375 821 466 853 αὔξειν
478 821 508 848 τὸ
518 821 668 848 κωλύεσθαι
682 822 704 855 (l
714 822 736 857 ι)
751 821 907 857 λαμῦὰνων,

115 865 291 901 προϐαίνων⁷
307 866 433 903 πλείονας
454 866 564 901 ἐνέμετο
579 866 676 901 ψυχάςι
689 867 754 898 Θεὸς
769 865 822 901 γὰρ
836 866 908 894 τοῦτ’

114 909 256 936 ἐϐούλετο,
269 909 363 936 Ταῦτα
375 910 470 946 δ’ἡμῖν
485 911 508 936 εἰ
522 910 569 937 καὶ
580 911 608 937 ἐν
621 911 790 946 παρεκϐάσει
799 911 853 946 (12)
866 911 910 940 λέ-

114 955 225 989 λεκται,
235 956 303 983 ἀλλὰ
310 957 464 992 ἀναγκαίως
472 955 557 992 οἶμαι.
568 958 749 994 Ἐδουλόμεθα
761 959 815 994 γὰρ
822 959 909 986 ἀπαν-

112 1002 203 1036 τῆσαι
218 1003 286 1038 πρὸς
303 1003 333 1030 τὸ
346 1004 410 1039 περὶ
427 1003 562 1031 Ἰουδαίων
581 1004 632 1030 ὑπὸ
646 1004 693 1031 τοῦ
710 1004 814 1031 Κέλσου
830 1005 908 1039 λεγό-

115 1054 211 1081 μενον,
227 1047 267 1074 ὅτι
281 1047 312 1083 δὴ
323 1057 332 1073 ‹
346 1047 391 1074 ἀπ’
403 1047 539 1082 Αἰγύπτου
552 1048 683 1084 δραπέται
692 1049 830 1082 γεγόνασι,
842 1058 850 1074 ι
861 1049 908 1077 καὶ

112 1093 159 1119 ὄτι
172 1102 181 1118 ‹
193 1093 275 1128 μηδὲν
286 1092 390 1120 πώποτ·
399 1094 536 1129 ἀξιόλογον
549 1104 558 1119 ι
567 1095 591 1121 οἱ
600 1094 767 1130 ἅνθρωποιοί
777 1094 907 1129 Θεοφιλεῖς

113 1137 249 1174 ἔπραξαν.
264 1148 272 1164 ι
295 1139 373 1165 Ἀλλὰ
386 1139 513 1175 καὶπρὸς
524 1139 565 1172 τὸ,
582 1149 592 1166 (
612 1139 668 1166 οὒτ’
683 1141 711 1166 ἐν
727 1139 798 1175 λόγῳ
812 1139 866 1166 οὔτ’
879 1140 907 1166 ὲν

111 1183 229 1220 ἀριθμῷ
237 1184 375 1220 γεγένασι,
383 1194 391 1210 ι
401 1186 499 1221 φαμὲν,
507 1186 547 1212 ὅτι
559 1195 567 1211 ι
578 1186 615 1217 ὼς
623 1186 700 1220 γένος
713 1185 840 1213 ἐκλεκτὸν
857 1186 905 1212 καὶ

112 1232 253 1268 βασίλειον
263 1230 412 1267 ἱεράτευμα
428 1240 436 1256 ι
451 1231 664 1268 ἀναχωροῦντες,
676 1232 722 1260 καὶ
733 1232 903 1263 ἐκκλίνοντες

109 1278 167 1312 τὴν
182 1278 250 1313 πρὸς
260 1278 323 1309 τοὺς
332 1276 448 1308 πολλοὺς
460 1277 610 1313 ἐπιμιξίαν,
627 1278 671 1304 ἵνα
682 1278 717 1313 μὴ
733 1277 905 1312 διαφθαρεῖεν

110 1323 151 1349 τὰ
165 1323 232 1358 ήθη,
254 1321 436 1358 ἐφρουροῦντο
451 1322 503 1348 ὑπὸ
520 1322 570 1357 τῆς
583 1322 665 1355 θείας¹
676 1322 824 1357 δυνάμεως·
850 1322 904 1349 οὒτ’

111 1368 322 1404 ἐπιθυμοῦντες,
338 1369 375 1400 ὡς
389 1369 413 1396 οὶ
430 1367 521 1394 πολλοὶ
539 1368 594 1405 τῷν
607 1367 767 1404 ἀνθρώπων,
784 1369 903 1404 προσλα-

111 1414 174 1440 ϐεῖν
186 1415 292 1446 ἑαυτοῖς
312 1415 393 1447 ἄλλας
415 1414 567 1450 βασιλείας,
585 1414 646 1441 οὔτε
667 1414 903 1450 καταλειπόμενοι,

109 1459 152 1490 ὡς
170 1459 214 1486 διὰ
231 1460 280 1495 τὴν
294 1460 437 1495 ὀλιγότητα
452 1454 689 1490 εὐεπιϐουλεύτους
710 1459 808 1490 αὐτοὺς
827 1458 903 1493 γενέ-

112 1507 189 1540 σθαι,
203 1507 249 1534 καὶ
263 1507 300 1538 ὼς
315 1506 360 1532 ἐπὶ
379 1507 411 1541 τῇ
428 1505 480 1541 (l3)
494 1505 628 1542 ὀλιγότητι
641 1505 725 1541 ἄρδην
745 1505 901 1537 ἀπολέσθαι,

110 1554 171 1580 Καὶ
185 1553 258 1583 τοῦτ’
275 1553 389 1586 ἐγίνετο,
402 1552 463 1578 ὅσον
472 1551 512 1578 ἔτι
525 1549 594 1586 ἦσαν
611 1551 680 1584 ἄξιοι
696 1551 746 1586 τῆς
765 1551 818 1577 ἀπὸ
833 1550 900 1577 Θεοῦ

111 1600 247 1635 φρουρᾶς.
263 1599 328 1625 Ὅτε
342 1598 363 1624 δ’
378 1598 460 1633 ἐχρῆν
472 1597 581 1628 αὐτοὺς,
596 1597 634 1628 ὡς
647 1597 707 1623 ὅλον
720 1596 795 1628 ἔθνος
810 1597 900 1632 ἁμαρ-

109 1643 206 1675 τάνον,
226 1643 271 1670 διὰ
292 1643 380 1670 πόνων
400 1642 611 1677 ἐπιστρέφεσθαι
630 1643 698 1678 πρὸς
711 1642 757 1673 τὸν
773 1642 839 1669 Θεὸν
856 1643 902 1669 αὺ-

110 1689 177 1720 τῶν,
192 1689 237 1715 ὁτὲ
263 1689 312 1723 μὲν
334 1688 380 1715 ἐπὶ
399 1687 500 1717 πλεῖον.
513 1687 558 1714 ὁτὲ
574 1688 595 1713 δ’
607 1688 650 1713 ἐπ’
667 1686 776 1713 ἔλαττον
788 1687 901 1721 ἐγκατε-

109 1734 246 1760 λείποντο·
262 1733 314 1765 ἕως
324 1733 370 1760 ἐπὶ
383 1733 525 1768 Ῥωμαίων
537 1732 585 1768 τὴν
599 1732 729 1767 μεγίστην
740 1733 901 1768 ποιήσαντες

107 1780 250 1816 ἁμαρτίαν
262 1780 290 1806 ὲν
304 1779 343 1814 τῷ
357 1779 513 1806 ἀποκτεῖναι
528 1779 573 1806 τὸν
594 1778 711 1813 Ἰησοῦν,
736 1777 836 1804 τέλειον
853 1779 899 1812 ἐγ-

108 1824 339 1859 κατελείφθησαν.

151 1869 234 1905 Ἐξῆς
259 1870 289 1896 δὲ
316 1869 421 1901 τούτοις
445 1870 460 1897 ὀ
485 1869 589 1900 Κέλσος
613 1868 763 1904 ἐπιτρέχων
784 1869 818 1895 τὰ
846 1869 900 1896 ἀπὸ

106 1915 159 1950 τῆς
175 1915 232 1951 (14)
244 1915 354 1951 πρώτης
368 1916 458 1951 βίϐλου
473 1915 621 1947 Μωῦσέως,
630 1916 690 1950 ἥτις
701 1915 899 1949 ἐπιγέγραπται

108 1961 234 1995 Γένεσις,
266 1962 357 1996 φησὶν,
372 1962 410 1994 ὡς
426 1960 480 1996 ἀρα
499 1970 508 1986 ι
529 1961 709 1996 ἐπεχείρησαν
726 1962 899 1995 γενεαλογεῖν

106 2007 212 2039 αὐτοὺς
224 2008 278 2034 ἀπὸ
298 2007 409 2043 πρώτης
423 2008 527 2040 σπορᾶς
542 2007 648 2042 γοήτων
669 2008 715 2033 καὶ
732 2007 840 2036 πλάνων
857 2007 901 2033 ἀν-

106 2052 239 2088 θρώπων,
251 2053 373 2089 ἀμυδρὰς
389 2055 436 2080 καὶ
452 2052 618 2088 ἀμφιϐόλους
639 2052 744 2087 φωνὰς,
762 2053 790 2078 ἐν
812 2053 899 2087 σκότῳ

107 2107 164 2125 που
182 2099 330 2137 κρυφίους,
353 2097 616 2133 ἐπιμαρτυρόμενοι,
642 2098 689 2123 καὶ
705 2099 761 2129 τοῖς
781 2097 899 2132 ἀμαθέσι

106 2147 156 2172 καὶ
171 2146 297 2180 ἀνοήτοις
309 2145 553 2180 παρεξηγούμενοι·
574 2145 620 2170 καὶ
642 2143 728 2170 ταῦτα
754 2144 820 2179 μηδὲ
842 2144 899 2170 πώ-

107 2192 169 2218 ποτ’
184 2192 214 2217 ὲν
233 2190 324 2225 πολλῷ
339 2190 378 2226 τῷ
396 2190 514 2225 πρόσθεν
537 2189 626 2225 χρόνῳ
649 2190 696 2216 τοῦ
715 2189 816 2216 τοιοῦδε
839 2190 898 2225 μηδ’
916 2204 938 2233 D

105 2235 375 2272 ἀμφισϐητηθέντος.
394 2244 403 2261 ι
418 2235 492 2261 Πάνυ
504 2234 525 2260 δ’
538 2234 651 2268 ἀσαφῶς
664 2235 691 2260 ἐν
705 2234 810 2266 τούτοις
823 2234 899 2261 δοκεί

107 2290 155 2317 μοι
167 2281 317 2316 εἰρηκέναι,
334 2281 402 2316 ὅπερ
419 2280 552 2306 ἐϐούλετο.
566 2280 647 2311 Εἱκὺς
662 2280 689 2306 δὲ
702 2280 749 2306 καὶ
763 2280 811 2315 τὴν
828 2280 898 2306 κατὰ

103 2327 153 2353 τὸν
168 2326 253 2353 τόπον
269 2326 402 2360 ἀσάφειαν
417 2325 655 2360 ἐπιτετηδευκέναι
669 2325 749 2352 αὑτὸν
759 2345 766 2356 ,
783 2325 896 2361 ἐπείπερ

104 2372 182 2408 ἐώρα
208 2371 316 2407 ἰσχυρὸν
339 2372 385 2398 τὸν
413 2371 490 2406 λόγον
514 2370 560 2397 τὸν
585 2370 821 2402 κατασκευάζοντα
843 2370 897 2397 ἀπὸ

103 2417 215 2444 τοιωνδὶ
228 2417 368 2452 προγόνων
382 2415 450 2444 εἶναι
465 2417 496 2443 τὸ
516 2416 651 2443 Ἰουδαίων
667 2415 723 2451 (15)
739 2415 824 2447 ἔθνος.
839 2416 895 2442 Πά-

103 2464 147 2495 λιν
175 2465 199 2490 τ’
228 2461 262 2490 αὖ
289 2463 422 2499 ἐϐουλήθη
450 2463 487 2498 μὴ
516 2462 603 2489 δοκεῖν
641 2462 746 2495 ἀγνοεῖν
781 2462 897 2496 πρᾶγμα

104 2509 173 2545 περὶ
195 2509 328 2535 Ἰουδαίων
345 2509 393 2537 καὶ
407 2507 454 2535 τοῦ
476 2507 572 2544 γένους
596 2507 685 2534 αὐτῶν
704 2507 754 2534 οὐκ
779 2508 893 2536 εὐκατα-

140 2567 164 2584 "
185 2566 272 2595 Exod.
288 2575 347 2600 ιιι,
371 2568 398 2598 6.

141 2632 201 2669 (ill)
217 2633 263 2669 Sic
281 2641 344 2660 mss.
361 2635 464 2669 Regius
477 2639 503 2661 et
518 2635 693 2662 Basileensis.
711 2635 785 2662 Libri
801 2640 889 2663 autem

103 2668 184 2705 editi,
208 2668 284 2695 οὐδὲν
303 2669 333 2695 δὲ
349 2668 475 2696 δύνανται
496 2670 639 2705 δαίμονες,
661 2670 783 2704 καίτοιγε
803 2671 891 2698 πάντα

103 2703 197 2731 κάλων
211 2704 380 2738 κινήσαντες.

120 2738 164 2804 θμ
175 2738 198 2773 Ι)
214 2739 248 2764 T0
262 2740 440 2767 κωλύεσθαι.
458 2739 555 2768 lllavult
571 2740 729 2768 Boberellus
741 2741 779 2775 τῷ
797 2740 894 2767 κωλύε-

137 2782 178 2799 αι.

103 2781 178 2799 συαι.

213 2807 382 2845 [Ιῳεεὴοιῐυς
399 2809 425 2836 in
441 2813 527 2843 textu,
545 2809 708 2845 παραϐάσει.

140 2842 198 2879 (13)
213 2842 291 2875 Libb.
306 2844 371 2872 editi
392 2845 426 2874 ad
441 2852 529 2878 oram,
549 2842 611 2872 ὅσον
626 2845 670 2874 ἐπὶ
686 2847 728 2885 τῇ.

963 227 1019 261 jam
1035 227 1144 262 quidem
1163 234 1230 262 opus
1249 232 1291 254 est
1306 231 1336 255 ut
1351 228 1471 256 victimis
1492 229 1630 256 daemones
1644 228 1748 256 demul-

965 277 1052 300 ceant.
1074 272 1130 300 lmo
1146 273 1206 300 illos
1223 274 1391 308 contemptui
1409 273 1527 306 habent,
1547 272 1609 301 freti
1626 274 1728 305 auxilio
1739 293 1748 306 ,

964 325 1019 352 quo
1034 317 1079 344 Dei
1097 317 1212 344 Verbum
1227 318 1320 345 oculos
1343 322 1450 346 sursum
1467 319 1500 346 ad
1518 320 1601 346 Demn
1615 320 1747 355 erigenti~

964 363 1014 390 bus
1030 363 1165 392 subvenit.
1180 363 1211 390 Et
1229 363 1292 398 quia
1308 364 1353 391 Dei
1368 364 1494 391 voluntas
1509 369 1585 397 erat.
1615 370 1645 393 ut
1675 366 1748 394 inter

963 408 1088 435 homines
1105 407 1168 435 Jesu
1187 409 1311 436 doctrina
1330 409 1529 443 invalesceret,
1547 411 1616 438 irriti
1636 411 1747 438 fuerunt

963 461 1059 482 omnes
1089 454 1240 481 daemonum
1256 459 1393 482 conatus:
1420 463 1574 490 quanquam
1605 457 1747 485 machinas

961 498 1147 535 adhibuerunt
1164 507 1258 527 omnes
1270 519 1278 532 ,
1292 505 1322 527 ut
1338 500 1482 528 Christiani
1501 502 1616 536 amplius
1632 510 1684 537 non
1703 510 1747 530 es-

962 548 1033 570 sent.
1052 543 1141 579 Reges
1153 545 1235 577 enim,
1250 551 1372 579 senatus,
1386 547 1532 581 principes,
1550 548 1662 581 populos
1673 549 1746 583 ipsos

962 589 1024 616 mali
1044 590 1191 626 iniustique
1213 592 1332 626 ipsorum
1352 592 1466 627 incmpti
1487 593 1596 628 ignaros
1614 594 1745 622 incende-

962 640 1027 662 runt
1044 636 1071 663 in
1088 636 1246 671 religionem
1264 637 1450 666 Christianam
1467 646 1570 674 eosque
1593 642 1640 675 qni
1668 642 1700 668 ad
1719 642 1747 668 il-

960 681 1013 708 lam
1033 682 1263 710 adhzercscebant.
1279 683 1332 711 Sed
1352 684 1471 712 Verbum
1495 685 1540 712 Dei
1560 686 1603 712 vel
1628 686 1747 720 impedi-

961 731 1016 754 tum
1032 727 1132 755 fortius
1150 729 1278 756 oumibus
1295 729 1362 762 fuit,
1378 734 1404 757 et
1424 731 1502 765 quasi
1529 732 1599 759 vires
1624 739 1657 760 ex
1681 733 1746 768 ipsis

960 771 1162 806 impedimentis
1176 774 1378 808 accessissent,
1393 777 1481 810 magis
1503 775 1586 812 526
1606 778 1746 814 magisque

960 824 1132 853 progressum
1155 824 1197 846 est
1221 824 1251 847 et
1275 819 1427 848 uberiorem
1445 822 1598 849 animarum
1625 828 1745 858 segetem

961 865 1082 890 messuit.
1101 864 1172 892 Deus
1185 865 1259 892 enim
1283 866 1320 893 ita
1345 867 1465 894 volebat.
1480 868 1570 902 Atque
1582 869 1648 901 lucc.
1676 875 1746 896 tam-

959 911 1009 936 οιδί
1036 917 1052 936 a
1079 911 1219 945 proposito
1234 912 1388 946 avocarint,
1398 914 1550 941 necessaria
1564 919 1654 942 tamen
1667 916 1742 943 duxi.

959 956 1108 985 Occursnm
1124 958 1195 985 enim
1211 958 1334 986 volebam
1352 959 1385 986 iis
1399 967 1460 994 quae
1475 960 1570 988 Celsus
1583 961 1684 989 Jurlmis
1696 963 1744 989 ob-

936 1003 1036 1041 }iecil:
1068 1013 1077 1030 ι
1108 1013 1154 1032 eos
1171 1005 1255 1033 fuisse
1285 1014 1380 1034 servos
1406 1007 1536 1042 fugitivos
1561 1016 1593 1036 ex
1624 1008 1744 1046 (Egypto

958 1058 1093 1085 egressos,
1112 1061 1121 1076 ι
1137 1057 1246 1086 gentem
1265 1052 1337 1079 illam
1355 1053 1409 1080 Dco
1424 1053 1534 1081 cbaram
1557 1063 1566 1080 ι
1592 1055 1674 1083 nullis
1693 1065 1743 1082 nn-

957 1103 1039 1130 quam
1053 1095 1138 1124 fuisse
1153 1097 1234 1124 rebus
1249 1098 1332 1133 gestis
1348 1098 1491 1132 insignem.
1511 1109 1519 1125 ι
1534 1099 1592 1127 Jam
1611 1101 1643 1127 ad
1660 1101 1742 1134 istud,

960 1149 969 1164 ι
988 1141 1059 1167 nullo
1073 1141 1099 1168 in
1114 1141 1173 1172 loco
1188 1143 1373 1176 illos,nulloin
1386 1152 1500 1172 numero
1512 1145 1593 1174 fuisse
1605 1147 1740 1180 habitos”

958 1187 1107 1221 respondeo
1126 1197 1135 1213 ‹
1153 1195 1201 1216 eos
1216 1193 1346 1223 tanquam
1367 1190 1481 1217 electum
1503 1199 1588 1227 genus
1603 1197 1631 1219 et
1651 1193 1742 1228 regale

957 1233 1137 1260 sacerdotium
1145 1233 1167 1249 ⁸⁷
1182 1243 1192 1260 ι
1205 1235 1364 1262 recedentes
1378 1243 1392 1262 a
1406 1235 1477 1271 vulgi
1489 1239 1694 1272 consuetudine,
1709 1247 1742 1266 ne

957 1278 997 1304 sui
1011 1285 1100 1305 mores
1116 1278 1177 1306 inde
1194 1279 1426 1314 depravarcntnr,
1446 1286 1518 1310 tutos
1540 1284 1638 1311 divina:
1665 1289 1742 1319 pote-

956 1323 1035 1350 statis
1049 1323 1175 1358 prmsidio
1185 1324 1281 1358 fuisse,
1298 1333 1348 1352 nec
1363 1334 1456 1361 regna,
1470 1327 1540 1361 quod
1553 1328 1673 1363 plerique
1690 1329 1741 1357 ho-

958 1368 1059 1396 minum
1078 1368 1197 1401 faciunt.
1214 1370 1265 1398 sibi
1285 1371 1420 1407 subjicere
1438 1374 1673 1408 concupiscentes,
1691 1382 1740 1402 nec

957 1414 993 1440 ita
1012 1413 1159 1443 derelictos
1171 1421 1200 1444 ut
1214 1421 1326 1450 propter
1350 1424 1426 1444 suam
1449 1419 1614 1452 paucitatem
1633 1420 1739 1447 insidiis

957 1458 1036 1489 facile
1048 1463 1182 1493 paterent,
1197 1465 1224 1487 et
1241 1461 1336 1487 eadem
1348 1461 1382 1488 de
1394 1469 1474 1492 causa
1495 1463 1602 1497 penitus
1618 1463 1740 1491 deleren-

958 1509 1012 1530 tur.
1032 1505 1119 1539 Atqne
1135 1505 1174 1532 sic
1188 1505 1295 1532 fuerunt
1307 1526 1314 1538 ,
1331 1507 1449 1540 quamliu
1477 1515 1507 1534 se
1527 1508 1620 1542 dignos
1636 1511 1740 1544 prmsti-

958 1556 1024 1582 tere,
1042 1557 1110 1585 quos
1124 1550 1196 1578 Dens
1211 1551 1369 1580 custodiret.
1386 1552 1499 1585 Quando
1507 1559 1597 1581 autem
1609 1562 1677 1589 opus
1689 1555 1741 1583 fuit

957 1599 985 1623 ut
999 1603 1066 1630 gens
1092 1601 1148 1624 tota
1178 1597 1205 1624 in
1232 1603 1373 1635 peccatum
1395 1598 1520 1634 prolapsa
1539 1599 1740 1630 calamitatibus

955 1641 988 1668 ad
1005 1641 1089 1669 Detun
1101 1650 1179 1670 suum
1198 1647 1384 1675 revocaretur,
1402 1649 1465 1671 tunc
1478 1645 1557 1672 modo
1571 1645 1603 1673 ad
1619 1646 1739 1677 brevius.

956 1688 1076 1714 modoad
1089 1688 1193 1722 longius
1209 1693 1314 1722 tempus
1328 1688 1372 1715 Dei
1387 1689 1540 1722 patrocinio
1552 1690 1738 1718 deserebatur:

956 1734 1042 1760 donec
1058 1734 1164 1760 tandem
1179 1733 1228 1760 sub
1242 1733 1374 1761 Romanis
1389 1742 1433 1761 rea
1456 1735 1527 1762 facta
1550 1736 1661 1767 maximi
1681 1737 1737 1764 cri-

956 1778 1048 1811 minis,
1067 1779 1157 1805 occiso
1176 1777 1251 1810 Jesu,
1268 1779 1293 1805 in
1310 1783 1394 1806 totum
1411 1779 1542 1811 derelicta
1562 1784 1613 1807 est.

991 1867 1036 1895 53.
1055 1866 1157 1896 Deinde
1172 1866 1267 1893 Celsus
1284 1867 1309 1895 in
1324 1866 1440 1900 primum
1456 1867 1556 1902 Moysis
1573 1867 1671 1895 librum
1685 1868 1738 1902 Ge-

955 1913 1026 1940 nesis
1050 1912 1212 1946 inscriptum
1242 1912 1426 1939 incursionem
1445 1913 1547 1939 faciens
1567 1922 1574 1940 :
1593 1922 1602 1938 ι
1623 1913 1661 1940 Illi
1675 1933 1683 1946 ,
1697 1915 1739 1941 in—

954 1959 1021 1992 quit,
1037 1959 1155 1992 aggressi
1171 1965 1247 1985 suam
1259 1965 1344 1992 usque
1359 1965 1373 1984 a
1388 1959 1482 1992 primis
1503 1959 1697 1993 impostoribus
1710 1966 1738 1988 et

954 2004 1102 2030 erronibus
1117 2008 1241 2037 repetere
1252 2004 1384 2038 originem
1394 2025 1401 2037 ,
1420 2004 1564 2038 obscuras,
1577 2005 1718 2040 ambiguas
1727 2026 1735 2038 ,

954 2049 1073 2076 tenebris
1085 2050 1229 2077 obvolutus
1242 2058 1322 2077 voces
1342 2050 1368 2076 in
1394 2050 1579 2077 testimonium
1599 2051 1736 2079 adducunt

953 2102 1052 2129 easque
1065 2095 1196 2129 imperitis
1207 2100 1234 2122 et
1246 2095 1357 2122 rudibus
1373 2095 1604 2130 interpretantur;
1614 2097 1738 2131 quamvis

953 2141 986 2167 de
1003 2140 1156 2175 lmjusmodi
1172 2147 1201 2167 re
1220 2140 1313 2167 nmltis
1332 2145 1395 2167 ante
1423 2140 1530 2168 sreculis
1557 2141 1631 2168 nulla
1657 2141 1738 2169 fuerit.

953 2188 1148 2216 controversia.
1170 2198 1178 2213 ι
1192 2188 1241 2216 llic
1255 2189 1319 2216 mihi
1333 2189 1450 2216 obscure
1460 2189 1573 2219 omnino
1584 2197 1661 2217 suam
1676 2197 1739 2224 ape-

952 2234 1039 2260 ruisse
1054 2239 1172 2261 mentem
1183 2234 1299 2261 vidctur.
1312 2233 1424 2268 Opinor,
1441 2234 1501 2260 data
1515 2241 1598 2268 opera
1616 2234 1738 2262 latebras

951 2279 1086 2313 quaesivit,
1100 2279 1162 2314 quia
1181 2279 1371 2315 videritquam
1392 2279 1489 2306 validis
1511 2281 1678 2314 argumentis
1690 2280 1738 2308 Ju—

951 2326 1070 2352 dazorum
1086 2325 1120 2351 ab
1141 2324 1195 2352 illis
1210 2324 1305 2359 primis
1320 2324 1478 2358 parentibus
1497 2323 1574 2359 origo
1597 2324 1736 2351 fulciatur.

952 2370 1006 2397 Nec
1025 2374 1114 2397 tamen
1130 2371 1241 2404 ignarus
1258 2370 1344 2396 videri
1360 2369 1446 2396 voluit
1460 2377 1555 2399 eorum
1569 2377 1629 2404 quae
1645 2369 1678 2396 de
1690 2369 1738 2396 Ju-

951 2416 1017 2443 dzeis
1044 2422 1195 2451 eorumque
1222 2415 1328 2450 origine
1353 2415 1492 2447 dicuntur,
1524 2422 1637 2448 qumque
1663 2415 1735 2442 scitu

950 2461 1030 2496 digna
1045 2466 1118 2488 sunt.
1142 2462 1175 2488 Et
1190 2469 1257 2489 sane
1277 2460 1452 2488 manifestum
1473 2464 1515 2486 est
1532 2459 1640 2487 Iudaeos
1660 2465 1735 2488 ortos

950 2514 1010 2534 esse
1037 2514 1052 2534 τι
1080 2507 1166 2535 tribus
1192 2506 1244 2533 illis
1276 2506 1414 2540 patribus,
1430 2504 1584 2537 Abraham,
1615 2504 1692 2535 Isaac
1706 2511 1735 2534 et

981 2637 1036 2678 (Η)
1049 2637 1174 2678 lidetn‘iu
1191 2641 1275 2678 textu.
1288 2635 1406 2677 τὴνριπὸ
1419 2635 1483 2678 τῆς,
1494 2639 1520 2662 et
1535 2632 1613 2668 paulo
1627 2636 1688 2668 post
1706 2632 1733 2660 in

947 2670 1081 2705 margine.
1098 2671 1151 2699 ἀπὸ
1162 2670 1273 2705 πρώτης
1286 2670 1482 2705 φορᾶνςνιηιιιιξ.

982 2702 1037 2742 (1‘5)
1060 2707 1149 2734 Codex
1164 2702 1274 2738 Regius,
1292 2702 1442 2730 Ἰουδαίων.
1453 2703 1542 2742 _Lib_b.
1563 2703 1648 2742 eum,
1665 2702 1721 2742 jto_o

946 2737 1034 2769 δαῗονί
1051 2742 1132 2768 l’aulo
1145 2737 1312 2774 post’omncs
1327 2747 1404 2774 mss”
1417 2739 1464 2774 καὶ
1475 2738 1521 2774 τοῦ
1537 2737 1632 2774 γένους
1643 2737 1732 2765 αὐτῶν

947 2777 996 2804 οὐκ
1011 2772 1254 2816 εὐκαταφρόνητον.
1264 2774 1356 2816 ,Σαφές
1424 2772 1591 2813 ιΙωςςΙιεΙίιιε
1607 2774 1730 2816 ἰριιεχιιι,

946 2813 975 2838 τὸ
989 2812 1064 2850 γένος
1079 2807 1167 2838 αὐτῶν
1181 2807 1229 2836 οὒκ
1245 2807 1488 2843 εὐκαταφρόνητον·
1508 2807 1600 2841 σαφῶς
1617 2807 1659 2846 δή.
