1908 3099
133 130 208 158 1081

723 132 863 160 CONTRA
879 132 1020 160 CELSUM
1035 133 1099 159 LIB.
1117 132 1168 160 lV.‘

1693 132 1764 161 1083

128 189 166 216 τὸ
182 189 231 216 καὶ
251 189 294 224 ὑφ’
312 189 389 225 ὑμῶν
410 190 671 226 παραλαμϐάνεσθαι
690 191 724 217 τὰ
739 191 859 227 ὀνόματα
873 192 900 218 τὸ

980 193 1130 226 usurpatis,
1142 192 1208 218 certi
1224 191 1391 224 experientia
1403 199 1526 226 magnam
1537 199 1597 219 esse
1608 192 1762 227 huiusmodi

127 235 221 271 τριῶν
231 236 332 263 τούτων
346 237 486 272 γεναρχῶν
508 237 554 263 τοῦ
569 237 671 269 ἔθνους,
683 239 716 272 τῇ
734 238 862 273 ἐναργείᾳ
879 247 928 264 κα-

128 281 363 316 ταλαμϐανόντων
373 305 380 313 ,
396 284 446 310 οὐκ
459 284 683 319 εὐκαταφρόνητα
695 284 822 310 ἀνύεσθαι
834 285 865 310 ἐκ
877 284 927 319 τῆς

128 328 286 363 κατεπικλή
291 337 359 360 σεως
366 329 463 361 αὐτῶν,
475 329 622 365 παρίστησι
631 330 660 356 τὸ
667 330 736 356 Θεῐον
747 330 800 356 τῶν
811 330 923 366 ἀνδρῶν;

128 372 184 405 οὒς
199 374 375 409 οὐδαμόθενῆ
393 375 445 401 ἀπὸ
464 375 518 401 τῶν
537 375 616 410 ἱερῶν
642 375 717 411 παρὰ
735 376 870 407 Ἰουδαίοις
885 375 925 410 βι-

130 419 218 445 ϐλίων
232 421 492 456 παραλαμϐάνομεν.
515 421 595 447 Ἀλλὰ
609 421 663 457 γὰρ
681 422 726 448 καὶ
737 423 750 448 ὁ
770 431 780 446 ι
796 422 861 452 Θεὸς
877 421 922 447 τοῦ

134 465 259 500 Ἰσραὴλ,
275 466 322 493 καὶ
337 468 351 492 ὀ
367 466 432 498 Θεὸς
445 467 499 493 τῶν
517 467 660 502 Ἐϐραίων,
678 468 724 494 καὶ
737 469 751 494 ὁ
763 467 829 498 Θεὸς
844 467 859 493 ὀ
873 476 922 493 κα-

127 511 308 543 ταποντῶσας
329 513 357 538 ὲν
372 514 404 547 τῇ
428 513 544 548 Ἐρυθρᾷ
560 513 681 549 θαλάσσῃ
696 514 742 540 τὸν
768 514 921 547 Αἰγυπτίων

128 554 245 588 βασιλέα
260 557 307 583 καὶ
325 558 386 589 τοὺς
400 558 576 592 Αἰγυπτίους,
593 568 601 584 ι
620 559 748 591 πολλάκις
759 558 920 594 ὀνομάζεται

125 601 413 638 παραλαμϐανόμενος
428 604 497 630 κατὰ
510 605 653 639 δαιμόνων,
671 605 687 640 ἦ
701 614 779 631 τινων
796 604 920 639 πονηρῶν

124 647 282 682 δυνάμεων.
295 648 474 685 Μανθάνομεν
486 650 514 676 δὲ
529 651 577 686 τὴν
602 651 664 686 περὶ
678 651 711 677 τὰ
735 649 919 685 ὀνομαζόμενα

126 692 251 728 ἱστορίαν
280 695 327 721 καὶ
356 695 406 730 τὴν
431 695 486 722 τῶν
516 696 654 731 ὀνομάτων
687 696 833 731 ἑρμηνείαν
866 696 919 722 ἀπὸ

131 738 269 774 Ἑϐραίων
282 740 335 766 τῶν
349 743 404 772 τοῖς
418 742 541 777 πατρίοις
552 742 696 777 γράμμασι
708 743 754 768 καὶ
764 743 797 777 τῇ
813 741 918 778 πατρίῳ

121 783 263 820 διαλέκτῳ
276 786 363 812 ταῦτα
375 788 559 822 σεμνυνόντων
575 789 622 814 καὶ
637 788 831 823 διηγουμένων.
855 788 923 822 Πῶς-

121 827 172 856 οὗν
186 840 195 856 ι
215 831 335 858 Ἰουδαῖοι
348 832 423 859 ταῦτ’
434 833 656 869 ἐπιχειρήσαντες
672 833 782 865 ἑαυτοὺς
794 833 919 868 γενεαλο-

983 238 1164 265 inrocationis
1182 238 1317 270 \‘irlulem,
1336 245 1388 265 non
1405 238 1431 264 id
1449 238 1590 265 evidenter
1613 239 1708 272 probet
1722 241 1762 267 di-

980 285 1058 311 vinos
1075 284 1135 310 illos
1150 283 1233 310 fuisse
1247 283 1338 310 viros?
1354 283 1407 310 llos
1420 288 1509 311 tamen
1526 285 1632 312 nonnisi
1647 293 1661 312 a
1675 286 1761 313 sacris

979 329 1133 356 Judaeorum
1161 329 1238 355 libris
1254 329 1453 363 cognoscimus.
1471 329 1549 364 Saepe
1567 331 1648 358 etiam
1664 337 1759 359 contra

978 375 1116 402 daemones
1130 374 1251 409 aliasque
1269 375 1362 402 noxias
1379 379 1526 408 potestates
1543 377 1568 403 in
1590 384 1638 404 usu
1655 383 1696 404 est
1708 378 1757 405 ista

977 420 1091 447 formula
1107 429 1114 448 :
1134 429 1143 446 ι
1166 420 1238 448 Deus
1254 420 1348 452 Israel,
1366 421 1437 448 Deus
1467 421 1639 459 llebrmorum
1652 444 1659 456 ,
1687 423 1759 452 Deus

976 467 1021 501 qui
1037 466 1225 501 [Egyptiorum
1241 474 1329 501 regem
1341 466 1538 501 (Egyptiosque
1550 468 1717 496 submersisti
1732 469 1757 496 in

976 513 1043 538 mari
1062 512 1165 538 Rubro.
1182 522 1191 537 ι
1208 511 1289 546 Atqui
1307 512 1354 539 has
1377 512 1505 539 historias
1521 517 1548 539 et
1564 515 1700 541 nomintttn
1718 516 1759 542 in-

976 557 1196 590 terpretationem
1213 557 1261 583 soli
1280 557 1358 584 nobis
1385 558 1555 584 tradiderunt
1569 558 1671 587 Ilebrzei
1687 579 1694 592 ,
1710 562 1756 595 qni

974 603 1070 637 patriis
1096 603 1198 630 litteris
1221 603 1366 637 patriaque
1392 602 1482 638 lingua
1512 603 1570 631 haec
1583 606 1673 632 omnia
1687 607 1757 633 cele-

975 648 1054 675 brant
1069 653 1096 676 et
1109 649 1255 682 explicant.
1273 648 1413 681 Quomodo
1441 649 1524 684 igitur
1551 658 1561 674 ι
1573 649 1660 677 Judaei
1678 658 1755 678 suutu

973 695 1092 729 aggressi
1124 703 1210 730 genus
1241 702 1384 722 recensere
1417 703 1432 722 a
1458 695 1555 730 primis
1590 696 1672 731 528
1704 697 1756 724 illis

973 741 1129 768 hominibus
1150 751 1158 766 )
1189 749 1257 775 quos
1285 742 1446 775 impostores
1470 746 1497 769 et
1522 749 1635 770 errones
1658 751 1756 770 vocare

972 787 1051 814 Celso
1066 788 1177 821 placuit,
1192 787 1249 814 ausi
1265 788 1590 822 suntimpudentersuam
1599 789 1631 816 ad
1645 789 1705 817 illos
1715 798 1756 817 re-

972 832 1042 860 l’erre
1057 832 1212 867 originem?
1224 833 1304 860 Certe
1317 840 1409 860 corutn
1426 835 1548 867 nomina,
1562 842 1624 862 cum
1633 835 1688 862 sint
1701 835 1755 862 He-

119 877 185 909 γεῖν
201 876 256 903 ἀπὸ
269 877 380 914 πρώτης
405 880 509 914 σπορᾶς
524 880 626 906 τούτων
638 900 644 911 ,
665 890 673 905 ι
698 879 744 911 οὓς
756 880 857 914 γόητας
874 887 900 905 κε

971 878 1075 909 braica,
1089 878 1214 911 sacrique
1226 885 1322 904 eorum
1339 879 1401 905 libri
1423 879 1597 907 Hebraeorum
1621 880 1712 914 lingua
1725 886 1753 909 et

121 921 267 957 πλανήτας
277 923 437 959 ἀνθρώπους
450 925 597 961 ὑπείληφεν
611 924 679 952 εἶναι
694 926 707 951 ὀ
720 925 829 956 Κέλσος,
841 925 917 951 ἀναι-

121 967 249 1002 σχύντως
265 970 448 1005 ἐπιχειροῦσιν
464 972 576 1003 ἑαυτοὺς
593 971 639 998 καὶ
661 971 710 1006 τὴν
724 970 813 997 αὐτῶν
828 969 915 1005 ἀρχὴν

117 1013 171 1040 ἐπὶ
183 1014 296 1047 τούτους
312 1016 422 1050 ἀνάγειν
432 1025 439 1048 ;
451 1013 487 1044 ὧν
496 1017 530 1043 τὰ
540 1017 658 1052 ὀνόματα
669 1016 800 1052 Ἑϐραϊκὰ
814 1015 914 1051 τυγχά-

116 1067 203 1086 νοντα
221 1064 353 1097 μαρτυρεῖ
370 1062 502 1098 Ἑϐραίοις
515 1083 522 1095 ,
546 1063 580 1090 τὰ
598 1064 658 1099 ἱερὰ
673 1063 762 1090 αὐτῶν
783 1062 872 1097 βιϐλία
886 1063 914 1088 ὲν

123 1105 263 1140 Ἐϐραίων
274 1107 364 1143 ἔχουσι
377 1108 508 1144 διαλέκτῳ
521 1112 567 1136 καὶ
582 1110 724 1146 γράμματι
739 1108 805 1143 (21),
819 1109 859 1135 ὅτι
873 1108 913 1134 οἰ-

973 922 1072 949 litteris
1092 923 1234 957 descripti,
1249 928 1411 957 argumento
1425 929 1488 951 sunt
1500 930 1607 957 gentem
1626 926 1703 952 istam
1720 928 1752 953 ad

969 968 1094 995 homines
1107 968 1167 995 illos
1179 969 1326 1002 pertinere.
1337 969 1425 1003 Atque
1434 970 1582 997 etiamnum
1597 969 1751 998 Iudaeorum

969 1014 1076 1041 nomina
1092 1014 1253 1041 Hebraieam
1271 1015 1389 1050 linguam
1407 1016 1548 1048 referunt,
1575 1021 1669 1050 tttpote
1691 1024 1751 1052 qua:

968 1066 1061 1087 auth
1078 1061 1185 1088 illorum
1200 1061 1279 1088 libris
1298 1062 1478 1094 deducuntur,
1503 1067 1636 1090 autcerte
1647 1071 1679 1090 ex
1697 1064 1750 1090 illis

969 1107 1048 1134 rebus
1064 1115 1122 1141 quae
1136 1107 1325 1143 signiﬁcantur
1337 1107 1468 1135 llebraica
1483 1116 1557 1135 voce.

116 1154 196 1180 κείύν
212 1155 270 1181 ἐστι
286 1155 316 1181 τὸ
335 1155 410 1188 ἔθνος
430 1157 519 1183 αὐτῶν
533 1159 589 1189 τοῖς
604 1158 717 1193 ἀνδράσι
737 1157 850 1188 τούτοις.
867 1157 922 1183 Καὶ
944 1155 997 1191 γὰρ
1030 1154 1110 1190 μέχρι
1133 1154 1180 1181 τοῦ
1210 1155 1288 1190 δεῦρο
1318 1155 1352 1181 τὰ
1367 1172 1369 1176 -
1387 1155 1517 1182 Ἰουδαϊκὰ
1540 1155 1657 1190 ὀνόματα
1669 1177 1676 1188 ,
1700 1156 1749 1192 τῆς

121 1199 262 1236 Ἐϐραίων
277 1202 393 1238 ἐχόμενα
409 1203 560 1236 διαλέκτου,
574 1205 633 1239 ἢτοι
647 1205 700 1232 ἀπὸ
723 1204 775 1230 τῶν
791 1204 961 1239 γραμμάτων
974 1202 1063 1229 αὐτῶν
1074 1201 1188 1237 ἐλήφθη,
1202 1201 1218 1236 ἢ
1232 1202 1279 1228 καὶ
1304 1196 1470 1234 ἆπαξαπλῶς
1494 1202 1547 1229 ἀπὸ
1571 1203 1625 1229 τῶν
1653 1211 1750 1238 σημαι-

111 1247 241 1282 νομένων
260 1249 311 1275 ὑπὸ
328 1250 378 1284 τῆς
397 1250 528 1286 Ἐϐραίων
543 1252 645 1286 φωνῆς.

170 1295 227 1321 Καὶ
251 1296 311 1330 ὅρα,
324 1298 338 1322 ὁ
353 1297 522 1333 ἐντυγχάνων
535 1300 567 1334 τῇ
583 1299 687 1325 Κέλσου
711 1301 815 1335 γραφῇ,
832 1300 855 1325 εί
873 1298 910 1334 μὴ

111 1338 195 1365 ταῦτ’
207 1340 356 1367 αἰνίττεται
367 1341 396 1368 τό
408 1351 415 1357 ·
432 1351 441 1367 ι
460 1342 512 1369 Καὶ
525 1343 704 1379 ἐπεχείρησαν
716 1344 909 1380 γενεαλογῆσαι

112 1384 218 1416 αὐτοὺς
231 1385 284 1412 ἀπὸ
296 1386 408 1422 πρώτης
424 1389 528 1424 σπορᾶς
540 1390 644 1424 γοήτων
669 1390 716 1416 καὶ
737 1390 844 1416 πλάνων
860 1390 908 1416 ἀν-

112 1428 246 1464 θρώπων,
268 1431 391 1467 ἀμυδρὰς
406 1433 453 1458 καὶ
468 1433 634 1468 ἀμφιϐόλους
658 1434 760 1468 φωνὰς,
776 1435 805 1461 ὲν
820 1435 909 1470 σκότῳ

112 1482 169 1500 που
183 1475 324 1510 κρυφίους,
347 1477 606 1514 ἐπιμαρτυρόμενοι,
628 1489 637 1505 ι
654 1480 766 1516 Κρύφια
781 1481 846 1518 γὰρ,
861 1482 908 1508 καὶ¹

108 1520 165 1546 οὐκ
192 1522 220 1547 ὲν
238 1522 306 1556 φωτὶ
329 1523 376 1549 καὶ
394 1524 493 1558 γνώσει
519 1525 623 1552 πολλῶν
648 1527 705 1553 ἐστι
733 1527 768 1554 τὰ
789 1528 908 1563 ὀνόματα

109 1565 201 1592 ταῦτα
212 1587 219 1598 ,
237 1568 296 1594 καθ⁷
310 1569 384 1603 ἡμᾶς
399 1570 447 1605 μὲν
461 1571 510 1597 οὐκ
536 1572 671 1606 ἀμφίϐολα
682 1594 689 1606 ,
710 1575 761 1601 κᾶν
779 1575 831 1602 ὑπὸ
853 1575 908 1603 τῶν

110 1611 264 1648 ἀλλοτρίων
275 1615 326 1649 τῆς
338 1616 472 1652 ἡμετέρας
483 1618 636 1651 Θεοσεϐείας
646 1621 904 1658 παραλαμϐἁνηταιο

110 1658 186 1684 κατὰ
203 1658 231 1684 δὲ
248 1660 350 1687 Κέλσον
362 1682 369 1693 ,
393 1663 422 1689 οὐ
438 1665 608 1700 παριστάντα
624 1665 678 1701 (2‘2)
696 1667 725 1693 τὸ
739 1667 793 1694 τῶν
810 1668 906 1702 φωνῶν

109 1702 274 1736 ἀμφίϐολον,
284 1706 333 1732 οὐκ
340 1705 387 1733 οἷδ’
394 1708 467 1740 ὅπως
476 1711 670 1746 παρέρριπται.
682 1711 811 1745 Καίτοιγε
821 1713 906 1748 ἐχρῆν

109 1748 204 1794 αὑτὸν,
219 1749 298 1786 εἴπερ
311 1752 489 1789 εὐγνωμόνως
501 1755 663 1792 ἀνατρέπειν
675 1756 800 1784 ἐϐούλετο
810 1759 842 1794 ἣν
853 1758 906 1794 ᾠή-

109 1793 146 1828 θη
161 1795 391 1830 ἀναισχυντότατα
421 1799 603 1835 παρειλῆφθαι
629 1801 805 1835 γενεαλογίαν
837 1793 905 1829 Ἰουέ

108 1839 197 1871 δαίοις
211 1841 323 1876 αὑχοῦσι
335 1843 380 1870 τὸν
397 1844 521 1880 Ἀϐραὰμ
533 1847 579 1872 καὶ
593 1848 655 1878 τοὺς
670 1847 716 1873 ἀπ’
741 1847 824 1874 αὐτοῦ
835 1869 841 1880 ,
855 1848 904 1875 ὅλα

107 1884 240 1912 ἐκθέσθαι
253 1886 415 1915 τὰκατὰτὸν
426 1891 521 1917 τόπον·
535 1892 581 1918 καὶ
598 1892 729 1928 πρότερον
741 1893 904 1928 συναγορεῦ-

108 1938 156 1956 σαι
214 1931 321 1966 ἐνόμιζε
338 1933 513 1970 πιθανότητι,
530 1937 576 1963 καὶ
592 1937 661 1972 μετὰ
676 1937 754 1964 τοῦτο
770 1939 901 1972 γενναίως

106 1976 260 2012 ἀνατρέψαι
270 1979 302 2013 τῇ
317 1981 465 2016 φαινομένῃ
478 1982 552 2017 αὐτῷ
564 1982 687 2018 ἀληθείᾳ,
705 1984 752 2010 καὶ
763 1985 820 2015 τοῖς
831 1985 902 2020 ὑπὲρ

105 2022 195 2057 αὐτῆς
210 2022 310 2056 λογίοις
321 2025 353 2051 τὰ
365 2026 436 2052 κατὰ
451 2027 495 2054 τὸν
511 2028 603 2056 τόπον.
629 2029 698 2055 Ἀλλ’
712 2028 773 2055 οὔτε
799 2030 901 2062 Κέλσος

105 2067 164 2094 οὔτ’
179 2068 258 2101 ἄλλος
277 2079 319 2103 τις
344 2072 497 2107 δυνήσεται,
514 2073 548 2100 τὰ
560 2075 622 2110 περὶ
639 2075 746 2109 φύσεως
762 2076 900 2111 ὀνομάτων

999 1297 1044 1323 55.
1063 1295 1139 1322 Nunc
1152 1295 1223 1327 vide,
1237 1298 1263 1321 tu
1274 1295 1318 1328 qui
1329 1294 1399 1321 Celsi
1417 1294 1549 1329 scriptum
1565 1294 1642 1328 legis.
1654 1302 1742 1321 annott

964 1349 996 1370 eo
1020 1345 1144 1376 spectent
1159 1340 1218 1368 hate
1236 1339 1294 1374 ejus
1312 1341 1413 1366 verba:
1434 1349 1442 1365 ι
1460 1340 1586 1375 Aggressi
1618 1341 1654 1366 illi
1670 1348 1746 1366 suam

963 1396 1049 1423 usque
1065 1396 1079 1414 a
1095 1387 1190 1422 primis
1204 1387 1398 1421 impostoribns
1416 1391 1443 1413 et
1459 1387 1605 1414 erronibus
1625 1392 1746 1421 repetere

963 1433 1096 1468 originem
1111 1453 1118 1466 ,
1135 1433 1279 1464 obscuras,
1297 1432 1432 1466 ancipites
1445 1451 1452 1463 ,
1469 1432 1588 1458 tenebris
1604 1431 1745 1459 obvolutus

959 1487 1041 1508 voces
1066 1480 1095 1506 in
1127 1478 1311 1506 testimonium
1336 1477 1490 1512 proferunt.
1508 1487 1517 1504 ι
1533 1477 1644 1504 Occulta
1672 1479 1743 1504 enim

958 1529 1038 1557 sunt,
1058 1532 1108 1551 nec
1133 1531 1147 1550 a
1165 1523 1256 1550 multis
1273 1527 1420 1550 noscuntur
1439 1522 1496 1549 haec
1519 1522 1626 1549 nomina
1642 1531 1648 1548 :
1667 1522 1744 1548 nobis

958 1575 1048 1597 tamen
1063 1577 1116 1596 non
1141 1573 1203 1596 sunt
1219 1569 1352 1603 ambigam
1369 1567 1587 1602 significationis,
1616 1568 1743 1601 quamvis

958 1621 1089 1650 usurpata
1109 1615 1143 1642 ab
1160 1615 1192 1642 iis
1213 1615 1258 1648 qui
1276 1622 1291 1640 a
1310 1618 1400 1640 nostra
1416 1613 1546 1648 religione
1570 1613 1653 1640 alieni
1667 1617 1742 1640 sunt.

957 1659 1010 1688 Sed
1022 1668 1035 1686 a
1050 1659 1128 1688 Celso
1143 1660 1234 1686 nescio
1247 1660 1382 1693 quomodo
1396 1659 1470 1692 rejici
1484 1655 1669 1693 possini,cum
1679 1659 1742 1693 quid

957 1706 983 1732 in
999 1706 1051 1732 illis
1068 1706 1138 1739 quod
1160 1705 1314 1739 ambiguum
1330 1705 1364 1732 sit
1381 1713 1432 1732 non
1455 1705 1583 1732 ostendat
1598 1713 1605 1731 :
1621 1710 1740 1731 attamen

956 1751 978 1778 si
994 1751 1124 1777 voluisset
1141 1750 1294 1777 Jtldazorum
1324 1751 1358 1777 ab
1376 1750 1513 1777 Abraham
1528 1750 1642 1785 ejusque
1656 1758 1739 1784 nepo-

957 1797 1028 1823 tibus
1043 1801 1118 1832 ortos
1142 1803 1181 1827 se,
1200 1799 1228 1821 tit
1244 1800 1331 1829 putat,
1351 1795 1498 1821 insolenter
1516 1794 1677 1828 jactantium
1695 1803 1738 1829 ge-
1764 1819 1767 1822 λ

956 1840 1107 1874 nealogiam
1122 1840 1235 1866 candide
1252 1840 1420 1874 impugnare,
1433 1847 1602 1873 queecunqne
1616 1840 1667 1866 huc
1680 1848 1740 1874 per-

956 1885 1041 1911 tinent
1068 1885 1227 1912 inmedium
1242 1884 1340 1911 allerre
1366 1885 1470 1916 debuit,
1494 1888 1523 1910 et
1538 1884 1658 1910 stabilita
1684 1884 1740 1917 pri-

954 1937 1026 1956 mum
1039 1937 1098 1964 qua:
1110 1930 1163 1956 sibi
1174 1929 1342 1964 probabilior
1357 1929 1413 1956 visa
1431 1934 1472 1956 est
1483 1929 1628 1961 sententia,
1644 1933 1739 1961 postea

954 1979 1053 2008 aperta:
1065 1976 1116 2002 sibi
1130 1975 1251 2002 veritatis
1270 1975 1375 2002 viribus
1388 1975 1590 2009 rationibusque
1600 1982 1659 2000 eam
1672 1982 1739 2001 con-

954 2021 1128 2048 ﬁrmantibus
1145 2027 1267 2048 errorem
1288 2025 1437 2048 conterere.
1454 2020 1506 2047 Sed
1525 2027 1612 2054 neque
1624 2019 1718 2046 Celsus
1729 2039 1737 2052 ,

953 2083 1041 2111 neque
1064 2077 1207 2111 quisquam
1237 2077 1306 2104 alius
1324 2077 1462 2103 nomitmm
1480 2084 1539 2111 qua:
1555 2077 1587 2103 ad
1612 2077 1736 2103 facienda

104 2113 147 2144 εἰς
163 2113 294 2149 δυνάμεις
317 2117 604 2153 παραλαμϐανομένων
618 2119 806 2154 διαλαμϐάνων
820 2139 827 2151 ,
853 2120 900 2147 τὸν

962 2123 1076 2157 )t‘odigia
1094 2123 1270 2154 adhibentur,
1291 2128 1416 2149 naturam
1436 2123 1594 2150 disserendo
1611 2128 1737 2150 accurate

103 2159 207 2195 ἀκριϐῆ
225 2161 289 2196 περὶ
306 2162 407 2189 τούτων
423 2165 596 2199 παραστῆσαι
610 2165 688 2199 λόγον
699 2174 705 2180 ·
721 2166 767 2192 καὶ
780 2165 896 2200 ἐλέγξαι,

107 2205 147 2236 ὡς
164 2206 395 2243 εὐκαταφρόνητοι
408 2209 553 2243 γεγόνασιν
571 2209 708 2245 ἄνθρωποι
720 2230 727 2242 ,
756 2209 792 2240 ὧν
807 2213 854 2238 καὶ
869 2213 897 2238 ai

101 2249 247 2284 ὀνομασίαι
265 2251 354 2285 μόνον,
365 2253 396 2279 οὐ
413 2253 488 2289 παρὰ
511 2256 567 2286 τοῖς
582 2255 692 2287 οἰκείοις
709 2256 799 2290 μόνοις
809 2276 816 2287 ,
829 2257 897 2283 ἀλλά

101 2295 151 2321 καὶ
166 2295 240 2329 παρὰ
254 2298 310 2327 τοῖς
321 2297 471 2334 ἀλλοτρίοις
485 2299 620 2327 δύνανται.
636 2301 710 2327 Ἔδει
720 2301 742 2327 δ’
752 2302 832 2328 αὑτὸν
846 2312 896 2329 πα-

103 2340 246 2375 ραθέσθαι,
263 2342 321 2374 πῶς
343 2344 422 2378 ἡμεῖς
437 2345 486 2380 μὲν
500 2347 555 2377 τοῖς
570 2345 686 2380 ἀμαθέσι
701 2347 747 2373 καὶ
773 2348 896 2383 ἀνοήτοις

100 2385 338 2423 παρεξηγούμενοι
352 2389 385 2415 τὰ
399 2391 464 2425 περ).
479 2391 533 2417 τῶν
546 2392 684 2427 ὀνομάτων
697 2392 808 2425 τούτων,
821 2394 894 2420 ἁπα-

99 2432 191 2466 τῶμεν
206 2432 215 2467 (
228 2433 266 2465 ὼς
282 2434 365 2461 οἴεται
378 2435 387 2471 )
404 2437 468 2468 τοὺς
482 2437 630 2469 ἀκούοντας
641 2447 647 2452 ·
660 2438 739 2470 αὐτὸς
751 2439 779 2465 δὲ
791 2459 798 2471 ,
814 2440 828 2466 ὁ
844 2440 893 2466 αὐ-

100 2478 156 2513 χῶν
170 2476 239 2505 εἶναι
259 2480 295 2516 μὴ
312 2481 431 2517 ἀμαθὴς,
449 2483 516 2517 μηδὲ
531 2483 642 2518 ἀνόητος
655 2504 662 2515 ,
683 2485 731 2520 τὴν
747 2485 835 2521 ἀληθῆ
850 2486 893 2512 λέ-

99 2533 142 2558 γει
169 2526 233 2561 περὶ
257 2526 360 2553 τούτων
384 2528 542 2564 ἑρμηνείαν.
561 2529 718 2565 Παρέῤῥιψε
744 2532 766 2558 δ’
784 2533 812 2558 ὲν
837 2534 892 2565 τοῖς

99 2570 170 2596 κατά
182 2571 216 2597 τὰ
231 2572 351 2607 ὀνόματα
362 2574 459 2606 ταῦτα,
476 2574 522 2608 ἀφ’
537 2571 575 2601 ὧν
589 2576 812 2610 γενεαλογοῦνται
832 2579 892 2604 Ἰου-

97 2615 165 2642 δαῖοι
178 2636 185 2647 ,
201 2617 242 2643 ὅτι
258 2627 267 2643 ι
283 2619 448 2646 οὐδεπώποτ’
462 2621 491 2647 ἐν
507 2621 595 2656 πολλῷ
607 2622 646 2657 τῷ
662 2624 779 2658 πρόσθεν
803 2625 890 2661 χρόνῳ

96 2661 302 2697 ἀμφισϐήτησις
312 2664 456 2700 γεγένηται
470 2666 533 2701 περὶ
546 2666 599 2692 τῶν
613 2667 720 2694 τοιῶνδε
730 2669 869 2704 ὀνομάτων
879 2678 886 2685 ⁶

99 2705 165 2732 ἀλλὰ
179 2706 228 2732 νῦν
243 2707 362 2734 Ἰουδαῖοι
374 2709 441 2744 πρὸς
457 2710 566 2745 ἑτέρους
576 2711 666 2743 τινὰς,
683 2722 691 2737 ι
706 2711 752 2744 οὓς
767 2714 817 2740 οὐκ
827 2714 889 2740 ὠνό-

99 2789 128 2826 et,
139 2789 232 2818 postea
255 2793 306 2826 pro
322 2787 590 2826 παραλαμϐάνομεν,
618 2788 723 2824 legebat
740 2790 885 2826 παραλαμ-

100 2820 203 2852 ϐάνετε,
220 2821 266 2859 sed
284 2820 370 2859 vetus"
379 2820 459 2859 lectio
480 2820 543 2850 l'crri
560 2820 656 2859 potest.
675 2832 724 2852 nec
745 2820 826 2852 ab'ca
844 2820 884 2853 te-

100 2863 169 2883 mere
183 2856 365 2885 recedendum
382 2858 500 2885 vuletur.

952 2169 1090 2202 explicare
1105 2172 1205 2202 potest,
1221 2176 1270 2194 nec
1286 2169 1413 2195 evincere
1429 2169 1508 2195 nihili
1525 2169 1665 2196 ducendos
1678 2169 1736 2196 illos

952 2222 1012 2241 esse
1028 2214 1163 2246 homines,
1182 2221 1296 2247 quorum
1317 2213 1359 2240 vel
1372 2213 1428 2241 sola
1447 2214 1566 2246 nomina,
1586 2222 1637 2241 non
1657 2215 1736 2241 modo

949 2260 1020 2294 apud
1035 2259 1210 2291 domesticos.
1231 2261 1278 2286 sed
1290 2264 1317 2286 et
1333 2260 1402 2294 apud
1417 2264 1525 2287 exteros
1541 2267 1665 2295 magnam
1682 2260 1734 2286 vim

950 2306 1059 2332 habent.
1078 2305 1141 2340 Eius
1156 2306 1238 2333 etiam
1258 2306 1309 2333 fuit
1334 2307 1478 2333 ostendere
1495 2326 1502 2338 ,
1529 2307 1664 2340 quomodo
1685 2313 1734 2332 nos

950 2350 1082 2385 imperitis
1093 2355 1121 2378 et
1136 2352 1221 2379 tardis
1234 2351 1305 2378 male
1320 2351 1532 2386 interpretantes
1545 2353 1600 2378 haec
1613 2353 1734 2384 nomina,

948 2396 1085 2423 auditores
1102 2396 1238 2429 fallamus,
1256 2402 1284 2423 ιιι
1314 2397 1371 2429 ipse
1391 2402 1486 2431 putat;
1506 2397 1562 2431 ipse
1579 2405 1644 2423 vero
1656 2417 1662 2428 ,
1687 2398 1732 2431 qui

947 2449 976 2468 se
994 2448 1043 2468 nee
1059 2442 1214 2476 imperitum
1230 2449 1279 2468 nec
1296 2442 1401 2468 tardttm
1415 2450 1475 2469 esse
1490 2442 1606 2475 jaetitat,
1625 2441 1731 2468 illorum

947 2487 1087 2514 nominum
1106 2495 1199 2514 veram
1227 2487 1323 2514 alTet'at
1348 2487 1610 2522 interpretationem.
1630 2486 1682 2513 Sed
1707 2487 1732 2513 ei

945 2532 1013 2559 satis
1029 2532 1079 2559 fuit
1094 2534 1126 2560 de
1140 2533 1193 2560 illis
1207 2534 1378 2565 nominibus,
1395 2534 1519 2567 aquibus
1546 2541 1624 2560 suum
1647 2532 1732 2560 Judazi

945 2578 1047 2605 ducunt
1062 2587 1159 2613 genus,
1179 2579 1271 2606 dicere
1289 2589 1297 2604 ι
1314 2580 1413 2606 nullam
1438 2580 1529 2606 multis
1547 2584 1610 2606 ante
1626 2579 1730 2605 saeculis

946 2623 1030 2651 fuisse
1051 2623 1083 2651 de
1100 2624 1152 2651 illis
1170 2625 1327 2652 nominibus
1343 2626 1576 2659 controversiam;
1595 2633 1664 2652 nunc
1680 2633 1731 2651 au-

942 2673 996 2696 tem
1010 2669 1117 2696 Iudaeos
1133 2670 1165 2696 de
1177 2671 1279 2697 eisdem
1304 2673 1434 2698 adversus
1450 2672 1580 2704 quosdam
1597 2671 1663 2698 alios
1676 2670 1732 2698 dis-

943 2719 1051 2749 putare.
1070 2725 1079 2740 ι
1102 2715 1219 2748 Quinam
1242 2723 1306 2742 vero
1323 2716 1361 2742 illi
1376 2717 1430 2743 sint
1447 2717 1490 2742 alii
1503 2737 1510 2747 ,
1538 2725 1591 2743 non
1618 2717 1727 2744 indicat.

987 2793 1032 2829 2i)
1049 2793 1228 2829 Serihcndum
1246 2794 1366 2826 videtur,
1385 2795 1432 2820 καὶ
1449 2794 1604 2829 γράμμασι.

987 2794 1032 2824 ‘2!)
1049 2794 1228 2824 Scrihcndum
1246 2794 1366 2826 videtur,
1385 2795 1432 2820 καὶ
1449 2794 1604 2829 γράμμασι.

974 2794 1030 2863 iii)
1049 2828 1124 2856 Libri
1141 2829 1206 2857 editi
1223 2830 1253 2856 ad
1269 2837 1357 2862 oram,
1376 2829 1413 2860 ὡς
1428 2829 1608 2864 παριστάντα.
