1908 3099
40 172 101 200 1097

617 173 758 201 CONTRA
777 174 914 203 (ΣΕιῦοΜ
932 174 998 202 LIB.
1020 175 1062 202 lV.

1589 176 1658 204 1098

36 227 149 263 δυνάμει
167 227 293 262 λέγεσθαι
315 228 349 255 τὰ
367 228 463 264 μέτρα·
477 228 514 260 ὡς
528 228 605 255 ἐννέα
621 230 670 264 μὲν
685 229 754 257 εἶναι
772 240 816 265 μυ-

872 231 930 258 ιιιιιι
957 231 1075 258 similis?
1111 231 1158 258 [lie
1184 233 1256 259 enim
1292 232 1320 260 fit
1352 240 1442 260 sermo
1466 233 1497 259 de
1522 233 1657 260 mensuris

37 274 127 311 ριάδων
143 273 173 299 τὸ
190 273 278 308 μῆκος
290 272 360 299 κατὰ
374 273 422 308 τὴν
439 273 526 308 βάσιν,
543 274 611 301 κατὰ
627 275 655 301 δὲ
670 275 700 302 τὸ
719 276 817 308 πλάτος

35 317 160 353 δισχιλίων
175 316 358 343 πεντακοσίων
373 324 379 346 ;
404 317 466 350 Πῶς
477 318 498 344 δ’
512 319 561 345 οὐκ
571 316 604 354 ἦν
619 319 755 355 θαυμάσαι
769 322 818 357 τὴν

35 363 147 390 ἐπίνοιαν
167 361 214 388 τοῦ
229 362 426 398 ἐρηρεισμένην
448 365 584 398 γενέσθαι,
603 366 650 392 καὶ
665 366 818 402 δυναμένην

36 409 169 444 ὑπομεῖναι
184 408 306 444 χειμῶνα
319 409 510 445 κατακλυσμοῦ
527 411 683 446 ποιητικόν;
699 413 754 439 Καὶ
764 413 818 448 γὰρ

35 456 62 482 οὑ
82 455 162 491 πίσσῃ
177 456 242 487 τινὶ,
263 455 316 482 οὐδ’
331 455 397 492 ἄλλῃ
421 457 474 483 τινί
488 456 599 493 τοιαύτῃ
613 457 674 493 ὕλῃ,
689 458 818 493 ἀσφάλτῳ

34 502 60 528 δὲ
74 502 190 537 στερρῶς
205 502 347 537 ὲκέχριστο
363 502 428 538 (62).
449 503 512 535 Πῶς
533 504 555 530 δ’
572 505 603 530 οὺ
621 504 775 540 θαυμαστὸν
788 505 819 530 τὸ

36 548 140 584 ζώπυρα
172 549 270 580 παντὸς
300 549 396 583 γένους
419 550 576 584 εἰσάγεσθαι
605 550 678 577 ἔνδον
704 551 818 586 προνοίᾳ

35 595 105 627 Θεοῦ,
129 596 160 622 ἵν’
175 595 223 631 ἔχῃ
248 596 357 623 πάντων
372 596 517 632 σπέρματα
535 597 612 629 ζώων
634 598 714 626 πάλιν
732 599 748 633 ἡ
771 599 816 634 γῆ,

34 641 76 668 τοῦ
90 641 154 668 Θεοῦ
178 642 340 677 δικαιοτάτῳ
355 643 432 678 ἀνδρὶ
449 643 633 678 χρησαμένου,
659 644 742 680 πατρὶ
757 645 817 671 ἐσο-

36 688 101 724 μένῳ
116 689 169 716 τῶν
185 689 253 725 μετὰ
267 689 312 716 τὸν
328 690 519 724 κατακλυσμόν
532 699 539 722 ;

67 825 178 862 "Eppia;
195 826 218 852 δ’
232 827 246 852 ὁ
267 825 369 857 Κέλσος
383 826 417 852 τὰ
439 826 503 861 περὶ
516 826 567 861 τῆς
582 827 756 863 περιστερᾶς,
775 827 818 854 ἵνα

35 871 92 908 δόξῃ
110 871 292 906 ἀνεγνωκέναι
318 872 348 899 τὸ
376 872 476 907 βιϐλίον
503 873 552 909 τὴν
583 874 721 905 Γένεσιν,ι
740 875 817 900 οὐδὲν

871 277 958 310 quoad
974 283 1126 310 potestatem
1151 285 1160 304 :
1188 278 1223 304 ita
1241 283 1268 304 ut
1284 278 1356 306 basis
1380 279 1457 313 leuga
1475 278 1556 305 fuerit
1570 285 1657 304 noua-

869 323 943 357 giuta
968 322 1050 349 millia
1079 323 1244 356 cubitorum,
1273 323 1325 350 lata
1352 328 1440 351 autem
1464 323 1506 350 his
1533 323 1606 350 mille
1630 329 1659 350 et

869 368 1031 402 quingentos
1055 368 1172 395 cubitos.
1196 368 1283 401 Quam
1301 370 1382 396 etiam
1410 369 1588 396 admiratione
1615 370 1656 397 di-

869 421 963 448 gnum,
984 413 1057 441 illaut
1075 414 1111 440 ita
1125 413 1240 441 firmiter
1252 419 1420 448 compactam
1440 415 1532 448 fuisse,
1549 420 1577 442 ut
1592 421 1657 442 tem-

870 459 1019 493 pestatibus
1042 459 1172 486 diluvium
1191 459 1388 488 adducentibus
1405 460 1470 487 nihil
1495 461 1655 489 ltedet‘elnrl

870 504 963 539 Neque
979 505 1050 532 enim
1065 505 1127 539 pice
1140 509 1187 531 aut
1203 505 1256 532 alia
1271 505 1354 532 simili
1369 507 1493 537 materia.
1519 507 1566 534 sed
1583 508 1656 534 bitu—

870 551 942 578 miue
970 550 1084 577 firmiter
1107 551 1259 578 circumlita
1277 551 1377 578 fueral.
1405 551 1502 578 Annon
1519 553 1657 579 admiran-

870 595 933 622 dnm
949 601 976 623 et
999 597 1079 628 istud,
1107 596 1291 624 introductmn
1320 597 1404 624 fuisse
1422 597 1467 623 Dei
1487 597 1656 630 providentia

869 642 989 669 omnium
1012 642 1169 670 animalium
1195 643 1384 674 seminarium,
1411 648 1439 669 ut
1461 651 1554 670 eorum
1572 651 1657 678 genus

869 695 949 715 omne
964 693 1035 716 terra
1061 698 1154 718 rursus
1180 690 1311 721 haberet;
1339 689 1476 723 Deumque
1489 689 1522 716 ad
1541 690 1566 716 id
1583 689 1658 716 adhi-

870 733 961 760 buisse
973 733 1152 767 iustissimum
1170 735 1318 766 hominem,
1335 736 1379 769 qui
1397 738 1469 762 esset
1488 741 1585 768 parens
1600 742 1657 762 om-

870 777 943 803 nium
959 778 1004 811 qui
1021 784 1081 812 post
1096 778 1228 806 diluvium
1247 784 1324 806 erant
1341 779 1492 806 uascituri?

906 822 987 858 536
1008 823 1052 850 49..
1068 823 1163 858 Carpit
1185 828 1277 858 postea
1299 824 1429 852 columbae
1454 825 1604 856 historiam,
1630 829 1658 851 nt

871 867 968 895 librum
983 868 1120 897 Gencseos
1134 869 1232 904 legisse
1248 870 1389 902 videatur;
1407 876 1457 896 nec
1471 873 1560 896 tamen
1577 869 1657 903 qnid-

33 917 148 953 δυνηθεὶς
175 919 261 945 εἰπεῖν
286 918 354 953 πρὸς
381 918 411 944 τὸ
435 918 541 953 ἐλέγξαι
568 919 762 955 πλασματῶδες
787 920 816 947 τὸ

872 921 949 947 quam
971 914 1125 949 excogitare
1147 915 1244 949 potuit,
1276 922 1330 949 quo
1345 915 1435 942 tictam
1450 922 1509 941 esse
1523 916 1656 948 approla

34 965 97 992 κατὰ
112 965 161 1000 τὴν
185 965 359 1001 περιστεράν.
379 963 447 997 Εἶθ’,
463 965 500 997 ὡς
515 965 578 1000 ἔθος.
591 966 664 1002 αὑτῷ
679 967 750 993 ἐστιν
772 968 817 994 ἐπὶ

32 1010 60 1036 τὸ
80 1009 246 1046 γελοιότερον
264 1009 446 1046 μεταφράζειν
461 1010 495 1037 τὰ
506 1011 694 1046 γεγραμμένα,
708 1012 752 1038 τὸν
770 1012 816 1039 κό-

34 1065 99 1090 ρακα
111 1057 149 1088 είς
162 1056 285 1092 κορώνην
300 1057 459 1092 μετείληφε’
475 1056 522 1083 καὶ
535 1056 620 1083 οἴεται
635 1057 721 1083 ταῦτα
736 1059 816 1085 Μωῦ-

34 1101 78 1127 σὲα
90 1102 317 1137 ἀναγεγραφέναι,
334 1101 546 1137 ρᾳδιουργοῦντα
562 1102 595 1129 τὰ
610 1102 680 1128 κατὰ
691 1103 735 1128 τὸν
753 1105 816 1138 παρ’

34 1144 137 1179 Ἕλλησι
161 1145 346 1172 Δευκαλίωνα·
373 1146 397 1171 εί
414 1145 449 1181 μὴ
464 1145 518 1180 ἄρα
532 1146 592 1172 οὐδὲ
608 1147 746 1179 Μωϋσέως
761 1147 816 1174 οἴε-

31 1196 71 1214 ται
81 1186 147 1215 εἶναι
159 1190 210 1224 τὴν
222 1189 340 1225 γραφὴν,
358 1189 427 1216 ἀλλά
438 1199 518 1216 τινων
532 1190 678 1218 πλειόνων·
698 1192 816 1219 τοιοῦτον

32 1235 81 1270 γὰρ
93 1235 166 1271 δηλοῖ
179 1236 220 1267 τὸ,
241 1246 250 1261 ι
264 1237 518 1272 παραχαράττοντες
531 1237 577 1263 καὶ
594 1237 817 1274 ῥᾳδιουργοῦντες

31 1280 71 1306 τὸν
80 1281 263 1308 Δευκαλίωνα·
280 1291 289 1306 ι
308 1282 354 1308 καὶ
367 1281 462 1308 τοῦτο’
480 1291 488 1307 ι
504 1282 541 1308 Οὐ
554 1282 619 1317 γὰρ,
635 1281 720 1319 οἶμαι,
738 1293 818 1320 προσ-

31 1325 163 1361 εδόκησαν,
191 1327 233 1353 ὅτι
263 1327 338 1354 ταῦτ’
354 1329 393 1359 είς
417 1329 474 1363 φῶς
501 1329 618 1364 πρόεισι.
635 1339 643 1355 ι
675 1329 737 1362 Πῶς
757 1331 778 1357 δ’
793 1333 816 1358 οί

31 1371 79 1406 ὅλῳ
94 1371 163 1398 ἔθνει
191 1371 306 1404 διδόντες
331 1372 365 1399 τὰ
386 1373 538 1409 γράμματα
556 1374 586 1400 οὐ
614 1375 816 1411 προσεδόκησαν

31 1417 94 1444 αὐτὰ
108 1419 146 1449 είς
159 1417 219 1452 φῶς
233 1418 373 1453 προελθεῖν
386 1427 393 1451 ;
407 1419 432 1446 οἳ
460 1420 507 1446 καὶ
529 1420 736 1456 προεφήτευσαν
750 1422 817 1448 πᾶσι

31 1462 81 1493 τοῖς
96 1461 183 1489 ἔθνεσι
206 1463 254 1498 τὴν
278 1463 433 1490 θεοσέϐειαν
458 1463 560 1500 ταύτην
583 1466 815 1501 κηρυχθήσεσθαι.

36 1504 62 1531 Ὀ
80 1505 108 1532 δὲ
128 1506 233 1542 Ἰησοῦς
253 1506 292 1538 τὸ,
309 1516 317 1531 ι
330 1507 490 1543 Ἀρθήσεται
512 1508 557 1541 ἀφ’
575 1508 679 1544 ὑμῶνή
696 1508 816 1542 βασιλεία

30 1550 72 1578 τοῦ
87 1551 164 1585 Θεοῦ,
179 1553 227 1580 καλ⁴
239 1552 382 1588 δοθήσεται
396 1553 466 1580 ἔθνει
480 1553 600 1580 ποιοῦντι
618 1555 681 1587 τοὺς
695 1556 816 1591 καρποὺς

31 1596 118 1632 αὐτῆς,
133 1607 142 1623 ι
166 1597 302 1629 Ἰουδαίοις
327 1597 424 1631 λέγων,
445 1597 472 1623 τί
492 1597 555 1625 ἄλλο
576 1598 709 1635 ᾠκονόμει
733 1599 750 1635 ἢ
777 1601 816 1633 είς

31 1640 82 1674 φῶς
97 1641 177 1673 αὐτὸς
199 1641 260 1677 θείᾳ
282 1642 395 1678 δυνάμει
412 1645 577 1678 προαγαγεῖν
590 1643 644 1679 (65)
658 1645 747 1671 πᾶσαν
766 1645 815 1681 τὴν

36 1685 175 1722 Ἰουδαῖκὴν
198 1687 309 1723 Γραφὴν
331 1687 508 1723 περιέχουσαν
535 1689 672 1724 μυστήρια
697 1689 747 1724 τῆς
769 1689 815 1716 τοῦ

29 1730 90 1757 θεοῦ
109 1731 247 1768 βασιλείας
260 1741 266 1765 ;
281 1731 358 1765 Εἶτα,
379 1733 427 1760 ἐὰν
443 1734 491 1769 μὲν
505 1734 554 1766 τὰς
577 1734 710 1770 Ἐλλήνων
726 1735 816 1769 θεογο-

30 1777 84 1809 νίας
104 1779 215 1811 καὶτὰς
237 1780 302 1815 περὶ
324 1779 392 1806 θεῶν
412 1779 515 1806 δώδεκα
530 1780 648 1815 ἱστορίας
665 1779 817 1814 ἀναγιγνώ-

30 1832 120 1856 σκωσι,
144 1824 352 1860 σεμνοποιοῦσιν
368 1825 453 1857 αὑτὰς
474 1827 535 1857 ταῖς
553 1825 727 1861 ἀλληγορίαις
739 1835 745 1841 ·
769 1827 816 1854 ἐὰν

29 1868 53 1894 δὲ
75 1870 109 1897 τὰ
125 1871 249 1906 ἡμέτερα
270 1870 408 1906 διασύρειν
426 1871 582 1906 βούλωνται,
606 1871 725 1906 ἀτέχνως
751 1872 817 1906 φασὶ

29 1916 102 1942 παισὶ
117 1916 227 1952 νηπίοις
244 1916 314 1943 αὐτὰ
331 1916 577 1952 μεμυθολογῆσθαι.

64 2026 71 2041 ι
91 2017 283 2052 Ἀτοπωτάτην
299 2027 308 2043 ι
343 2017 371 2044 δὲ
397 2017 470 2051 λέγει
499 2028 507 2043 ι
523 2019 569 2044 καὶ
594 2018 695 2053 ἔξωρον
724 2018 816 2044 παιδο-

30 2062 131 2090 ποιίαν·
148 2073 158 2088 ι
185 2064 211 2089 εί
233 2064 279 2090 καὶ
295 2063 330 2098 μὴ
346 2062 480 2097 ὠνόμασε,
502 2062 580 2097 δῆλον
606 2063 645 2088 ὅτι
662 2062 747 2096 λέγων
769 2062 818 2097 τὴν

29 2108 70 2134 τοῦ
90 2109 217 2144 Ἀϐραὰμ
242 2109 288 2135 καὶ
310 2109 359 2144 τῆς
374 2108 490 2144 Σάρρας.
524 2108 640 2134 Ῥίπτων
656 2108 683 2134 δὲ
701 2108 746 2134 καὶ
768 2108 818 2138 τὰς

32 2164 40 2179 ι
50 2155 102 2181 τῶν
116 2155 240 2189 ἀδελφῶν
250 2145 406 2186 ἐπιϐουλὰς,
423 2164 432 2180 ι
451 2155 510 2189 ἦτοι
524 2154 570 2179 τὸν
582 2153 652 2180 Κάϊν
665 2153 819 2180 ἐπιϐουλεύ-

30 2209 110 2228 σαντα
123 2201 163 2236 τῷ
180 2201 264 2227 Ἀὄελ
288 2201 400 2235 λέγει,ἢ
416 2201 482 2236 πρὸς
499 2200 586 2235 τούτῳ
603 2201 649 2226 καὶ
669 2200 714 2226 τὸν
733 2200 816 2226 Ἡσαῦ

29 2246 64 2280 τῷ
81 2247 199 2272 Ἰακώϐ·
227 2256 236 2271 ι
265 2246 366 2281 πατρὸς
397 2245 425 2271 δὲ
453 2245 551 2280 λύπην,
583 2255 591 2270 ι
606 2245 676 2279 τάχα
696 2245 745 2280 μὲν
769 2246 816 2271 καὶ

29 2291 73 2326 τὴν
93 2293 187 2319 Ἰσαὰκ
210 2292 255 2318 ἐπὶ
270 2293 302 2327 τῇ
327 2291 374 2317 τοῦ
395 2291 490 2318 Ἰακὼϐ
514 2291 654 2326 ἀποδημία
667 2290 731 2325 (64),
747 2291 816 2325 τάχα

30 2335 54 2362 δὲ
72 2338 117 2363 καὶ
133 2337 183 2372 τὴν
210 2336 256 2362 τοῦ
277 2335 372 2362 Ἰακὼϐ
387 2335 430 2362 διὰ
452 2335 498 2362 τὸν
506 2336 604 2370 Ἰωσὴφ
628 2335 764 2370 πραθέντα
776 2337 816 2367 εἰς

29 2381 172 2416 Αἴγυπτον.
202 2393 210 2407 ι
226 2382 359 2418 Μητέρων
371 2391 379 2406 ι
396 2381 418 2407 δ’
436 2379 511 2417 οἶμαι
527 2390 535 2406 ι
551 2381 659 2416 ἐνέδρας
673 2389 682 2406 ι
698 2381 817 2415 ἀναγρά-

30 2436 109 2460 φοντα
129 2429 222 2460 αὑτὸν,
238 2427 333 2463 δηλοῦν
349 2427 398 2462 τὴν
419 2426 576 2457 Ῥεϐέκκαν,
600 2426 816 2460 οἰκονομήσασαν

27 2473 74 2505 τὰς
94 2476 141 2503 τοῦ
164 2474 259 2500 Ἰσαὰκ
281 2474 364 2508 εὐχὰς
383 2472 420 2508 μὴ
443 2473 488 2498 ἐπὶ
513 2472 558 2498 τὸν
579 2471 674 2502 Ἡσαῦ,
700 2471 756 2497 ἀλλ’
771 2471 817 2497 ἐπὶ

28 2519 69 2545 τὸν
89 2520 188 2546 Ἰακὼϐ
204 2519 316 2554 φθάσαι.
333 2519 466 2554 ¹Ἀγχιστα
480 2518 508 2545 δὲ
518 2517 622 2548 τούτοις
636 2517 702 2543 πᾶσι
717 2525 818 2552 συμπο-

28 2563 196 2600 λιτευόμενοι)
210 2566 236 2591 εἴ
249 2573 338 2599 φαμεν
350 2564 396 2590 τὸν
408 2565 484 2595 Θεὸν,
497 2564 523 2589 τί
533 2564 632 2590 ἄτοπον
646 2563 814 2598 πράσσομεν,

28 2611 180 2646 πειθόμενοι
196 2611 329 2646 μηδέποτε
345 2610 502 2645 ἀφιστάνειν
515 2609 564 2645 τὴν
579 2609 675 2635 ἑαυτοῦ
693 2608 818 2643 θειότητα

43 2699 45 2702 ⁴
70 2667 93 2683 "
150 2669 247 2696 Matth.
270 2677 326 2701 xxI,
343 2669 388 2695 45.
443 2669 466 2684 ⁹⁷
484 2668 552 2695 Gen.
570 2675 615 2694 χλι
631 2687 638 2699 ,
652 2666 699 2693 '22.

30 2704 114 2731 |Gen.
128 2712 238 2735 xxxv“,
257 2704 311 2735 54;
361 2705 380 2720 “
393 2703 460 2730 Gen.
479 2711 564 2734 xxv”,
581 2704 608 2729 6.

61 2751 114 2788 (62)
135 2751 291 2788 Ἀσφάλτῳ
306 2750 484 2788 asumma);
497 2750 668 2788 ὲκέχρισζρ..
688 2749 724 2776 lta
747 2752 818 2788 recte

29 2785 136 2815 otnuino'
162 2785 252 2814 codex
276 2786 450 2813 Basileeusis.
478 2785 599 2819 Respicit
623 2785 754 2819 Origenes
776 2785 818 2819 lo-

29 2829 86 2849 cum
100 2823 240 2850 Geueseos
257 2830 312 2852 xw,
332 2822 375 2852 H,
400 2818 586 2854 ἀσφαλτώσεις
608 2819 691 2854 αὐτὴν
716 2818 816 2844 ἔσωθεν

30 2858 73 2884 καὶ
89 2858 189 2891 ἔξωθεν
203 2859 235 2892 τῇ
249 2856 386 2891 ἀσφάλτῳ.
416 2857 442 2892 lu
459 2860 537 2882 antea
554 2855 634 2882 editis
660 2854 734 2881 libris
752 2854 817 2888 leg-i-

32 2898 81 2923 tur,
96 2890 368 2927 ἁσφαλτωδεστέρως
377 2890 528 2925 ὲκέχριστο.

64 2928 118 2965 (65)
135 2923 215 2956 ι,ιι›ι›.
237 2923 313 2958 editi,
334 2923 527 2961 προσαγαγεῖν,
553 2926 600 2953 seJ
619 2925 703 2952 codex
719 2923 812 2956 Basil.,

227 2977 363 3008 Pnaot.
388 2974 447 3004 Gn.
465 2974 519 3004 Xl.

756 2666 779 2682 "
796 2666 863 2694 Gen.

870 964 920 987 ret.
938 960 1049 993 Deinde,
1068 965 1098 987 ut
1121 961 1162 988 sui
1181 961 1263 987 moris
1279 965 1321 988 est
1346 960 1408 987 ludo
1425 964 1529 988 vertere
1552 965 1658 987 nostras

869 1004 1037 1039 Scripturas,
1072 1012 1182 1032 corvum
1216 1006 1243 1033 in
1273 1005 1439 1033 coruieulain
1468 1005 1655 1032 transformat.

869 1049 936 1077 Tum
952 1054 1028 1084 putat
1045 1059 1059 1077 a
1076 1051 1177 1086 Moyse,
1195 1052 1240 1086 qui
1260 1052 1317 1079 ha‘c
1332 1052 1452 1086 scripsit,
1476 1051 1655 1079 adulteratam

870 1096 1098 1130 depravatamque
1122 1097 1207 1124 fuisse
1231 1097 1353 1125 Graacam
1380 1097 1551 1125 Deucalionis
1571 1098 1657 1125 histo-

870 1142 937 1167 riam
965 1151 971 1168 ι
996 1142 1018 1169 si
1038 1146 1126 1168 tamen
1152 1143 1247 1169 harum
1271 1150 1361 1170 rerutn
1387 1143 1549 1177 scriptorem
1573 1144 1657 1171 fuisse

869 1186 988 1222 Moysem
1004 1187 1153 1219 existimat,
1180 1192 1207 1214 et
1226 1195 1277 1215 non
1294 1188 1382 1222 potius
1396 1189 1485 1222 plures
1499 1189 1656 1218 alios.-lloc

868 1236 939 1262 cnim
957 1235 1078 1262 indicant
1106 1235 1162 1263 htec
1185 1235 1242 1268 ejus
1260 1237 1342 1263 verba
1369 1247 1375 1263 ε
1405 1237 1483 1271 «Qua
1502 1237 1528 1265 in
1548 1247 1576 1266 re
1591 1240 1657 1268 nihil

870 1285 962 1315 agunt,
987 1289 1069 1316 quam
1097 1281 1246 1315 depravare
1268 1286 1292 1309 et
1309 1282 1474 1317 interpolare
1487 1283 1657 1312 Deucalionis

868 1327 1028 1360 historiam;
1041 1338 1050 1354 ι
1069 1334 1095 1355 et
1110 1328 1159 1355 ista
1181 1335 1187 1354 :
1206 1337 1214 1353 ι
1227 1327 1318 1363 Neque
1335 1329 1407 1355 enim
1425 1330 1566 1363 putabant,
1594 1332 1656 1365 opi-

869 1379 930 1404 nor,
947 1372 1004 1399 haee
1020 1373 1047 1399 in
1064 1372 1150 1399 lucem
1171 1380 1230 1400 esse
1247 1366 1396 1407 proditura.
1411 1383 1420 1399 ι
1449 1374 1500 1401 Sed
1521 1376 1657 1409 quomodo

869 1425 920 1444 nou
946 1419 1077 1452 putabant
1100 1427 1132 1446 ea
1159 1419 1185 1446 in
1218 1419 1304 1446 lucem
1338 1420 1488 1454 proditura,
1525 1422 1569 1455 qui
1593 1429 1657 1448 snas

871 1464 1020 1498 scripturas
1045 1464 1178 1491 universae
1202 1465 1275 1498 genti
1292 1465 1401 1499 dabant,
1426 1470 1453 1492 et
1467 1466 1510 1500 qui
1527 1466 1657 1501 praedice-

868 1509 934 1536 bant
959 1509 1017 1537 fore
1042 1516 1073 1537 ut
1095 1510 1190 1537 eadem
1215 1510 1259 1536 illa
1278 1509 1374 1546 religio
1389 1511 1514 1546 gentibus
1529 1512 1655 1539 omnibus

869 1557 1095 1584 annuntiaretur?
1112 1557 1145 1584 Et
1158 1558 1228 1585 istud
1242 1556 1305 1585 Jesu
1320 1558 1355 1585 ad
1368 1557 1475 1586 Judmos
1491 1569 1497 1586 :
1518 1569 1529 1585 ε
1541 1559 1656 1587 Aufere-

870 1607 912 1628 tur
937 1610 951 1629 a
978 1603 1054 1630 vobis
1079 1610 1193 1639 regnent
1209 1603 1256 1631 Dei
1283 1608 1309 1632 et
1334 1605 1443 1632 dabitur
1458 1607 1529 1640 genti
1546 1606 1656 1634 facienti

869 1648 974 1677 fructus
989 1649 1048 1683 ejus
1061 1649 1101 1683 ",
1114 1659 1123 1675 ι
1142 1650 1206 1684 quid
1222 1650 1294 1678 aliud
1311 1651 1447 1686 significat
1470 1659 1549 1686 quam
1566 1652 1657 1680 Judai-

869 1702 915 1721 cas
929 1694 1094 1730 Scripturas,
1119 1703 1178 1730 quae
1205 1696 1280 1730 regni
1309 1696 1355 1724 Dei
1381 1699 1509 1732 mysteria
1533 1700 1657 1726 contine-

870 1740 944 1773 bant,
974 1748 1022 1775 per
1046 1741 1134 1775 ipsum
1164 1741 1253 1768 divina
1268 1746 1402 1775 potestate
1417 1742 1442 1769 in
1457 1743 1544 1771 lucem
1563 1745 1656 1778 prodi-

871 1786 964 1814 turas?
985 1786 1117 1814 Nimirum
1143 1794 1204 1814 eum
1230 1795 1244 1814 a
1259 1787 1360 1815 Graecis
1383 1789 1526 1816 coufictam
1544 1790 1655 1817 deorum

870 1832 1056 1866 genealogiam
1083 1831 1281 1866 duodecimque
1309 1833 1420 1860 deorum
1453 1833 1545 1868 legunt
1572 1835 1656 1863 histo-

870 1877 937 1910 rias,
969 1877 1001 1904 iis
1035 1885 1082 1912 per
1107 1877 1251 1912 allegorias
1283 1879 1431 1906 conciliant
1459 1881 1655 1914 reverentiam;

869 1930 930 1949 eum
949 1929 1012 1950 vero
1039 1930 1082 1950 res
1105 1928 1212 1950 nostras
1240 1923 1354 1951 irridere
1379 1924 1455 1956 libet,
1473 1925 1577 1953 fabulas
1595 1933 1656 1953 esse

869 1968 944 1994 aiunt
960 1975 1019 2001 qua:
1034 1968 1154 2002 puerulis
1171 1967 1242 1994 nulla
1259 1973 1318 1995 arte
1332 1974 1486 1996 narrantur.

906 2013 950 2040 45.
965 2013 1031 2040 Cum
1047 2013 1126 2040 nobis
1142 2013 1235 2048 objicit
1253 2023 1262 2040 ι
1273 2013 1417 2041 absurdam
1442 2019 1468 2041 et
1485 2014 1655 2049 intempesti-

870 2066 933 2085 vam
961 2058 1109 2086 liberorum
1142 2058 1379 2094 procreationem,
1404 2068 1413 2085 ι
1443 2060 1569 2096 intelligit
1596 2062 1657 2088 sine

870 2105 951 2131 dubio
966 2104 1104 2132 Abraham
1120 2110 1148 2132 et
1173 2104 1267 2132 Saram
1278 2105 1310 2137 ",
1325 2106 1448 2140 quamvis
1465 2106 1524 2133 illos
1542 2114 1594 2133 non
1610 2115 1656 2133 no-

871 2149 973 2182 minet;
1000 2157 1060 2176 cum
1090 2154 1179 2176 autem
1207 2150 1342 2177 tlralrum
1370 2151 1491 2182 insidias,
1516 2160 1525 2176 ι
1547 2151 1657 2185 respicit

871 2201 918 2221 aut
934 2195 967 2222 ad
983 2195 1050 2222 Cain
1066 2195 1178 2222 insidias
1190 2196 1274 2223 Abclo
1291 2196 1446 2223 molientem
1454 2197 1486 2228 9",
1503 2202 1550 2223 aut
1561 2197 1593 2223 ad
1608 2196 1655 2223 Ja-

870 2241 920 2268 cob
936 2241 1107 2268 insidiantem
1124 2241 1227 2273 Esavo;
1245 2249 1305 2269 cuin
1325 2250 1333 2267 ι
1347 2243 1431 2276 patris
1446 2242 1580 2269 tristitiam
1593 2243 1626 2275 ",
1644 2252 1654 2268 ι

870 2287 973 2314 iudicat
997 2287 1113 2315 fortasse
1130 2288 1268 2315 tristitiam
1293 2288 1376 2316 lsaaci
1393 2289 1425 2316 de
1438 2288 1522 2316 Jacob
1540 2289 1657 2324 peregri-

871 2332 980 2358 natione
988 2332 1033 2364 π’,
1044 2331 1160 2360 fortasse
1174 2332 1673 2380 etiamtristitiamJacobisigniﬂcal,’

870 2382 982 2412 propter
1003 2377 1101 2412 Joseph
1126 2379 1151 2405 iu
1165 2378 1284 2414 IEgypto
1309 2379 1469 2412 venditum;
1496 2387 1556 2406 cum
1576 2388 1584 2404 ι
1597 2377 1667 2420 ma-“

871 2428 941 2450 trum
964 2423 1040 2451 dolos
1055 2425 1074 2457 ‘,
1087 2434 1096 2450 ι
1127 2424 1277 2452 lteheceatn
1294 2425 1390 2459 opinor
1412 2423 1497 2451 notari
1515 2429 1654 2451 curantem

871 2474 897 2496 et
914 2469 996 2496 lsaaci
1015 2470 1218 2497 benedictiones
1241 2478 1293 2497 non
1323 2471 1348 2496 in
1364 2469 1443 2501 Esau,
1461 2469 1508 2496 sed
1533 2469 1559 2496 in
1573 2469 1656 2497 Jacob

871 2515 965 2541 cadant
978 2516 1009 2542 “.
1032 2516 1158 2543 Attamen
1173 2515 1194 2542 si
1212 2516 1333 2542 dicamus
1348 2515 1430 2542 Deum
1444 2515 1470 2541 iu
1483 2515 1515 2541 iis
1531 2515 1656 2541 omnibus

871 2568 947 2588 suam
965 2562 1160 2596 interposuisse
1177 2570 1300 2597 operam,
1316 2561 1380 2596 quid
1402 2561 1511 2587 absurdi
1540 2559 1655 2587 faciums

872 2615 932 2634 cum
959 2608 1036 2635 nobis
1055 2616 1104 2642 pro
1119 2615 1194 2636 certo
1208 2609 1244 2636 sit
1266 2608 1336 2635 illius
1352 2607 1385 2634 ab
1402 2607 1433 2634 iis
1449 2615 1584 2641 nunquam
1602 2607 1658 2633 dis-

889 2674 924 2699 ιν,
943 2665 970 2693 8.
1028 2667 1050 2682 ⁹⁹
1066 2667 1133 2693 Gen.
1160 2674 1232 2693 xxvu
1248 2686 1255 2698 ,
1273 2666 1316 2692 Η.
1373 2665 1407 2680 ⁹⁹”
1423 2664 1492 2692 Gen.
1512 2671 1608 2695 xxvtn,
1622 2666 1655 2695 2;

869 2747 1172 2787 apparaxaiv,_reetiils.
1203 2780 1215 2785 η
1238 2781 1255 2787 η
1300 2779 1335 2787 Η.
1383 2779 1419 2787 Ν
1471 2780 1477 2787 .
1518 2779 1530 2785 _
1575 2778 1581 2787 ι

905 2779 960 2819 (64')
969 2779 1216 2819 litescheliusleou
1238 2779 1335 2819 Ἰακὼϐ
1358 2779 1455 2819 μᾶλλον
1468 2779 1610 2819 ἐπιδημία,
1629 2783 1657 2819 at

869 2813 1068 2852 coddfﬂegins
1092 2823 1120 2843 et
1142 2815 1314 2852 Basileeusis,
1336 2813 1384 2839 τοῦ
1405 2814 1501 2852 Ἰακῲῇ
1517 2813 1658 2852 ἀποδημίᾳ.

870 2853 988 2890 rectius;
1007 2848 1092 2890 neque
1115 2851 1186 2878 enim
1203 2851 1280 2890 video
1295 2856 1349 2884 quo
1363 2854 1444 2884 pacto
1465 2849 1509 2876 hic
1523 2848 1563 2880 τὸ,
1590 2848 1659 2884 μᾶλ-

867 2889 923 2920 λον,
939 2888 1027 2915 locum
1042 2888 1142 2914 habere
1158 2888 1253 2921 possit.

1469 2963 1509 2993 35
