1908 3099
57 169 117 197 ΙΙθΙ

631 170 769 198 CONTRA
789 170 926 200 CELSUM
947 169 1010 196 LIB.
1033 169 1075 195 ιν.

1599 172 1668 201 1102

55 215 97 242 καὶ
117 215 167 247 τὰς
190 215 277 250 μίξεις
300 215 353 242 τῶν
375 216 591 252 θεραπαινίδων·
610 217 770 253 βουλομένου
785 218 821 244 τοι

885 218 963 245 detur
977 218 1004 244 in
1015 216 1169 244 actionibus
1180 224 1273 244 eorum
1286 218 1330 252 qui
1349 218 1406 246 lucc
1421 218 1553 253 iecerunt,
1570 220 1597 248 id
1615 230 1663 248 uo-

54 260 126 295 λόγου
139 260 186 287 καὶ
207 262 278 296 ἡμᾶς
295 262 325 288 οὺ
340 262 389 294 τὰς
404 263 560 297 σωματικὰς
575 265 752 300 νομιζομένας
763 265 834 300 πρα-

54 306 104 338 ξεις
117 306 215 341 ζηλοῦν
227 305 279 333 τῶν
293 307 380 334 ταῦτα
392 309 589 343 πεποιηκότων,
606 310 662 336 ἀλλ’
676 311 723 345 (ὡς
741 310 833 337 καλεῖν

54 352 177 380 εἰώθασιν
193 354 218 380 οί
239 354 285 380 τοῦ
313 354 402 390 Ἰησοῦ
423 356 576 392 ἀπόστολοι)
591 357 641 389 τὰς
664 357 857 393 πνευματικὰς.

89 398 149 425 Δέον
173 399 194 426 δ’
209 400 301 433 αὐτὸν,
317 401 348 428 τὸ
377 403 522 439 φιλάληθες
548 403 602 431 τῶν
617 404 833 440 ἀναγραψάντων

52 444 97 476 τὰς
110 444 185 477 θείας
198 447 309 482 Γραφὰς
324 448 534 484 ἀποδεξάμενον,
555 450 592 485 μὴ
609 450 771 485 κρυψάντων
786 451 833 477 καὶ

51 490 83 516 τὰ
92 491 306 526 ἀπεμφαίνοντα,
328 494 516 529 προσαχθῆναι
531 496 650 531 καὶπερὶ
664 496 718 522 τῶν
732 495 832 522 λοιπῶν

52 538 95 564 καὶ
108 537 338 575 παραδοξωτέρων
355 540 392 571 ὡς
406 541 437 566 οὺ
456 541 669 576 πεπλασμένων·
683 542 696 568 ὁ
709 542 738 568 δὲ
752 541 829 568 τούν-

50 583 135 609 αντίον
167 585 310 620 πεποίηκε,
337 586 384 612 καὶ
409 586 444 612 τὰ
467 587 530 622 περὶ
553 587 598 613 τὸν
624 587 695 618 Λὼτ,
720 587 830 618 καὶτὰς

50 629 206 666 θυγατέρας,
223 631 284 657 οὔτε
302 632 371 658 κατὰ
380 632 410 658 τὸ
429 633 510 668 ῥητὸν
526 633 665 666 ἐξετάσας,
684 633 745 660 οὔτε
760 634 830 660 κατὰ

49 676 94 711 τὴν
119 677 263 712 ἀναγωγὴν
290 677 449 713 ἐρευνήσας,
478 678 551 705 ιτῶν
580 678 730 705 Θυεστείων
744 689 752 704 ι
771 677 829 705 εἷπε

52 730 60 745 ι
72 722 162 748 κακῶν
177 722 343 759 ἀνομώτερα.
360 734 368 749 ι
385 723 424 750 Τὰ
442 725 490 760 μὲν
512 723 559 752 οὖν
579 725 628 760 τῆς
641 725 713 752 κατὰ
726 725 771 751 τὸν
785 725 829 752 τό-

50 776 95 794 πον
108 768 286 804 τροπολογίας
300 770 350 796 οὐκ
363 770 510 805 ἀναγκαῖον
526 770 574 798 νῦν
596 771 685 806 λέγειν
695 780 701 786 '
720 773 780 799 τίνα
799 780 828 798 τε

48 813 78 840 τὰ
93 813 205 850 Σόδομα,
223 815 268 841 καὶ
285 815 326 847 τίς
341 816 354 841 ὁ
369 816 437 851 πρὸς
459 816 503 843 τὸν
532 817 635 844 ἐκεῖθεν
664 817 828 853 διασωζόμε-

890 265 946 291 lunt
967 271 1016 289 nos
1035 263 1156 295 imitari;
1175 263 1221 290 sed
1240 264 1310 298 quod
1333 265 1454 299 spiritale
1470 269 1522 298 est,
1539 271 1568 292 ut
1590 266 1664 302 loqui

887 314 980 336 amant
995 307 1058 336 Jesu
1075 308 1198 342 apostoli.

921 402 966 429 45.
987 401 1046 430 Jam
1071 401 1180 434 Celsus,
1205 409 1268 430 cum
1292 403 1366 430 illam
1395 410 1536 432 auctorum
1566 407 1665 435 divina:

886 447 1034 482 Scriptura:
1051 447 1250 481 sinceritatem,
1270 456 1320 482 qua
1343 458 1376 477 ne
1397 450 1538 479 inhonesta
1556 453 1663 487 quidem

885 493 1068 525 dissimulant,
1087 493 1202 526 probare
1216 493 1355 522 debuisset
1368 500 1394 522 et
1405 497 1499 524 eadem
1514 496 1605 525 induci
1622 499 1657 526 ad

885 539 1049 566 credendum
1063 543 1161 566 caetera
1178 543 1205 566 et
1221 541 1417 575 prodigiosiora
1431 549 1484 569 non
1502 542 1585 570 fuisse
1596 550 1664 571 con-

884 584 958 617 ﬁcta,
974 585 1142 612 contrarium
1171 585 1248 618 facit,
1268 591 1296 613 et
1317 587 1389 620 quod
1413 587 1445 614 de
1470 587 1520 615 Lot
1550 589 1663 624 ejusque

885 630 992 657 filiabus
1016 630 1163 662 refertur“,
1177 639 1227 658 nee
1253 631 1361 659 litterali
1380 640 1430 659 nec
1444 633 1559 667 spiritali
1580 641 1662 662 sensu

884 673 1061 708 investigato,
1086 675 1151 702 illud
1172 676 1340 711 «Thyesteis
1364 676 1536 704 facinoribus
1568 679 1665 705 imma-

884 719 945 746 nius
961 727 1042 747 essei
1059 721 1226 754 pronuntiat.
1249 722 1284 748 At
1303 729 1367 749 vero
1393 722 1460 749 nihil
1489 729 1600 751 necesse
1623 729 1665 750 est

882 774 955 793 nune
973 767 1073 800 dicere,
1091 769 1154 802 quid
1171 768 1228 795 hare
1242 768 1352 795 historia
1368 768 1450 803 538
1467 776 1548 796 sensu
1572 774 1664 805 tropo-

880 811 967 847 logico
987 817 1099 847 accepta
1126 814 1239 847 doceat;
1265 818 1293 840 ut
1316 821 1367 840 nec
1386 814 1450 848 quid
1472 814 1600 847 Sodoma,
1617 820 1664 843 aut

47 868 87 886 vov
101 860 155 886 τῶν
177 861 299 895 ἀγγέλων
321 861 409 896 λόγος,
425 863 597 896 φασκόντων·
618 872 626 888 ι
644 863 689 899 Μὴ
703 863 821 899 περιϐλέ-

880 858 945 892 quid
963 865 1054 885 sermo
1076 859 1234 894 angelorum
1261 859 1294 885 ad
1311 866 1372 886 eum
1399 859 1444 894 qui
1463 859 1525 887 inde
1540 865 1663 889 servatus

47 905 83 941 ψῃ
95 906 133 937 εἰς
147 907 182 933 τὰ
196 907 292 939 ὀπίσω,
310 908 376 942 μηδὲ
392 909 458 943 στῇς
481 909 510 934 ἐν
525 908 600 944 πάσῃ
614 910 646 944 τῇ
662 909 823 945 περιχώρῳ·

47 953 84 984 εἰς
95 953 124 979 τὸ
140 953 203 988 ὅρος
228 953 325 985 σώζου,
353 954 457 990 μήποτε
482 954 719 991 συμπαραληφθῇς
731 964 737 970 ·
753 966 761 981 ι
779 956 826 982 καὶ

45 998 83 1030 τίς
97 998 110 1024 ὸ
124 998 196 1031 Λὼτ,
211 998 253 1030 τίς
274 1007 304 1025 τε
335 1000 351 1035 ἡ
376 999 444 1035 γυνὴ
470 999 564 1032 αὐτοῦ,
580 1001 710 1036 γενομένη
740 1001 825 1036 στήλη

46 1043 104 1075 ἁλὸς
115 1044 157 1070 διὰ
172 1045 202 1071 τὺ
218 1044 368 1080 ἐστράφθαι
388 1046 429 1077 εἰς
442 1046 577 1072 τούπίσω·
590 1047 637 1073 καὶ
651 1047 722 1079 τίνες
737 1049 765 1073 αἱ
780 1047 826 1074 Ου-

45 1091 155 1127 γατέρες
180 1091 273 1122 αὑτοῦ,
301 1091 558 1127 καταμεθύσκουσαι
579 1092 624 1119 τὸν
651 1093 767 1128 πατέρα,
783 1093 824 1120 ἵνα

45 1137 175 1170 γένωνται
192 1137 222 1170 ἐξ
239 1136 321 1164 αὑτοῦ
351 1137 476 1172 μητέρες.
493 1137 561 1173 Φέρε
576 1137 604 1164 δὲ
624 1137 658 1165 τὰ
678 1139 728 1174 τῆς
755 1139 825 1165 κατὰ

44 1182 90 1217 τὴν
118 1182 238 1217 ἱστορίαν
258 1182 442 1218 ἀπεμφάσεως
457 1183 491 1209 δι’
512 1183 610 1217 ὀλίγων
626 1183 824 1219 παραμυθησό-

45 1227 120 1262 μεθα.
136 1228 193 1263 Τὴν
208 1227 260 1254 τῶν
276 1228 385 1262 ἀγαθῶν
403 1229 450 1255 καὶ
478 1228 571 1255 κακῶν
599 1229 645 1255 καὶ
673 1229 824 1264 ἀδιαφόρων

43 1272 174 1308 ἐζήτησαν
189 1273 236 1299 καὶ
251 1272 380 1308 Ἕλληνες
404 1272 483 1306 φύσιν
495 1281 502 1287 ·
517 1272 563 1299 καὶ
586 1273 610 1298 οἱ
633 1273 825 1307 ἐπιτυγχάνον-

42 1318 84 1349 τές
100 1327 131 1352 γε
149 1317 239 1344 αὐτῶν
254 1317 288 1344 τὰ
308 1318 355 1353 μὲν
368 1317 458 1352 ἀγαθὰ
479 1319 526 1344 καὶ
549 1318 621 1345 κακὰ
637 1317 823 1345 κατατίθενται

42 1361 68 1387 ὲν
85 1361 245 1397 προαιρέσει
262 1361 338 1397 μόνῃ,
355 1361 442 1388 πάντα
460 1361 488 1388 δὲ
507 1361 640 1397 ἀδιάφορα
657 1361 695 1396 τῷ
711 1362 767 1397 ἰδίῳ
781 1362 824 1388 λό-

41 1414 79 1440 γῳ
95 1406 178 1440 φασὶν
191 1404 260 1433 εἶναι
273 1406 307 1433 τὰ
319 1406 403 1441 χωρὶς
419 1407 605 1442 προαιρέσεως
626 1407 821 1443 ὲξεταζόμενα“

40 1450 87 1486 τὴν
108 1450 136 1477 δὲ
156 1450 329 1486 προαίρεσιν,
350 1450 454 1481 τούτοις
476 1451 618 1486 χρωμένην
630 1451 742 1483 δεόντως
761 1452 821 1487 μὲν,

40 1496 183 1531 ἐπαινετὴν
205 1493 284 1528 εἶναι,
300 1497 330 1522 οὺ
359 1496 471 1528 δεόντως
485 1496 515 1523 δὲ
533 1496 646 1532 ψεκτήν.
671 1495 754 1524 Εἶπον
776 1496 823 1525 οὖν

880 906 932 934 est,
949 903 1097 930 dicentium
1113 911 1120 931 :
1134 912 1142 929 ι
1155 903 1213 930 Noli
1231 903 1366 938 respicere
1390 908 1450 938 post
1475 908 1589 939 tergum,
1612 913 1664 932 nec

880 951 935 974 stes
951 947 977 974 iu
990 948 1061 975 omni
1081 949 1154 976 circa
1175 949 1302 983 regione;
1319 949 1364 976 sed
1384 949 1411 976 in
1443 956 1533 977 monte
1558 950 1661 976 salvum

882 997 907 1019 te
923 991 975 1025 fac,
990 1001 1023 1020 ne
1038 999 1064 1020 et
1080 999 1107 1021 tu
1124 994 1202 1020 simul
1219 994 1372 1029 pereas‘°,n
1387 1002 1436 1022 nec
1449 994 1513 1030 quid
1525 995 1587 1028 Lot,
1611 1003 1661 1022 nec

879 1039 943 1073 quid
970 1046 1038 1067 uxor
1052 1039 1111 1074 ejus
1137 1040 1162 1067 in
1192 1040 1346 1067 columnam
1381 1040 1446 1068 salis
1473 1048 1602 1069 conversa
1627 1049 1662 1069 eo

879 1084 950 1118 quod
964 1089 1024 1119 post
1040 1091 1069 1112 se
1083 1089 1258 1119 respexerat;
1288 1092 1337 1111 nec
1356 1085 1419 1119 quid
1444 1085 1503 1119 ejus
1519 1086 1580 1113 tiliae
1603 1087 1661 1113 ine-

880 1129 1001 1157 briantes
1016 1134 1132 1165 patrem,
1149 1135 1177 1157 ut
1189 1137 1221 1157 ex
1240 1131 1285 1157 illo
1301 1135 1400 1158 matres
1412 1131 1518 1158 tierent.
1533 1133 1659 1160 Attamen

878 1183 937 1209 quae
955 1177 1041 1210 magis
1054 1176 1080 1202 in
1095 1176 1147 1203 hac
1159 1177 1272 1204 historia
1293 1177 1417 1205 videntur
1441 1177 1578 1205 offendere
1595 1186 1662 1212 pau-

878 1221 917 1248 cis
932 1221 1112 1250 cmolliauius.
1128 1223 1180 1258 Ipsi
1200 1221 1286 1250 Graeci
1312 1223 1479 1257 quaesierunt
1502 1230 1561 1258 qua:
1577 1225 1660 1250 bono-

879 1275 947 1300 rum,
962 1272 988 1294 ct
1000 1268 1144 1301 malorum,
1158 1274 1186 1295 et
1207 1268 1418 1295 iudili‘erentium
1445 1273 1541 1296 natura
1562 1269 1613 1303 sit;
1631 1274 1659 1296 et

879 1314 924 1347 qui
936 1321 1028 1340 eorum
1047 1315 1143 1342 melius
1157 1323 1213 1342 rem
1230 1315 1347 1342 assecuti
1362 1319 1435 1347 sunt,
1458 1316 1527 1342 bona
1545 1320 1571 1342 et
1588 1316 1659 1342 mala

878 1359 1028 1387 docuerunt
1048 1360 1098 1387 sita
1119 1367 1179 1388 esse
1206 1361 1232 1388 in
1257 1361 1313 1388 solo
1332 1361 1479 1388 voluntatis
1500 1362 1657 1396 proposito;

878 1404 903 1430 id
923 1409 1014 1431 autem
1033 1412 1095 1432 esse
1125 1406 1234 1440 proprie
1258 1406 1414 1434 indill'creus
1441 1407 1512 1441 quod
1542 1407 1659 1434 electum

878 1455 980 1477 nonest
989 1458 1003 1477 a
1014 1451 1196 1484 voluntate,et
1211 1459 1263 1486 quo
1276 1456 1356 1486 prout
1365 1452 1488 1480 voluntas
1501 1453 1584 1480 utitur
1592 1453 1660 1480 bene

877 1500 923 1523 aut
937 1497 1018 1529 mule,
1032 1497 1112 1523 laude
1133 1502 1178 1524 aut
1198 1498 1333 1532 vituperio
1346 1499 1426 1534 digna
1444 1503 1496 1526 est.
1511 1499 1570 1526 Jam
1596 1507 1659 1527 vero

40 1541 67 1567 ὲν
81 1541 119 1577 τῷ
135 1542 200 1577 περὶ
214 1542 366 1577 ἀδιαφόρων
376 1542 461 1577 τόπῳ,
474 1542 515 1568 ὅτι
529 1542 567 1577 τῷ
586 1542 642 1577 ἰδίῳ
657 1543 727 1578 λόγῳ
739 1543 821 1577 θυγα-

878 1542 922 1569 ubi
945 1542 979 1569 de
1004 1543 1220 1570 indiﬂ'ereutibus
1242 1549 1337 1578 agunt,
1361 1545 1432 1572 inter
1457 1552 1489 1572 ea
1517 1551 1659 1573 recensent

38 1587 116 1622 τράσι
135 1587 280 1623 μίγνυσθαι
302 1587 447 1623 ἀδιάφορόν
474 1588 557 1621 ἐστιν,
573 1588 596 1614 εἰ
613 1588 660 1614 καὶ
674 1588 711 1624 μὴ
726 1588 778 1624 χρὴ
793 1590 822 1614 ὲν

38 1635 95 1664 ταῖς
110 1633 298 1665 καθεστώσαις
312 1634 459 1666 πολιτείαις
469 1634 499 1660 τὸ
510 1634 629 1662 τοιοῦτον
654 1636 751 1662 ποιεῖν.
767 1636 822 1662 Καὶ

39 1678 190 1711 ὑποθέσεως
209 1679 298 1715 χάριν,
312 1680 381 1716 πρὸς
404 1680 575 1715 παράστασιν
599 1679 646 1706 τοῦ
677 1681 821 1716 ἀδιάφορον

37 1721 103 1750 εἶναι
122 1725 154 1752 τὸ
168 1725 297 1757 τοιοῦτον,
318 1725 502 1761 παρειλήφασι
516 1725 561 1752 τὸν
582 1726 662 1760 σοφὸν
685 1726 753 1761 μετὰ
772 1727 822 1761 τῆς

37 1770 169 1807 θυγατρὸς
199 1771 281 1807 μόνης
304 1771 560 1807 καταλελειμμένον,
584 1773 683 1804 παντὸς
705 1772 751 1799 τοῦ
767 1773 821 1799 τῶν

35 1817 187 1852 ἀνθρώπων
207 1817 303 1851 γένους
329 1818 542 1854 διεφθαρμένου·
568 1819 614 1845 καὶ
644 1819 781 1855 ζητοῦσιν,
797 1821 821 1846 εἰ

37 1862 210 1897 καθηκόντως
226 1864 240 1889 ὁ
255 1863 345 1898 πατὴρ
356 1863 544 1890 συνελεύσεται
558 1866 591 1900 τῇ
612 1864 736 1900 θυγατρὶ,
751 1866 821 1900 ὑπὲρ

34 1908 78 1934 τοῦ
94 1909 131 1945 μὴ
147 1909 306 1941 ἀπολέσθαι,
324 1910 384 1936 κατ’
402 1909 487 1944 αὐτὴν
508 1910 557 1945 τὴν
571 1909 706 1942 ὑπόθεσιν,
722 1910 753 1936 τὸ
767 1911 820 1937 πᾶν

33 1954 85 1980 τῶν
98 1954 252 1990 ἀνθρώπων
274 1954 360 1989 γένος.
379 1953 442 1990 ’Ἆρ’
456 1953 502 1981 οὖν
523 1955 598 1990 παρὰ
626 1956 675 1990 μὲν
693 1955 820 1990 Ἕλλησιν

33 2000 115 2033 ὑγιῶς
138 2000 226 2027 ταῦτα
247 2000 364 2034 λέγεται,
388 2001 435 2027 καὶ
456 2001 506 2027 οὐκ
530 2001 764 2036 εὐκαταφρόνητος
776 2003 821 2028 αὑ-

32 2048 86 2078 τοῖς
103 2047 212 2082 αἵρεσις
229 2047 245 2082 ὴ
260 2046 314 2073 τῶν
330 2046 457 2073 Στωϊκῶν
473 2046 529 2082 (70)
548 2047 734 2082 συναγορεύει·
750 2047 819 2074 ἐπὰν

31 2091 56 2118 δὲ
67 2092 159 2127 κύρια,
178 2093 242 2127 περὶ
257 2092 438 2128 ἐκπυρώσεως
450 2092 497 2119 τοῦ
512 2093 613 2128 κόσμου
630 2093 818 2129 μεμαθηκότα,

31 2138 59 2163 οὐ
80 2138 272 2174 τετρανωκότα
287 2139 325 2171 δὲ,
348 2139 435 2165 ἰδόντα
458 2138 513 2173 πῦρ
527 2138 661 2174 διειληφὺς
676 2139 725 2175 τὴν
741 2140 818 2166 πόλιν

30 2185 117 2211 αὐτῶν
133 2186 182 2212 καὶ
195 2185 244 2220 τὴν
265 2185 366 2220 χώραν,
383 2185 608 2220 ὑπολαμϐάνοντα
631 2185 755 2221 ζώπυρον
770 2186 817 2212 τοῦ

30 2230 122 2263 γένους
142 2231 200 2257 τῶν
221 2230 372 2266 ἀνθρώπων
395 2230 602 2264 καταλελεῖφθαι
623 2231 651 2256 ἐν
671 2231 709 2266 τῷ
733 2233 817 2266 πατρὶ

30 2277 74 2302 καὶ
86 2277 195 2308 αὑταῖς,
205 2276 319 2311 βουληθῇ
333 2276 377 2302 διὰ
393 2277 442 2312 τὴν
456 2277 559 2303 τοιάνδε
574 2276 705 2312 ὑπόληψιν
717 2278 817 2313 συστή-

30 2323 124 2349 σασθαι
136 2323 183 2349 τον
201 2323 315 2358 κόσμον,
329 2322 459 2350 ἐλάττονα
471 2322 546 2349 ἔσται
561 2322 607 2349 τοῦ
617 2323 686 2349 κατὰ
696 2323 745 2358 τὴν
762 2323 816 2350 τῶν

28 2368 154 2396 Στωϊκῶν
184 2369 313 2396 ὑπόθεσιν
336 2369 418 2404 σοφοῦ
444 2369 617 2405 καθηκόντως
631 2370 659 2396 ὲν
680 2371 712 2405 τῇ
729 2370 817 2405 φθορᾷ

27 2415 78 2441 τῶν
93 2416 208 2442 πάντων
221 2415 371 2451 ἀνθρώπων
387 2415 551 2450 μιγνυμένου
568 2416 626 2447 ταῖς
638 2415 814 2450 θυγατράσι-ις

27 2461 81 2488 Οὖκ
106 2461 201 2496 ἀγνοῶ
217 2461 238 2487 δ’
253 2461 293 2488 ὅτι
307 2461 509 2497 προσκύψαντες
525 2470 596 2492 τινες
609 2460 647 2496 τῷ
667 2461 816 2497 βουλήματι

26 2507 78 2534 τῶν
91 2508 139 2534 τοῦ
165 2506 229 2534 Λὼτ
244 2507 411 2542 θυγατέρων,
426 2507 473 2533 καὶ
486 2507 591 2533 ἀνόσιον
605 2507 636 2533 τὸ
649 2507 729 2543 ἔργον
745 2506 814 2534 εἶναι

27 2554 209 2591 ὑπειλήφασι·
236 2555 282 2582 καὶ
311 2554 349 2586 ὡς
373 2554 402 2586 ἐξ
422 2553 536 2580 ἀνοσίων
565 2553 663 2588 μίξεων
687 2554 813 2589 εἰρήκασι

61 2646 155 2676 'Gen.
176 2655 234 2678 xtx,
249 2647 292 2675 55.
332 2647 353 2662 ¹⁰
371 2646 439 2674 Gen.
463 2654 521 2680 ιιικ,
540 2646 584 2673 l7.

25 2726 83 2755 post
109 2722 200 2748 codex
221 2719 395 2752 Basileensis,
411 2717 604 2754 ἡλληγόρηται.
634 2717 712 2745 Lihb.
732 2717 810 2750 editi,

22 2757 229 2792 άλληγορεῖται.

57 2786 114 2826 (Ἰθ)
127 2786 210 2818 ’Τῶν
235 2788 382 2826 Στωϊκῶν.
402 2787 511 2826 _Clem._
527 2788 622 2826 Alei:f1
643 2786 742 2826 Strom.
753 2795 784 2826 nu
802 2796 808 2814 :

23 2822 83 2853 Ἔτι
105 2822 182 2853 κατὰ
214 2825 262 2860 μὲν
281 2825 343 2856 τοὺς
358 2824 415 2860 ,ἀπὸ
429 2824 480 2860 τῆς
493 2824 575 2860 Στοᾷς
592 2822 736 2860 ἀδιόιφορον
752 2822 809 2860 ὂλτε

22 2863 109 2896 γάμος
121 2862 140 2897 ἠ
156 2869 188 2887 τε
204 2857 391 2897 παιδοτροφία.
401 2868 420 2897 ιι
433 2857 528 2897 Adhuc
540 2858 617 2891 juxta
644 2857 753 2897 Stoicos
769 2858 809 2882 in-

25 2892 156 2931 dit—teretis
172 2895 239 2930 quid
257 2892 319 2923 sunt
332 2892 432 2928 nuptiae
444 2893 472 2920 et.
489 2893 635 2920 liberorum
646 2892 781 2920 educatio.
796 2902 805 2917 ι

874 1596 935 1615 cum
961 1589 1015 1616 lilia
1037 1590 1225 1622 concubitum,
1251 1592 1377 1625 quamvis
1402 1592 1427 1618 id
1460 1592 1486 1618 iu
1502 1592 1660 1619 constitutis

872 1636 1027 1662 civitatibus
1045 1636 1103 1662 ﬁeri
1125 1644 1176 1662 non
1196 1641 1331 1670 oporteat.
1349 1637 1438 1671 Atque
1460 1641 1489 1664 ut
1512 1638 1659 1665 ostendant

873 1681 940 1708 illud
963 1689 1028 1708 esse
1051 1680 1223 1713 indill‘erens,
1252 1687 1357 1717 ponunt
1380 1684 1530 1716 sapientem
1557 1684 1656 1714 solum.

874 1730 931 1753 toto
945 1721 1063 1753 humano
1078 1733 1177 1760 genere
1199 1728 1350 1761 exstincto,
1371 1735 1432 1754 cum
1457 1729 1515 1755 sola
1533 1736 1581 1756 sua
1604 1729 1657 1755 lilia

873 1771 996 1798 relictum
1026 1779 1085 1798 esse
1110 1773 1297 1806 superstitem,
1322 1779 1349 1800 et
1377 1778 1503 1808 qumrunt
1528 1774 1657 1802 licerclue

872 1817 991 1850 sapienti
1007 1824 1068 1843 euut
1084 1817 1136 1843 ﬁlia
1152 1818 1345 1851 concumbere,
1363 1825 1392 1844 ut
1406 1826 1439 1845 ue
1463 1823 1550 1845 totum
1567 1819 1655 1846 homi-

873 1869 934 1888 num
963 1868 1047 1896 genus
1067 1861 1180 1896 periret.
1200 1863 1240 1888 An
1266 1862 1323 1890 hare
1349 1868 1423 1890 recte
1448 1864 1617 1890 disserentur
1641 1873 1657 1891 a

871 1907 976 1935 Graecis
995 1912 1023 1934 et
1035 1915 1049 1935 a
1063 1907 1203 1940 spectabili
1222 1908 1292 1942 apud
1313 1908 1386 1942 ipsos
1410 1907 1563 1936 Stoicorum
1581 1914 1656 1936 secta

872 1954 1119 1987 comprobahuntur
1130 1961 1137 1985 ;
1150 1957 1176 1979 et
1193 1953 1298 1987 puellm,
1315 1961 1374 1987 qua:
1388 1954 1420 1981 de
1436 1954 1528 1981 mundi
1552 1954 1656 1982 conﬂa-

871 2000 996 2033 gratione
1010 2000 1154 2027 audierant
1176 2008 1226 2027 nec
1253 2004 1341 2026 tamen
1358 2000 1437 2034 plene
1453 2001 1654 2031 intellexerant,

871 2053 930 2080 quae.
944 2046 1058 2074 ﬂammis
1073 2047 1168 2074 urbem
1182 2053 1258 2073 suam
1283 2051 1311 2073 et
1335 2054 1416 2081 agros
1442 2047 1600 2081 absumptos
1616 2048 1656 2074 vi-

873 2093 982 2126 debant,
998 2099 1059 2126 qua:
1082 2093 1107 2118 in
1132 2100 1161 2119 se
1176 2092 1240 2119 solis
1257 2097 1283 2119 et
1300 2097 1379 2126 patre
1395 2092 1521 2119 relictum
1535 2100 1595 2119 esse
1610 2101 1657 2127 pu-

872 2138 964 2165 tabant
977 2138 1084 2171 generis
1108 2139 1216 2164 humani
1237 2138 1423 2170 seminarium,
1441 2138 1462 2165 si
1480 2139 1530 2165 hac
1546 2139 1653 2172 opinio-

876 2193 909 2211 ne
932 2189 1061 2219 permota:
1078 2185 1172 2211 mundi
1190 2184 1293 2212 sarcire
1310 2183 1402 2210 ruinas
1422 2184 1568 2216 voluerint,
1583 2185 1656 2220 pejo—

873 2237 916 2257 res
932 2235 1011 2257 erunt
1024 2230 1069 2256 illo
1087 2231 1218 2265 sapiente,
1241 2230 1299 2264 qui,
1314 2234 1344 2256 ut
1361 2228 1445 2257 Stoici
1461 2236 1573 2264 ponunt,
1592 2238 1655 2266 per-

871 2280 952 2304 eunte
994 2277 1094 2303 mundo
1121 2281 1212 2310 posset
1236 2275 1310 2302 nullo
1331 2277 1448 2303 crimine
1460 2284 1520 2304 cum
1535 2285 1583 2304 sua
1600 2277 1654 2304 ﬁlia

870 2322 963 2350 liberis
977 2330 1087 2357 operam
1102 2323 1184 2350 dare?
1200 2322 1264 2350 Scio
1281 2323 1428 2350 nonnullus
1451 2323 1536 2350 fuisse
1557 2324 1654 2357 quibus

871 2368 1038 2396 oiIendiculo
1066 2374 1137 2396 esset
1166 2369 1238 2396 istud
1271 2369 1386 2396 ﬁliarum
1415 2369 1464 2396 Lot
1497 2369 1652 2400 consilium,

870 2417 972 2450 quique
991 2415 1126 2443 nefarium
1149 2416 1306 2450 iudicarent
1330 2418 1401 2452 quod
1427 2417 1560 2447 fecerunt,
1576 2421 1602 2442 et
1620 2423 1651 2442 cx

871 2461 916 2489 illo
933 2463 1037 2489 incesto
1054 2463 1199 2490 concubitu
1224 2464 1344 2490 dicerent
1358 2468 1466 2490 cxortas
1487 2462 1571 2489 fuisse
1585 2462 1653 2488 duas

867 2512 1026 2535 exsecratas
1041 2513 1134 2542 gentes
1154 2508 1334 2535 Moabitarum
1366 2513 1393 2535 et
1422 2507 1649 2533 Ammonitarum.

868 2554 901 2580 Et
927 2561 1017 2580 revera
1037 2554 1108 2580 istud
1133 2554 1222 2580 divina
1253 2553 1394 2587 Scriptura
1414 2560 1463 2579 nec
1482 2556 1573 2586 aperte
1590 2559 1651 2586 pro-

1618 2710 1632 2717 ιν

867 2716 1042 2744 TheodoreL.
1061 2721 1144 2740 scrm.
1165 2713 1210 2743 12,
1224 2708 1263 2738 De
1283 2713 1379 2739 rit-tute
1393 2712 1479 2738 acliua
1494 2719 1502 2738 :
1517 2712 1547 2738 Οἱ
1559 2711 1587 2737 δὲ
1602 2710 1651 2771 ei};

867 2751 992 2771 Πηινῐλπ
1009 2749 1093 2771 ιιέτττιν
1106 2749 1164 2771 τινὰ
1179 2747 1236 2771 ὁδὸν
1250 2747 1385 2771 ὥδευσανο
1402 2748 1458 2771 τοῖς
1470 2747 1523 2771 γὰρ
1539 2746 1621 2771 ἀδιαω
1641 2761 1651 2767 -

865 2751 992 2785 Ποικίλης
1008 2749 1093 2784 μέσην
1106 2749 1164 2785 τινὰ
1179 2747 1236 2773 ὁδὸν
1250 2747 1385 2785 ὥδευσανο
1402 2747 1529 2785 τοῖς-γὰρ.
1539 2746 1651 2785 ἀδιαφο-

901 2795 923 2817 ις
936 2781 981 2811 τὸν
995 2781 1082 2819 γάμον
1098 2783 1144 2810 καὶ
1159 2784 1207 2817 τὴν
1222 2782 1392 2819 παιδογονίαν
1404 2781 1579 2819 ξυνέξευξ-ανκ
1594 2791 1602 2806 ι
1615 2781 1649 2819 At

901 2795 923 2817 ις
936 2794 981 2811 τον
995 2794 1082 2819 γαμον
1098 2794 1144 2810 χαι
1159 2794 1207 2817 την
1222 2794 1392 2815 παιυυγυνιαν
1404 2794 1573 2814 ςυνεξευςαν.
1594 2794 1602 2806 ι
1615 2794 1647 2820 ιιι

866 2794 952 2848 ἕῗοίρὶ
983 2820 1069 2846 Inedia
1092 2819 1208 2852 quadam
1238 2817 1281 2842 Via
1313 2817 1489 2852 incesserunt.
1514 2817 1647 2852 ίζοιῲιςιςι

865 2857 937 2882 enim
956 2863 987 2881 ac
1012 2849 1160 2881 liberorum
1179 2851 1378 2885 susceptionem
1398 2851 1470 2878 inter
1485 2849 1645 2878 indiﬂ‘ere’n-

865 2891 901 2918 tia
919 2892 1122 2918 recensuerunt.
1134 2897 1144 2913 ›
1161 2887 1291 2916 Sreucsa.
