1908 3099
211 162 280 190 1107

934 159 1092 188 ORIGENIS

1765 152 1825 179 “08

211 230 300 249 rerum
318 221 440 248 omnium
453 225 580 248 ornatum
598 220 749 247 continere.
769 220 909 247 Materiam
920 222 991 247 enim

1052 222 1108 252 τοὺς
1132 219 1333 256 σπερματικοὺς
1349 219 1443 252 λόγους
1464 216 1510 243 τοῦ
1527 216 1589 243 θεοῦ
1617 216 1634 250 ἡ
1663 214 1715 249 ὕλη
1744 220 1825 249 παρα-

212 269 238 295 in
266 269 316 295 hac
339 268 429 294 Samia
458 267 547 294 tabula
573 266 644 293 Juno
674 267 856 300 signiﬁcabat,
888 266 995 300 Jupiter

211 321 276 340 vero
290 313 384 340 Deum.
400 312 461 340 llaec
472 333 478 344 .
494 317 521 339 et
539 313 600 339 alia:
617 317 751 339 sexcenta:
774 312 876 339 similes
900 312 995 339 fabulae

212 359 238 386 in
267 366 349 386 causa
376 363 449 390 sunt,
467 366 516 385 cur
542 365 677 385 summum
707 358 786 385 deum
812 357 898 390 Jovis,
911 358 994 384 solem

210 404 356 439 Apollinis,
370 405 461 432 lunam
474 405 564 431 Diana:
579 405 688 431 nomine
705 404 841 440 appellare
867 404 993 431 nolimus.

213 451 266 478 Sed
291 459 386 486 puram
410 451 435 478 in
461 450 634 478 Conditorem
668 455 828 477 exercentes
857 450 994 484 pietatem,

211 497 395 532 praeclaraque
423 497 482 530 ejus
508 504 591 530 opera
621 496 762 523 laudantes
779 515 788 527 .
821 503 856 522 ne
888 495 996 523 nomine

210 542 321 576 quidem
341 549 384 568 res
396 542 502 568 divinas
515 541 744 568 eontaminamus.
765 541 822 574 Qua
849 542 874 568 in
894 549 923 568 re
936 540 997 567 Pla-

213 593 302 615 tonem
315 588 518 621 sequimur.qu
538 587 563 613 in
582 586 691 613 Philebo
702 587 865 621 voluptatem
886 587 911 614 in
933 587 997 614 deos

213 638 291 666 negat
318 639 378 659 esse
404 631 572 659 referendam
602 639 608 657 :
637 641 646 656 ι
683 631 740 658 Mea
765 631 836 658 enim
864 632 920 659 haec
945 636 995 665 est,

213 678 292 714 54],
324 677 421 712 inquit,
441 685 458 704 ο
484 678 640 710 Protarcho,
658 685 721 712 erga
750 677 858 704 nomina
885 677 996 704 deorum

216 723 380 751 reverentia.
401 733 409 748 ι
427 722 480 750 Nos
507 723 588 757 igitur
619 724 750 750 adversus
779 723 825 750 Dei
853 724 998 757 praeclaro-

215 776 327 803 rumque
341 768 399 802 ejus
411 776 523 803 operum
538 775 635 796 nomen
650 776 710 795 eam
734 769 894 796 adhibemus
920 776 996 796 reve-

215 813 339 846 rentiam,
355 819 384 840 ut
398 821 432 841 ne
448 814 622 849 tropologica:
636 815 744 848 quidem
758 815 998 848 interpretationis

213 865 343 894 prmtextn
363 861 540 888 admittamus
557 861 638 887 ullam
658 860 797 894 fabulam,
815 868 876 896 qua:
899 861 996 896 juven-

215 907 279 933 lutis
293 914 467 942 corrumpere
483 903 588 934 animos
605 906 700 941 possit.

248 1042 292 1069 49.
307 1041 381 1073 Quod
395 1042 417 1068 si
433 1042 540 1077 legisset
554 1047 660 1070 nostras
670 1050 748 1077 aequo
766 1042 857 1069 animo
873 1041 999 1076 Scriptu-

214 1095 268 1119 ras,
282 1095 334 1114 non
350 1087 462 1115 dixisset
477 1088 570 1122 utique
586 1099 594 1114 ι
614 1096 660 1115 eas
677 1095 730 1114 non
748 1095 826 1122 posse
844 1087 998 1122 allegorias»

213 1134 279 1168 pati.
298 1143 308 1159 ι
323 1133 415 1168 Neque
434 1134 505 1161 enim
520 1142 553 1160 ex
570 1134 681 1161 historia
699 1134 765 1168 ipsa,
779 1133 826 1161 sed
840 1141 871 1161 ex
888 1133 1000 1168 prophe-

214 1179 258 1205 tiis
283 1179 308 1205 in
331 1180 429 1213 quibus
455 1179 575 1206 historia:
594 1184 755 1210 narrantur,
777 1186 941 1213 cognoscere
959 1183 1000 1206 est

213 1232 275 1259 quae
291 1225 347 1252 sint
365 1225 484 1252 historire
499 1233 560 1260 qum
575 1233 607 1252 eo
627 1225 679 1252 fine
690 1225 797 1259 scripta
813 1229 876 1251 sunt
892 1229 920 1251 ut.
934 1224 1000 1251 alle-

213 1270 298 1303 goriis
311 1270 513 1304 explicarentur
530 1278 537 1297 :
553 1270 624 1305 quod
640 1270 840 1304 sapientissime
860 1269 998 1304 provisum

214 1321 266 1347 est,
285 1321 313 1342 ut
325 1320 351 1343 et
367 1316 481 1350 simplici
497 1316 614 1343 fidelium
631 1316 711 1350 vulgo
735 1320 763 1343 et
778 1316 811 1343 iis
826 1315 919 1350 paucis
932 1322 1000 1342 con-

214 1361 339 1389 venirent
353 1362 397 1396 qui
416 1362 552 1389 res'altius
566 1366 593 1389 et
609 1361 758 1395 prudenter
771 1361 888 1388 scrutari
901 1360 999 1388 vellent

215 1410 263 1432 aut
279 1411 397 1440 possent.
419 1407 458 1434 Ae
471 1407 586 1434 fortasse
607 1407 745 1442 probabile
760 1407 824 1441 quid
841 1406 936 1434 Celsus
957 1407 999 1433 di-

215 1457 278 1478 cere
294 1450 439 1482 videretur,
456 1452 478 1478 si
497 1451 655 1485 Scripturas
671 1451 810 1486 allegoriis
826 1451 999 1485 interpretari

215 1496 354 1523 inventum
367 1502 440 1524 esset
456 1505 550 1524 recens
560 1498 594 1524 ab
606 1498 639 1524 iis
650 1506 665 1526 e
676 1497 776 1525 Judzeis
786 1502 813 1525 et
824 1498 997 1530 Christianis,

217 1545 284 1572 quos
298 1538 392 1567 Celsus
408 1541 586 1568 modestiores
607 1546 703 1575 vocat,
726 1542 919 1576 excogitatum;
938 1550 997 1569 cum

217 1589 308 1611 autem
331 1585 356 1612 id
375 1585 488 1613 fecerint
509 1587 548 1614 vel
570 1588 621 1622 ipsi
649 1588 801 1623 dogmatum
824 1593 951 1623 parentes
973 1594 1001 1615 et

217 1630 453 1666 seriplores;qttid
470 1632 540 1659 aliud
565 1633 737 1668 cogitandum
761 1639 822 1666 est,
847 1642 928 1669 quam
954 1633 999 1660 illa

217 1675 303 1704 fuisse
317 1677 416 1712 scripta
435 1678 484 1710 sic,
500 1683 530 1705 ut
545 1686 638 1706 eorum
655 1680 790 1714 praecipua
806 1687 882 1706 mens
895 1680 921 1706 in
935 1679 1000 1706 alle-

217 1722 304 1759 gorlis
328 1723 522 1751 contineatur?
537 1725 625 1759 Atque
649 1729 678 1752 ut
705 1725 793 1760 palam
819 1725 866 1752 fiat
890 1725 1000 1754 Celsum

218 1773 326 1800 nostras
337 1769 496 1797 calumniari
515 1770 680 1804 Scripturas.
694 1779 755 1798 cum
768 1779 813 1799 eas
828 1773 866 1799 ait
876 1773 930 1807 pati
947 1780 999 1800 non

216 1819 296 1848 posse
311 1813 478 1849 allegoriam,
489 1822 575 1850 pauca
593 1823 608 1843 e
625 1816 715 1844 multis
730 1817 853 1852 exempla
878 1818 999 1854 seligant.

217 1857 263 1885 Sic
277 1858 377 1886 Paulus
389 1859 453 1888 Jcsu
470 1861 609 1895 apostolus
628 1871 635 1889 :
652 1871 661 1888 ε
679 1861 707 1889 1η
721 1862 779 1898 lege
794 1863 924 1898 scriptum
938 1868 999 1892 est:

218 1902 275 1930 Non
291 1898 416 1938 alligabis
428 1912 459 1932 os
475 1906 535 1933 bovi
556 1907 707 1934 lrituranti.
725 1906 851 1942 Nunquid
865 1908 899 1936 de
915 1908 1000 1937 bobus

218 1957 282 1976 cura
297 1955 338 1977 est
352 1950 465 1978 DeoYAn
481 1957 592 1986 propter
608 1961 655 1980 nos
671 1954 763 1988 utique
780 1954 832 1981 hoc
845 1954 923 1982 dicit?
934 1955 999 1982 Nam

216 2000 326 2028 propter
343 2003 392 2023 nos
409 1997 508 2031 scripta
525 2002 598 2031 sunt,
611 1998 823 2032 quoniamdebet
840 2000 865 2026 in
882 2007 939 2034 spe,
956 2001 1000 2035 qui

218 2045 287 2072 arat,
302 2049 390 2075 arare,
403 2047 432 2069 et
444 2043 489 2077 qni
504 2044 613 2071 triturat
628 2045 652 2072 in
671 2053 718 2079 spe
732 2045 838 2073 fructus
851 2047 1001 2080 percipien-

217 2087 244 2114 di
264 2087 297 2114 ³¹.
314 2097 323 2113 ι
340 2087 373 2114 Et
390 2088 443 2115 alio
461 2089 486 2115 in
503 2089 561 2117 loco
577 2099 584 2116 :
604 2100 612 2116 ι
633 2091 770 2126 Scriptum
785 2096 826 2119 est
838 2093 920 2125 enim,
937 2100 1000 2127 pro-

218 2138 278 2168 pter
292 2133 343 2160 hoc
357 2133 491 2168 relinquet
504 2135 585 2163 homo
602 2141 705 2171 patrem
720 2142 743 2165 et
761 2142 887 2171 matrem,
909 2139 1000 2168 etead-

219 2174 332 2205 bzerebit
347 2179 424 2206 uxori
441 2187 505 2210 sum,
523 2184 550 2208 et
564 2185 643 2208 erunt
661 2183 714 2209 duo
729 2183 754 2209 in
767 2190 849 2210 carne
863 2191 925 2210 una.
944 2183 1000 2218 lily-

1045 265 1176 301 δεξαμένη
1187 265 1242 300 ἔχει
1255 265 1283 290 ὲν
1303 265 1383 298 ἑαυτῇ
1399 264 1437 294 είς
1459 262 1664 296 κατακόσμησιν
1681 260 1737 286 τῶν
1755 259 1824 285 ὅλων.

1047 312 1115 347 ’Ύλη
1128 311 1182 347 γάρ
1206 312 1222 346 ὴ
1240 312 1268 336 ἐν
1296 312 1328 345 τῇ
1351 309 1422 336 κατά
1437 310 1486 344 τὴν
1499 309 1590 343 Σάμον
1607 307 1702 342 γραφῇ
1717 306 1734 340 ἡ
1750 305 1825 340 Ἦρα.

1046 358 1091 384 καὶ¹
1106 358 1120 383 ὁ
1133 357 1191 388 θεὺς
1203 358 1217 383 ὁ
1231 356 1307 387 Ζεύς.
1330 355 1384 381 Καὶ
1394 354 1438 380 διὰ
1453 353 1538 380 ταῦτα
1553 353 1586 387 δὴ
1604 353 1695 387 ἡμεῖς,
1720 351 1767 377 καὶ
1789 350 1826 376 διὰ

1045 403 1108 434 τοὺς
1132 402 1268 434 τοιούτους
1294 401 1393 436 μύθους
1429 401 1475 426 καὶ
1503 398 1600 429 ἄλλους
1628 397 1753 432 μυρίους,
1773 396 1828 422 οὐδὲ

1049 449 1143 484 μέχρις
1170 448 1299 482 ὀνόματος
1323 447 1435 481 θέλομεν
1459 446 1507 472 Δία
1533 444 1627 471 καλεῖν
1642 444 1688 470 τὸν
1701 444 1748 470 ἐπὶ
1766 444 1828 469 πᾶσι

1047 494 1116 526 θεὸν,
1134 493 1187 520 οὐδ’
1204 493 1358 519 Ἀπόλλωνα
1382 492 1428 518 τὸν
1443 492 1528 527 ἥλιον,
1553 490 1607 516 οὐδ’
1627 490 1761 524 Ἄρτεμιν
1784 488 1828 522 τὴν

1048 540 1170 576 σελήνην.
1195 539 1273 565 Ἀλλὰ
1290 537 1412 573 καθαρὰν
1425 537 1564 563 εὐσέϐειαν
1581 537 1621 567 είς
1634 536 1680 561 τὸν
1706 535 1828 569 δημιουρ-

1047 585 1094 619 γὸν
1109 584 1265 615 ἀσκοῦντες,
1289 585 1335 610 καὶ
1349 583 1383 609 τὰ
1399 582 1468 609 καλά
1484 581 1568 609 αὑτοῦ
1601 580 1828 616 δημιοδργήματι

1047 629 1241 664 εὐφημοῦντες,
1249 629 1308 655 οὐδὲ
1320 629 1399 664 μέχρι
1410 628 1540 662 ὀνόματος
1550 627 1698 662 χραίνομεν
1713 626 1749 652 τὰ
1766 625 1827 652 0:21-

1048 675 1237 711 ἀποδεχόμενοι
1251 675 1297 701 τοῦ
1312 675 1450 705 Πλάτωνος
1460 673 1505 700 τὸν
1517 674 1545 699 ὲν
1553 673 1672 705 Φιλήϐῳ
1679 672 1735 708 (81)
1747 672 1828 705 λόγον,

1050 721 1086 756 μὴ
1099 720 1273 755 βουληθέντος
1288 720 1338 754 τὴν
1349 719 1443 754 ἡδονὴν
1458 717 1658 753 παραδέξασθαι
1673 717 1735 744 θεὸν
1750 726 1757 732 ·
1779 727 1787 742 ι
1800 718 1831 742 Τὸ

1048 766 1102 802 γὰρ
1120 766 1194 801 ἐμὸν,
1220 766 1296 801 φησὶ,
1320 766 1388 797 δέος,
1403 762 1425 791 ὧ
1442 765 1601 801 Πρώταρχε,
1628 763 1693 798 περὶ
1714 763 1750 790 τὰ
1785 763 1831 788 τῶν

1049 813 1118 839 θεῶν
1132 813 1249 848 ὀνόματα
1274 812 1372 838 τοιόνδε
1399 812 1482 838 ἐστίν.
1499 821 1507 837 ι
1539 811 1634 846 Ἡμεῖς
1655 808 1703 837 οὖν
1732 810 1832 844 ἀληθῶς

1050 859 1147 895 ἔχομεν
1160 859 1218 891 δέος
1230 859 1293 894 περὶ
1309 859 1340 885 τὸ
1355 859 1440 894 ὄνομα
1458 858 1505 885 τοῦ
1522 857 1590 884 Θεοῦ
1605 857 1653 884 καὶ
1672 857 1728 883 τῶν
1751 857 1833 883 καλῶν

1050 905 1130 931 αὑτοῦ
1152 904 1408 940 δημιουργημὼτων,
1424 904 1461 935 ὡς
1479 904 1545 939 μηδὲ
1575 903 1711 937 προφάσει
1742 911 1833 938 τροπο-

1048 951 1140 985 λογίας
1181 950 1263 986 μῦθόν
1280 959 1340 977 τινα
1359 949 1559 986 παραδέξασθαι
1591 948 1637 975 ἐπὶ
1672 948 1762 984 βλάϐῃ
1788 948 1833 975 τῶν

1048 995 1125 1023 νέων.

1084 1042 1114 1068 El
1128 1041 1150 1068 δ’
1166 1042 1320 1073 ἀδεκάστως
1335 1041 1481 1075 ἀνεγνώκει
1496 1041 1543 1076 τὴν
1555 1040 1669 1076 Γραφὴν
1686 1041 1701 1066 ὁ
1725 1039 1834 1070 Κέλσος,

1048 1088 1097 1114 οὐκ
1111 1087 1143 1114 ἂν
1162 1086 1236 1114 εἶπεν
1259 1098 1268 1113 ι
1295 1088 1343 1123 οὐχ
1361 1085 1405 1114 οἷα
1422 1087 1587 1123 ἀλληγορίαν
1612 1086 1790 1121 ἐπιδέχεσθαι
1804 1084 1835 1111 εἷ-

1049 1142 1091 1159 ναι
1111 1143 1119 1158 ι
1134 1133 1168 1159 τὰ
1178 1134 1329 1169 γράμματα
1340 1134 1428 1168 ἡμῶν,
1446 1133 1512 1160 ’Λπδ
1524 1132 1578 1168 γὰρ
1588 1132 1642 1159 τῶν
1655 1132 1835 1168 προᾷητειιῖλν,

1049 1179 1077 1204 ἐν
1092 1176 1134 1209 ατς
1152 1178 1186 1204 τὰ
1200 1178 1253 1204 ἀπὸ
1267 1179 1315 1213 τῆς
1332 1178 1450 1213 ἱστορίας
1463 1178 1629 1213 γέγραπται,
1645 1177 1698 1203 οὐκ
1718 1177 1773 1202 ἀπὸ
1796 1177 1838 1211 τῆς

1051 1224 1170 1259 ἱστορίας
1183 1224 1241 1250 ἐστὶ
1259 1223 1445 1259 προσαχθῆναι
1456 1223 1512 1258 (82)
1524 1224 1570 1250 καὶ
1581 1224 1641 1254 ταῖς
1659 1222 1795 1257 ἱστορίαις
1807 1222 1838 1251 ὡς

1051 1269 1143 1304 σκοπῴ
1151 1269 1327 1304 τροπολογίας
1336 1269 1552 1304 γεγραμμέναις,
1563 1268 1609 1294 καὶ
1619 1267 1769 1302 σοφώτατα
1775 1267 1839 1292 οἱκο-

1049 1314 1233 1350 νομηθείσαις’
1247 1314 1302 1350 (83)
1317 1314 1522 1349 ὲστοχασμένως
1534 1313 1581 1340 τοῦ
1597 1322 1626 1340 τε
1647 1313 1773 1348 πλήθους
1794 1313 1839 1338 τῶν

1051 1360 1231 1396 ἁπλούστερον
1246 1360 1435 1391 πιστευόντων,
1447 1360 1492 1386 καὶ
1508 1359 1563 1385 τῶν
1576 1360 1676 1393 ὀλίγων
1693 1359 1766 1394 μετὰ
1785 1367 1839 1385 συν-

1050 1407 1133 1438 έσεως
1153 1406 1287 1438 ἐξετάζειν
1308 1406 1343 1432 τὰ
1357 1406 1506 1442 πράγματα
1525 1406 1698 1441 βουλομένων
1714 1406 1732 1440 ἦ
1748 1406 1796 1432 καὶ
1804 1405 1841 1431 ἂι-

1050 1452 1182 1487 ναμένων.
1197 1452 1251 1478 Καὶ
1272 1452 1296 1477 εί
1317 1452 1365 1486 μὲν
1385 1453 1408 1478 οἱ
1431 1452 1550 1487 σήμερον
1574 1451 1753 1486 νομιζόμενοι
1777 1451 1841 1476 uti

1050 1498 1153 1525 Κέλσον
1169 1498 1299 1529 ἐπιεικεῖς
1316 1497 1369 1523 ἀπὸ
1391 1497 1523 1523 Ἰουδαίων
1535 1497 1582 1523 καὶ
1599 1496 1778 1532 Χριστιανῶν
1802 1496 1842 1530 t1-

1050 1544 1182 1580 ληγόρουν
1198 1544 1231 1570 τὰ
1245 1543 1434 1578 γεγραμμένα,
1449 1543 1519 1578 τάχα
1535 1543 1568 1569 ἂν
1584 1542 1698 1569 πιθανόν
1716 1551 1743 1569 τι
1761 1542 1842 1575 λέγειν

1052 1589 1189 1615 ὑπενοεῖτο
1205 1591 1219 1615 ὁ
1242 1589 1363 1620 Κέλσος·
1384 1589 1445 1615 ἐπεὶ
1462 1588 1484 1615 δ’
1501 1589 1578 1614 αὐτοὶ
1601 1589 1626 1614 οί
1652 1588 1776 1623 πατέρες
1797 1588 1841 1613 τῶν

1051 1635 1193 1669 δογμάτων
1210 1635 1256 1661 καὶ
1273 1636 1440 1669 συγγραφεῖς
1454 1635 1488 1661 τὰ
1505 1633 1617 1660 τοιαῦτα
1637 1633 1841 1669 τροπολογοῦςε.

1051 1681 1077 1707 τί
1091 1681 1164 1707 ἐστιν
1180 1681 1243 1708 ἄλλο
1257 1681 1416 1715 ὑπονοῆσαι,
1437 1681 1454 1715 ἢ
1471 1681 1511 1706 ὃτι
1531 1680 1619 1711 οὕτως
1632 1679 1744 1715 ἐγράφη
1755 1699 1762 1711 ,
1781 1680 1843 1705 dum

1051 1726 1272 1761 τροπολογεῖσθαι
1295 1726 1365 1752 αὐτὰ
1389 1726 1457 1753 κατὰ
1478 1726 1523 1752 τὸν
1545 1725 1758 1761 προηγούμενον
1777 1725 1842 1753 v05»;

1058 1773 1149 1807 Ὀλίγα
1164 1773 1256 1806 δ’,ἀπὸ
1275 1772 1345 1799 πάνυ
1363 1772 1466 1799 πολλῶν
1490 1771 1712 1807 παρᾳθησόμεθα
1728 1771 1799 1807 πρὸς
1821 1772 1842 1796 τὲ

1051 1819 1145 1851 δεῖξαι,
1161 1819 1201 1845 ὅτι
1218 1818 1305 1854 μάτην
1323 1819 1484 1853 συκοφαντεῖ
1500 1818 1564 1849 τοὺς
1579 1817 1678 1851 λόγους
1702 1819 1718 1844 ὁ
1736 1818 1842 1847 Κέλσῳ,

1051 1865 1088 1897 ὡς
1106 1865 1154 1900 οὐχ
1168 1865 1240 1896 οἴους
1255 1873 1284 1891 τε
1297 1864 1468 1897 ἐπιδέξασθαι
1492 1864 1669 1899 ἁλληγορίαν.
1694 1864 1767 1899 Φησὶ
1791 1863 1819 1897 δὴ
1833 1864 1843 1888 ὁ

1051 1910 1098 1937 τοῦ
1120 1909 1206 1945 Ἰησοῦ
1219 1910 1366 1941 ἀπόστολος
1376 1909 1496 1942 Παῦλος·
1509 1918 1520 1936 ι
1532 1911 1574 1936 Ἐν
1590 1909 1628 1945 τῷ
1647 1909 1726 1944 νόμῳ
1748 1909 1842 1944 γέγρα-

1053 1965 1127 1982 πται·
1144 1957 1181 1983 Οὐ
1197 1956 1328 1991 φιμώσεις
1343 1955 1406 1990 βοῦν
1422 1955 1551 1982 ἀλοῶντα·
1565 1956 1611 1990 Μὴ
1621 1955 1677 1981 τῶν
1694 1955 1767 1990 βοῶν
1777 1955 1842 1990 μῇει

1052 2001 1089 2036 τῷ
1094 2001 1162 2036 Θεῷ;
1168 2001 1202 2028 Ἦ
1214 2002 1246 2029 δι’
1257 2002 1330 2037 ἡμᾶς
1337 2000 1443 2032 πάντως
1449 2000 1532 2034 λέγεις
1540 2001 1578 2027 Δι’
1585 2001 1659 2035 ἡμεῖς
1665 2001 1722 2036 γὰρ
1731 2002 1842 2036 ἐγράφη.

1051 2049 1091 2074 ὅτι
1116 2048 1215 2082 ὀφείλει
1239 2048 1281 2075 ἐπ’
1300 2046 1386 2074 ἑλπίδι
1403 2047 1416 2073 ὁ
1431 2047 1564 2082 ἀροτριῶν
1581 2048 1716 2082 ἀροτριᾷν
1729 2056 1736 2063 ·
1766 2049 1811 2074 καὶ
1834 2048 1843 2072 ἐ

1051 2094 1138 2120 ἀλοῶν
1153 2094 1240 2120 ἑλπίδι
1259 2093 1313 2128 (84)
1325 2092 1372 2119 τοῦ
1388 2093 1521 2129 μετέχειν.
1538 2102 1546 2116 ι
1562 2092 1617 2119 Καὶ
1631 2092 1757 2127 ἀλλαχοῦ
1772 2101 1843 2128 φησιν

1050 2141 1065 2167 ὸ
1081 2140 1171 2171 αὑτός·
1193 2148 1202 2164 ι
1219 2140 1374 2175 Γέγραπται
1391 2139 1456 2174 γεὶιρ⁷
1473 2139 1514 2165 ὅτι
1530 2139 1623 2165 ἕνεκεν
1646 2138 1747 2165 τούτου
1770 2147 1844 2165 κατι-

1053 2185 1139 2220 λείῲει
1155 2185 1298 2220 ἄνθρωπος
1312 2185 1356 2211 τδν
1372 2185 1488 2220 πατέρα,
1511 2184 1558 2210 καὶ
1581 2184 1630 2219 τὴν
1651 2185 1762 2220 μητέρα
1774 2205 1782 2215 ,
1806 2185 1843 2209 καὶ

219 2224 333 2251 sterium
351 2224 401 2252 hoc
420 2232 546 2260 magnum
563 2232 615 2259 estI
633 2234 684 2262 ego
699 2232 788 2254 autem
807 2227 867 2255 dico
881 2228 907 2254 in
924 2228 998 2256 Chri-

1054 2231 1321 2266 προσκολληθήσεται
1336 2230 1403 2266 πρὸς
1417 2230 1465 2266 τὴν
1477 2232 1593 2264 γυναῖκα
1607 2230 1704 2262 αὐτοῦ,
1720 2231 1769 2257 καὶ
1780 2231 1843 2256 ἔσον-

220 2276 261 2298 sto
275 2276 302 2298 cl.
316 2272 342 2298 in
358 2272 477 2299 Ecclesia
491 2274 524 2301 ".
546 2282 555 2299 ι
574 2274 605 2300 Et
624 2273 689 2300 alibi
709 2284 715 2301 :
733 2283 742 2299 t
767 2273 898 2302 Novimus
912 2279 1000 2302 autem

219 2317 347 2352 quoniam
365 2323 457 2352 patres
471 2319 554 2346 nostri
567 2327 660 2347 omnes
676 2320 726 2347 sub
751 2319 820 2347 nube
835 2319 954 2351 fuerunt.
975 2325 1002 2347 et

219 2371 313 2392 omnes
329 2372 403 2392 mare
419 2366 596 2397 transierunt,
611 2370 637 2393 et
652 2373 747 2392 omnes
761 2366 788 2392 in
808 2365 901 2401 Moyse
915 2367 1002 2401 bapti-

219 2410 273 2437 ιθιί
291 2415 354 2437 sunt
375 2410 401 2437 in
421 2411 492 2437 nube
507 2411 575 2437 etin
593 2410 660 2437 mari
672 2410 704 2437 ’³.
726 2419 735 2436 ι
753 2411 853 2438 Deinde
868 2411 1002 2445 interpre-

220 2461 281 2483 tans
298 2457 427 2484 historias
439 2457 473 2483 de
486 2464 584 2483 manna
603 2456 676 2483 etde
690 2464 771 2491 aqua,
796 2465 857 2492 quae
871 2466 903 2484 ex
928 2463 1002 2491 petra

219 2503 335 2531 mirifice
350 2502 509 2537 proﬂuxisse
525 2503 656 2529 scribitur
676 2513 681 2530 :
701 2512 710 2528 t
733 2503 765 2529 Et
782 2511 886 2537 omnes,
904 2504 1001 2538 inquit,

218 2549 340 2575 eamdem
353 2556 442 2576 escam
457 2548 606 2582 spiritalem
621 2549 896 2580 manducaverunt.el
907 2557 1002 2576 omnes

217 2596 341 2623 eumdem
358 2599 449 2629 polttm
462 2595 610 2628 spiritalem
633 2594 769 2622 biberunt.
784 2595 917 2622 Bibebant
929 2596 1000 2622 enim

218 2643 252 2669 de
279 2641 394 2676 spiritali
417 2645 599 2675 consequente
622 2649 670 2668 cos
690 2647 786 2675 petra;
815 2646 891 2675 petra
910 2646 1001 2670 autem

254 2713 275 2729 “
294 2711 302 2739 I
317 2712 381 2739 Cor.
402 2720 441 2744 ιχ,
457 2713 483 2743 9,
498 2712 540 2739 f0.
579 2713 601 2728 "
618 2713 715 2747 Epites.
732 2721 756 2744 ν,
773 2713 817 2742 51,
833 2713 876 2740 52.

221 2778 377 2837 1Ν(Ξι)2ξν
397 2779 524 2812 Φιλήϐῳ.
547 2781 613 2808 Vide
639 2780 825 2807 adnotationcs
850 2775 882 2807 ad
914 2781 949 2807 lib
981 2789 1001 2813 ι,

258 2846 313 2886 (82‘)
331 2846 405 2887 Ιίιιιιι.
424 2848 487 2887 editi
503 2849 529 2875 in
547 2849 676 2884 margine,
690 2851 738 2885 οὐχ
750 2850 786 2881 ὡς
801 2850 855 2877 ἀπὸ
868 2851 916 2887 τῆς
934 2852 1004 2877 ἱστο-

223 2879 282 2914 ρίας
298 2887 355 2906 ἐστι
368 2882 528 2914 πραχθηναι.

252 2887 282 2912 »ις
298 2887 355 2906 εστι
368 2887 528 2917 πραχθηναι.

1055 2286 1098 2303 ται
1113 2278 1136 2303 οἱ
1151 2276 1198 2303 δύο
1213 2278 1252 2307 εἰς
1267 2276 1355 2312 σάρκα
1372 2276 1444 2311 μίαν.
1462 2276 1498 2302 Τὸ
1517 2277 1668 2311 μυστήριον
1682 2277 1766 2302 τοῦτο
1782 2277 1842 2311 μέτε

1056 2324 1138 2350 ἐστίν·
1153 2323 1208 2357 ἐγὼ
1225 2323 1254 2349 δὲ
1270 2322 1340 2356 λέγω
1356 2323 1395 2354 είς
1409 2322 1527 2356 Χριστὸν
1542 2322 1589 2348 καὶ
1613 2323 1654 2354 είς
1670 2322 1722 2358 τὴν
1742 2323 1844 2354 Ἐκκλη-

1057 2369 1127 2396 σίαν.
1150 2379 1158 2393 ι
1178 2369 1232 2396 Καὶ
1251 2369 1331 2395 πάλιν
1347 2368 1375 2394 ὲν
1390 2367 1460 2402 ἄλλῳ
1472 2368 1555 2402 τόπῳε
1576 2378 1584 2393 t
1613 2368 1729 2403 οἴδαμεν
1743 2368 1773 2394 δὲ
1785 2388 1793 2398 ,
1809 2367 1843 2393 In.

1056 2416 1080 2441 οί
1098 2414 1215 2449 πατέρες
1233 2414 1313 2449 ἡμῶν
1328 2413 1427 2445 πάντες
1441 2413 1493 2439 ὑπὸ
1507 2413 1556 2448 τὴν
1571 2413 1690 2448 νεφέλην
1707 2412 1790 2449 ἦσαν,
1807 2414 1843 2438 καὶ

1057 2461 1157 2492 πάντες
1171 2460 1216 2486 διὰ
1231 2460 1280 2494 τῆς
1295 2459 1432 2494 θαλάσσης
1445 2458 1563 2494 διῆλθον,
1575 2459 1625 2485 καὶ
1637 2460 1741 2491 πάντες
1753 2461 1794 2491 εἰς
1806 2460 1843 2484 τίἰ

1056 2506 1174 2541 Μωῦσῆν
1189 2505 1379 2536 ἐϐαπτίσαντο,
1397 2506 1426 2531 ἐν
1451 2505 1483 2539 τῇ
1498 2504 1597 2540 νεφέλῃ
1623 2506 1672 2532 καὶ
1698 2506 1729 2532 ἐν
1750 2507 1784 2540 τῇ
1803 2505 1841 2530 6:-

1056 2551 1153 2588 λάσσῃ.
1175 2561 1184 2576 ι
1199 2549 1255 2577 Εἶθ’
1272 2550 1430 2586 ἑρμηνεύων
1444 2550 1493 2585 τὴν
1510 2550 1575 2585 περὶ
1596 2549 1645 2576 τοῦ
1674 2551 1764 2585 μάννα
1783 2551 1843 2575 ἱστο-

1057 2597 1127 2632 ρίαν,
1143 2597 1191 2623 καὶ
1203 2596 1252 2632 τὴν
1272 2596 1335 2631 περὶ
1351 2595 1397 2622 τοῦ
1413 2595 1508 2626 ὓδατος
1523 2596 1556 2622 ὲκ
1572 2595 1680 2631 πέτρας
1696 2595 1842 2631 ἐξεληλυῧὲ-

1057 2651 1099 2669 ναι
1130 2642 1375 2677 ἀναγεγραμμένου
1406 2641 1583 2676 παραδόξως,
1610 2642 1728 2669 τοιαῦτα
1757 2642 1841 2676 λέγει’

918 2713 939 2728 ’³
953 2713 961 2742 ι
973 2713 1034 2742 Cor.
1050 2722 1078 2745 χ,
1094 2715 1117 2742 1.

1094 2782 1149 2817 (83)
1169 2781 1338 2809 lltnscbelins
1355 2781 1380 2808 in
1401 2785 1485 2811 textu,
1499 2782 1726 2817 οἱκονομηθῆναι.

1094 2815 1150 2849 (Si)
1172 2817 1300 2851 angatns
1310 2817 1431 2849 Apostoli
1448 2821 1548 2846 textus.
1563 2818 1610 2843 καὶ
1624 2818 1638 2843 ὁ
1652 2815 1739 2844 ἀλοῶν
1750 2817 1795 2851 τῆς
1806 2815 1840 2841 ζ).-

1059 2853 1131 2883 πίῦος
1146 2852 1227 2879 αὑτοῦ
1246 2851 1378 2886 μετέχειν,
1394 2851 1435 2877 ίπ”
1450 2851 1547 2877 ἐλπίδι.
