1908 3099
125 170 198 200 Hi7

715 169 854 197 CONTRA
874 169 1010 197 CELSUM
1028 169 1091 196 LIB.
1113 169 1156 196 IV.

1685 168 1752 196 ‘lllS

124 232 183 267 ἄρα
202 241 210 256 ι
237 231 265 258 '0
284 231 332 266 μὲν
344 230 410 262 Θεὸς
424 230 498 257 οὐδὲν
516 229 610 264 θνητὸν
628 229 764 265 ἐποίησεν,
782 230 849 256 ἀλλὰ
868 230 907 264 μό-

968 229 1118 257 habentur:
1134 239 1142 255 ι
1162 229 1244 256 Deum
1258 229 1324 255 ttiltil
1339 230 1454 257 mortale
1472 230 1580 263 fecisse,
1595 230 1653 265 ejus
1668 238 1749 265 opera

124 287 162 304 να
172 277 206 304 τὰ
225 277 356 308 ἀθάνατα,
377 276 411 302 τὰ
426 276 454 301 δὲ
470 275 555 309 θνητὰ
571 274 657 302 ἄλλων
671 275 743 301 ἐστὶν
769 275 837 310 ἔργα
861 275 897 307 (2)
909 283 915 289 ·

124 322 261 357 καὶψυχὴ
280 322 329 357 μὲν
346 321 413 348 Θεοῦ
430 321 519 357 ἔργον,
537 321 661 356 σώματος
683 320 712 347 δὲ
737 320 801 355 ἄλλη
819 320 914 354 gadet;-

123 369 174 395 καὶ
191 368 266 395 οὐδὲν
281 368 375 394 διοίσει
398 367 476 403 σῶμα
499 366 640 402 ἀνθρώπου
658 365 781 402 σώματος
796 367 917 401 νυκτερι-

122 415 211 450 δος,ἢ
229 415 319 449 εὺλῆς,
338 414 353 449 ἢ
372 414 523 449 βατράχου·
544 413 593 448 ὖλη
611 412 664 448 γὰρ
688 414 704 448 ἡ
729 413 807 448 αὑτὴ,
822 413 868 439 καὶ
887 413 917 438 τὸ

123 460 244 494 φθαρτὸν
258 459 347 485 αὐτῶν
364 459 454 494 ὅμοιον
464 467 470 473 ·
499 468 508 483 ι
524 458 600 493 φέρε,
614 458 660 483 καὶ
680 457 743 490 περὶ
759 457 860 483 τούτων
873 457 916 483 ἐπ’

122 505 215 539 ὀλίγον
229 503 571 538 διαλάϐωμεν,ὲλὲγχοντες
581 503 625 529 τὸν
636 503 694 538 ἤτοι
708 503 744 538 μὴ
759 502 917 537 προσποιού-

126 560 208 586 μενον
225 551 273 586 τὴν
285 549 382 576 ἑαυτοῦ
402 549 586 584 Ἐπικούρειον
599 548 720 583 γνώμην,
735 548 751 583 ἢ
766 548 813 583 (ὡς
827 548 860 575 ἂν
879 549 916 574 sl-

123 605 173 623 ποι
188 596 220 623 ἄν
233 597 285 628 τις)
297 595 408 630 ὕστερον
426 594 607 630 μεταθέμενον
623 594 667 620 ἐπὶ
675 593 709 620 τὰ
723 594 828 629 βελτίω,
840 593 856 629 ἢ
869 595 916 621 καὶ

124 640 175 671 (ὡς
188 639 220 666 ἂν
233 639 324 673 ἔτερος
343 639 414 673 λέγοι
429 640 437 673 )
453 639 498 665 τὸν
518 638 656 673 ὁμώνυμον
670 638 709 673 τῷ
729 638 913 674 Ἐπικουρείῳ.

122 685 246 712 Τοιαῦτα
259 685 313 720 γὰρ
330 685 411 720 ἐχρῆν
426 685 505 711 αὑτὸν
521 685 745 719 ἀποφαινόμενον,
778 684 824 711 καὶ
838 685 915 710 ἐναν-

122 730 171 756 τία
183 729 271 763 λέγειν
286 730 315 755 οὺ
340 729 419 764 μόνον
442 730 507 763 ἡμῖν
525 728 700 763 προθέμενον,
715 728 781 754 ἀλλὰ
796 729 842 755 καὶ
865 730 914 755 οὐκ

122 775 233 808 ἀγεννεῖ
256 773 408 807 φιλοσόφων
434 773 537 807 αἱρέσει
559 772 612 798 τῶν
638 772 691 798 ἀπὸ
714 773 758 799 τοῦ
783 773 914 805 Κιττιέως

122 820 248 855 Ζήνωνος
272 818 320 853 (ὅ),
344 818 555 850 κατασκευάσαι,
577 818 616 844 ὅτι
638 817 672 844 τὰ
692 818 745 844 τῶν
766 818 841 850 ζώων
863 818 914 844 σώ-

123 872 198 899 ματα
214 864 263 890 οὑκ
278 863 350 890 ἐστιν
374 863 442 898 ἔργα
461 862 508 889 τοῦ
531 863 609 895 Θεοῦ,
626 863 672 890 καὶ
696 863 736 890 ὅτι
755 865 771 898 ἡ
795 864 910 899 τοσαύτη

122 910 190 945 περὶ
205 909 273 936 αὐτὰ
285 909 365 945 τέχνη
387 910 437 935 οὐκ
460 909 513 935 ἀπὸ
535 908 581 935 τοῦ
607 909 714 944 πρώτου
727 909 838 944 ἐλήλυθε
853 910 909 936 νοῦ.

123 955 200 981 Ἔδει
214 955 236 981 δ’
250 955 329 981 αὑτὸν
346 955 391 981 καὶ
407 955 470 990 περὶ
485 955 539 980 τῶν
552 954 693 987 τοσούτων,
713 956 759 981 καὶ
770 956 814 981 ὑπ’
829 956 910 982 evan--

122 1000 262 1035 αρχούσης
290 1000 326 1036 (4)
364 1001 534 1034 (lupam-tinea
580 999 686 1034 φύσεως
719 1001 908 1035 διοικουμένων

123 1046 306 1072 παντοδαπῶν
322 1046 423 1081 φυτῶν,
438 1046 484 1072 καὶ
501 1045 568 1081 πρὸς
589 1046 682 1081 χρείαν
700 1046 847 1080 γεγονότων
860 1047 908 1072 ούκ

120 1091 359 1126 εὐκαταφρόνητον
383 1092 411 1116 ἐν
441 1090 479 1126 τῷ
503 1092 584 1117 παντὶ
605 1091 764 1126 ἀνθρώπων,
788 1092 834 1118 καὶ
856 1091 910 1118 τῶν

119 1137 276 1171 ἀνθρώποις
301 1137 514 1172 διακονουμένων
538 1137 624 1169 ζώων,
644 1137 718 1168 ὅπως
744 1138 808 1163 ποτὲ
825 1137 911 1169 ἄλλως

119 1181 218 1214 ὄντων,
237 1182 273 1218 μὴ
288 1181 477 1217 ἀποφήνασοαι
494 1182 582 1217 μόνον,
600 1181 668 1208 ἀλλὰ
683 1182 729 1208 καὶ
741 1182 854 1215 διδάξαι,
870 1183 910 1209 ὅτι

120 1226 161 1262 μὴ
181 1227 283 1258 τέλειός
297 1236 339 1258 τις
353 1226 414 1259 νοῦς
427 1227 475 1258 τὰς
493 1226 625 1258 τοσαύτας
643 1228 783 1262 ἐνεποίησε
800 1228 910 1263 ποιότη-

117 1280 172 1303 τας
185 1273 217 1307 τῇ
238 1271 288 1308 ’ὐλῃ
301 1271 356 1297 τῶν
376 1271 466 1306 φυτῶν
482 1271 529 1307 (5).
555 1272 586 1297 Εἰ
609 1271 630 1297 δ’
644 1271 715 1304 ἅπαξ
730 1270 807 1302 θεοὺς
821 1273 908 1298 ἐποίει

117 1316 303 1351 δημιουργοὺς
331 1316 437 1342 πάντων
467 1316 614 1351 σωμάτων,
642 1316 679 1348 ὼς
703 1316 786 1352 μόνης
815 1317 905 1352 ψυχῆς

119 1361 204 1397 ἔργον
226 1362 309 1397 οὔσης
325 1362 391 1388 Θεοῦ
402 1371 408 1377 ·
433 1363 490 1395 πῶς
513 1363 573 1397 οὐχὶ
589 1363 650 1398 ἑξῆς
664 1361 697 1399 ἦν
714 1364 752 1398 τῷ
771 1363 907 1399 μερίζοντι

118 1408 156 1434 τὰ
186 1407 302 1434 τοσαῦτα
325 1407 567 1443 δημιουργήματα,
595 1408 641 1435 καὶ
666 1409 772 1440 πολλοῖς
800 1409 907 1442 διδόντι,

121 1454 195 1490 μετά
206 1463 277 1486 τινος
293 1454 494 1481 κατασκευάσαι
509 1454 558 1481 οὐκ
580 1455 815 1490 εὐκαταφρονήτου
829 1455 907 1490 λόγου

118 1499 191 1527 θεῶν
205 1499 344 1535 διαφορὰς,
359 1500 442 1526 τῶνδε
457 1500 506 1536 μὲν
525 1500 679 1534 ἀνθρώπεια
693 1500 909 1532 κατασκευαζόν-

968 280 1099 310 quoiquoi
1115 279 1178 302 sunt
1194 282 1254 302 esse
1277 275 1450 310 immortalia,
1470 277 1503 303 ab
1521 277 1563 303 his
1577 281 1666 303 atttetn
1681 277 1751 305 facta

968 328 1028 348 esse
1053 328 1113 355 quae
1139 320 1268 347 mortalia
1291 326 1369 353 sunt;
1388 322 1504 348 animam
1522 329 1589 356 optts
1610 329 1670 349 esse
1691 323 1748 355 Dei,

967 367 1091 399 corporis
1114 373 1180 393 vero
1205 365 1285 392 aliam
1302 373 1361 392 esse
1377 371 1514 398 naturam,
1538 371 1565 393 et
1585 375 1681 402 corpus
1703 367 1748 393 lto-

968 411 1049 438 minis
1071 411 1137 437 nihil
1154 419 1168 438 a
1186 410 1398 444 vespertilionis,
1415 415 1461 437 ant
1484 412 1592 443 vermis,
1609 417 1655 438 ant
1676 419 1749 439 rana:

966 465 1081 491 corpore
1098 458 1263 491 discrepare,
1280 458 1378 492 quippe
1394 458 1535 492 utriusque
1550 458 1671 485 eamdem
1687 465 1749 484 esse

966 504 1126 536 malcriatn,
1152 503 1223 529 idetn
1247 504 1272 530 in
1302 509 1418 538 utroque
1443 503 1624 537 corruptionis
1647 503 1748 537 princi-

965 549 1038 583 pium
1050 569 1057 581 ,
1079 558 1087 574 ι
1108 556 1156 583 age
1175 549 1246 575 etde
1261 549 1304 576 his
1320 549 1455 583 paulisper
1467 548 1643 580 disseramus,
1657 554 1747 575 osten-

965 593 1059 620 dentes
1084 600 1144 620 eum
1160 593 1199 619 rel
1218 593 1324 627 Epicuri
1348 593 1477 619 asseclam
1494 600 1553 619 esse
1569 600 1597 619 se
1620 593 1744 619 dissimu-

966 639 1039 670 lare;
1064 643 1120 669 aut,
1146 639 1216 672 qttod
1250 639 1348 672 aliquis
1368 639 1474 671 dixerit,
1501 638 1606 664 saniora
1623 638 1745 672 dogmata

964 684 1120 718 amplexum
1147 691 1227 715 esse,
1252 689 1297 710 aut
1323 684 1413 715 illum,
1444 684 1514 717 quod
1543 684 1611 711 alius
1635 684 1744 716 dixerit,

965 730 1047 762 idem,
1066 734 1147 764 atque
1163 729 1232 755 alter
1242 729 1337 756 Celsus
1351 729 1509 762 Epicureus,
1525 736 1621 756 nomen
1636 729 1743 756 habere.

963 776 1029 804 Cum
1047 776 1118 802 enim
1136 776 1193 802 hzcc
1207 775 1343 810 proferre,
1360 780 1388 802 et
1407 782 1458 801 non
1483 775 1570 802 solum
1594 775 1682 806 nobis,
1698 775 1744 801 sed

963 822 1045 848 etiatn
1060 821 1203 849 Citticnsis
1227 821 1344 848 Zenonis
1360 825 1440 847 secta:
1465 828 1517 847 tton
1543 821 1650 848 obscuri
1675 822 1746 848 inter

964 867 1140 901 philosophos
1153 867 1270 894 nominis
1285 866 1475 893 contradicere
1488 866 1539 893 sibi
1551 867 1743 901 proposuisset,

963 913 1104 946 oportebat
1126 917 1155 940 ut
1178 914 1345 946 argumentis
1364 914 1491 948 probaret
1516 912 1597 949 546
1620 913 1744 940 animan-

964 957 1028 983 tium
1045 965 1160 992 corpora
1176 958 1221 984 Dei
1239 966 1292 985 non
1309 966 1369 986 esse
1384 966 1475 992 opera,
1493 967 1541 986 nec
1557 964 1609 986 tattt
1631 960 1743 993 praecla-

963 1011 1022 1030 rttm
1046 1004 1071 1030 itt
1097 1004 1149 1031 illis
1175 1005 1322 1032 condendis
1347 1005 1492 1032 artiﬁcium
1515 1005 1599 1032 fuisse
1621 1013 1634 1031 a
1658 1005 1742 1039 pritna

963 1049 1139 1083 intelligentia
1156 1050 1314 1084 profectum.
1331 1052 1367 1078 De
1384 1051 1437 1078 illis
1458 1051 1538 1077 etiam
1556 1056 1597 1078 tot
1612 1056 1639 1078 et
1655 1052 1743 1079 omnis

960 1096 1067 1129 generis
1094 1096 1224 1129 stirpibus
1243 1105 1302 1130 qum
1326 1097 1360 1124 ab
1389 1097 1656 1131 ittcompreltettsibili
1683 1106 1743 1133 qua:

960 1141 1025 1175 ipsis
1041 1140 1108 1168 inest
1125 1147 1219 1167 natura
1235 1143 1432 1176 gubernantur,
1446 1148 1473 1170 et
1488 1144 1520 1170 ad
1536 1144 1673 1170 hominum
1691 1152 1742 1171 neti

959 1185 1091 1212 modicam
1110 1186 1253 1213 utilitatem
1269 1193 1368 1215 creata:
1384 1194 1456 1221 sntti,
1472 1193 1499 1215 et
1511 1189 1543 1215 de
1560 1189 1742 1218 animantibus

958 1238 1017 1265 qua:
1035 1231 1189 1259 hominibus
1206 1233 1371 1266 ministrant,
1385 1242 1546 1268 quaeiinqtte
1563 1234 1669 1261 tandem
1690 1234 1740 1260 alia

960 1277 1064 1304 ratione
1086 1277 1165 1304 editae
1180 1278 1289 1310 fuerint,
1306 1287 1358 1306 non
1387 1280 1474 1307 solum
1495 1281 1670 1314 pronuntiare
1693 1281 1741 1307 de-

959 1322 1026 1353 buit,
1048 1323 1095 1349 sed
1114 1329 1242 1356 prretcrea
1260 1325 1358 1352 docere
1383 1333 1435 1353 non
1462 1326 1561 1353 inditas
1582 1333 1596 1352 a
1622 1327 1741 1359 perfecta

958 1367 1074 1400 quadam
1091 1368 1270 1402 intelligentia
1285 1369 1368 1396 fuisse
1383 1370 1503 1396 materia:
1519 1375 1559 1397 tot
1574 1371 1663 1397 varias
1675 1378 1742 1404 qna-

959 1411 1061 1439 litates.
1078 1413 1144 1439 Item
1168 1418 1310 1448 postquam
1327 1422 1440 1449 corpora
1463 1416 1553 1442 omnia
1578 1423 1593 1442 a
1607 1416 1658 1443 diis
1673 1416 1742 1450 infe-

959 1456 1072 1483 rioribus
1096 1456 1224 1485 fabricari
1247 1459 1384 1493 Deumque
1404 1459 1489 1487 solius
1504 1460 1600 1487 anima:
1616 1459 1740 1494 opificem

958 1508 1018 1529 esse
1036 1501 1117 1534 fecit;
1134 1510 1222 1529 annon
1245 1508 1457 1531 consentaneum
1473 1504 1533 1535 fuit,
1558 1509 1586 1531 ut
1604 1505 1648 1539 qui
1672 1505 1743 1531 inter

117 1554 177 1572 των
195 1545 315 1581 σώματα,
337 1545 437 1581 ἐτέρων
460 1546 488 1573 δὲ
511 1546 582 1580 (φέρ’
596 1546 705 1581 εἰπεῖν,)
726 1546 836 1581 κτήνεια
858 1546 906 1582 (6),

964 1547 1059 1574 multos
1084 1550 1155 1574 tanta
1180 1555 1261 1581 opera
1285 1548 1399 1582 partitus
1420 1554 1490 1581 erat,
1507 1549 1530 1577 is
1548 1549 1612 1577 illud
1629 1550 1741 1577 deorum

118 1641 266 1665 moventur
294 1636 435 1671 palamque
457 1637 647 1668 ostenduntur,
668 1642 693 1664 el
718 1638 762 1671 qui
791 1642 904 1665 eatenus

118 1673 199 1699 itobis
224 1671 411 1702 declarantur,
442 1676 577 1706 quatenus
601 1672 650 1705 ipsi
681 1672 790 1704 volunt,
818 1674 902 1699 creati

117 1712 194 1738 sunt,
211 1711 265 1732 tum
275 1706 307 1733 ad
322 1706 380 1733 illos
396 1706 467 1733 Detts
477 1707 498 1733 is
512 1707 556 1740 qui
573 1707 665 1733 omnia
683 1707 786 1740 genuit,
803 1706 878 1733 fatur
894 1716 901 1733 :

118 1742 179 1768 hinc
190 1749 247 1772 vos,
261 1741 305 1774 qtti
321 1741 431 1775 deorum
447 1745 505 1767 satu
522 1741 574 1767 arti
590 1741 669 1772 estis,
684 1746 738 1769 etc.
758 1751 766 1767 I
781 1742 813 1768 Et
825 1742 904 1775 paulo

119 1781 206 1810 post:
230 1773 286 1811 Νῦν
308 1773 361 1811 οὖν,
375 1776 389 1801 ὃ
413 1776 576 1811 λέγωλπρὸς
602 1776 674 1810 ὑμᾶς
691 1773 903 1810 ἐνδεικνύμενος,

119 1809 232 1846 μριθετε.
248 1810 337 1845 Θνητὰ
351 1810 389 1836 ἔτι
405 1810 470 1846 γένη
496 1809 576 1846 λοιπὰ
592 1809 655 1846 τρια
672 1809 906 1846 γενητά.-Τούτῳν

117 1844 167 1872 οὖν
185 1846 221 1880 μὴ
249 1844 409 1881 γενομένων,
431 1844 542 1881 cupavo;
560 1844 659 1881 dte“);
685 1845 774 1881 ἔσται·
801 1846 834 1872 τὰ
854 1845 907 1881 γὰρ

117 1878 229 1907 ἅπαντα
239 1881 267 1906 ἐν
284 1878 434 1915 αὖτῷνγένῃ
450 1878 526 1910 ζώων
540 1880 588 1915 οὐχ
605 1878 676 1912 ἕξει·
694 1880 734 1915 δεῖ
747 1880 785 1912 δὲ,
801 1881 825 1906 εἰ
841 1878 906 1915 μέλὶ

116 1916 161 1942 λει
175 1915 275 1946 τέλειος
291 1912 389 1945 ἱκανῶζ
399 1912 476 1940 εἶναι.
489 1915 526 1950 At’
539 1912 605 1949 ἐμοῦ
625 1915 653 1950 δὲ
667 1914 751 1950 ταῦτα
763 1912 905 1950 γενόμενα,

118 1951 168 1977 καὶ
196 1950 252 1983 βίου
281 1949 464 1983 μετασχόντα,
489 1948 560 1980 θεοῖς
588 1949 697 1981 ἰσάζοιτ⁷
721 1949 762 1983 ᾄν.
793 1948 840 1976 Ἰν*
861 1948 907 1976 οὖν

118 1957 168 1977 και
214 1957 252 1976 ιου
301 1957 464 1983 ετασχοντα,
489 1957 559 1980 υεοις
588 1957 697 1981 ισαςοιτ
721 1957 762 1975 αν.
798 1957 840 1976 'tv'
861 1958 907 1976 auv

118 1957 210 2022 Θνητξ
231 1957 302 2022 reg,
321 1984 358 2022 _'ro
370 1993 422 2022 _':i~:_
441 1984 504 2022 πᾶν.
519 1984 603 2022 ὅντως
625 1985 702 2022 Δξίφεσιν
721 1982 751 2022 ᾗ,
775 1984 908 2022 τρέπεσθε

118 2019 193 2046 κατὰ
218 2018 296 2054 φύσιν
316 2019 394 2053 ὑμεῖς
410 2019 465 2054 ,ἐπὶν
479 2018 528 2054 τὴν
549 2019 602 2044 τῶν
622 2018 697 2050 ζώων
719 2018 906 2054 δημιουργίαν,

119 2053 285 2090 μιμούμενοι
302 2053 350 2089 τὴν
369 2053 570 2090 ἐμὴννδύναμιν
591 2054 655 2089 περὶ
670 2053 718 2089 τὴν
735 2053 810 2090 ὑμῶν
831 2054 907 2090 γένε-

119 2088 173 2116 σιν.
196 2088 293 2122 «Quid
309 2089 423 2115 sentiam
448 2088 540 2122 igitur,
562 2088 725 2122 cognoscite.
752 2088 815 2115 Tria
830 2089 906 2116 nobis

117 2131 220 2159 genera
239 2124 340 2157 reliqua
358 2127 431 2159 sunt,
446 2130 531 2159 eaque
550 2124 640 2159 genita
660 2128 741 2159 atque
759 2123 881 2150 mortalia
896 2133 903 2151 :

117 2157 220 2193 quibus
237 2157 438 2193 prietermissis,
460 2157 525 2184 cmli
550 2157 685 2193 absolutio
707 2159 827 2192 perfecta
851 2166 903 2185 tion

117 2192 183 2221 erit.
198 2192 295 2220 omnia
311 2194 381 2219 enitn
405 2199 504 2226 genera
523 2192 677 2219 animalium
693 2193 832 2226 complexu
851 2200 903 2220 tton

118 2229 236 2255 tenebit.
259 2228 361 2254 Teneat
373 2233 462 2253 autem
479 2229 595 2260 oportet,
616 2228 638 2254 si
654 2232 696 2253 est
716 2228 831 2254 mundus
845 2235 890 2254 om

118 2263 186 2289 nino
211 2262 346 2297 perfectus
368 2262 488 2287 futurus.
510 2261 579 2297 ilice
594 2268 666 2297 vero
686 2262 707 2288 si
731 2269 745 2287 a
773 2269 815 2297 me
842 2261 906 2288 iiattt

117 2297 190 2328 solo,
210 2296 318 2331 vitaque
337 2297 483 2326 donentur,
500 2296 552 2322 diis
567 2296 754 2330 atltequentttr.
774 2296 809 2323 Ut
826 2297 908 2330 igitur

118 2332 229 2359 mortali
256 2335 419 2365 generentur
440 2331 621 2360 conditione».
632 2336 658 2357 ei
679 2332 832 2358 universum
859 2334 908 2358 hoc

117 2367 248 2395 omnibus
269 2366 325 2393 suis
339 2365 462 2399 partibus
476 2365 513 2391 sit
533 2365 701 2398 absolutum,
716 2365 829 2398 agedum
844 2373 908 2393 con-

118 2401 218 2429 vertite
238 2409 286 2428 vos
312 2408 346 2427 ex
368 2404 471 2427 natura:
495 2399 601 2434 legibus
621 2401 653 2426 ad
670 2400 828 2427 animalinttt
848 2408 909 2434 pro-

117 2436 299 2467 creationem,
320 2439 348 2461 et
371 2435 424 2461 vim
451 2441 552 2466 meam,
579 2442 660 2468 quam
684 2435 710 2462 itt
738 2440 829 2461 vestro
848 2440 907 2461 ortu

117 2471 247 2499 adhibui,
273 2467 428 2496 imitamini.
455 2478 464 2494 ι
498 2469 530 2495 Et
557 2477 619 2503 pag.
645 2469 699 2496 69:
718 2470 773 2495 Καὶ
790 2470 844 2496 τῶν
861 2470 909 2504 μὲν

117 2505 200 2532 Θείων
214 2505 294 2536 αὐτὸς
313 2504 605 2539 γίνεταιγδημιουργὺς,
619 2504 673 2530 τῶν
693 2505 721 2530 δὲ
739 2504 843 2538 θνητῶν
861 2504 909 2539 τὴν

137 2541 225 2566 ἑνεσιν
251 2541 306 2570 τοῖς
337 2538 432 2574 ἑαυτοῦ
451 2538 801 2574 γεννήμασινδημιουργείν
827 2538 910 2574 προσ-

132 2575 229 2607 ταξεν·
252 2575 276 2600 οἱ
294 2574 322 2600 δὲ
343 2573 515 2609 μιμούμενοι,
537 2573 735 2609 παραλαϐόντες
754 2573 910 2609 ἁρχὴκίψυ-

117 2598 184 2645 χῆςῗ
193 2598 349 2639 ἀθάνατον,⁸
361 2598 401 2645 τδ
418 2598 484 2645 [istd
504 2598 582 2645 τοῦτο
608 2608 704 2645 θνητὸν
721 2598 824 2645 Exibit;l
835 2598 910 2635 αὺῖτοὶ

118 2643 360 2684 ᾒελριετόρνευσαεν,
389 2643 481 2684 (ὅχημᾴ
499 2651 535 2683 τεῇ
553 2643 625 2669 ἅπαν
650 2643 681 2669 τὸ
699 2643 776 2684 σῶμα
798 2643 890 2684 ἔδοσαν
901 2652 907 2658 ’

117 2677 183 2707 ἄλλο
196 2688 226 2705 τε
236 2677 312 2709 ἐἶδος
327 2679 355 2704 ἐν
371 2677 448 2712 αὐτῷ
465 2678 555 2712 ψυχῆς
570 2677 826 2713 προσῳκοδομοῦντο
846 2678 909 2713 Θνη-

117 2715 174 2745 τὸν,
198 2714 274 2741 δεινὰ
300 2714 348 2739 καὶ
364 2713 499 2746 ἀναγκαῖα
526 2713 554 2738 ὲν
573 2713 646 2747 αὑτῷ
670 2713 820 2748 παθήματα
839 2713 908 2748 ἕχον.

117 2750 231 2785 Πρῶτον
258 2748 307 2783 μὲν
325 2748 430 2782 ἡδονὴν,
455 2748 582 2782 μέγιστον
600 2747 700 2785 ’κακῶν
726 2748 831 2785 δέλεαρ,
854 2747 908 2775 etc.

120 2794 129 2809 ι
145 2782 312 2811 ὐὶνίιιοιίυιη
337 2791 400 2809 vero
423 2791 480 2817 ipse
500 2787 542 2809 est
563 2782 665 2816 opifer.
686 2784 842 2809 mortalium
867 2790 911 2809 t'e-

118 2827 178 2846 rutn
205 2817 494 2853 generationemrdiis
523 2825 537 2843 a
564 2824 594 2844 se
621 2817 717 2851 genitis
740 2817 909 2844 cilicieudam

117 2852 304 2881 tletuatidavit.
329 2852 368 2878 llli
395 2852 478 2886 igitur
500 2860 579 2878 sttuttt
596 2858 736 2886 parentem
763 2853 909 2884 imitantes,

117 2893 234 2923 accepto
252 2887 400 2915 immortali
417 2887 513 2914 attinnt:
536 2887 682 2921 principio,
707 2886 835 2921 deinceps
849 2894 910 2914 cor-

958 1646 1006 1673 pus
1023 1638 1137 1672 mortale
1148 1638 1198 1673 ipsi
1214 1639 1472 1672 circnmtorttarnni,
1489 1643 1516 1665 et
1533 1645 1631 1673 corpus
1645 1638 1740 1666 anima:

958 1673 1039 1699 veluti
1053 1673 1206 1700 vehiculum
1220 1673 1362 1704 dederunt,
1375 1678 1454 1707 atque
1468 1675 1537 1700 ineo
1550 1674 1629 1700 aliam
1645 1674 1743 1701 anima:

957 1708 1087 1741 speciem,
1104 1708 1231 1734 nimirum
1244 1708 1384 1735 mortalem
1403 1708 1514 1742 insuper
1529 1708 1740 1738 fabricaverunt.

957 1750 1017 1775 quae
1044 1750 1145 1775 graves.
1172 1747 1198 1768 et
1233 1743 1403 1770 necessarias
1426 1743 1583 1770 affectiones
1608 1743 1633 1769 in
1652 1744 1740 1776 seipsa

961 1777 1089 1812 haberet,
1113 1777 1229 1811 primum
1255 1777 1363 1812 quidem
1389 1778 1570 1811 voluptatem,
1594 1778 1740 1804 maximam

960 1811 1091 1837 malorum
1104 1818 1204 1841 escam,
1222 1816 1275 1838 etc.
1295 1821 1303 1836 ιι
1322 1814 1450 1838 Srescen.

995 1845 1033 1878 (2)
1055 1845 1266 1873 Ἄλλωνέστὶν
1283 1846 1364 1880 ἔργα.
1387 1846 1467 1871 Forte
1485 1846 1637 1878 legendum,
1653 1845 1740 1871 αὐτῶν

961 1881 1033 1915 ὲᾳτιν
1049 1880 1127 1915 ἔργα,
1148 1885 1178 1906 ut
1197 1888 1277 1914 supra
1292 1888 1365 1906 tium.
1384 1880 1418 1906 52
1435 1888 1441 1906 :
1459 1880 1526 1906 Θεοῦ
1538 1880 1586 1915 μὲν
1602 1880 1679 1915 ἔργα,
1692 1881 1741 1906 ὅσα

960 1914 1080 1941 ἀθάνατα
1090 1923 1096 1929 ’
1111 1914 1194 1949 θνητὰ
1207 1915 1229 1941 δ’
1247 1915 1366 1941 ἐκείνων.

995 1949 1032 1984 (5)
1050 1949 1198 1982 Ζήνωνος.
1216 1950 1297 1981 Tull.,
1315 1949 1359 1976 lib.
1376 1957 1382 1976 I
1401 1949 1438 1976 De
1453 1950 1560 1983 officiis:
1578 1959 1587 1974 ε
1603 1949 1660 1984 δρᾶ
1675 1957 1741 1983 quo-

961 1984 1033 2010 niam
1049 1985 1089 2017 (ttt
1104 1985 1236 2018 prieclare
1258 1984 1388 2018 scriptum
1406 1989 1448 2011 est
1461 1992 1475 2010 a
1490 1983 1611 2019 Platone)
1625 1992 1677 2010 tioti
1692 1992 1741 2011 n0-

961 2019 1002 2045 bis
1014 2018 1098 2046 solum
1114 2019 1170 2045 nati
1187 2027 1292 2051 smnus,
1315 2024 1444 2052 ortusque
1467 2019 1550 2045 nostri
1568 2024 1670 2052 partem
1695 2027 1741 2052 pa-

961 2053 1012 2080 tria
1037 2053 1171 2086 vindicat,
1200 2058 1304 2087 partem
1331 2059 1473 2087 parentes,
1504 2059 1606 2086 partetn
1637 2053 1739 2081 amici:

960 2093 1054 2121 atqtte,
1070 2094 1098 2114 ut
1114 2088 1383 2122 placetStoicis,qnte
1397 2088 1422 2114 in
1441 2088 1519 2115 terris
1536 2089 1692 2122 gignuntur,
1707 2089 1741 2115 ad

959 2130 1036 2149 usunt
1055 2123 1193 2149 hominum
1218 2124 1308 2150 omnia
1331 2123 1429 2155 creari,
1443 2123 1565 2149 homines
1588 2127 1676 2149 autent
1694 2123 1742 2149 ho—

958 2158 1060 2183 minum
1074 2165 1153 2185 causa
1166 2165 1226 2184 esse
1250 2163 1392 2192 generatos
1405 2178 1412 2190 ,
1429 2163 1457 2184 ut
1481 2157 1530 2192 ipsi
1552 2157 1625 2184 inter
1639 2164 1668 2183 se
1682 2158 1742 2185 aliis

958 2192 1002 2218 alii
1029 2192 1156 2226 prodesse
1179 2192 1302 2226 possittt,
1339 2192 1364 2218 iit
1388 2193 1438 2219 ltoc
1460 2197 1581 2219 naturain
1614 2192 1742 2219 debemus

959 2228 1054 2253 ducent
1070 2227 1157 2261 sequi.
1176 2238 1185 2252 ι
1200 2227 1268 2254 Vide
1280 2228 1413 2253 ettntdetn.
1429 2227 1464 2254 lib
1482 2235 1499 2254 ιι
1516 2226 1553 2254 De
1568 2232 1663 2254 natura
1680 2227 1742 2253 deo-

959 2269 1034 2294 rum;
1064 2261 1206 2293 Seuecam,
1223 2262 1269 2288 lib.
1288 2269 1317 2293 tt,
1333 2269 1392 2294 cap.
1414 2262 1458 2293 25,
1487 2262 1522 2288 De
1550 2262 1691 2295 bent-ﬁciis,
1715 2267 1743 2289 et

961 2295 1138 2327 Lactantium,
1155 2304 1214 2330 cap.
1232 2297 1261 2323 15
1279 2296 1315 2323 De
1333 2297 1373 2322 ira
1390 2296 1447 2323 Dei.
1464 2297 1595 2323 SPENCER.

995 2331 1032 2365 (4)
1063 2331 1127 2356 Ὑπ⁷
1147 2331 1386 2364 ἐνυπαρχούσης.
1411 2332 1456 2357 Sic
1483 2332 1563 2358 habet
1589 2331 1672 2358 codex
1695 2330 1742 2356 Jo-

960 2365 1047 2400 lianus
1062 2366 1177 2392 secunda
1195 2373 1284 2396 manu.
1303 2372 1402 2393 rectius
1416 2373 1497 2400 quam
1515 2366 1577 2393 libb.
1593 2366 1742 2398 editi.,t'nto

958 2399 987 2425 ἓν
1003 2400 1189 2435 ὑπαρχούσης.

996 2434 1033 2470 (5)
1057 2434 1118 2461 Τῶν
1131 2434 1241 2469 φυτῶν.
1260 2435 1321 2461 Ηιῐιο
1335 2435 1459 2461 videtttur
1473 2442 1488 2461 e
1501 2439 1572 2462 textu
1597 2435 1741 2469 ejiciendo,

961 2477 1047 2503 neque
1062 2470 1105 2496 hic
1119 2470 1206 2497 locum
1221 2470 1322 2496 habere
1336 2477 1425 2504 posse.

996 2504 1133 2541 (76),Libb.
1164 2504 1227 2541 editi
1255 2510 1321 2541 post”
1344 2512 1454 2541 vocem__
1471 2505 1581 2541 κτήνεια
1611 2505 1739 2541 continua

960 2540 1030 2566 serie
1044 2540 1145 2572 legunt,
1158 2539 1205 2565 κα)¹
1219 2539 1288 2565 κατὰ
1308 2539 1406 2574 ἄτομον
1421 2539 1488 2570 εἶδος
1508 2539 1595 2574 αὐτῶν
1612 2547 1687 2570 τινας
1706 2539 1743 2564 εἷ-

961 2583 1004 2601 ναι
1017 2574 1210 2609 δημιουργοὺς,
1224 2574 1271 2600 καὶ
1287 2574 1373 2600 ἄλλων
1385 2574 1490 2609 θήρεια.
1509 2573 1562 2600 Sed
1575 2582 1602 2600 re
1618 2579 1744 2600 accurate

961 2616 1112 2643 perpensa,
1143 2610 1278 2642 sagaciter
1306 2610 1484 2643 deprehendit
1506 2609 1661 2635 Boherellus
1685 2609 1742 2635 hate

961 2645 1041 2679 verba
1066 2643 1112 2669 καὶ
1133 2644 1201 2679 κατὰ
1223 2644 1321 2678 ἄτομον
1338 2642 1405 2674 εἶδος
1415 2644 1510 2679 ,αὐτῶν
1528 2653 1601 2675 τινας
1616 2643 1744 2679 δημιουρ-

960 2678 1035 2712 γούς,
1054 2686 1106 2704 ιιοιι
1125 2685 1173 2704 suo
1197 2678 1255 2704 loco
1271 2678 1332 2711 legi,
1354 2678 1475 2711 nihilque
1495 2679 1568 2705 aliud
1583 2687 1643 2705 esse
1663 2686 1742 2712 quam

962 2714 1065 2739 variam
1082 2713 1222 2739 lectionem
1238 2713 1407 2746 sequentium
1431 2713 1479 2739 καὶ
1494 2713 1588 2744 ἄλλους
1603 2714 1662 2740 κατ’
1676 2712 1744 2744 εἶδος

962 2749 1075 2774 ἑκάστου
1105 2746 1198 2781 φυτοῦ,
1222 2747 1269 2773 καὶ
1291 2746 1409 2783 ἑκάστης
1433 2748 1555 2783 βοτάνης.
1587 2748 1663 2774 Prior
1684 2756 1743 2773 cum

961 2784 1119 2818 excidisset,
1135 2786 1244 2818 propter
1263 2782 1447 2815 repetitionem
1467 2785 1539 2809 vocis
1553 2783 1743 2818 δημιουργούς,

963 2817 1047 2844 altera
1070 2817 1129 2850 ejus
1145 2817 1231 2843 locutu
1255 2817 1448 2852 occupavil,et
1463 2821 1554 2850 postea
1581 2817 1694 2852 utraque
1719 2819 1743 2843 itt

964 2857 1064 2879 textum
1089 2857 1195 2885 recepta
1217 2857 1268 2882 est,
1286 2852 1331 2877 sed
1356 2851 1465 2878 turbato
1480 2852 1586 2879 orditte.
1610 2851 1744 2878 Illic-rutra

965 2887 1047 2921 igitur
1064 2887 1181 2921 expungi
1195 2886 1295 2913 debuit.
1316 2886 1406 2919 Itaque
1422 2887 1540 2913 nriorcttt
1555 2889 1742 2922 expttttxiutus.
