1908 3099
202 164 271 192 “07

924 161 1082 190 ORlCENIS

1756 152 1819 180 “08

202 232 290 252 rerum
309 223 431 251 omnium
443 227 570 251 ornatum
588 223 740 250 continere.
759 222 900 249 Materiam
911 224 982 249 cnint

1044 224 1098 254 τοὺς
1122 220 1324 258 σπερματικοὺς
1340 219 1434 254 λόγους
1456 217 1502 244 τοῦ
1519 218 1580 244 0εοῦ
1607 218 1624 252 ή
1652 215 1703 251 ὖλη
1734 222 1818 250 παρσ-

202 272 229 298 ἰη
257 272 307 298 ltac
330 270 420 297 Samia
449 269 538 297 tabula
565 268 635 296 Juno
664 269 847 303 significabat,
879 268 986 302 Jupiter

202 323 266 342 vero
281 315 375 342 Deum.
391 315 452 342 llaec
463 336 469 347 ,
485 320 512 346 et
530 315 590 342 alia:
608 320 741 341 sexcenta:
764 314 866 341 similes
890 314 986 341 fabula:

203 363 229 388 itt
258 369 340 389 causa
367 365 440 392 sunt,
458 368 506 387 cur
533 367 667 387 summum
698 360 776 387 deum
803 359 889 392 Jovis,
901 359 985 386 solem

201 407 347 441 Apollinis,
361 407 451 434 lunam
465 407 555 434 Diante
570 407 678 434 nomine
695 406 831 442 appellare
859 406 984 433 nolimus.

204 454 257 481 Sed
282 461 378 489 puram
401 453 426 480 in
452 453 624 480 Conditorem
659 456 818 480 exercentes
848 452 985 486 pietatem,

202 500 386 534 praeclaraque
413 500 472 532 ejus
499 506 582 532 opera
612 498 753 525 laudantes
771 517 778 529 ,
812 505 847 525 ne
879 497 987 525 nomine

202 545 312 578 quidem
332 551 375 571 res
387 544 493 570 divinas
507 543 735 570 contaminamus.
756 543 813 576 Qua
840 544 865 570 in
885 551 914 570 re
927 542 987 569 Pla-

204 595 293 617 tonem
306 590 509 623 sequimnr.qui
530 589 554 616 in
573 588 682 615 Philebo
694 589 855 623 voluptatem
877 589 902 615 in
924 588 987 616 deos

204 640 282 669 negat
309 641 369 662 esse
395 633 563 661 referendam
593 642 599 659 :
628 643 638 658 ι
674 633 731 661 Mea
757 633 827 660 enim
855 634 911 661 haec
935 638 986 667 est,

205 680 283 716 541
316 680 412 714 inquit,
432 687 448 706 ο
475 680 631 711 Protarchc,
649 687 712 714 erga
741 679 849 706 nomina
877 679 987 706 deorum

207 726 371 754 reverentia.
392 735 400 751 ι
418 725 471 753 Nos
499 725 579 759 igitur
610 726 741 752 adversus
770 725 816 752 Dei
844 726 988 759 prmelaro-

207 779 318 805 rumque
332 771 390 805 ejus
402 778 514 806 operum
529 778 626 798 nomen
642 778 701 797 eam
725 771 885 798 adhibemus
911 778 988 798 rere-

206 816 330 848 reutiam,
346 821 375 842 ut
390 824 423 843 ne
440 816 614 851 tropologicaa
627 816 735 851 quidem
750 816 990 851 [interpretationis

204 867 335 896 praetextu
354 863 532 890 adtttittamtts
549 863 629 889 ullatn
649 862 788 896 fabulam,
807 870 867 898 qua:
890 863 988 898 juven-

206 909 270 936 tutis
285 917 459 944 corrumpere
475 909 579 936 animos
596 908 691 943 possit.

240 1044 284 1071 4S).
298 1044 372 1076 Quod
387 1044 408 1070 si
424 1044 532 1079 legisset
546 1050 652 1072 nostras
662 1051 739 1079 aequo
757 1043 848 1071 animo
865 1043 990 1078 Scriptu-

206 1097 260 1122 ras,
274 1097 326 1116 non
342 1090 454 1117 dixisset
469 1090 562 1124 utique
578 1101 586 1116 ι
605 1098 652 1117 eas
669 1097 721 1116 non
739 1097 818 1124 posse
835 1089 989 1124 allegoriam

205 1137 271 1171 pati.
290 1145 300 1162 ι
315 1135 407 1170 Neque
426 1137 497 1164 enim
512 1143 545 1163 ex
561 1136 673 1163 historia
691 1135 757 1170 ipsa,
771 1135 817 1163 sed
831 1143 863 1162 ex
880 1135 992 1170 prophe-

206 1181 250 1208 tiis
275 1181 300 1208 in
323 1182 421 1215 quibus
446 1181 566 1208 historia:
586 1186 747 1211 narrantur,
768 1187 932 1215 cognoscere
951 1185 992 1207 est

205 1235 267 1262 quae
283 1227 338 1254 sint
357 1228 476 1255 historiae
490 1235 552 1262 qum
567 1235 598 1254 eo
619 1227 670 1254 line
681 1227 789 1261 scriptae
805 1230 868 1253 sunt
883 1231 911 1253 ut
926 1226 992 1253 alle-

205 1272 290 1305 goriis
303 1272 505 1307 explicarentur
521 1280 529 1299 :
545 1273 616 1306 quod
632 1272 832 1306 sapientissime
852 1271 990 1306 provisum

206 1323 259 1349 est,
277 1323 305 1345 ut
317 1323 343 1345 ct
358 1318 472 1352 simplici
489 1318 606 1345 fidelium
623 1318 702 1352 vulgo
727 1322 755 1345 et
770 1318 803 1344 iis
818 1317 911 1352 paucis
924 1324 991 1344 con-

207 1364 330 1391 venirent
345 1364 389 1398 qui
408 1364 543 1391 res'altius
558 1369 585 1390 et
601 1363 749 1397 prudenter
762 1363 879 1390 scrutari
893 1362 990 1389 vellent

207 1413 255 1434 aut
271 1413 389 1442 possent.
411 1409 449 1436 Ac
463 1409 577 1436 fortasse
599 1408 737 1444 probabile
752 1408 816 1442 qttid
832 1408 928 1435 Celstts
949 1408 991 1435 di-

207 1459 270 1480 cere
286 1453 431 1484 videretur‘
448 1454 470 1481 si
489 1454 647 1487 Scripturas
662 1453 801 1488 allegoriis
818 1452 990 1487 interpretari

207 1498 346 1525 inventum
359 1504 431 1526 esset
447 1507 541 1526 recens
552 1500 586 1526 ab
597 1499 630 1526 iis
641 1507 656 1527 e
667 1499 767 1527 Iudaeis
778 1504 804 1527 et
816 1499 989 1531 Christianis,

209 1548 276 1575 quos
290 1541 384 1569 Celsus
400 1543 578 1570 modestiores
599 1548 695 1576 vocat,
718 1544 910 1578 excogitatum;
930 1551 989 1570 cum

209 1591 300 1614 autem
322 1587 348 1614 id
367 1587 480 1615 fecerint
500 1590 540 1616 vel
562 1589 613 1624 ipsi
641 1590 793 1625 dogmath
815 1594 943 1624 parentes
965 1595 992 1616 et

209 1632 367 1666 scriptores;
381 1633 445 1668 quid
462 1634 532 1661 aliud
557 1635 729 1670 cogitandum
753 1640 814 1667 est,
839 1643 920 1670 qttatn
947 1635 991 1662 illa

210 1677 295 1706 fuisse
309 1679 408 1714 scripta
427 1679 476 1712 sic,
492 1685 521 1707 ut
537 1688 630 1708 eorum
648 1681 782 1715 praecipua
798 1688 873 1708 mens
887 1682 913 1708 itt
927 1681 992 1708 alle-

209 1725 295 1761 goriis
320 1726 617 1761 contineatur?Atque
641 1731 670 1754 ut
697 1727 785 1762 palam
811 1727 858 1754 ﬁat
882 1727 991 1756 Celsum

210 1776 318 1803 nostras
329 1771 489 1798 calumniari
507 1772 673 1806 Scripturas,
686 1781 747 1800 cttm
760 1781 806 1801 eas
821 1774 858 1800 ait
868 1775 922 1808 pati
939 1782 992 1801 non

207 1822 288 1851 posse
303 1816 469 1851 allegoriam,
482 1824 567 1851 pauca
586 1825 600 1845 e
616 1817 707 1846 multis
723 1819 845 1854 exempla
870 1819 991 1855 seligant.

209 1860 255 1887 Sic
269 1861 369 1888 Paulus
382 1861 446 1890 Jesu
462 1864 601 1897 apostolus
621 1873 627 1891 ι
644 1873 654 1890 ι
671 1863 699 1891 In
714 1864 771 1900 lege
786 1865 916 1900 scriptum
930 1870 991 1894 est:

211 1904 267 1932 Non
283 1901 408 1941 ailigabis
420 1915 452 1934 os
466 1908 528 1935 bovi
548 1909 700 1936 trituranti.
717 1908 843 1944 Nunquid
858 1910 891 1937 dc
907 1911 993 1938 bobus

210 1959 274 1979 cura
290 1957 331 1979 est
344 1953 457 1980 Deo?An
474 1959 584 1989 propter
600 1963 648 1982 nos
663 1956 755 1990 utique
772 1956 824 1983 hoc
837 1956 916 1984 dicit?
926 1957 991 1984 Nam

208 2002 319 2031 propter
336 2006 384 2025 nos
401 1999 501 2034 scripta
517 2004 590 2033 sunt,
603 2001 729 2034 quoniam
737 2001 816 2029 debet
832 2003 858 2028 in
874 2009 931 2036 spe.
948 2003 992 2037 qui

210 2048 279 2074 arat,
295 2051 382 2077 arare,
395 2049 424 2072 et
436 2045 481 2079 qui
496 2046 605 2074 triturat
620 2047 645 2074 in
664 2055 710 2082 spe
724 2047 830 2075 fructus
843 2048 993 2082 percipien-

210 2089 236 2116 di
257 2089 289 2116 “.
306 2099 315 2116 ›
332 2090 365 2116 Ει
382 2090 435 2117 alio
453 2091 479 2117 in
495 2091 554 2119 loco
569 2101 576 2118 :
596 2102 605 2118 ι
625 2093 763 2128 Scriptum
777 2099 819 2121 est
830 2095 913 2126 enim,
929 2102 992 2129 pro-

210 2140 270 2170 pter
284 2137 335 2163 hoc
349 2136 483 2171 relinquet
496 2137 577 2165 homo
595 2143 697 2173 patrem
713 2144 736 2167 et
754 2144 879 2173 matrem,
901 2141 993 2170 etad-

211 2177 324 2208 iiterebit
339 2182 416 2209 uxori
433 2190 498 2212 suae,
515 2187 543 2210 et
556 2188 636 2210 erunt
654 2185 707 2212 duo
722 2185 746 2211 in
760 2192 841 2212 carne
855 2192 918 2211 una.
936 2185 992 2219 My-

1035 268 1166 303 δεξαμένη
1178 267 1233 302 ἔχει
1246 267 1273 292 ὲν
1293 266 1374 300 ἑαυτῇ
1390 265 1428 296 εἰς
1451 263 1653 298 κατακόσμησιν
1670 261 1725 288 τῶν
1745 261 1818 287 ὅλων.

1038 314 1105 349 ’Ύλη
1119 313 1173 349 γὰρ
1197 314 1213 348 ἡ
1231 313 1259 338 ὲν
1287 313 1319 347 τῇ
1343 310 1413 338 κατὰ
1429 311 1478 345 τὴν
1491 310 1581 344 Σάμον
1598 309 1690 343 γραφῇ
1705 308 1723 342 ἡ
1740 307 1818 342 Ἦρα,

1037 359 1081 386 καὶ
1097 360 1111 385 ὁ
1123 359 1182 389 θεὸς
1193 359 1207 385 ό
1222 358 1298 389 Ζεύς.
1322 356 1375 382 Καὶ
1386 355 1429 381 διὰ
1444 355 1529 381 ταῦτα
1545 354 1577 388 δὴ
1594 354 1684 388 ἡμεῖς,
1709 353 1757 378 καὶ
1780 351 1820 378 διὰ

1036 405 1099 436 τοὺς
1123 404 1259 435 τοιούτους
1285 402 1385 438 μύθους
1420 401 1466 428 καὶ
1495 399 1591 430 ἄλλους
1618 398 1743 434 μυρίους,
1763 397 1821 424 οὐδὲ

1040 451 1134 486 μέχρις
1161 450 1290 484 ὀνόματος
1315 449 1426 483 θέλομεν
1451 447 1499 473 Δία
1526 445 1617 473 καλεῖν
1632 445 1678 471 τὸν
1690 445 1738 470 ἐπὶ
1757 445 1821 470 πᾶσι

1038 496 1107 528 θεὸν,
1125 495 1178 522 οὐδ’
1195 494 1348 521 Ἀπόλλωνα
1374 493 1419 519 τὸν
1435 493 1520 528 ἥλιον,
1545 491 1598 518 οὐδ’
1617 491 1751 525 Ἄρτεμιν
1775 489 1821 523 τὴν

1039 542 1160 578 σελήνην.
1186 540 1264 566 Ἀλλὰ
1281 538 1403 575 καθαρὰν
1416 538 1555 564 εὐσέϐειαν
1572 538 1612 568 είς
1623 536 1669 562 τὸν
1696 535 1822 570 δημιουρ-

1038 587 1085 621 γὸν
1099 585 1257 617 ἀσκοῦντες,
1280 586 1326 612 καὶ
1340 585 1374 611 τὰ
1389 584 1459 610 καλὰ
1476 581 1559 610 αὑτοῦ
1593 581 1823 617 δημιυργήματα

1038 631 1232 666 εὐφημοῦντες,
1241 630 1299 656 οὐδὲ
1311 631 1390 665 μέχρι
1402 629 1531 664 ὀνόματος
1542 628 1687 663 χραίνομεν
1703 627 1739 653 τὰ
1757 626 1821 653 Θεῖα·

1039 677 1228 712 ἀποδεχόμενοι
1242 676 1288 703 τοῦ
1302 676 1442 707 Πλάτωνος
1452 675 1496 701 τὸν
1509 675 1536 701 ἐν
1544 673 1725 709 Φιλήϐῳβι)
1737 673 1822 707 λόγον.

1041 722 1077 758 μὴ
1090 721 1264 757 βουληθέντος
1280 722 1329 756 τὴν
1340 721 1434 756 ἡδονὴν
1450 718 1649 754 παραδέξασθαι
1663 718 1725 745 θεόν
1740 727 1747 734 ·
1770 728 1778 743 t
1792 719 1825 744 Τὸ

1039 768 1093 804 γὰρ
1111 768 1185 803 ἐμὸν,
1212 768 1287 803 φησὶ,
1311 767 1378 798 δέος,
1395 763 1416 792 ὧ
1434 766 1593 802 Πρώταρχε,
1619 765 1683 799 περὶ
1703 764 1740 791 τὰ
1775 764 1826 790 τῶν

1040 815 1108 841 θεῶν
1123 815 1240 849 ὀνόματα
1266 813 1364 840 τοιόνδε
1390 814 1474 840 ἐστίν.
1491 823 1499 839 ι
1531 813 1625 847 Ἡμεῖς
1645 810 1693 838 οὖν
1721 811 1827 846 ἀληθῶς

1041 861 1138 896 ἔχομεν
1152 861 1209 892 δέος
1221 860 1284 895 περὶ
1300 860 1331 886 τὸ
1346 860 1432 895 ὄνομα
1450 859 1497 886 τοῦ
1513 858 1581 885 Θεοῦ
1597 857 1644 885 καὶ
1662 858 1718 884 τῶν
1741 857 1827 884 καλῶν

1041 906 1121 933 αὐτοῦ
1144 906 1399 942 δημιουργημάτων,
1416 905 1453 936 ὡς
1470 905 1537 940 μηδὲ
1566 904 1701 939 προφάσει
1731 911 1827 939 τροπο-

1040 952 1132 987 λογίας
1172 952 1254 987 μῦθόν
1272 960 1332 979 τινα
1350 950 1551 988 παραδέξασθαι
1582 950 1628 976 ἐπὶ
1662 949 1753 986 βλάϐῃ
1778 950 1827 976 τῶν

1040 1006 1117 1024 νεων.

1075 1043 1105 1069 Εἰ
1120 1043 1142 1069 δ’
1157 1043 1311 1075 ἀδεκάστως
1326 1043 1473 1076 ἀνεγνώκει
1488 1042 1535 1077 τὴν
1548 1041 1658 1078 Γραφὴν
1675 1042 1691 1067 ὁ
1714 1041 1828 1071 Κέλσος,

1040 1089 1088 1116 οὐκ
1102 1089 1134 1116 ἂν
1153 1087 1228 1115 εἶπεν
1250 1099 1259 1114 ‹
1287 1089 1334 1124 οὐχ
1353 1086 1397 1115 οἶα
1414 1088 1578 1124 ὰλληγορίαν
1603 1087 1780 1122 ἐπιδέχεσθαι
1795 1085 1828 1113 εἷ-

1041 1143 1083 1161 ναι
1103 1145 1110 1160 ι
1126 1135 1159 1161 τὰ
1170 1135 1321 1170 γράμματα
1332 1135 1420 1170 ὴμῶν.
1438 1134 1504 1161 ’Λπδ
1516 1134 1570 1169 γὰρ
1579 1134 1633 1160 τῶν
1645 1133 1828 1169 πωφητειῶν,

1040 1180 1068 1206 ὲν
1083 1177 1126 1211 α⁷ς
1143 1179 1178 1205 τὰ
1192 1180 1245 1206 ἀπὸ
1259 1180 1307 1214 τῆς
1324 1179 1443 1215 ἱστορίας
1455 1179 1620 1214 γέγραπται,
1636 1179 1687 1204 οὐκ
1707 1177 1762 1204 ἀπὸ
1786 1178 1830 1212 τῆς

1042 1226 1161 1261 ἱστορίας
1175 1226 1233 1251 ἐστὶ
1250 1225 1437 1260 προσαχθῆναι
1449 1224 1504 1259 (82)
1516 1225 1562 1251 καὶ
1573 1225 1632 1255 ταῖς
1649 1223 1784 1258 ἱστορίαις
1796 1223 1829 1253 ὡς

1042 1270 1134 1305 σκοπῷ
1142 1270 1318 1305 τροπολογίας
1328 1270 1544 1306 γεγραμμέναις,
1555 1269 1600 1296 καὶ
1610 1268 1757 1303 σοφώτατα
1764 1268 1830 1293 οἱκο-

1041 1316 1224 1351 νομηθείσαις·
1239 1315 1293 1351 (83)
1309 1315 1514 1351 ἐστοχασμένως
1526 1315 1572 1341 τοῦ
1589 1323 1617 1341 τε
1638 1314 1761 1350 πλήθους
1780 1313 1829 1339 τῶν

1042 1362 1222 1397 ἁπλούστερον
1238 1361 1427 1392 πιστευόντων,
1439 1361 1485 1388 καὶ
1500 1361 1554 1387 τῶν
1568 1361 1665 1394 ὀλίγων
1682 1360 1754 1396 μετὰ
1772 1368 1828 1385 συν-

1042 1409 1125 1440 έσεως
1145 1407 1280 1440 ἐξετάζειν
1300 1407 1335 1434 τὰ
1349 1407 1498 1443 πράγματα
1517 1407 1686 1442 βουλομένων
1702 1406 1719 1442 ῆ
1735 1406 1782 1433 καὶ
1791 1405 1830 1432 δυ-

1042 1454 1174 1489 ναμένων.
1188 1454 1242 1479 Καὶ
1264 1453 1288 1478 εἰ
1309 1453 1357 1488 μὲν
1377 1454 1400 1479 οἱ
1423 1454 1542 1488 σήμερον
1566 1452 1740 1487 νομιζόμενοι
1765 1451 1829 1478 κατὰ

1042 1499 1145 1526 Κέλσον
1161 1499 1290 1530 ἐπιεικεῖς
1309 1498 1361 1524 ἀπὸ
1384 1498 1515 1525 Ἰουδαίων
1527 1499 1573 1524 καὶ
1590 1497 1764 1533 Χριστιανῶν
1788 1497 1829 1531 ὴλι

1042 1545 1173 1581 ληγόρουν
1190 1545 1223 1572 τὰ
1237 1544 1426 1580 γεγραμμένα,
1442 1544 1511 1579 τάχα
1527 1544 1559 1571 ἂν
1575 1543 1687 1570 πιθανόν
1704 1552 1730 1570 τι
1748 1543 1829 1576 λέγειν

1044 1591 1181 1616 ὑπενοεῖτο
1197 1592 1210 1617 ό
1233 1590 1336 1621 Κέλσος
1348 1599 1354 1605 ·
1376 1590 1437 1616 ἐπεὶ
1454 1590 1476 1616 δ’
1493 1590 1569 1616 αὐτοὶ
1592 1591 1616 1615 ol
1641 1589 1763 1624 πατέρες
1783 1588 1829 1614 τῶν

1043 1637 1185 1671 δογμάτων
1202 1637 1248 1663 καὶ
1265 1637 1432 1671 συγγραφεῖς
1446 1636 1480 1662 τὰ
1497 1635 1608 1662 τοιαῦτα
1627 1634 1829 1670 τροπολογοῦσι,

1043 1683 1069 1709 τί
1083 1683 1156 1709 ἐστιν
1172 1683 1235 1710 ἄλλο
1250 1682 1408 1717 ὑπονοῆσαι,
1429 1682 1446 1716 ἢ
1463 1682 1503 1708 ὅτι
1524 1681 1609 1712 οὕτως
1622 1681 1732 1716 ἐγράφη
1742 1701 1750 1712 ,
1768 1681 1830 1706 ὥστε

1043 1728 1264 1763 τροπολογεῖσθαι
1288 1727 1357 1754 αὐτὰ
1381 1727 1450 1754 κατὰ
1471 1727 1515 1753 τὸν
1538 1726 1745 1762 προηγούμενον
1764 1726 1830 1756 νοῶν;

1050 1775 1141 1809 Ὀλίγα
1155 1775 1248 1808 δ’,άπὸ
1267 1774 1337 1800 πάνυ
1355 1773 1458 1801 πολλῶν
1483 1772 1700 1809 παρᾳθησόμεθα
1715 1772 1786 1808 πρὸς
1807 1772 1831 1797 τδ

1043 1821 1137 1853 δεῖξαι,
1153 1821 1193 1847 ὅτι
1211 1820 1297 1856 μάτην
1316 1821 1476 1854 συκοφαντεῖ
1492 1820 1555 1851 τοὺς
1571 1819 1667 1853 λόγους
1691 1820 1706 1845 ὁ
1723 1819 1830 1849 Κέλσος.

1043 1867 1080 1898 ὡς
1097 1867 1146 1902 οὐχ
1160 1867 1232 1898 οἴους
1247 1875 1276 1892 τε
1289 1865 1461 1899 ἐπιδέξασθαι
1484 1866 1659 1900 ἁλληγορίαν.
1683 1865 1755 1900 Φησὶ
1777 1865 1806 1898 δὴ
1821 1865 1832 1889 ό

1044 1911 1090 1938 τοῦ
1113 1911 1198 1946 Ἰησοῦ
1211 1912 1358 1943 ἀπόστολος
1368 1911 1474 1943 Παῦλος
1483 1920 1489 1925 ·
1501 1920 1512 1938 ι
1524 1912 1566 1938 Ἑν
1582 1910 1620 1946 τῷ
1637 1911 1713 1946 νόμῳ
1736 1911 1831 1945 γέγρα-

1045 1966 1119 1984 πται·
1136 1958 1173 1984 Οὐ
1189 1958 1320 1993 φιμώσεις
1335 1957 1398 1992 βοῦν
1415 1957 1544 1984 ἀλοῶντα·
1557 1957 1603 1992 Μὴ
1612 1956 1666 1983 τῶν
1684 1956 1755 1991 βοῶν
1765 1956 1832 1991 μέλει

1044 2003 1082 2038 τῷ
1087 2003 1154 2038 Θεῷ;
1160 2003 1193 2030 "ll
1206 2004 1238 2030 δι’
1249 2004 1322 2039 ἡμᾶς
1329 2002 1436 2034 πάντως
1441 2002 1524 2036 λέγω
1533 2003 1570 2029 Δι’
1577 2002 1650 2037 ἡμᾶς
1655 2003 1710 2038 γὰρ
1718 2003 1832 2037 ἐγράφη.

1043 2051 1083 2076 ὄτι
1108 2050 1207 2084 ὀφείλει
1231 2050 1273 2076 ἐπ’
1292 2048 1378 2075 ἐλπίδι
1395 2049 1409 2075 ὁ
1423 2048 1556 2084 ἀροτριῶν
1572 2049 1704 2084 ἀροτριᾷν
1716 2057 1723 2064 ·
1754 2050 1799 2075 καὶ
1822 2049 1833 2074 ὁ

1044 2095 1130 2122 ἀλοῶν
1146 2095 1233 2122 ἐλπίδι
1251 2094 1305 2130 (84)
1317 2094 1364 2121 τοῦ
1381 2095 1514 2130 μετέχειν.
1531 2104 1539 2118 ι
1554 2094 1609 2120 Καὶ
1623 2094 1745 2128 ἀλλαχοῦ
1759 2102 1834 2129 φησιν

1043 2143 1058 2169 ὁ
1073 2142 1164 2173 αὐτός’
1185 2150 1194 2167 σ
1211 2142 1366 2176 Γέγραπται
1384 2141 1449 2176 γὰρ,
1465 2141 1506 2167 ὅτι
1523 2141 1615 2166 ἕνεκεν
1637 2139 1735 2166 τούτου
1759 2148 1834 2166 κατα-

1045 2187 1132 2222 λείψει
1147 2186 1290 2222 ἄνθρωπος
1304 2187 1349 2213 τὸν
1364 2187 1480 2222 πατέρα,
1504 2186 1551 2212 καὶ
1573 2186 1622 2221 τὴν
1641 2186 1769 2221 μητέρα,
1793 2186 1833 2211 καὶ

211 2226 325 2254 sterinm
343 2227 393 2254 hoc
412 2235 539 2262 magnum
556 2234 608 2261 est,
625 2236 676 2264 ego
691 2234 780 2256 autem
799 2229 860 2256 dico
874 2229 899 2256 itt
917 2230 990 2257 Chri-

1047 2233 1314 2268 προσκολληθήσεται
1329 2233 1396 2267 πρὸς
1409 2232 1458 2267 τὴν
1470 2233 1585 2266 γυναῖκα
1598 2231 1693 2262 αὑτοῦ,
1709 2233 1758 2258 καὶ
1768 2231 1833 2257 ἔσον-

212 2279 254 2301 sto
266 2275 334 2301 etin
350 2274 469 2302 Ecclesia
483 2276 516 2303 ¹¹.
539 2285 548 2301 ι
567 2276 597 2302 Et
617 2276 681 2303 alibi
701 2286 707 2303 ι
725 2285 734 2301 ‹
760 2275 890 2303 Novitnus
904 2281 993 2303 autem

210 2320 339 2355 qttoniam
357 2327 449 2355 patres
463 2321 547 2348 nostri
559 2329 653 2349 omnes
669 2322 719 2349 sub
744 2322 813 2349 nube
827 2321 947 2353 fuerunt.
967 2327 995 2349 et

211 2374 305 2402 omnes
321 2375 395 2394 mare
411 2368 588 2399 transierunt,
604 2373 630 2395 et
644 2375 739 2395 omnes
753 2368 780 2394 in
801 2367 893 2402 Moyse
907 2369 995 2403 bapti-

212 2413 265 2440 zati
283 2418 346 2440 sunt
367 2413 394 2440 itt
414 2413 484 2440 nube
499 2417 526 2440 et
541 2413 568 2439 itt
586 2412 653 2439 mari
664 2412 697 2440 “.
719 2422 727 2438 ι
745 2413 845 2440 Deinde
860 2413 994 2447 interpre-

211 2464 273 2487 tans
290 2460 419 2487 historias
432 2459 465 2486 de
478 2467 576 2486 manna
596 2464 623 2485 ct
635 2459 668 2486 de
682 2467 763 2493 aqua,
789 2467 850 2494 qum
864 2467 896 2486 ex
921 2465 995 2493 petra

211 2506 327 2534 miriﬁce
342 2505 502 2540 proﬂuxisse
518 2505 648 2532 scribitttr
668 2516 673 2532 :
694 2514 702 2530 ι
725 2505 757 2532 Ει
774 2513 879 2538 omnes,
897 2506 994 2540 inquit,

210 2553 332 2580 eamdem
345 2559 434 2579 escam
449 2551 598 2586 spiritalem
613 2551 889 2582 mamlucaverunt,et
900 2559 995 2578 omnes

209 2600 332 2627 eumdem
350 2603 442 2633 potum
454 2597 603 2632 spiritalem
626 2598 762 2625 biberunt.
777 2598 909 2624 Bibehant
922 2598 993 2624 enittt

210 2647 244 2674 de
271 2645 386 2680 spiritali
410 2649 592 2679 consequente
615 2651 662 2671 eos
683 2649 779 2678 petra;
807 2648 883 2678 petra
903 2648 993 2672 autem

246 2717 266 2733 "
285 2716 294 2744 I
309 2716 373 2743 Cor.
394 2724 433 2748 tx,
449 2716 475 2747 9,
491 2715 532 2742 l0.
571 2717 593 2731 "
610 2716 707 2750 Epltes.
725 2724 749 2747 ν,
765 2716 810 2745 51,
826 2715 870 2742 5⁸2..

214 2782 369 2842 ΙῊΙ(ἕηῖἔῖν
390 2783 516 2816 Φιλήϐῳ.
539 2784 605 2811 Vide
632 2783 818 2810 adnotationes
844 2778 875 2809 ad
907 2783 941 2809 lib
975 2791 993 2815 I,

250 2850 304 2889 (82-)
322 2851 397 2889 ΙτΙΙιΙι.
416 2853 478 2889 editi
495 2853 521 2878 in
539 2853 668 2888 margine,
683 2853 730 2888 οὺχ
742 2853 779 2884 ὡς
793 2853 847 2880 ἀπὸ
861 2853 909 2889 τῆς
927 2854 997 2879 ἱστο-

215 2883 275 2918 ρίας
290 2885 347 2910 ἐστὶ
360 2886 520 2921 πραχθῆναι.

1048 2287 1091 2305 ται
1106 2280 1129 2304 οἱ
1144 2279 1190 2304 δύο
1206 2279 1244 2310 είς
1260 2278 1348 2314 σάρκα
1365 2278 1437 2313 μίαν.
1454 2277 1490 2304 Τὸ
1509 2279 1657 2313 μυστήριον
1672 2278 1755 2303 τοῦτο
1770 2278 1834 2312 μέγα

1049 2326 1130 2352 ἐστίν·
1146 2325 1201 2359 ἐγὼ
1218 2325 1246 2351 δὲ
1262 2324 1333 2358 λέγω
1348 2325 1388 2356 εἰς
1402 2323 1519 2359 Χριστὸν
1534 2324 1581 2350 καὶ
1604 2325 1644 2355 εἰς
1659 2324 1710 2359 τὴν
1731 2323 1835 2356 Ἐκκλη-

1049 2371 1119 2398 σίαν.
1142 2381 1151 2396 ›
1171 2371 1225 2397 Καὶ
1243 2371 1324 2397 πάλιν
1339 2371 1368 2396 ὲν
1382 2369 1452 2404 ἄλλῳ
1464 2370 1548 2404 τόπῳ·
1568 2379 1576 2394 t
1604 2369 1718 2404 οἴδαμεν
1733 2369 1761 2395 δὲ
1774 2389 1781 2400 ,
1797 2367 1834 2394 δῖι

1049 2418 1073 2442 οἱ
1091 2416 1208 2452 πατέρες
1226 2416 1306 2451 ἡμῶν
1320 2415 1419 2446 πάντες
1434 2415 1486 2441 ὑπὸ
1500 2415 1548 2449 τὴν
1563 2415 1679 2450 νειρέλην
1695 2413 1778 2450 ἦσαν,
1794 2415 1834 2440 καὶ

1050 2462 1150 2494 πάντες
1164 2462 1209 2488 διὰ
1224 2462 1273 2497 τῆς
1288 2461 1425 2496 θαλάσσης
1438 2460 1555 2495 διῆλθον,
1568 2461 1615 2486 καὶ
1627 2461 1731 2493 πάντες
1743 2462 1782 2492 εἰς
1795 2460 1834 2485 τὸν

1049 2508 1167 2543 Μωῡσῆν
1182 2507 1371 2537 ἐϐαπτίσαντο,
1390 2508 1418 2533 ἐν
1443 2507 1476 2541 τῇ
1491 2506 1588 2541 νεφέλῃ
1613 2507 1660 2532 καὶ
1687 2507 1717 2532 ἐν
1739 2508 1772 2541 τῇ
1791 2506 1832 2531 θι-

1049 2553 1145 2589 λάσσῃ.
1168 2562 1177 2578 ν
1192 2551 1248 2579 Εἶθ’
1265 2552 1422 2588 ἑρμηνεύων
1437 2552 1486 2587 τὴν
1503 2551 1567 2586 περὶ
1587 2551 1635 2577 τοῦ
1663 2551 1752 2586 μάννα
1770 2551 1833 2576 ἱπ-

1050 2599 1120 2634 ρίαν,
1136 2599 1183 2625 καὶ
1196 2598 1244 2633 τὴν
1265 2598 1328 2633 περὶ
1344 2597 1390 2624 τοῦ
1405 2597 1501 2628 ὕδατος
1515 2598 1547 2623 ὲκ
1563 2596 1669 2632 πέτρας
1684 2596 1832 2631 ἐξεληλυῦὲ-

1050 2653 1092 2671 vett
1123 2644 1368 2679 ἀναγεγραμμένου
1399 2643 1574 2678 παραδόξως,
1600 2642 1716 2670 τοιαῦτα
1745 2642 1830 2677 λέγει·

911 2715 1027 2744 “lCor.
1042 2724 1070 2748 x.
1086 2717 1110 2744 l.

1086 2784 1142 2819 (83)
1162 2783 1331 2811 lltnscltelius
1348 2783 1373 2809 in
1394 2787 1478 2813 textu.
1492 2782 1712 2819 οἰκονομηθῆναι.

1087 2815 1143 2852 (Si)
1164 2819 1293 2853 angattts
1303 2819 1424 2851 Apostnli
1441 2823 1539 2853 textus.
1554 2815 1599 2843 καὶ
1613 2815 1627 2843 ὁ
1640 2815 1726 2844 αλοῶν
1739 2818 1785 2852 τῆς
1797 2815 1830 2842 ιλ-

1052 2855 1124 2886 πίδος
1139 2853 1220 2881 αὑτοῦ
1239 2854 1371 2888 μετέχειν,
1387 2853 1428 2879 ἐπ’
1443 2852 1538 2879 ἐλπίδι.
