  <div class='ocr_page' id='page_1' title='image "/cluster/home/n/w/nwhite01/storage/ocr_20150623/11/njp.32101077772414/667.png"; bbox 0 0 1908 3099; ppageno 0'>
   <div class='ocr_carea' id='block_1_1' title="bbox 192 147 264 177">
    <p class='ocr_par' dir='ltr' id='par_1_1' title="bbox 192 147 264 177">
     <span class='ocr_line' id='line_1_1' title="bbox 192 147 264 177; baseline -0.042 0"><span class='ocrx_word' id='word_1_1' title='bbox 192 147 264 177; x_wconf 70' lang='grc' dir='ltr'><strong>Ηίέὶ</strong></span> 
     </span>
    </p>
   </div>
   <div class='ocr_carea' id='block_1_2' title="bbox 901 145 1062 174">
    <p class='ocr_par' dir='ltr' id='par_1_2' title="bbox 901 145 1062 174">
     <span class='ocr_line' id='line_1_2' title="bbox 901 145 1062 174; baseline 0 -1"><span class='ocrx_word' id='word_1_2' title='bbox 901 145 1062 174; x_wconf 70' lang='lat' dir='ltr'><strong>ORIGENIS</strong></span> 
     </span>
    </p>
   </div>
   <div class='ocr_carea' id='block_1_3' title="bbox 1760 145 1831 172">
    <p class='ocr_par' dir='ltr' id='par_1_3' title="bbox 1760 145 1831 172">
     <span class='ocr_line' id='line_1_3' title="bbox 1760 145 1831 172; baseline 0 -1"><span class='ocrx_word' id='word_1_3' title='bbox 1760 145 1831 172; x_wconf 79' lang='lat'><strong>“[6</strong></span> 
     </span>
    </p>
   </div>
   <div class='ocr_carea' id='block_1_4' title="bbox 193 202 985 241">
    <p class='ocr_par' dir='ltr' id='par_1_4' title="bbox 193 205 977 240">
     <span class='ocr_line' id='line_1_4' title="bbox 193 205 977 240; baseline -0.003 -6"><span class='ocrx_word' id='word_1_4' title='bbox 193 213 333 237; x_wconf 88' lang='lat' dir='ltr'><strong>naturam;</strong></span> <span class='ocrx_word' id='word_1_5' title='bbox 358 211 437 240; x_wconf 84' lang='lat' dir='ltr'><strong>atque</strong></span> <span class='ocrx_word' id='word_1_6' title='bbox 464 205 564 232; x_wconf 88' lang='lat' dir='ltr'><strong>idcirco</strong></span> <span class='ocrx_word' id='word_1_7' title='bbox 592 205 739 231; x_wconf 90' lang='lat' dir='ltr'><strong>humanum</strong></span> <span class='ocrx_word' id='word_1_8' title='bbox 767 213 865 240; x_wconf 73' lang='lat' dir='ltr'><strong>corpus</strong></span> <span class='ocrx_word' id='word_1_9' title='bbox 881 206 947 232; x_wconf 86' lang='lat' dir='ltr'><strong>nihil</strong></span> <span class='ocrx_word' id='word_1_10' title='bbox 963 213 977 232; x_wconf 89' lang='lat' dir='ltr'><strong>a</strong></span> 
     </span>
    </p>
   </div>
   <div class='ocr_carea' id='block_1_5' title="bbox 1048 202 1832 241">
    <p class='ocr_par' dir='ltr' id='par_1_5' title="bbox 1048 202 1832 241">
     <span class='ocr_line' id='line_1_5' title="bbox 1048 202 1832 241; baseline -0.003 -10"><span class='ocrx_word' id='word_1_11' title='bbox 1048 204 1172 241; x_wconf 81' lang='grc' dir='ltr'>νθρώπου</span> <span class='ocrx_word' id='word_1_12' title='bbox 1198 204 1286 240; x_wconf 84' lang='grc' dir='ltr'>σῶμα.</span> <span class='ocrx_word' id='word_1_13' title='bbox 1305 204 1374 240; x_wconf 83' lang='grc' dir='ltr'><strong>Ὕλη</strong></span> <span class='ocrx_word' id='word_1_14' title='bbox 1396 203 1449 240; x_wconf 75' lang='grc' dir='ltr'>γὰρ</span> <span class='ocrx_word' id='word_1_15' title='bbox 1465 204 1481 239; x_wconf 91' lang='grc' dir='ltr'><strong>ή</strong></span> <span class='ocrx_word' id='word_1_16' title='bbox 1502 204 1584 239; x_wconf 73' lang='grc' dir='ltr'>αὑτὴ,</span> <span class='ocrx_word' id='word_1_17' title='bbox 1601 203 1649 230; x_wconf 72' lang='grc' dir='ltr'><strong>καὶ</strong></span> <span class='ocrx_word' id='word_1_18' title='bbox 1663 202 1694 229; x_wconf 80' lang='grc' dir='ltr'>τὸ</span> <span class='ocrx_word' id='word_1_19' title='bbox 1709 202 1832 239; x_wconf 62' lang='grc' dir='ltr'>φθαρτὸν</span> 
     </span>
    </p>
   </div>
   <div class='ocr_carea' id='block_1_6' title="bbox 190 249 978 286">
    <p class='ocr_par' dir='ltr' id='par_1_6' title="bbox 190 249 978 286">
     <span class='ocr_line' id='line_1_6' title="bbox 190 249 978 286; baseline -0.006 -6"><span class='ocrx_word' id='word_1_20' title='bbox 190 251 392 286; x_wconf 73' lang='lat' dir='ltr'><strong>vespertilione,</strong></span> <span class='ocrx_word' id='word_1_21' title='bbox 409 258 422 276; x_wconf 85' lang='lat' dir='ltr'><strong>a</strong></span> <span class='ocrx_word' id='word_1_22' title='bbox 440 257 540 281; x_wconf 88' lang='lat' dir='ltr'><strong>verme,</strong></span> <span class='ocrx_word' id='word_1_23' title='bbox 558 256 572 275; x_wconf 72' lang='grc' dir='ltr'>τι</span> <span class='ocrx_word' id='word_1_24' title='bbox 589 256 654 276; x_wconf 89' lang='lat' dir='ltr'><strong>rana</strong></span> <span class='ocrx_word' id='word_1_25' title='bbox 677 249 797 277; x_wconf 68' lang='lat' dir='ltr'><strong>differre.</strong></span> <span class='ocrx_word' id='word_1_26' title='bbox 819 249 893 276; x_wconf 88' lang='lat' dir='ltr'><strong>Illius</strong></span> <span class='ocrx_word' id='word_1_27' title='bbox 905 250 978 276; x_wconf 87' lang='lat' dir='ltr'><strong>enim</strong></span> 
     </span>
    </p>
   </div>
   <div class='ocr_carea' id='block_1_7' title="bbox 190 294 980 326">
    <p class='ocr_par' dir='ltr' id='par_1_7' title="bbox 190 294 980 326">
     <span class='ocr_line' id='line_1_7' title="bbox 190 294 980 326; baseline -0.004 -3"><span class='ocrx_word' id='word_1_28' title='bbox 190 301 218 323; x_wconf 81' lang='lat' dir='ltr'><strong>et</strong></span> <span class='ocrx_word' id='word_1_29' title='bbox 233 297 345 323; x_wconf 90' lang='lat' dir='ltr'><strong>istorum</strong></span> <span class='ocrx_word' id='word_1_30' title='bbox 361 295 484 322; x_wconf 73' lang='lat' dir='ltr'><strong>eanidem</strong></span> <span class='ocrx_word' id='word_1_31' title='bbox 500 301 560 321; x_wconf 87' lang='lat' dir='ltr'><strong>esse</strong></span> <span class='ocrx_word' id='word_1_32' title='bbox 579 295 739 326; x_wconf 78' lang='lat' dir='ltr'><strong>materiam,</strong></span> <span class='ocrx_word' id='word_1_33' title='bbox 755 294 825 321; x_wconf 79' lang='lat' dir='ltr'><strong>idem</strong></span> <span class='ocrx_word' id='word_1_34' title='bbox 849 295 875 321; x_wconf 93' lang='lat' dir='ltr'><strong>in</strong></span> <span class='ocrx_word' id='word_1_35' title='bbox 898 295 940 322; x_wconf 87' lang='lat' dir='ltr'><strong>his</strong></span> <span class='ocrx_word' id='word_1_36' title='bbox 953 299 980 321; x_wconf 91' lang='lat' dir='ltr'><strong>et</strong></span> 
     </span>
    </p>
   </div>
   <div class='ocr_carea' id='block_1_8' title="bbox 191 339 979 375">
    <p class='ocr_par' dir='ltr' id='par_1_8' title="bbox 191 339 979 375">
     <span class='ocr_line' id='line_1_8' title="bbox 191 339 979 375; baseline -0.005 -6"><span class='ocrx_word' id='word_1_37' title='bbox 191 343 218 369; x_wconf 91' lang='lat' dir='ltr'><strong>in</strong></span> <span class='ocrx_word' id='word_1_38' title='bbox 234 342 280 368; x_wconf 94' lang='lat' dir='ltr'><strong>illo</strong></span> <span class='ocrx_word' id='word_1_39' title='bbox 295 348 356 369; x_wconf 87' lang='lat' dir='ltr'><strong>esse</strong></span> <span class='ocrx_word' id='word_1_40' title='bbox 368 340 549 374; x_wconf 82' lang='lat' dir='ltr'><strong>corruptionis</strong></span> <span class='ocrx_word' id='word_1_41' title='bbox 565 340 754 375; x_wconf 82' lang='lat' dir='ltr'><strong>principiuth</strong></span> <span class='ocrx_word' id='word_1_42' title='bbox 771 339 872 367; x_wconf 90' lang='lat' dir='ltr'><strong>Vellem</strong></span> <span class='ocrx_word' id='word_1_43' title='bbox 889 344 979 366; x_wconf 88' lang='lat' dir='ltr'><strong>tamen</strong></span> 
     </span>
    </p>
   </div>
   <div class='ocr_carea' id='block_1_9' title="bbox 192 385 981 422">
    <p class='ocr_par' dir='ltr' id='par_1_9' title="bbox 192 385 981 422">
     <span class='ocr_line' id='line_1_9' title="bbox 192 385 981 422; baseline -0.004 -8"><span class='ocrx_word' id='word_1_44' title='bbox 192 392 220 414; x_wconf 88' lang='lat' dir='ltr'><strong>ut</strong></span> <span class='ocrx_word' id='word_1_45' title='bbox 233 387 386 422; x_wconf 83' lang='lat' dir='ltr'><strong>quicunque</strong></span> <span class='ocrx_word' id='word_1_46' title='bbox 401 395 433 413; x_wconf 87' lang='lat' dir='ltr'><strong>ex</strong></span> <span class='ocrx_word' id='word_1_47' title='bbox 444 387 523 414; x_wconf 90' lang='lat' dir='ltr'><strong>Celso</strong></span> <span class='ocrx_word' id='word_1_48' title='bbox 530 390 691 420; x_wconf 78' lang='lat' dir='ltr'><strong>arroganter</strong></span> <span class='ocrx_word' id='word_1_49' title='bbox 704 385 897 412; x_wconf 85' lang='lat' dir='ltr'><strong>declamitante</strong></span> <span class='ocrx_word' id='word_1_50' title='bbox 906 385 981 412; x_wconf 89' lang='lat' dir='ltr'><strong>audit</strong></span> 
     </span>
    </p>
   </div>
   <div class='ocr_carea' id='block_1_10' title="bbox 191 431 978 468">
    <p class='ocr_par' dir='ltr' id='par_1_10' title="bbox 191 431 978 468">
     <span class='ocr_line' id='line_1_10' title="bbox 191 431 978 468; baseline -0.005 -7"><span class='ocrx_word' id='word_1_51' title='bbox 191 433 298 468; x_wconf 87' lang='lat' dir='ltr'><strong>Papisci</strong></span> <span class='ocrx_word' id='word_1_52' title='bbox 311 438 335 460; x_wconf 91' lang='lat' dir='ltr'><strong>et</strong></span> <span class='ocrx_word' id='word_1_53' title='bbox 350 432 457 461; x_wconf 84' lang='lat' dir='ltr'><strong>Jasouis</strong></span> <span class='ocrx_word' id='word_1_54' title='bbox 468 433 500 460; x_wconf 87' lang='lat' dir='ltr'><strong>de</strong></span> <span class='ocrx_word' id='word_1_55' title='bbox 511 432 618 459; x_wconf 75' lang='lat' dir='ltr'><strong>Christo</strong></span> <span class='ocrx_word' id='word_1_56' title='bbox 641 431 841 459; x_wconf 84' lang='lat' dir='ltr'><strong>contentionem</strong></span> <span class='ocrx_word' id='word_1_57' title='bbox 857 439 908 459; x_wconf 94' lang='lat' dir='ltr'><strong>non</strong></span> <span class='ocrx_word' id='word_1_58' title='bbox 923 432 978 459; x_wconf 88' lang='lat' dir='ltr'><strong>risu</strong></span> 
     </span>
    </p>
   </div>
   <div class='ocr_carea' id='block_1_11' title="bbox 191 467 980 512">
    <p class='ocr_par' dir='ltr' id='par_1_11' title="bbox 191 467 980 512">
     <span class='ocr_line' id='line_1_11' title="bbox 191 467 980 512; baseline -0.003 -7"><span class='ocrx_word' id='word_1_59' title='bbox 191 479 238 505; x_wconf 83' lang='lat' dir='ltr'><strong>sed</strong></span> <span class='ocrx_word' id='word_1_60' title='bbox 255 479 317 505; x_wconf 87' lang='lat' dir='ltr'><strong>odio</strong></span> <span class='ocrx_word' id='word_1_61' title='bbox 331 479 421 512; x_wconf 86' lang='lat' dir='ltr'><strong>potius</strong></span> <span class='ocrx_word' id='word_1_62' title='bbox 435 478 542 512; x_wconf 75' lang='lat' dir='ltr'><strong>dignam</strong></span> <span class='ocrx_word' id='word_1_63' title='bbox 568 485 638 508; x_wconf 86' lang='lat' dir='ltr'><strong>esse,</strong></span> <span class='ocrx_word' id='word_1_64' title='bbox 652 467 770 504; x_wconf 79' lang='lat' dir='ltr'><strong>libellum</strong></span> <span class='ocrx_word' id='word_1_65' title='bbox 788 478 861 504; x_wconf 91' lang='lat' dir='ltr'><strong>hunc</strong></span> <span class='ocrx_word' id='word_1_66' title='bbox 879 478 904 503; x_wconf 95' lang='lat' dir='ltr'><strong>in</strong></span> <span class='ocrx_word' id='word_1_67' title='bbox 922 485 980 503; x_wconf 86' lang='lat' dir='ltr'><strong>ma-</strong></span> 
     </span>
    </p>
   </div>
   <div class='ocr_carea' id='block_1_12' title="bbox 192 523 983 558">
    <p class='ocr_par' dir='ltr' id='par_1_12' title="bbox 192 523 983 558">
     <span class='ocr_line' id='line_1_12' title="bbox 192 523 983 558; baseline -0.001 -8"><span class='ocrx_word' id='word_1_68' title='bbox 192 531 244 551; x_wconf 87' lang='lat' dir='ltr'><strong>nus</strong></span> <span class='ocrx_word' id='word_1_69' title='bbox 258 528 390 556; x_wconf 88' lang='lat' dir='ltr'><strong>sumeret,</strong></span> <span class='ocrx_word' id='word_1_70' title='bbox 410 528 437 550; x_wconf 90' lang='lat' dir='ltr'><strong>et</strong></span> <span class='ocrx_word' id='word_1_71' title='bbox 457 531 515 557; x_wconf 77' lang='lat' dir='ltr'><strong>qua:</strong></span> <span class='ocrx_word' id='word_1_72' title='bbox 537 523 562 549; x_wconf 91' lang='lat' dir='ltr'><strong>in</strong></span> <span class='ocrx_word' id='word_1_73' title='bbox 584 523 628 550; x_wconf 93' lang='lat' dir='ltr'><strong>illo</strong></span> <span class='ocrx_word' id='word_1_74' title='bbox 643 523 800 550; x_wconf 88' lang='lat' dir='ltr'><strong>scribuntur</strong></span> <span class='ocrx_word' id='word_1_75' title='bbox 823 523 911 558; x_wconf 83' lang='lat' dir='ltr'><strong>legere</strong></span> <span class='ocrx_word' id='word_1_76' title='bbox 923 531 983 552; x_wconf 87' lang='lat' dir='ltr'><strong>sus-</strong></span> 
     </span>
    </p>
   </div>
   <div class='ocr_carea' id='block_1_13' title="bbox 192 569 982 604">
    <p class='ocr_par' dir='ltr' id='par_1_13' title="bbox 192 569 982 604">
     <span class='ocr_line' id='line_1_13' title="bbox 192 569 982 604; baseline -0.004 -5"><span class='ocrx_word' id='word_1_77' title='bbox 192 572 303 602; x_wconf 83' lang='lat' dir='ltr'><strong>tineret:</strong></span> <span class='ocrx_word' id='word_1_78' title='bbox 340 570 373 602; x_wconf 89' lang='lat' dir='ltr'><strong>is,</strong></span> <span class='ocrx_word' id='word_1_79' title='bbox 388 578 449 597; x_wconf 88' lang='lat' dir='ltr'><strong>eum</strong></span> <span class='ocrx_word' id='word_1_80' title='bbox 471 570 535 597; x_wconf 89' lang='lat' dir='ltr'><strong>nihil</strong></span> <span class='ocrx_word' id='word_1_81' title='bbox 554 571 580 597; x_wconf 90' lang='lat' dir='ltr'><strong>in</strong></span> <span class='ocrx_word' id='word_1_82' title='bbox 595 569 639 597; x_wconf 88' lang='lat' dir='ltr'><strong>illo</strong></span> <span class='ocrx_word' id='word_1_83' title='bbox 650 569 752 604; x_wconf 88' lang='lat' dir='ltr'><strong>scripto</strong></span> <span class='ocrx_word' id='word_1_84' title='bbox 767 569 901 596; x_wconf 86' lang='lat' dir='ltr'><strong>inveniret</strong></span> <span class='ocrx_word' id='word_1_85' title='bbox 917 569 982 596; x_wconf 87' lang='lat' dir='ltr'><strong>odio</strong></span> 
     </span>
    </p>
   </div>
   <div class='ocr_carea' id='block_1_14' title="bbox 193 614 983 650">
    <p class='ocr_par' dir='ltr' id='par_1_14' title="bbox 193 614 983 650">
     <span class='ocr_line' id='line_1_14' title="bbox 193 614 983 650; baseline 0.001 -8"><span class='ocrx_word' id='word_1_86' title='bbox 193 615 317 650; x_wconf 78' lang='lat' dir='ltr'><strong>dignum,</strong></span> <span class='ocrx_word' id='word_1_87' title='bbox 334 615 442 643; x_wconf 81' lang='lat' dir='ltr'><strong>Celsum</strong></span> <span class='ocrx_word' id='word_1_88' title='bbox 462 617 556 650; x_wconf 81' lang='lat' dir='ltr'><strong>utique</strong></span> <span class='ocrx_word' id='word_1_89' title='bbox 569 616 722 643; x_wconf 79' lang='lat' dir='ltr'><strong>damnaret.</strong></span> <span class='ocrx_word' id='word_1_90' title='bbox 739 614 830 650; x_wconf 82' lang='lat' dir='ltr'><strong>Neque</strong></span> <span class='ocrx_word' id='word_1_91' title='bbox 843 616 925 643; x_wconf 89' lang='lat' dir='ltr'><strong>etiam</strong></span> <span class='ocrx_word' id='word_1_92' title='bbox 946 615 983 643; x_wconf 94' lang='lat' dir='ltr'><strong>illi</strong></span> 
     </span>
    </p>
   </div>
   <div class='ocr_carea' id='block_1_15' title="bbox 194 661 982 696">
    <p class='ocr_par' dir='ltr' id='par_1_15' title="bbox 194 661 982 696">
     <span class='ocr_line' id='line_1_15' title="bbox 194 661 982 696; baseline 0.001 -9"><span class='ocrx_word' id='word_1_93' title='bbox 194 661 277 687; x_wconf 88' lang='lat' dir='ltr'><strong>risum</strong></span> <span class='ocrx_word' id='word_1_94' title='bbox 294 662 423 694; x_wconf 81' lang='lat' dir='ltr'><strong>movebit,</strong></span> <span class='ocrx_word' id='word_1_95' title='bbox 441 662 486 696; x_wconf 90' lang='lat' dir='ltr'><strong>qui</strong></span> <span class='ocrx_word' id='word_1_96' title='bbox 507 662 593 689; x_wconf 72' lang='lat' dir='ltr'><strong>lil&#39;cro</strong></span> <span class='ocrx_word' id='word_1_97' title='bbox 617 661 719 695; x_wconf 76' lang='lat' dir='ltr'><strong>judicio</strong></span> <span class='ocrx_word' id='word_1_98' title='bbox 742 661 819 688; x_wconf 90' lang='lat' dir='ltr'><strong>illum</strong></span> <span class='ocrx_word' id='word_1_99' title='bbox 839 661 982 688; x_wconf 82' lang='lat' dir='ltr'><strong>evolvcrit.</strong></span> 
     </span>
    </p>
   </div>
   <div class='ocr_carea' id='block_1_16' title="bbox 196 705 983 735">
    <p class='ocr_par' dir='ltr' id='par_1_16' title="bbox 196 705 983 735">
     <span class='ocr_line' id='line_1_16' title="bbox 196 705 983 735; baseline 0.004 -3"><span class='ocrx_word' id='word_1_100' title='bbox 196 705 234 732; x_wconf 78' lang='lat' dir='ltr'><strong>ibi</strong></span> <span class='ocrx_word' id='word_1_101' title='bbox 247 706 321 733; x_wconf 90' lang='lat' dir='ltr'><strong>enim</strong></span> <span class='ocrx_word' id='word_1_102' title='bbox 338 706 508 734; x_wconf 78' lang='lat' dir='ltr'><strong>Christianus</strong></span> <span class='ocrx_word' id='word_1_103' title='bbox 523 715 582 735; x_wconf 89' lang='lat' dir='ltr'><strong>cum</strong></span> <span class='ocrx_word' id='word_1_104' title='bbox 596 707 687 734; x_wconf 70' lang='lat' dir='ltr'><strong>Judmn</strong></span> <span class='ocrx_word' id='word_1_105' title='bbox 703 707 840 735; x_wconf 81' lang='lat' dir='ltr'><strong>disserens</strong></span> <span class='ocrx_word' id='word_1_106' title='bbox 869 708 983 735; x_wconf 90' lang='lat' dir='ltr'><strong>demon-</strong></span> 
     </span>
    </p>
   </div>
   <div class='ocr_carea' id='block_1_17' title="bbox 194 751 981 786">
    <p class='ocr_par' dir='ltr' id='par_1_17' title="bbox 194 751 981 786">
     <span class='ocr_line' id='line_1_17' title="bbox 194 751 981 786; baseline 0.004 -9"><span class='ocrx_word' id='word_1_107' title='bbox 194 755 263 778; x_wconf 88' lang='lat' dir='ltr'><strong>strat</strong></span> <span class='ocrx_word' id='word_1_108' title='bbox 278 759 309 779; x_wconf 79' lang='lat' dir='ltr'><strong>ex</strong></span> <span class='ocrx_word' id='word_1_109' title='bbox 325 751 445 779; x_wconf 78' lang='lat' dir='ltr'><strong>Judaicis</strong></span> <span class='ocrx_word' id='word_1_110' title='bbox 460 752 608 786; x_wconf 82' lang='lat' dir='ltr'><strong>Scripturis</strong></span> <span class='ocrx_word' id='word_1_111' title='bbox 627 752 755 780; x_wconf 88' lang='lat' dir='ltr'><strong>vaticinia</strong></span> <span class='ocrx_word' id='word_1_112' title='bbox 774 753 806 780; x_wconf 94' lang='lat' dir='ltr'><strong>de</strong></span> <span class='ocrx_word' id='word_1_113' title='bbox 824 753 933 780; x_wconf 79' lang='lat' dir='ltr'><strong>Christo</strong></span> <span class='ocrx_word' id='word_1_114' title='bbox 949 753 981 780; x_wconf 82' lang='lat' dir='ltr'><strong>ad</strong></span> 
     </span>
    </p>
   </div>
   <div class='ocr_carea' id='block_1_18' title="bbox 191 784 1019 832">
    <p class='ocr_par' dir='ltr' id='par_1_18' title="bbox 191 784 1019 832">
     <span class='ocr_line' id='line_1_18' title="bbox 191 784 1019 832; baseline 0.002 -9"><span class='ocrx_word' id='word_1_115' title='bbox 191 796 285 824; x_wconf 81' lang='lat' dir='ltr'><strong>Jesum</strong></span> <span class='ocrx_word' id='word_1_116' title='bbox 306 798 456 831; x_wconf 76' lang='lat' dir='ltr'><strong>pertinere,</strong></span> <span class='ocrx_word' id='word_1_117' title='bbox 479 805 634 832; x_wconf 80' lang='lat' dir='ltr'><strong>quanquam</strong></span> <span class='ocrx_word' id='word_1_118' title='bbox 666 803 777 826; x_wconf 86' lang='lat' dir='ltr'><strong>strenue</strong></span> <span class='ocrx_word' id='word_1_119' title='bbox 807 799 983 826; x_wconf 56' lang='lat' dir='ltr'><strong>advertaritts</strong></span> <span class='ocrx_word' id='word_1_120' title='bbox 999 784 1019 810; x_wconf 79' lang='grc' dir='ltr'><strong>Β</strong></span> 
     </span>
    </p>
   </div>
   <div class='ocr_carea' id='block_1_19' title="bbox 195 843 982 879">
    <p class='ocr_par' dir='ltr' id='par_1_19' title="bbox 195 843 982 879">
     <span class='ocr_line' id='line_1_19' title="bbox 195 843 982 879; baseline 0.003 -10"><span class='ocrx_word' id='word_1_121' title='bbox 195 843 365 870; x_wconf 77' lang='lat' dir='ltr'><strong>contradicat</strong></span> <span class='ocrx_word' id='word_1_122' title='bbox 394 850 594 877; x_wconf 82' lang='lat' dir='ltr'><strong>personamque</strong></span> <span class='ocrx_word' id='word_1_123' title='bbox 610 843 749 872; x_wconf 78' lang='lat' dir='ltr'><strong>Judaicam</strong></span> <span class='ocrx_word' id='word_1_124' title='bbox 763 844 875 879; x_wconf 87' lang='lat' dir='ltr'><strong>pulchre</strong></span> <span class='ocrx_word' id='word_1_125' title='bbox 902 845 982 872; x_wconf 87' lang='lat' dir='ltr'><strong>susti-</strong></span> 
     </span>
    </p>
   </div>
   <div class='ocr_carea' id='block_1_20' title="bbox 195 891 268 914">
    <p class='ocr_par' dir='ltr' id='par_1_20' title="bbox 195 891 268 914">
     <span class='ocr_line' id='line_1_20' title="bbox 195 891 268 914; baseline -0.014 0"><span class='ocrx_word' id='word_1_126' title='bbox 195 891 268 914; x_wconf 73' lang='lat' dir='ltr'><strong>&quot;CM.</strong></span> 
     </span>
    </p>
   </div>
   <div class='ocr_carea' id='block_1_21' title="bbox 229 932 984 969">
    <p class='ocr_par' dir='ltr' id='par_1_21' title="bbox 229 932 984 969">
     <span class='ocr_line' id='line_1_21' title="bbox 229 932 984 969; baseline 0.004 -10"><span class='ocrx_word' id='word_1_127' title='bbox 229 932 275 961; x_wconf 79' lang='grc'><strong>55.</strong></span> <span class='ocrx_word' id='word_1_128' title='bbox 287 933 418 961; x_wconf 72' lang='lat' dir='ltr'><strong>Caeterum</strong></span> <span class='ocrx_word' id='word_1_129' title='bbox 435 935 528 962; x_wconf 91' lang='lat' dir='ltr'><strong>nescio</strong></span> <span class='ocrx_word' id='word_1_130' title='bbox 542 935 676 969; x_wconf 84' lang='lat' dir='ltr'><strong>quomodo</strong></span> <span class='ocrx_word' id='word_1_131' title='bbox 692 935 786 962; x_wconf 85' lang='lat' dir='ltr'><strong>Celsus</strong></span> <span class='ocrx_word' id='word_1_132' title='bbox 801 935 853 962; x_wconf 89' lang='lat' dir='ltr'><strong>dno</strong></span> <span class='ocrx_word' id='word_1_133' title='bbox 872 935 984 969; x_wconf 90' lang='lat' dir='ltr'><strong>conjun-</strong></span> 
     </span>
    </p>
   </div>
   <div class='ocr_carea' id='block_1_22' title="bbox 194 980 983 1016">
    <p class='ocr_par' dir='ltr' id='par_1_22' title="bbox 194 980 983 1016">
     <span class='ocr_line' id='line_1_22' title="bbox 194 980 983 1016; baseline 0.005 -12"><span class='ocrx_word' id='word_1_134' title='bbox 194 985 260 1013; x_wconf 73' lang='lat' dir='ltr'><strong>gens</strong></span> <span class='ocrx_word' id='word_1_135' title='bbox 271 987 330 1014; x_wconf 66' lang='lat' dir='ltr'><strong>qua:</strong></span> <span class='ocrx_word' id='word_1_136' title='bbox 348 980 487 1007; x_wconf 79' lang='lat' dir='ltr'><strong>misturam</strong></span> <span class='ocrx_word' id='word_1_137' title='bbox 505 988 557 1007; x_wconf 90' lang='lat' dir='ltr'><strong>non</strong></span> <span class='ocrx_word' id='word_1_138' title='bbox 574 980 687 1012; x_wconf 77' lang='lat' dir='ltr'><strong>faciunt,</strong></span> <span class='ocrx_word' id='word_1_139' title='bbox 706 989 756 1008; x_wconf 90' lang='lat' dir='ltr'><strong>nec</strong></span> <span class='ocrx_word' id='word_1_140' title='bbox 769 986 833 1008; x_wconf 89' lang='lat' dir='ltr'><strong>sunt</strong></span> <span class='ocrx_word' id='word_1_141' title='bbox 848 981 983 1016; x_wconf 83' lang='lat' dir='ltr'><strong>ejusmodi</strong></span> 
     </span>
    </p>
   </div>
   <div class='ocr_carea' id='block_1_23' title="bbox 194 1025 983 1060">
    <p class='ocr_par' dir='ltr' id='par_1_23' title="bbox 194 1025 983 1060">
     <span class='ocr_line' id='line_1_23' title="bbox 194 1025 983 1060; baseline 0.005 -10"><span class='ocrx_word' id='word_1_142' title='bbox 194 1029 223 1050; x_wconf 93' lang='lat' dir='ltr'><strong>ut</strong></span> <span class='ocrx_word' id='word_1_143' title='bbox 240 1025 265 1051; x_wconf 96' lang='lat' dir='ltr'><strong>in</strong></span> <span class='ocrx_word' id='word_1_144' title='bbox 283 1025 427 1052; x_wconf 83' lang='lat' dir='ltr'><strong>humanam</strong></span> <span class='ocrx_word' id='word_1_145' title='bbox 446 1030 569 1053; x_wconf 83' lang='lat' dir='ltr'><strong>naturam</strong></span> <span class='ocrx_word' id='word_1_146' title='bbox 582 1026 673 1053; x_wconf 81' lang='lat' dir='ltr'><strong>&#39;simul</strong></span> <span class='ocrx_word' id='word_1_147' title='bbox 700 1028 849 1054; x_wconf 84' lang='lat' dir='ltr'><strong>convenire</strong></span> <span class='ocrx_word' id='word_1_148' title='bbox 872 1032 983 1060; x_wconf 88' lang='lat' dir='ltr'><strong>qucattt,</strong></span> 
     </span>
    </p>
   </div>
   <div class='ocr_carea' id='block_1_24' title="bbox 194 1070 984 1107">
    <p class='ocr_par' dir='ltr' id='par_1_24' title="bbox 194 1070 984 1107">
     <span class='ocr_line' id='line_1_24' title="bbox 194 1070 984 1107; baseline 0.005 -11"><span class='ocrx_word' id='word_1_149' title='bbox 194 1070 313 1098; x_wconf 80' lang='lat' dir='ltr'><strong>libellum</strong></span> <span class='ocrx_word' id='word_1_150' title='bbox 335 1071 414 1098; x_wconf 66' lang='lat' dir='ltr'><strong>istum</strong></span> <span class='ocrx_word' id='word_1_151' title='bbox 438 1072 527 1098; x_wconf 88' lang='lat' dir='ltr'><strong>dicere</strong></span> <span class='ocrx_word' id='word_1_152' title='bbox 553 1072 670 1107; x_wconf 85' lang='lat' dir='ltr'><strong>potuerit</strong></span> <span class='ocrx_word' id='word_1_153' title='bbox 687 1073 749 1099; x_wconf 89' lang='lat' dir='ltr'><strong>odio</strong></span> <span class='ocrx_word' id='word_1_154' title='bbox 775 1080 836 1100; x_wconf 86' lang='lat' dir='ltr'><strong>esse</strong></span> <span class='ocrx_word' id='word_1_155' title='bbox 857 1078 885 1100; x_wconf 86' lang='lat' dir='ltr'><strong>et</strong></span> <span class='ocrx_word' id='word_1_156' title='bbox 901 1073 984 1100; x_wconf 91' lang='lat' dir='ltr'><strong>mise-</strong></span> 
     </span>
    </p>
   </div>
   <div class='ocr_carea' id='block_1_25' title="bbox 195 1117 985 1154">
    <p class='ocr_par' dir='ltr' id='par_1_25' title="bbox 195 1117 985 1154">
     <span class='ocr_line' id='line_1_25' title="bbox 195 1117 985 1154; baseline 0.005 -11"><span class='ocrx_word' id='word_1_157' title='bbox 195 1117 298 1144; x_wconf 78' lang='lat' dir='ltr'><strong>ratione</strong></span> <span class='ocrx_word' id='word_1_158' title='bbox 310 1119 428 1153; x_wconf 81' lang='lat' dir='ltr'><strong>dignum.</strong></span> <span class='ocrx_word' id='word_1_159' title='bbox 441 1117 524 1146; x_wconf 82' lang='lat' dir='ltr'><strong>Nemo</strong></span> <span class='ocrx_word' id='word_1_160' title='bbox 540 1119 611 1146; x_wconf 89' lang='lat' dir='ltr'><strong>enim</strong></span> <span class='ocrx_word' id='word_1_161' title='bbox 624 1127 675 1146; x_wconf 88' lang='lat' dir='ltr'><strong>non</strong></span> <span class='ocrx_word' id='word_1_162' title='bbox 693 1119 833 1152; x_wconf 79' lang='lat' dir='ltr'><strong>fatebitur,</strong></span> <span class='ocrx_word' id='word_1_163' title='bbox 847 1119 909 1146; x_wconf 87' lang='lat' dir='ltr'><strong>dum</strong></span> <span class='ocrx_word' id='word_1_164' title='bbox 924 1121 985 1154; x_wconf 91' lang='lat' dir='ltr'><strong>quis</strong></span> 
     </span>
    </p>
   </div>
   <div class='ocr_carea' id='block_1_26' title="bbox 195 1163 984 1198">
    <p class='ocr_par' dir='ltr' id='par_1_26' title="bbox 195 1163 984 1198">
     <span class='ocr_line' id='line_1_26' title="bbox 195 1163 984 1198; baseline 0.005 -10"><span class='ocrx_word' id='word_1_165' title='bbox 195 1163 361 1191; x_wconf 77' lang='lat' dir='ltr'><strong>miserationi</strong></span> <span class='ocrx_word' id='word_1_166' title='bbox 377 1169 428 1198; x_wconf 91' lang='lat' dir='ltr'><strong>est,</strong></span> <span class='ocrx_word' id='word_1_167' title='bbox 443 1172 504 1192; x_wconf 91' lang='lat' dir='ltr'><strong>eum</strong></span> <span class='ocrx_word' id='word_1_168' title='bbox 521 1165 583 1193; x_wconf 88' lang='lat' dir='ltr'><strong>odio</strong></span> <span class='ocrx_word' id='word_1_169' title='bbox 601 1174 652 1192; x_wconf 90' lang='lat' dir='ltr'><strong>non</strong></span> <span class='ocrx_word' id='word_1_170' title='bbox 669 1166 773 1197; x_wconf 83' lang='lat' dir='ltr'><strong>haberi,</strong></span> <span class='ocrx_word' id='word_1_171' title='bbox 793 1174 842 1194; x_wconf 88' lang='lat' dir='ltr'><strong>nec</strong></span> <span class='ocrx_word' id='word_1_172' title='bbox 869 1167 984 1193; x_wconf 83' lang='lat' dir='ltr'><strong>misera-</strong></span> 
     </span>
    </p>
   </div>
   <div class='ocr_carea' id='block_1_27' title="bbox 197 1209 985 1245">
    <p class='ocr_par' dir='ltr' id='par_1_27' title="bbox 197 1209 985 1245">
     <span class='ocr_line' id='line_1_27' title="bbox 197 1209 985 1245; baseline 0.004 -10"><span class='ocrx_word' id='word_1_173' title='bbox 197 1209 262 1236; x_wconf 91' lang='lat' dir='ltr'><strong>tioni</strong></span> <span class='ocrx_word' id='word_1_174' title='bbox 278 1218 340 1238; x_wconf 69' lang='lat' dir='ltr'><strong>esse</strong></span> <span class='ocrx_word' id='word_1_175' title='bbox 358 1218 533 1245; x_wconf 87' lang='lat' dir='ltr'><strong>quemquam,</strong></span> <span class='ocrx_word' id='word_1_176' title='bbox 560 1212 623 1238; x_wconf 87' lang='lat' dir='ltr'><strong>dum</strong></span> <span class='ocrx_word' id='word_1_177' title='bbox 649 1213 711 1240; x_wconf 89' lang='lat' dir='ltr'><strong>odio</strong></span> <span class='ocrx_word' id='word_1_178' title='bbox 736 1214 860 1240; x_wconf 88' lang='lat' dir='ltr'><strong>habetur.</strong></span> <span class='ocrx_word' id='word_1_179' title='bbox 888 1211 985 1240; x_wconf 85' lang='lat' dir='ltr'><strong>Celsus</strong></span> 
     </span>
    </p>
   </div>
   <div class='ocr_carea' id='block_1_28' title="bbox 196 1256 983 1292">
    <p class='ocr_par' dir='ltr' id='par_1_28' title="bbox 196 1256 983 1292">
     <span class='ocr_line' id='line_1_28' title="bbox 196 1256 983 1292; baseline 0.005 -10"><span class='ocrx_word' id='word_1_180' title='bbox 196 1263 260 1282; x_wconf 88' lang='lat' dir='ltr'><strong>vero</strong></span> <span class='ocrx_word' id='word_1_181' title='bbox 275 1256 334 1283; x_wconf 87' lang='lat' dir='ltr'><strong>ideo</strong></span> <span class='ocrx_word' id='word_1_182' title='bbox 348 1262 427 1291; x_wconf 84' lang='lat' dir='ltr'><strong>negat</strong></span> <span class='ocrx_word' id='word_1_183' title='bbox 440 1258 491 1284; x_wconf 86' lang='lat' dir='ltr'><strong>sibi</strong></span> <span class='ocrx_word' id='word_1_184' title='bbox 510 1259 677 1292; x_wconf 87' lang='lat' dir='ltr'><strong>propositum</strong></span> <span class='ocrx_word' id='word_1_185' title='bbox 694 1266 754 1286; x_wconf 80' lang='lat' dir='ltr'><strong>esse</strong></span> <span class='ocrx_word' id='word_1_186' title='bbox 772 1258 815 1285; x_wconf 81' lang='lat' dir='ltr'><strong>illa</strong></span> <span class='ocrx_word' id='word_1_187' title='bbox 831 1259 983 1291; x_wconf 79' lang='lat' dir='ltr'><strong>canl&#39;utare,</strong></span> 
     </span>
    </p>
   </div>
   <div class='ocr_carea' id='block_1_29' title="bbox 195 1302 983 1338">
    <p class='ocr_par' dir='ltr' id='par_1_29' title="bbox 195 1302 983 1338">
     <span class='ocr_line' id='line_1_29' title="bbox 195 1302 983 1338; baseline 0.003 -10"><span class='ocrx_word' id='word_1_188' title='bbox 195 1302 267 1337; x_wconf 93' lang='lat' dir='ltr'><strong>quod</strong></span> <span class='ocrx_word' id='word_1_189' title='bbox 280 1308 372 1329; x_wconf 87' lang='lat' dir='ltr'><strong>eorum</strong></span> <span class='ocrx_word' id='word_1_190' title='bbox 387 1303 582 1330; x_wconf 84' lang='lat' dir='ltr'><strong>absurditatem</strong></span> <span class='ocrx_word' id='word_1_191' title='bbox 595 1309 688 1338; x_wconf 87' lang='lat' dir='ltr'><strong>patere</strong></span> <span class='ocrx_word' id='word_1_192' title='bbox 697 1304 823 1331; x_wconf 89' lang='lat' dir='ltr'><strong>onmibus</strong></span> <span class='ocrx_word' id='word_1_193' title='bbox 835 1304 983 1336; x_wconf 76' lang='lat' dir='ltr'><strong>existimet,</strong></span> 
     </span>
    </p>
   </div>
   <div class='ocr_carea' id='block_1_30' title="bbox 197 1348 985 1384">
    <p class='ocr_par' dir='ltr' id='par_1_30' title="bbox 197 1348 985 1384">
     <span class='ocr_line' id='line_1_30' title="bbox 197 1348 985 1384; baseline 0.004 -10"><span class='ocrx_word' id='word_1_194' title='bbox 197 1348 355 1383; x_wconf 87' lang='lat' dir='ltr'><strong>mdlumque</strong></span> <span class='ocrx_word' id='word_1_195' title='bbox 365 1356 416 1375; x_wconf 87' lang='lat' dir='ltr'><strong>non</strong></span> <span class='ocrx_word' id='word_1_196' title='bbox 425 1348 526 1381; x_wconf 86' lang='lat' dir='ltr'><strong>videre,</strong></span> <span class='ocrx_word' id='word_1_197' title='bbox 539 1349 580 1376; x_wconf 86' lang='lat' dir='ltr'><strong>vel</strong></span> <span class='ocrx_word' id='word_1_198' title='bbox 590 1355 735 1384; x_wconf 76' lang='lat' dir='ltr'><strong>antequam</strong></span> <span class='ocrx_word' id='word_1_199' title='bbox 746 1351 897 1377; x_wconf 82' lang='lat' dir='ltr'><strong>rationibus</strong></span> <span class='ocrx_word' id='word_1_200' title='bbox 907 1350 985 1377; x_wconf 74' lang='lat' dir='ltr'><strong>refel-</strong></span> 
     </span>
    </p>
   </div>
   <div class='ocr_carea' id='block_1_31' title="bbox 199 1393 986 1431">
    <p class='ocr_par' dir='ltr' id='par_1_31' title="bbox 199 1393 986 1431">
     <span class='ocr_line' id='line_1_31' title="bbox 199 1393 986 1431; baseline 0.003 -11"><span class='ocrx_word' id='word_1_201' title='bbox 199 1393 391 1429; x_wconf 82' lang='lat' dir='ltr'><strong>lantur,quam</strong></span> <span class='ocrx_word' id='word_1_202' title='bbox 413 1395 695 1422; x_wconf 89' lang='lat' dir='ltr'><strong>miserationeetodio</strong></span> <span class='ocrx_word' id='word_1_203' title='bbox 711 1395 792 1431; x_wconf 67' lang='lat' dir='ltr'><strong>digna</strong></span> <span class='ocrx_word' id='word_1_204' title='bbox 810 1395 874 1423; x_wconf 91' lang='lat' dir='ltr'><strong>sint.</strong></span> <span class='ocrx_word' id='word_1_205' title='bbox 887 1395 986 1422; x_wconf 87' lang='lat' dir='ltr'><strong>Horta-</strong></span> 
     </span>
    </p>
   </div>
   <div class='ocr_carea' id='block_1_32' title="bbox 1030 249 1834 286">
    <p class='ocr_par' dir='ltr' id='par_1_32' title="bbox 1030 249 1834 286">
     <span class='ocr_line' id='line_1_32' title="bbox 1030 249 1834 286; baseline -0.001 -9"><span class='ocrx_word' id='word_1_206' title='bbox 1030 251 1119 277; x_wconf 81' lang='grc' dir='ltr'>αὐτῶν</span> <span class='ocrx_word' id='word_1_207' title='bbox 1133 251 1236 286; x_wconf 84' lang='grc' dir='ltr'>ὅμοιον.</span> <span class='ocrx_word' id='word_1_208' title='bbox 1259 260 1267 276; x_wconf 78' lang='grc' dir='ltr'><strong>ι</strong></span> <span class='ocrx_word' id='word_1_209' title='bbox 1281 251 1363 277; x_wconf 83' lang='grc' dir='ltr'>Οὐδὲν</span> <span class='ocrx_word' id='word_1_210' title='bbox 1378 251 1399 277; x_wconf 82' lang='grc' dir='ltr'><strong>δ’</strong></span> <span class='ocrx_word' id='word_1_211' title='bbox 1418 249 1498 285; x_wconf 85' lang='grc' dir='ltr'>ἦττον</span> <span class='ocrx_word' id='word_1_212' title='bbox 1514 250 1666 285; x_wconf 75' lang='grc' dir='ltr'>ἐϐουλόμην</span> <span class='ocrx_word' id='word_1_213' title='bbox 1687 249 1772 276; x_wconf 67' lang='grc' dir='ltr'>πάνθ’</span> <span class='ocrx_word' id='word_1_214' title='bbox 1791 250 1834 276; x_wconf 75' lang='grc' dir='ltr'><strong>ὁν-</strong></span> 
     </span>
    </p>
   </div>
   <div class='ocr_carea' id='block_1_33' title="bbox 1030 295 1830 330">
    <p class='ocr_par' dir='ltr' id='par_1_33' title="bbox 1030 295 1830 330">
     <span class='ocr_line' id='line_1_33' title="bbox 1030 295 1830 330; baseline -0.003 -7"><span class='ocrx_word' id='word_1_215' title='bbox 1030 297 1119 324; x_wconf 79' lang='grc' dir='ltr'>τινοῦν</span> <span class='ocrx_word' id='word_1_216' title='bbox 1132 317 1139 328; x_wconf 88' lang='grc'><strong>,</strong></span> <span class='ocrx_word' id='word_1_217' title='bbox 1157 297 1311 324; x_wconf 82' lang='grc' dir='ltr'>ἀκούσαντα</span> <span class='ocrx_word' id='word_1_218' title='bbox 1331 296 1544 330; x_wconf 85' lang='grc' dir='ltr'>δεινολογοῦντος</span> <span class='ocrx_word' id='word_1_219' title='bbox 1562 296 1684 327; x_wconf 82' lang='grc' dir='ltr'>Κέλσου,</span> <span class='ocrx_word' id='word_1_220' title='bbox 1707 295 1756 322; x_wconf 78' lang='grc' dir='ltr'><strong>καὶ</strong></span> <span class='ocrx_word' id='word_1_221' title='bbox 1780 296 1830 329; x_wconf 68' lang='grc' dir='ltr'><strong>φά-</strong></span> 
     </span>
    </p>
   </div>
   <div class='ocr_carea' id='block_1_34' title="bbox 1033 341 1832 378">
    <p class='ocr_par' dir='ltr' id='par_1_34' title="bbox 1033 341 1832 378">
     <span class='ocr_line' id='line_1_34' title="bbox 1033 341 1832 378; baseline -0.004 -9"><span class='ocrx_word' id='word_1_222' title='bbox 1033 351 1141 374; x_wconf 86' lang='grc' dir='ltr'>σκοντος</span> <span class='ocrx_word' id='word_1_223' title='bbox 1157 343 1186 369; x_wconf 85' lang='grc' dir='ltr'>τὸ</span> <span class='ocrx_word' id='word_1_224' title='bbox 1200 342 1436 378; x_wconf 72' lang='grc' dir='ltr'><strong>ἐπιγεγραμμένον</strong></span> <span class='ocrx_word' id='word_1_225' title='bbox 1452 342 1631 377; x_wconf 80' lang='grc' dir='ltr'>σύγγραμμα,</span> <span class='ocrx_word' id='word_1_226' title='bbox 1649 341 1770 372; x_wconf 80' lang='grc' dir='ltr'>Ἰάσονος</span> <span class='ocrx_word' id='word_1_227' title='bbox 1787 341 1832 367; x_wconf 60' lang='grc' dir='ltr'>καὶ</span> 
     </span>
    </p>
   </div>
   <div class='ocr_carea' id='block_1_35' title="bbox 1032 386 1834 423">
    <p class='ocr_par' dir='ltr' id='par_1_35' title="bbox 1032 386 1834 423">
     <span class='ocr_line' id='line_1_35' title="bbox 1032 386 1834 423; baseline -0.005 -8"><span class='ocrx_word' id='word_1_228' title='bbox 1032 389 1172 415; x_wconf 75' lang='grc' dir='ltr'>Παπίσκου</span> <span class='ocrx_word' id='word_1_229' title='bbox 1184 389 1336 423; x_wconf 72' lang='grc' dir='ltr'><strong>ἀντιλογίαν</strong></span> <span class='ocrx_word' id='word_1_230' title='bbox 1352 389 1414 423; x_wconf 75' lang='grc' dir='ltr'>περὶ</span> <span class='ocrx_word' id='word_1_231' title='bbox 1433 387 1560 423; x_wconf 78' lang='grc' dir='ltr'>Χριστοῦ,</span> <span class='ocrx_word' id='word_1_232' title='bbox 1574 388 1604 413; x_wconf 80' lang='grc' dir='ltr'><strong>οὺ</strong></span> <span class='ocrx_word' id='word_1_233' title='bbox 1615 387 1745 420; x_wconf 75' lang='grc' dir='ltr'><strong>γέλωτος,</strong></span> <span class='ocrx_word' id='word_1_234' title='bbox 1762 386 1834 412; x_wconf 71' lang='grc' dir='ltr'>ἀλλὰ</span> 
     </span>
    </p>
   </div>
   <div class='ocr_carea' id='block_1_36' title="bbox 1034 432 1834 469">
    <p class='ocr_par' dir='ltr' id='par_1_36' title="bbox 1034 432 1834 469">
     <span class='ocr_line' id='line_1_36' title="bbox 1034 432 1834 469; baseline -0.004 -9"><span class='ocrx_word' id='word_1_235' title='bbox 1034 434 1129 469; x_wconf 85' lang='grc' dir='ltr'>μίσους</span> <span class='ocrx_word' id='word_1_236' title='bbox 1143 433 1216 466; x_wconf 79' lang='grc' dir='ltr'>ἄξιον</span> <span class='ocrx_word' id='word_1_237' title='bbox 1233 432 1311 466; x_wconf 79' lang='grc' dir='ltr'>εἶναι,</span> <span class='ocrx_word' id='word_1_238' title='bbox 1328 433 1418 460; x_wconf 75' lang='grc' dir='ltr'>λαϐεῖν</span> <span class='ocrx_word' id='word_1_239' title='bbox 1438 434 1476 464; x_wconf 82' lang='grc' dir='ltr'><strong>εἰς</strong></span> <span class='ocrx_word' id='word_1_240' title='bbox 1489 434 1581 468; x_wconf 85' lang='grc' dir='ltr'>χεῖρας</span> <span class='ocrx_word' id='word_1_241' title='bbox 1597 432 1627 458; x_wconf 69' lang='grc' dir='ltr'>τὸ</span> <span class='ocrx_word' id='word_1_242' title='bbox 1642 432 1834 466; x_wconf 75' lang='grc' dir='ltr'>συγγραμμά-</span> 
     </span>
    </p>
   </div>
   <div class='ocr_carea' id='block_1_37' title="bbox 1032 477 1834 514">
    <p class='ocr_par' dir='ltr' id='par_1_37' title="bbox 1032 477 1834 514">
     <span class='ocr_line' id='line_1_37' title="bbox 1032 477 1834 514; baseline -0.005 -8"><span class='ocrx_word' id='word_1_243' title='bbox 1032 488 1099 510; x_wconf 82' lang='grc' dir='ltr'>τιον,</span> <span class='ocrx_word' id='word_1_244' title='bbox 1117 481 1163 506; x_wconf 82' lang='grc' dir='ltr'>καὶ</span> <span class='ocrx_word' id='word_1_245' title='bbox 1185 480 1328 514; x_wconf 74' lang='grc' dir='ltr'>ὑπομεῖναι</span> <span class='ocrx_word' id='word_1_246' title='bbox 1352 479 1398 506; x_wconf 77' lang='grc' dir='ltr'><strong>καὶ</strong></span> <span class='ocrx_word' id='word_1_247' title='bbox 1417 479 1580 514; x_wconf 79' lang='grc' dir='ltr'>ἀνασχέσθαι</span> <span class='ocrx_word' id='word_1_248' title='bbox 1592 477 1709 504; x_wconf 74' lang='grc' dir='ltr'>ἀκοῦσαι</span> <span class='ocrx_word' id='word_1_249' title='bbox 1725 477 1781 503; x_wconf 80' lang='grc' dir='ltr'><strong>τῶν</strong></span> <span class='ocrx_word' id='word_1_250' title='bbox 1804 478 1834 503; x_wconf 80' lang='grc' dir='ltr'><strong>ἐν</strong></span> 
     </span>
    </p>
   </div>
   <div class='ocr_carea' id='block_1_38' title="bbox 1034 524 1836 561">
    <p class='ocr_par' dir='ltr' id='par_1_38' title="bbox 1034 524 1836 561">
     <span class='ocr_line' id='line_1_38' title="bbox 1034 524 1836 561; baseline -0.004 -9"><span class='ocrx_word' id='word_1_251' title='bbox 1034 526 1121 561; x_wconf 80' lang='grc' dir='ltr'>αὐτῷ’</span> <span class='ocrx_word' id='word_1_252' title='bbox 1140 526 1172 552; x_wconf 79' lang='grc' dir='ltr'><strong>ἵν’</strong></span> <span class='ocrx_word' id='word_1_253' title='bbox 1193 526 1305 552; x_wconf 81' lang='grc' dir='ltr'>αὐτόθεν</span> <span class='ocrx_word' id='word_1_254' title='bbox 1336 525 1462 560; x_wconf 79' lang='grc' dir='ltr'><strong>καταγνῷ</strong></span> <span class='ocrx_word' id='word_1_255' title='bbox 1480 525 1526 551; x_wconf 78' lang='grc' dir='ltr'><strong>τοῦ</strong></span> <span class='ocrx_word' id='word_1_256' title='bbox 1548 525 1665 555; x_wconf 80' lang='grc' dir='ltr'>Κέλσου,</span> <span class='ocrx_word' id='word_1_257' title='bbox 1686 524 1773 559; x_wconf 71' lang='grc' dir='ltr'>μηδὲν</span> <span class='ocrx_word' id='word_1_258' title='bbox 1792 524 1836 550; x_wconf 76' lang='grc' dir='ltr'><strong>εὑ-</strong></span> 
     </span>
    </p>
   </div>
   <div class='ocr_carea' id='block_1_39' title="bbox 1035 570 1834 607">
    <p class='ocr_par' dir='ltr' id='par_1_39' title="bbox 1035 570 1834 607">
     <span class='ocr_line' id='line_1_39' title="bbox 1035 570 1834 607; baseline -0.004 -9"><span class='ocrx_word' id='word_1_259' title='bbox 1035 572 1138 607; x_wconf 82' lang='grc' dir='ltr'>ρίσκων</span> <span class='ocrx_word' id='word_1_260' title='bbox 1159 572 1253 607; x_wconf 90' lang='grc' dir='ltr'>μίσους</span> <span class='ocrx_word' id='word_1_261' title='bbox 1275 572 1348 603; x_wconf 78' lang='grc' dir='ltr'>ἄξιον</span> <span class='ocrx_word' id='word_1_262' title='bbox 1372 573 1399 598; x_wconf 80' lang='grc' dir='ltr'><strong>ἐν</strong></span> <span class='ocrx_word' id='word_1_263' title='bbox 1425 572 1463 606; x_wconf 82' lang='grc' dir='ltr'>τῷ</span> <span class='ocrx_word' id='word_1_264' title='bbox 1484 570 1586 606; x_wconf 77' lang='grc' dir='ltr'>βιϐλίῳ.</span> <span class='ocrx_word' id='word_1_265' title='bbox 1610 570 1673 596; x_wconf 75' lang='grc' dir='ltr'><strong>Ἐὰν</strong></span> <span class='ocrx_word' id='word_1_266' title='bbox 1693 570 1716 595; x_wconf 77' lang='grc' dir='ltr'><strong>δ’</strong></span> <span class='ocrx_word' id='word_1_267' title='bbox 1734 570 1834 596; x_wconf 77' lang='grc' dir='ltr'><strong>ἁδεκὰ-</strong></span> 
     </span>
    </p>
   </div>
   <div class='ocr_carea' id='block_1_40' title="bbox 1036 615 1833 653">
    <p class='ocr_par' dir='ltr' id='par_1_40' title="bbox 1036 615 1833 653">
     <span class='ocr_line' id='line_1_40' title="bbox 1036 615 1833 653; baseline -0.006 -9"><span class='ocrx_word' id='word_1_268' title='bbox 1036 626 1105 648; x_wconf 86' lang='grc' dir='ltr'>στως</span> <span class='ocrx_word' id='word_1_269' title='bbox 1120 626 1161 648; x_wconf 88' lang='grc' dir='ltr'><strong>τις</strong></span> <span class='ocrx_word' id='word_1_270' title='bbox 1185 617 1345 653; x_wconf 79' lang='grc' dir='ltr'><strong>ἐντυγχάνῃ,</strong></span> <span class='ocrx_word' id='word_1_271' title='bbox 1372 617 1492 652; x_wconf 78' lang='grc' dir='ltr'>εὑρήσει,</span> <span class='ocrx_word' id='word_1_272' title='bbox 1515 616 1556 641; x_wconf 78' lang='grc' dir='ltr'>ὅτι</span> <span class='ocrx_word' id='word_1_273' title='bbox 1576 615 1632 641; x_wconf 73' lang='grc' dir='ltr'>οὐδ’</span> <span class='ocrx_word' id='word_1_274' title='bbox 1654 615 1701 640; x_wconf 72' lang='grc' dir='ltr'><strong>ἐπὶ</strong></span> <span class='ocrx_word' id='word_1_275' title='bbox 1725 615 1833 648; x_wconf 78' lang='grc' dir='ltr'>γέλωτα</span> 
     </span>
    </p>
   </div>
   <div class='ocr_carea' id='block_1_41' title="bbox 1036 659 1823 698">
    <p class='ocr_par' dir='ltr' id='par_1_41' title="bbox 1036 659 1823 698">
     <span class='ocr_line' id='line_1_41' title="bbox 1036 659 1823 698; baseline -0.005 -9"><span class='ocrx_word' id='word_1_276' title='bbox 1036 665 1104 689; x_wconf 83' lang='grc' dir='ltr'>κινεῖ</span> <span class='ocrx_word' id='word_1_277' title='bbox 1116 663 1145 689; x_wconf 82' lang='grc' dir='ltr'><strong>τὸ</strong></span> <span class='ocrx_word' id='word_1_278' title='bbox 1160 662 1270 698; x_wconf 77' lang='grc' dir='ltr'>βιϐλίον,</span> <span class='ocrx_word' id='word_1_279' title='bbox 1285 663 1312 688; x_wconf 79' lang='grc' dir='ltr'><strong>ἐν</strong></span> <span class='ocrx_word' id='word_1_280' title='bbox 1326 659 1348 695; x_wconf 81' lang='grc' dir='ltr'>ᾧ</span> <span class='ocrx_word' id='word_1_281' title='bbox 1361 662 1565 696; x_wconf 82' lang='grc' dir='ltr'>ἀναγέγραπται</span> <span class='ocrx_word' id='word_1_282' title='bbox 1585 660 1749 696; x_wconf 77' lang='grc' dir='ltr'>Χριστιανὸς</span> <span class='ocrx_word' id='word_1_283' title='bbox 1771 661 1823 685; x_wconf 68' lang='grc' dir='ltr'>Ίον</span> 
     </span>
    </p>
   </div>
   <div class='ocr_carea' id='block_1_42' title="bbox 1035 706 1834 745">
    <p class='ocr_par' dir='ltr' id='par_1_42' title="bbox 1035 706 1834 745">
     <span class='ocr_line' id='line_1_42' title="bbox 1035 706 1834 745; baseline -0.005 -9"><span class='ocrx_word' id='word_1_284' title='bbox 1035 709 1101 745; x_wconf 81' lang='grc' dir='ltr'>δαίῳ</span> <span class='ocrx_word' id='word_1_285' title='bbox 1116 709 1303 744; x_wconf 84' lang='grc' dir='ltr'>διαλεγόμενος</span> <span class='ocrx_word' id='word_1_286' title='bbox 1317 709 1371 734; x_wconf 79' lang='grc' dir='ltr'><strong>ἀπὸ</strong></span> <span class='ocrx_word' id='word_1_287' title='bbox 1384 708 1437 734; x_wconf 79' lang='grc' dir='ltr'><strong>τῶν</strong></span> <span class='ocrx_word' id='word_1_288' title='bbox 1460 707 1613 733; x_wconf 71' lang='grc' dir='ltr'><strong>Ἰουδαϊκῶν</strong></span> <span class='ocrx_word' id='word_1_289' title='bbox 1639 706 1770 742; x_wconf 68' lang='grc' dir='ltr'>Γραφῶν,</span> <span class='ocrx_word' id='word_1_290' title='bbox 1787 706 1834 732; x_wconf 71' lang='grc' dir='ltr'>καὶ</span> 
     </span>
    </p>
   </div>
   <div class='ocr_carea' id='block_1_43' title="bbox 1034 745 1833 790">
    <p class='ocr_par' dir='ltr' id='par_1_43' title="bbox 1034 752 1833 790">
     <span class='ocr_line' id='line_1_43' title="bbox 1034 752 1833 790; baseline -0.004 -9"><span class='ocrx_word' id='word_1_291' title='bbox 1034 755 1140 786; x_wconf 71' lang='grc' dir='ltr'>δεικνὺς</span> <span class='ocrx_word' id='word_1_292' title='bbox 1150 755 1198 786; x_wconf 81' lang='grc' dir='ltr'>τὰς</span> <span class='ocrx_word' id='word_1_293' title='bbox 1215 754 1278 790; x_wconf 74' lang='grc' dir='ltr'>περὶ</span> <span class='ocrx_word' id='word_1_294' title='bbox 1291 754 1336 780; x_wconf 80' lang='grc' dir='ltr'>τοῦ</span> <span class='ocrx_word' id='word_1_295' title='bbox 1352 753 1470 789; x_wconf 75' lang='grc' dir='ltr'>Χριστοῦ</span> <span class='ocrx_word' id='word_1_296' title='bbox 1483 753 1651 789; x_wconf 64' lang='grc' dir='ltr'>προφητείας</span> <span class='ocrx_word' id='word_1_297' title='bbox 1665 752 1833 787; x_wconf 71' lang='grc' dir='ltr'><strong>ἐφαρμόζειν</strong></span> 
     </span>
    </p>
   </div>
   <div class='ocr_carea' id='block_1_44' title="bbox 1034 799 1834 836">
    <p class='ocr_par' dir='ltr' id='par_1_44' title="bbox 1034 799 1834 836">
     <span class='ocr_line' id='line_1_44' title="bbox 1034 799 1834 836; baseline -0.004 -9"><span class='ocrx_word' id='word_1_298' title='bbox 1034 801 1072 836; x_wconf 85' lang='grc' dir='ltr'>τῷ</span> <span class='ocrx_word' id='word_1_299' title='bbox 1094 801 1179 836; x_wconf 78' lang='grc' dir='ltr'>Ἰησοῦ</span> <span class='ocrx_word' id='word_1_300' title='bbox 1190 809 1197 817; x_wconf 71' lang='grc' dir='ltr'><strong>ο</strong></span> <span class='ocrx_word' id='word_1_301' title='bbox 1210 801 1331 834; x_wconf 79' lang='grc' dir='ltr'><strong>καίτοιγε</strong></span> <span class='ocrx_word' id='word_1_302' title='bbox 1348 801 1397 826; x_wconf 76' lang='grc' dir='ltr'>οὐκ</span> <span class='ocrx_word' id='word_1_303' title='bbox 1420 800 1548 834; x_wconf 78' lang='grc' dir='ltr'>ἀγεννῶς,</span> <span class='ocrx_word' id='word_1_304' title='bbox 1566 800 1620 825; x_wconf 74' lang='grc' dir='ltr'>οὐδ’</span> <span class='ocrx_word' id='word_1_305' title='bbox 1635 799 1772 834; x_wconf 72' lang='grc' dir='ltr'>ἀπρεπῶς</span> <span class='ocrx_word' id='word_1_306' title='bbox 1796 799 1834 833; x_wconf 70' lang='grc' dir='ltr'>τῷ</span> 
     </span>
    </p>
   </div>
   <div class='ocr_carea' id='block_1_45' title="bbox 1041 845 1833 884">
    <p class='ocr_par' dir='ltr' id='par_1_45' title="bbox 1041 845 1833 884">
     <span class='ocr_line' id='line_1_45' title="bbox 1041 845 1833 884; baseline -0.005 -10"><span class='ocrx_word' id='word_1_307' title='bbox 1041 847 1178 881; x_wconf 82' lang='grc' dir='ltr'>Ἰουδαϊκῷ</span> <span class='ocrx_word' id='word_1_308' title='bbox 1194 847 1332 884; x_wconf 84' lang='grc' dir='ltr'>προσώπῳ</span> <span class='ocrx_word' id='word_1_309' title='bbox 1347 847 1392 874; x_wconf 77' lang='grc' dir='ltr'>τοῦ</span> <span class='ocrx_word' id='word_1_310' title='bbox 1408 847 1501 882; x_wconf 80' lang='grc' dir='ltr'>ἐτέρου</span> <span class='ocrx_word' id='word_1_311' title='bbox 1531 846 1677 881; x_wconf 73' lang='grc' dir='ltr'>ἱσταμένου</span> <span class='ocrx_word' id='word_1_312' title='bbox 1698 846 1769 880; x_wconf 65' lang='grc' dir='ltr'>προς</span> <span class='ocrx_word' id='word_1_313' title='bbox 1789 845 1833 871; x_wconf 65' lang='grc' dir='ltr'>τὶν</span> 
     </span>
    </p>
   </div>
   <div class='ocr_carea' id='block_1_46' title="bbox 1035 893 1124 927">
    <p class='ocr_par' dir='ltr' id='par_1_46' title="bbox 1035 893 1124 927">
     <span class='ocr_line' id='line_1_46' title="bbox 1035 893 1124 927; baseline 0.011 -8"><span class='ocrx_word' id='word_1_314' title='bbox 1035 893 1124 927; x_wconf 83' lang='grc' dir='ltr'>λόγον.</span> 
     </span>
    </p>
   </div>
   <div class='ocr_carea' id='block_1_47' title="bbox 1072 937 1832 974">
    <p class='ocr_par' dir='ltr' id='par_1_47' title="bbox 1072 937 1832 974">
     <span class='ocr_line' id='line_1_47' title="bbox 1072 937 1832 974; baseline -0.003 -9"><span class='ocrx_word' id='word_1_315' title='bbox 1072 939 1129 965; x_wconf 76' lang='grc' dir='ltr'><strong>Οὐκ</strong></span> <span class='ocrx_word' id='word_1_316' title='bbox 1158 937 1218 966; x_wconf 73' lang='grc' dir='ltr'>οἶδα</span> <span class='ocrx_word' id='word_1_317' title='bbox 1240 939 1261 965; x_wconf 83' lang='grc' dir='ltr'><strong>δ’</strong></span> <span class='ocrx_word' id='word_1_318' title='bbox 1285 940 1358 970; x_wconf 76' lang='grc' dir='ltr'>ὅπως</span> <span class='ocrx_word' id='word_1_319' title='bbox 1380 938 1414 964; x_wconf 77' lang='grc' dir='ltr'>τὰ</span> <span class='ocrx_word' id='word_1_320' title='bbox 1430 938 1543 974; x_wconf 80' lang='grc' dir='ltr'><strong>ἄμικτα,</strong></span> <span class='ocrx_word' id='word_1_321' title='bbox 1569 939 1616 964; x_wconf 74' lang='grc' dir='ltr'>κα).</span> <span class='ocrx_word' id='word_1_322' title='bbox 1637 938 1668 964; x_wconf 82' lang='grc' dir='ltr'>οὐ</span> <span class='ocrx_word' id='word_1_323' title='bbox 1692 938 1832 972; x_wconf 65' lang='grc' dir='ltr'>πεφυκότα</span> 
     </span>
    </p>
   </div>
   <div class='ocr_carea' id='block_1_48' title="bbox 1036 982 1831 1020">
    <p class='ocr_par' dir='ltr' id='par_1_48' title="bbox 1036 982 1831 1020">
     <span class='ocr_line' id='line_1_48' title="bbox 1036 982 1831 1020; baseline -0.004 -9"><span class='ocrx_word' id='word_1_324' title='bbox 1036 984 1094 1019; x_wconf 71' lang='grc' dir='ltr'><strong>ἅμα</strong></span> <span class='ocrx_word' id='word_1_325' title='bbox 1110 985 1267 1020; x_wconf 73' lang='grc' dir='ltr'>συμϐαίνειν</span> <span class='ocrx_word' id='word_1_326' title='bbox 1291 985 1447 1020; x_wconf 74' lang='grc' dir='ltr'><strong>ἀνθρωπίνῃ</strong></span> <span class='ocrx_word' id='word_1_327' title='bbox 1467 984 1562 1018; x_wconf 77' lang='grc' dir='ltr'>φύσει,</span> <span class='ocrx_word' id='word_1_328' title='bbox 1580 983 1758 1017; x_wconf 83' lang='grc' dir='ltr'>συναγαγὼν,</span> <span class='ocrx_word' id='word_1_329' title='bbox 1776 982 1831 1009; x_wconf 78' lang='grc' dir='ltr'>εἷπε</span> 
     </span>
    </p>
   </div>
   <div class='ocr_carea' id='block_1_49' title="bbox 1035 1027 1828 1066">
    <p class='ocr_par' dir='ltr' id='par_1_49' title="bbox 1035 1027 1828 1066">
     <span class='ocr_line' id='line_1_49' title="bbox 1035 1027 1828 1066; baseline -0.004 -9"><span class='ocrx_word' id='word_1_330' title='bbox 1035 1031 1065 1057; x_wconf 82' lang='grc' dir='ltr'>τὺ</span> <span class='ocrx_word' id='word_1_331' title='bbox 1082 1031 1183 1066; x_wconf 79' lang='grc' dir='ltr'>βιϐλίον</span> <span class='ocrx_word' id='word_1_332' title='bbox 1204 1032 1292 1057; x_wconf 82' lang='grc' dir='ltr'>ἐκεῖνο</span> <span class='ocrx_word' id='word_1_333' title='bbox 1308 1031 1398 1062; x_wconf 78' lang='grc' dir='ltr'>ἐλέους</span> <span class='ocrx_word' id='word_1_334' title='bbox 1412 1030 1458 1056; x_wconf 73' lang='grc' dir='ltr'>καὶ</span> <span class='ocrx_word' id='word_1_335' title='bbox 1474 1030 1569 1064; x_wconf 72' lang='grc' dir='ltr'>μίσους</span> <span class='ocrx_word' id='word_1_336' title='bbox 1584 1029 1659 1061; x_wconf 74' lang='grc' dir='ltr'>ἄξιον</span> <span class='ocrx_word' id='word_1_337' title='bbox 1674 1027 1757 1055; x_wconf 81' lang='grc' dir='ltr'>εἶναι.</span> <span class='ocrx_word' id='word_1_338' title='bbox 1774 1029 1828 1058; x_wconf 75' lang='lat' dir='ltr'><strong>Ili;</strong></span> 
     </span>
    </p>
   </div>
   <div class='ocr_carea' id='block_1_50' title="bbox 1036 1074 1832 1113">
    <p class='ocr_par' dir='ltr' id='par_1_50' title="bbox 1036 1074 1832 1113">
     <span class='ocr_line' id='line_1_50' title="bbox 1036 1074 1832 1113; baseline -0.005 -9"><span class='ocrx_word' id='word_1_339' title='bbox 1036 1077 1090 1113; x_wconf 81' lang='grc' dir='ltr'>γὰρ</span> <span class='ocrx_word' id='word_1_340' title='bbox 1117 1078 1288 1112; x_wconf 73' lang='grc' dir='ltr'>ὁμολογήσει,</span> <span class='ocrx_word' id='word_1_341' title='bbox 1318 1077 1363 1103; x_wconf 70' lang='grc' dir='ltr'>τὸν</span> <span class='ocrx_word' id='word_1_342' title='bbox 1392 1075 1551 1111; x_wconf 74' lang='grc' dir='ltr'>ἐλεούμενον</span> <span class='ocrx_word' id='word_1_343' title='bbox 1569 1076 1606 1110; x_wconf 85' lang='grc' dir='ltr'><strong>μὴ</strong></span> <span class='ocrx_word' id='word_1_344' title='bbox 1635 1075 1778 1110; x_wconf 77' lang='grc' dir='ltr'>μισεῖσθαι</span> <span class='ocrx_word' id='word_1_345' title='bbox 1798 1074 1832 1100; x_wconf 72' lang='grc' dir='ltr'><strong>ἱτ¹</strong></span> 
     </span>
    </p>
   </div>
   <div class='ocr_carea' id='block_1_51' title="bbox 1036 1120 1835 1157">
    <p class='ocr_par' dir='ltr' id='par_1_51' title="bbox 1036 1120 1835 1157">
     <span class='ocr_line' id='line_1_51' title="bbox 1036 1120 1835 1157; baseline -0.005 -8"><span class='ocrx_word' id='word_1_346' title='bbox 1036 1123 1159 1155; x_wconf 83' lang='grc' dir='ltr'>ἐλεεῖται,</span> <span class='ocrx_word' id='word_1_347' title='bbox 1177 1123 1223 1149; x_wconf 79' lang='grc' dir='ltr'><strong>καὶ</strong></span> <span class='ocrx_word' id='word_1_348' title='bbox 1238 1122 1283 1149; x_wconf 74' lang='grc' dir='ltr'><strong>τὸν</strong></span> <span class='ocrx_word' id='word_1_349' title='bbox 1302 1122 1462 1157; x_wconf 78' lang='grc' dir='ltr'>μισούμενον</span> <span class='ocrx_word' id='word_1_350' title='bbox 1480 1121 1515 1156; x_wconf 82' lang='grc' dir='ltr'>μὴ</span> <span class='ocrx_word' id='word_1_351' title='bbox 1531 1120 1665 1146; x_wconf 71' lang='grc' dir='ltr'>ἐλεεῖσθαι</span> <span class='ocrx_word' id='word_1_352' title='bbox 1686 1120 1731 1146; x_wconf 74' lang='grc' dir='ltr'>ὅτε</span> <span class='ocrx_word' id='word_1_353' title='bbox 1751 1121 1835 1155; x_wconf 67' lang='grc' dir='ltr'>μισεῖ-</span> 
     </span>
    </p>
   </div>
   <div class='ocr_carea' id='block_1_52' title="bbox 1035 1164 1834 1203">
    <p class='ocr_par' dir='ltr' id='par_1_52' title="bbox 1035 1164 1834 1203">
     <span class='ocr_line' id='line_1_52' title="bbox 1035 1164 1834 1203; baseline -0.005 -9"><span class='ocrx_word' id='word_1_354' title='bbox 1035 1177 1089 1194; x_wconf 86' lang='grc' dir='ltr'>ται.</span> <span class='ocrx_word' id='word_1_355' title='bbox 1105 1168 1153 1194; x_wconf 78' lang='grc' dir='ltr'><strong>Διὰ</strong></span> <span class='ocrx_word' id='word_1_356' title='bbox 1168 1167 1246 1194; x_wconf 77' lang='grc' dir='ltr'>τοῦτο</span> <span class='ocrx_word' id='word_1_357' title='bbox 1258 1167 1286 1193; x_wconf 78' lang='grc' dir='ltr'>δὲ</span> <span class='ocrx_word' id='word_1_358' title='bbox 1303 1167 1339 1203; x_wconf 85' lang='grc' dir='ltr'><strong>μὴ</strong></span> <span class='ocrx_word' id='word_1_359' title='bbox 1357 1166 1516 1202; x_wconf 86' lang='grc' dir='ltr'>προκεῖσθαι</span> <span class='ocrx_word' id='word_1_360' title='bbox 1532 1165 1652 1200; x_wconf 76' lang='grc' dir='ltr'>ἐλέγχειν</span> <span class='ocrx_word' id='word_1_361' title='bbox 1668 1166 1736 1200; x_wconf 64' lang='grc' dir='ltr'>ιρησὶ</span> <span class='ocrx_word' id='word_1_362' title='bbox 1751 1164 1834 1191; x_wconf 70' lang='grc' dir='ltr'>ταῦτα</span> 
     </span>
    </p>
   </div>
   <div class='ocr_carea' id='block_1_53' title="bbox 1035 1207 1835 1245">
    <p class='ocr_par' dir='ltr' id='par_1_53' title="bbox 1035 1207 1835 1245">
     <span class='ocr_line' id='line_1_53' title="bbox 1035 1207 1835 1245; baseline -0.008 -5"><span class='ocrx_word' id='word_1_363' title='bbox 1035 1215 1050 1240; x_wconf 82' lang='grc' dir='ltr'><em>ὸ</em></span> <span class='ocrx_word' id='word_1_364' title='bbox 1063 1214 1175 1244; x_wconf 78' lang='grc' dir='ltr'>Κέλσος,</span> <span class='ocrx_word' id='word_1_365' title='bbox 1194 1213 1254 1239; x_wconf 76' lang='grc' dir='ltr'>ἐπεὶ</span> <span class='ocrx_word' id='word_1_366' title='bbox 1271 1212 1356 1239; x_wconf 76' lang='grc' dir='ltr'>οἴεται</span> <span class='ocrx_word' id='word_1_367' title='bbox 1373 1211 1443 1238; x_wconf 76' lang='grc' dir='ltr'><strong>αὐτά</strong></span> <span class='ocrx_word' id='word_1_368' title='bbox 1458 1210 1537 1237; x_wconf 78' lang='grc' dir='ltr'>παντί</span> <span class='ocrx_word' id='word_1_369' title='bbox 1552 1219 1602 1236; x_wconf 81' lang='grc' dir='ltr'>που</span> <span class='ocrx_word' id='word_1_370' title='bbox 1614 1210 1684 1245; x_wconf 83' lang='grc' dir='ltr'>ὂῆλα</span> <span class='ocrx_word' id='word_1_371' title='bbox 1703 1207 1776 1235; x_wconf 78' lang='grc' dir='ltr'>εἶναι</span> <span class='ocrx_word' id='word_1_372' title='bbox 1792 1210 1835 1235; x_wconf 65' lang='grc' dir='ltr'>καὶ</span> 
     </span>
    </p>
   </div>
   <div class='ocr_carea' id='block_1_54' title="bbox 1036 1255 1835 1296">
    <p class='ocr_par' dir='ltr' id='par_1_54' title="bbox 1036 1255 1835 1296">
     <span class='ocr_line' id='line_1_54' title="bbox 1036 1255 1835 1296; baseline -0.006 -10"><span class='ocrx_word' id='word_1_373' title='bbox 1036 1259 1089 1296; x_wconf 71' lang='grc' dir='ltr'><strong>πρὸ</strong></span> <span class='ocrx_word' id='word_1_374' title='bbox 1105 1259 1151 1285; x_wconf 85' lang='grc' dir='ltr'>τοῦ</span> <span class='ocrx_word' id='word_1_375' title='bbox 1168 1259 1337 1294; x_wconf 74' lang='grc' dir='ltr'>ἐπαγομένου</span> <span class='ocrx_word' id='word_1_376' title='bbox 1360 1257 1477 1291; x_wconf 83' lang='grc' dir='ltr'>λογικῶς</span> <span class='ocrx_word' id='word_1_377' title='bbox 1489 1257 1600 1291; x_wconf 76' lang='grc' dir='ltr'>ἐλέγχον</span> <span class='ocrx_word' id='word_1_378' title='bbox 1629 1256 1668 1287; x_wconf 83' lang='grc' dir='ltr'>ὡς</span> <span class='ocrx_word' id='word_1_379' title='bbox 1684 1255 1776 1290; x_wconf 75' lang='grc' dir='ltr'>φαῦλα</span> <span class='ocrx_word' id='word_1_380' title='bbox 1791 1255 1835 1281; x_wconf 67' lang='grc' dir='ltr'>καὶ</span> 
     </span>
    </p>
   </div>
   <div class='ocr_carea' id='block_1_55' title="bbox 1036 1302 1835 1340">
    <p class='ocr_par' dir='ltr' id='par_1_55' title="bbox 1036 1302 1835 1340">
     <span class='ocr_line' id='line_1_55' title="bbox 1036 1302 1835 1340; baseline -0.006 -8"><span class='ocrx_word' id='word_1_381' title='bbox 1036 1306 1126 1338; x_wconf 75' lang='grc' dir='ltr'>ἐλέους</span> <span class='ocrx_word' id='word_1_382' title='bbox 1141 1305 1186 1332; x_wconf 73' lang='grc' dir='ltr'>καὶ</span> <span class='ocrx_word' id='word_1_383' title='bbox 1201 1305 1296 1340; x_wconf 80' lang='grc' dir='ltr'>μίσους</span> <span class='ocrx_word' id='word_1_384' title='bbox 1311 1304 1383 1337; x_wconf 79' lang='grc' dir='ltr'>ἄξια.</span> <span class='ocrx_word' id='word_1_385' title='bbox 1398 1302 1611 1338; x_wconf 71' lang='grc' dir='ltr'><strong>Παρακαλοῦμεν</strong></span> <span class='ocrx_word' id='word_1_386' title='bbox 1625 1302 1653 1328; x_wconf 80' lang='grc' dir='ltr'><strong>δέ</strong></span> <span class='ocrx_word' id='word_1_387' title='bbox 1668 1303 1715 1328; x_wconf 70' lang='grc' dir='ltr'>τὸν</span> <span class='ocrx_word' id='word_1_388' title='bbox 1738 1303 1835 1335; x_wconf 62' lang='grc' dir='ltr'>ἐντλγ-</span> 
     </span>
    </p>
   </div>
   <div class='ocr_carea' id='block_1_56' title="bbox 1036 1348 1833 1387">
    <p class='ocr_par' dir='ltr' id='par_1_56' title="bbox 1036 1348 1833 1387">
     <span class='ocr_line' id='line_1_56' title="bbox 1036 1348 1833 1387; baseline -0.006 -9"><span class='ocrx_word' id='word_1_389' title='bbox 1036 1352 1149 1387; x_wconf 83' lang='grc' dir='ltr'>χάνοντα</span> <span class='ocrx_word' id='word_1_390' title='bbox 1177 1352 1209 1386; x_wconf 83' lang='grc' dir='ltr'>τῇ</span> <span class='ocrx_word' id='word_1_391' title='bbox 1230 1350 1362 1385; x_wconf 76' lang='grc' dir='ltr'>ἀπολογίᾳ</span> <span class='ocrx_word' id='word_1_392' title='bbox 1378 1349 1464 1384; x_wconf 79' lang='grc' dir='ltr'>ταύτῃ</span> <span class='ocrx_word' id='word_1_393' title='bbox 1480 1349 1547 1384; x_wconf 71' lang='grc' dir='ltr'>πρὸς</span> <span class='ocrx_word' id='word_1_394' title='bbox 1562 1348 1611 1383; x_wconf 78' lang='grc' dir='ltr'><strong>τὴν</strong></span> <span class='ocrx_word' id='word_1_395' title='bbox 1626 1348 1733 1374; x_wconf 81' lang='grc' dir='ltr'>Κέλσον</span> <span class='ocrx_word' id='word_1_396' title='bbox 1751 1357 1833 1382; x_wconf 73' lang='grc' dir='ltr'>κατη-</span> 
     </span>
    </p>
   </div>
   <div class='ocr_carea' id='block_1_57' title="bbox 1036 1394 1834 1433">
    <p class='ocr_par' dir='ltr' id='par_1_57' title="bbox 1036 1394 1834 1433">
     <span class='ocr_line' id='line_1_57' title="bbox 1036 1394 1834 1433; baseline -0.008 -8"><span class='ocrx_word' id='word_1_397' title='bbox 1036 1397 1133 1433; x_wconf 76' lang='grc' dir='ltr'>γορίαν</span> <span class='ocrx_word' id='word_1_398' title='bbox 1160 1396 1341 1432; x_wconf 80' lang='grc' dir='ltr'>γεγραμμένῃ</span> <span class='ocrx_word' id='word_1_399' title='bbox 1354 1394 1520 1429; x_wconf 77' lang='grc' dir='ltr'>ἀνασχέσθαι</span> <span class='ocrx_word' id='word_1_400' title='bbox 1542 1395 1588 1420; x_wconf 71' lang='grc' dir='ltr'><strong>καὶ</strong></span> <span class='ocrx_word' id='word_1_401' title='bbox 1602 1394 1757 1420; x_wconf 73' lang='grc' dir='ltr'>ἐπακοῦσαι</span> <span class='ocrx_word' id='word_1_402' title='bbox 1785 1394 1834 1419; x_wconf 74' lang='grc' dir='ltr'>τῶν</span> 
     </span>
    </p>
   </div>
   <div class='ocr_carea' id='block_1_58' title="bbox 199 1439 985 1478">
    <p class='ocr_par' dir='ltr' id='par_1_58' title="bbox 199 1440 981 1475">
     <span class='ocr_line' id='line_1_58' title="bbox 199 1440 981 1475; baseline 0.003 -9"><span class='ocrx_word' id='word_1_403' title='bbox 199 1447 258 1466; x_wconf 91' lang='lat' dir='ltr'><strong>mur</strong></span> <span class='ocrx_word' id='word_1_404' title='bbox 267 1445 353 1468; x_wconf 88' lang='lat' dir='ltr'><strong>tamen</strong></span> <span class='ocrx_word' id='word_1_405' title='bbox 362 1447 467 1473; x_wconf 86' lang='lat' dir='ltr'><strong>omnes,</strong></span> <span class='ocrx_word' id='word_1_406' title='bbox 477 1441 521 1475; x_wconf 89' lang='lat' dir='ltr'><strong>qui</strong></span> <span class='ocrx_word' id='word_1_407' title='bbox 531 1441 556 1467; x_wconf 92' lang='lat' dir='ltr'><strong>in</strong></span> <span class='ocrx_word' id='word_1_408' title='bbox 565 1441 634 1468; x_wconf 87' lang='lat' dir='ltr'><strong>hanc</strong></span> <span class='ocrx_word' id='word_1_409' title='bbox 643 1446 763 1468; x_wconf 88' lang='lat' dir='ltr'><strong>nostram</strong></span> <span class='ocrx_word' id='word_1_410' title='bbox 771 1441 901 1468; x_wconf 88' lang='lat' dir='ltr'><strong>adversus</strong></span> <span class='ocrx_word' id='word_1_411' title='bbox 910 1440 981 1468; x_wconf 89' lang='lat' dir='ltr'><strong>Celsi</strong></span> 
     </span>
    </p>
   </div>
   <div class='ocr_carea' id='block_1_59' title="bbox 1048 1439 1834 1478">
    <p class='ocr_par' dir='ltr' id='par_1_59' title="bbox 1048 1439 1834 1478">
     <span class='ocr_line' id='line_1_59' title="bbox 1048 1439 1834 1478; baseline -0.005 -10"><span class='ocrx_word' id='word_1_412' title='bbox 1048 1441 1263 1478; x_wconf 64' lang='grc' dir='ltr'>ξυγγραμμάτων</span> <span class='ocrx_word' id='word_1_413' title='bbox 1282 1439 1370 1475; x_wconf 71' lang='grc' dir='ltr'>ἡμῶν,</span> <span class='ocrx_word' id='word_1_414' title='bbox 1393 1439 1439 1465; x_wconf 69' lang='grc' dir='ltr'><strong>καὶ</strong></span> <span class='ocrx_word' id='word_1_415' title='bbox 1459 1439 1507 1473; x_wconf 63' lang='lat' dir='ltr'><strong>Ean</strong></span> <span class='ocrx_word' id='word_1_416' title='bbox 1524 1439 1648 1474; x_wconf 74' lang='grc' dir='ltr'>δύναμις,</span> <span class='ocrx_word' id='word_1_417' title='bbox 1666 1440 1700 1465; x_wconf 85' lang='grc' dir='ltr'>ὲκ</span> <span class='ocrx_word' id='word_1_418' title='bbox 1723 1439 1778 1465; x_wconf 83' lang='grc' dir='ltr'>τῶν</span> <span class='ocrx_word' id='word_1_419' title='bbox 1794 1447 1834 1472; x_wconf 80' lang='grc' dir='ltr'>γε-</span> 
     </span>
    </p>
   </div>
   <div class='ocr_carea' id='block_1_60' title="bbox 197 1486 985 1520">
    <p class='ocr_par' dir='ltr' id='par_1_60' title="bbox 197 1486 985 1520">
     <span class='ocr_line' id='line_1_60' title="bbox 197 1486 985 1520; baseline -0.001 -8"><span class='ocrx_word' id='word_1_420' title='bbox 197 1486 347 1513; x_wconf 86' lang='lat' dir='ltr'><strong>calumnias</strong></span> <span class='ocrx_word' id='word_1_421' title='bbox 357 1486 540 1513; x_wconf 78' lang='lat' dir='ltr'><strong>defensionem</strong></span> <span class='ocrx_word' id='word_1_422' title='bbox 551 1486 704 1517; x_wconf 87' lang='lat' dir='ltr'><strong>inciderint,</strong></span> <span class='ocrx_word' id='word_1_423' title='bbox 713 1491 742 1512; x_wconf 94' lang='lat' dir='ltr'><strong>nt</strong></span> <span class='ocrx_word' id='word_1_424' title='bbox 753 1486 907 1520; x_wconf 84' lang='lat' dir='ltr'><strong>Scripturas</strong></span> <span class='ocrx_word' id='word_1_425' title='bbox 936 1492 985 1511; x_wconf 89' lang='lat' dir='ltr'><strong>no-</strong></span> 
     </span>
    </p>
   </div>
   <div class='ocr_carea' id='block_1_61' title="bbox 199 1530 986 1566">
    <p class='ocr_par' dir='ltr' id='par_1_61' title="bbox 199 1530 986 1566">
     <span class='ocr_line' id='line_1_61' title="bbox 199 1530 986 1566; baseline 0.001 -8"><span class='ocrx_word' id='word_1_426' title='bbox 199 1536 271 1560; x_wconf 73' lang='lat' dir='ltr'><strong>slras</strong></span> <span class='ocrx_word' id='word_1_427' title='bbox 279 1530 359 1566; x_wconf 68' lang='grc'><strong>545</strong></span> <span class='ocrx_word' id='word_1_428' title='bbox 367 1530 459 1558; x_wconf 88' lang='lat' dir='ltr'><strong>audire</strong></span> <span class='ocrx_word' id='word_1_429' title='bbox 467 1539 500 1558; x_wconf 83' lang='lat' dir='ltr'><strong>ne</strong></span> <span class='ocrx_word' id='word_1_430' title='bbox 508 1536 665 1566; x_wconf 70' lang='lat' dir='ltr'><strong>graventur,</strong></span> <span class='ocrx_word' id='word_1_431' title='bbox 675 1535 701 1558; x_wconf 90' lang='lat' dir='ltr'><strong>et</strong></span> <span class='ocrx_word' id='word_1_432' title='bbox 714 1537 753 1564; x_wconf 86' lang='lat' dir='ltr'><strong>ut,</strong></span> <span class='ocrx_word' id='word_1_433' title='bbox 763 1536 894 1565; x_wconf 89' lang='lat' dir='ltr'><strong>quantum</strong></span> <span class='ocrx_word' id='word_1_434' title='bbox 909 1537 986 1566; x_wconf 87' lang='lat' dir='ltr'><strong>pote-</strong></span> 
     </span>
    </p>
   </div>
   <div class='ocr_carea' id='block_1_62' title="bbox 202 1577 986 1612">
    <p class='ocr_par' dir='ltr' id='par_1_62' title="bbox 202 1577 986 1612">
     <span class='ocr_line' id='line_1_62' title="bbox 202 1577 986 1612; baseline 0.003 -9"><span class='ocrx_word' id='word_1_435' title='bbox 202 1583 276 1611; x_wconf 84' lang='lat' dir='ltr'><strong>runt,</strong></span> <span class='ocrx_word' id='word_1_436' title='bbox 292 1585 324 1604; x_wconf 85' lang='lat' dir='ltr'><strong>ex</strong></span> <span class='ocrx_word' id='word_1_437' title='bbox 341 1577 374 1604; x_wconf 90' lang='lat' dir='ltr'><strong>iis</strong></span> <span class='ocrx_word' id='word_1_438' title='bbox 395 1584 455 1611; x_wconf 67' lang='lat' dir='ltr'><strong>qum</strong></span> <span class='ocrx_word' id='word_1_439' title='bbox 470 1578 617 1612; x_wconf 77' lang='lat' dir='ltr'><strong>Scriptores</strong></span> <span class='ocrx_word' id='word_1_440' title='bbox 630 1582 754 1609; x_wconf 88' lang='lat' dir='ltr'><strong>narrant,</strong></span> <span class='ocrx_word' id='word_1_441' title='bbox 773 1577 899 1612; x_wconf 80' lang='lat' dir='ltr'><strong>colligant</strong></span> <span class='ocrx_word' id='word_1_442' title='bbox 914 1577 986 1612; x_wconf 91' lang='lat' dir='ltr'><strong>quod</strong></span> 
     </span>
    </p>
   </div>
   <div class='ocr_carea' id='block_1_63' title="bbox 202 1623 984 1658">
    <p class='ocr_par' dir='ltr' id='par_1_63' title="bbox 202 1623 984 1658">
     <span class='ocr_line' id='line_1_63' title="bbox 202 1623 984 1658; baseline -0.003 -7"><span class='ocrx_word' id='word_1_443' title='bbox 202 1625 285 1652; x_wconf 79' lang='lat' dir='ltr'><strong>fuerit</strong></span> <span class='ocrx_word' id='word_1_444' title='bbox 312 1630 407 1650; x_wconf 89' lang='lat' dir='ltr'><strong>eorum</strong></span> <span class='ocrx_word' id='word_1_445' title='bbox 435 1624 614 1658; x_wconf 85' lang='lat' dir='ltr'><strong>propositum,</strong></span> <span class='ocrx_word' id='word_1_446' title='bbox 644 1631 704 1658; x_wconf 76' lang='lat' dir='ltr'><strong>quae</strong></span> <span class='ocrx_word' id='word_1_447' title='bbox 731 1623 911 1656; x_wconf 83' lang='lat' dir='ltr'><strong>conscientia,</strong></span> <span class='ocrx_word' id='word_1_448' title='bbox 938 1625 984 1657; x_wconf 91' lang='lat' dir='ltr'><strong>qui</strong></span> 
     </span>
    </p>
   </div>
   <div class='ocr_carea' id='block_1_64' title="bbox 201 1669 988 1704">
    <p class='ocr_par' dir='ltr' id='par_1_64' title="bbox 201 1669 988 1704">
     <span class='ocr_line' id='line_1_64' title="bbox 201 1669 988 1704; baseline -0.004 -6"><span class='ocrx_word' id='word_1_449' title='bbox 201 1672 284 1699; x_wconf 87' lang='lat' dir='ltr'><strong>animi</strong></span> <span class='ocrx_word' id='word_1_450' title='bbox 303 1675 408 1703; x_wconf 85' lang='lat' dir='ltr'><strong>status;</strong></span> <span class='ocrx_word' id='word_1_451' title='bbox 425 1670 641 1697; x_wconf 79' lang='lat' dir='ltr'><strong>animadverterit</strong></span> <span class='ocrx_word' id='word_1_452' title='bbox 656 1670 730 1696; x_wconf 88' lang='lat' dir='ltr'><strong>viros</strong></span> <span class='ocrx_word' id='word_1_453' title='bbox 752 1670 845 1702; x_wconf 81' lang='lat' dir='ltr'><strong>fuisse,</strong></span> <span class='ocrx_word' id='word_1_454' title='bbox 861 1669 906 1704; x_wconf 91' lang='lat' dir='ltr'><strong>qui</strong></span> <span class='ocrx_word' id='word_1_455' title='bbox 928 1676 988 1703; x_wconf 69' lang='lat' dir='ltr'><strong>quat</strong></span> 
     </span>
    </p>
   </div>
   <div class='ocr_carea' id='block_1_65' title="bbox 200 1716 987 1752">
    <p class='ocr_par' dir='ltr' id='par_1_65' title="bbox 200 1716 987 1752">
     <span class='ocr_line' id='line_1_65' title="bbox 200 1716 987 1752; baseline -0.004 -7"><span class='ocrx_word' id='word_1_456' title='bbox 200 1718 250 1745; x_wconf 87' lang='lat' dir='ltr'><strong>sibi</strong></span> <span class='ocrx_word' id='word_1_457' title='bbox 268 1721 458 1752; x_wconf 80' lang='lat' dir='ltr'><strong>persuaserant</strong></span> <span class='ocrx_word' id='word_1_458' title='bbox 473 1716 576 1743; x_wconf 81' lang='lat' dir='ltr'><strong>fervide</strong></span> <span class='ocrx_word' id='word_1_459' title='bbox 590 1716 775 1748; x_wconf 79' lang='lat' dir='ltr'><strong>defenderent,</strong></span> <span class='ocrx_word' id='word_1_460' title='bbox 789 1717 920 1750; x_wconf 82' lang='lat' dir='ltr'><strong>quosdam</strong></span> <span class='ocrx_word' id='word_1_461' title='bbox 939 1722 987 1742; x_wconf 90' lang='lat' dir='ltr'><strong>au-</strong></span> 
     </span>
    </p>
   </div>
   <div class='ocr_carea' id='block_1_66' title="bbox 202 1763 986 1798">
    <p class='ocr_par' dir='ltr' id='par_1_66' title="bbox 202 1763 986 1798">
     <span class='ocr_line' id='line_1_66' title="bbox 202 1763 986 1798; baseline -0.005 -7"><span class='ocrx_word' id='word_1_462' title='bbox 202 1768 256 1791; x_wconf 87' lang='lat' dir='ltr'><strong>tem</strong></span> <span class='ocrx_word' id='word_1_463' title='bbox 284 1763 425 1791; x_wconf 87' lang='lat' dir='ltr'><strong>declarare</strong></span> <span class='ocrx_word' id='word_1_464' title='bbox 449 1771 478 1790; x_wconf 90' lang='lat' dir='ltr'><strong>se</strong></span> <span class='ocrx_word' id='word_1_465' title='bbox 505 1771 546 1790; x_wconf 91' lang='lat' dir='ltr'><strong>res</strong></span> <span class='ocrx_word' id='word_1_466' title='bbox 574 1768 664 1798; x_wconf 77' lang='lat' dir='ltr'><strong>gestas</strong></span> <span class='ocrx_word' id='word_1_467' title='bbox 688 1763 785 1790; x_wconf 88' lang='lat' dir='ltr'><strong>litteris</strong></span> <span class='ocrx_word' id='word_1_468' title='bbox 809 1763 986 1796; x_wconf 78' lang='lat' dir='ltr'><strong>consignarc,</strong></span> 
     </span>
    </p>
   </div>
   <div class='ocr_carea' id='block_1_67' title="bbox 200 1807 983 1845">
    <p class='ocr_par' dir='ltr' id='par_1_67' title="bbox 200 1807 983 1845">
     <span class='ocr_line' id='line_1_67' title="bbox 200 1807 983 1845; baseline -0.008 -7"><span class='ocrx_word' id='word_1_469' title='bbox 200 1818 270 1845; x_wconf 89' lang='lat' dir='ltr'><strong>quas</strong></span> <span class='ocrx_word' id='word_1_470' title='bbox 285 1809 343 1837; x_wconf 85' lang='lat' dir='ltr'><strong>suis</strong></span> <span class='ocrx_word' id='word_1_471' title='bbox 357 1809 444 1836; x_wconf 84' lang='lat' dir='ltr'><strong>oculis</strong></span> <span class='ocrx_word' id='word_1_472' title='bbox 459 1810 607 1836; x_wconf 86' lang='lat' dir='ltr'><strong>hauserant</strong></span> <span class='ocrx_word' id='word_1_473' title='bbox 624 1813 651 1837; x_wconf 92' lang='lat' dir='ltr'><strong>et</strong></span> <span class='ocrx_word' id='word_1_474' title='bbox 664 1813 817 1844; x_wconf 85' lang='lat' dir='ltr'><strong>compertas</strong></span> <span class='ocrx_word' id='word_1_475' title='bbox 834 1807 983 1840; x_wconf 78' lang='lat' dir='ltr'><strong>habebant,</strong></span> 
     </span>
    </p>
   </div>
   <div class='ocr_carea' id='block_1_68' title="bbox 202 1853 987 1890">
    <p class='ocr_par' dir='ltr' id='par_1_68' title="bbox 202 1853 987 1890">
     <span class='ocr_line' id='line_1_68' title="bbox 202 1853 987 1890; baseline -0.004 -7"><span class='ocrx_word' id='word_1_476' title='bbox 202 1864 245 1884; x_wconf 86' lang='lat' dir='ltr'><strong>res</strong></span> <span class='ocrx_word' id='word_1_477' title='bbox 271 1855 400 1882; x_wconf 72' lang='lat' dir='ltr'><strong>miriﬁcos</strong></span> <span class='ocrx_word' id='word_1_478' title='bbox 423 1856 571 1890; x_wconf 81' lang='lat' dir='ltr'><strong>dignasque</strong></span> <span class='ocrx_word' id='word_1_479' title='bbox 588 1862 648 1890; x_wconf 76' lang='lat' dir='ltr'><strong>qua:</strong></span> <span class='ocrx_word' id='word_1_480' title='bbox 671 1854 851 1882; x_wconf 88' lang='lat' dir='ltr'><strong>monumentis</strong></span> <span class='ocrx_word' id='word_1_481' title='bbox 874 1853 987 1880; x_wconf 86' lang='lat' dir='ltr'><strong>manda-</strong></span> 
     </span>
    </p>
   </div>
   <div class='ocr_carea' id='block_1_69' title="bbox 202 1900 988 1929">
    <p class='ocr_par' dir='ltr' id='par_1_69' title="bbox 202 1900 988 1929">
     <span class='ocr_line' id='line_1_69' title="bbox 202 1900 988 1929; baseline -0.003 0"><span class='ocrx_word' id='word_1_482' title='bbox 202 1908 296 1929; x_wconf 90' lang='lat' dir='ltr'><strong>rentur</strong></span> <span class='ocrx_word' id='word_1_483' title='bbox 310 1902 344 1929; x_wconf 86' lang='lat' dir='ltr'><strong>ad</strong></span> <span class='ocrx_word' id='word_1_484' title='bbox 367 1902 498 1928; x_wconf 88' lang='lat' dir='ltr'><strong>lectorum</strong></span> <span class='ocrx_word' id='word_1_485' title='bbox 523 1901 677 1928; x_wconf 82' lang='lat' dir='ltr'><strong>futurorum</strong></span> <span class='ocrx_word' id='word_1_486' title='bbox 694 1901 849 1928; x_wconf 86' lang='lat' dir='ltr'><strong>utilitatem.</strong></span> <span class='ocrx_word' id='word_1_487' title='bbox 866 1900 899 1926; x_wconf 91' lang='lat' dir='ltr'><strong>Et</strong></span> <span class='ocrx_word' id='word_1_488' title='bbox 923 1907 988 1927; x_wconf 82' lang='lat' dir='ltr'><strong>sane</strong></span> 
     </span>
    </p>
   </div>
   <div class='ocr_carea' id='block_1_70' title="bbox 203 1945 987 1982">
    <p class='ocr_par' dir='ltr' id='par_1_70' title="bbox 203 1945 987 1982">
     <span class='ocr_line' id='line_1_70' title="bbox 203 1945 987 1982; baseline -0.005 -8"><span class='ocrx_word' id='word_1_489' title='bbox 203 1955 281 1974; x_wconf 75' lang='lat' dir='ltr'><strong>uelim</strong></span> <span class='ocrx_word' id='word_1_490' title='bbox 307 1954 406 1982; x_wconf 72' lang='lat' dir='ltr'><strong>negare</strong></span> <span class='ocrx_word' id='word_1_491' title='bbox 433 1947 533 1974; x_wconf 86' lang='lat' dir='ltr'><strong>audeat</strong></span> <span class='ocrx_word' id='word_1_492' title='bbox 558 1946 661 1973; x_wconf 89' lang='lat' dir='ltr'><strong>lontem</strong></span> <span class='ocrx_word' id='word_1_493' title='bbox 695 1946 786 1973; x_wconf 91' lang='lat' dir='ltr'><strong>omnis</strong></span> <span class='ocrx_word' id='word_1_494' title='bbox 811 1945 936 1971; x_wconf 84' lang='lat' dir='ltr'><strong>utilitatis</strong></span> <span class='ocrx_word' id='word_1_495' title='bbox 960 1948 987 1971; x_wconf 89' lang='lat' dir='ltr'><strong>et</strong></span> 
     </span>
    </p>
   </div>
   <div class='ocr_carea' id='block_1_71' title="bbox 203 1991 988 2029">
    <p class='ocr_par' dir='ltr' id='par_1_71' title="bbox 203 1991 988 2029">
     <span class='ocr_line' id='line_1_71' title="bbox 203 1991 988 2029; baseline -0.005 -9"><span class='ocrx_word' id='word_1_496' title='bbox 203 1994 367 2029; x_wconf 89' lang='lat' dir='ltr'><strong>principium</strong></span> <span class='ocrx_word' id='word_1_497' title='bbox 391 2001 451 2020; x_wconf 84' lang='lat' dir='ltr'><strong>esse</strong></span> <span class='ocrx_word' id='word_1_498' title='bbox 474 2000 579 2020; x_wconf 91' lang='lat' dir='ltr'><strong>summo</strong></span> <span class='ocrx_word' id='word_1_499' title='bbox 605 1995 660 2021; x_wconf 76' lang='lat' dir='ltr'><strong>Deo</strong></span> <span class='ocrx_word' id='word_1_500' title='bbox 679 1992 802 2024; x_wconf 85' lang='lat' dir='ltr'><strong>credere,</strong></span> <span class='ocrx_word' id='word_1_501' title='bbox 819 1991 844 2018; x_wconf 94' lang='lat' dir='ltr'><strong>in</strong></span> <span class='ocrx_word' id='word_1_502' title='bbox 860 1991 988 2018; x_wconf 90' lang='lat' dir='ltr'><strong>omnibus</strong></span> 
     </span>
    </p>
   </div>
   <div class='ocr_carea' id='block_1_72' title="bbox 202 2036 988 2073">
    <p class='ocr_par' dir='ltr' id='par_1_72' title="bbox 202 2036 988 2073">
     <span class='ocr_line' id='line_1_72' title="bbox 202 2036 988 2073; baseline -0.005 -7"><span class='ocrx_word' id='word_1_503' title='bbox 202 2039 309 2067; x_wconf 88' lang='lat' dir='ltr'><strong>actibus</strong></span> <span class='ocrx_word' id='word_1_504' title='bbox 324 2047 356 2066; x_wconf 91' lang='lat' dir='ltr'><strong>eo</strong></span> <span class='ocrx_word' id='word_1_505' title='bbox 370 2043 494 2073; x_wconf 83' lang='lat' dir='ltr'><strong>spectare</strong></span> <span class='ocrx_word' id='word_1_506' title='bbox 514 2043 544 2065; x_wconf 91' lang='lat' dir='ltr'><strong>ut</strong></span> <span class='ocrx_word' id='word_1_507' title='bbox 561 2038 598 2065; x_wconf 88' lang='lat' dir='ltr'><strong>illi</strong></span> <span class='ocrx_word' id='word_1_508' title='bbox 625 2038 760 2070; x_wconf 84' lang='lat' dir='ltr'><strong>placeant,</strong></span> <span class='ocrx_word' id='word_1_509' title='bbox 780 2042 806 2064; x_wconf 88' lang='lat' dir='ltr'><strong>et</strong></span> <span class='ocrx_word' id='word_1_510' title='bbox 821 2043 854 2063; x_wconf 92' lang='lat' dir='ltr'><strong>ne</strong></span> <span class='ocrx_word' id='word_1_511' title='bbox 868 2036 988 2070; x_wconf 82' lang='lat' dir='ltr'><strong>cogitare</strong></span> 
     </span>
    </p>
   </div>
   <div class='ocr_carea' id='block_1_73' title="bbox 201 2080 986 2119">
    <p class='ocr_par' dir='ltr' id='par_1_73' title="bbox 201 2080 986 2119">
     <span class='ocr_line' id='line_1_73' title="bbox 201 2080 986 2119; baseline -0.005 -9"><span class='ocrx_word' id='word_1_512' title='bbox 201 2084 310 2119; x_wconf 82' lang='lat' dir='ltr'><strong>quidem</strong></span> <span class='ocrx_word' id='word_1_513' title='bbox 331 2083 478 2117; x_wconf 88' lang='lat' dir='ltr'><strong>quidquam</strong></span> <span class='ocrx_word' id='word_1_514' title='bbox 506 2083 577 2116; x_wconf 90' lang='lat' dir='ltr'><strong>quod</strong></span> <span class='ocrx_word' id='word_1_515' title='bbox 595 2082 632 2109; x_wconf 91' lang='lat' dir='ltr'><strong>illi</strong></span> <span class='ocrx_word' id='word_1_516' title='bbox 657 2082 800 2116; x_wconf 73' lang='lat' dir='ltr'><strong>displicare</strong></span> <span class='ocrx_word' id='word_1_517' title='bbox 824 2081 924 2116; x_wconf 80' lang='lat' dir='ltr'><strong>pOSsit,</strong></span> <span class='ocrx_word' id='word_1_518' title='bbox 942 2080 986 2114; x_wconf 92' lang='lat' dir='ltr'><strong>qui</strong></span> 
     </span>
    </p>
   </div>
   <div class='ocr_carea' id='block_1_74' title="bbox 1037 1485 1833 1524">
    <p class='ocr_par' dir='ltr' id='par_1_74' title="bbox 1037 1485 1833 1524">
     <span class='ocr_line' id='line_1_74' title="bbox 1037 1485 1833 1524; baseline -0.005 -9"><span class='ocrx_word' id='word_1_519' title='bbox 1037 1488 1202 1524; x_wconf 81' lang='grc' dir='ltr'>γραμμένων</span> <span class='ocrx_word' id='word_1_520' title='bbox 1221 1486 1403 1522; x_wconf 79' lang='grc' dir='ltr'>στοχάσασθαι</span> <span class='ocrx_word' id='word_1_521' title='bbox 1418 1487 1467 1521; x_wconf 73' lang='grc' dir='ltr'>τῆς</span> <span class='ocrx_word' id='word_1_522' title='bbox 1486 1485 1675 1520; x_wconf 80' lang='grc' dir='ltr'>προαιρέσεως</span> <span class='ocrx_word' id='word_1_523' title='bbox 1689 1485 1746 1512; x_wconf 81' lang='grc' dir='ltr'>τῶν</span> <span class='ocrx_word' id='word_1_524' title='bbox 1769 1494 1833 1520; x_wconf 82' lang='grc' dir='ltr'>γρι-</span> 
     </span>
    </p>
   </div>
   <div class='ocr_carea' id='block_1_75' title="bbox 1037 1531 1831 1570">
    <p class='ocr_par' dir='ltr' id='par_1_75' title="bbox 1037 1531 1831 1570">
     <span class='ocr_line' id='line_1_75' title="bbox 1037 1531 1831 1570; baseline -0.006 -9"><span class='ocrx_word' id='word_1_525' title='bbox 1037 1535 1156 1570; x_wconf 76' lang='grc' dir='ltr'>ψάντων,</span> <span class='ocrx_word' id='word_1_526' title='bbox 1182 1535 1228 1561; x_wconf 73' lang='grc' dir='ltr'><strong>καὶ</strong></span> <span class='ocrx_word' id='word_1_527' title='bbox 1251 1534 1300 1568; x_wconf 69' lang='grc' dir='ltr'>τῆς</span> <span class='ocrx_word' id='word_1_528' title='bbox 1324 1533 1514 1569; x_wconf 79' lang='grc' dir='ltr'>συνειδήσεως,</span> <span class='ocrx_word' id='word_1_529' title='bbox 1533 1532 1578 1559; x_wconf 75' lang='grc' dir='ltr'><strong>καὶ</strong></span> <span class='ocrx_word' id='word_1_530' title='bbox 1597 1532 1648 1566; x_wconf 80' lang='grc' dir='ltr'><strong>τῆς</strong></span> <span class='ocrx_word' id='word_1_531' title='bbox 1667 1531 1831 1562; x_wconf 79' lang='grc' dir='ltr'>διαθέσεως·</span> 
     </span>
    </p>
   </div>
   <div class='ocr_carea' id='block_1_76' title="bbox 1038 1575 1834 1616">
    <p class='ocr_par' dir='ltr' id='par_1_76' title="bbox 1038 1575 1834 1616">
     <span class='ocr_line' id='line_1_76' title="bbox 1038 1575 1834 1616; baseline -0.004 -9"><span class='ocrx_word' id='word_1_532' title='bbox 1038 1581 1151 1616; x_wconf 82' lang='grc' dir='ltr'>εὑρήσει</span> <span class='ocrx_word' id='word_1_533' title='bbox 1173 1580 1226 1616; x_wconf 82' lang='grc' dir='ltr'>γὰρ</span> <span class='ocrx_word' id='word_1_534' title='bbox 1248 1579 1348 1615; x_wconf 77' lang='grc' dir='ltr'>ἄνδρας</span> <span class='ocrx_word' id='word_1_535' title='bbox 1369 1579 1507 1615; x_wconf 76' lang='grc' dir='ltr'>διαπύρως</span> <span class='ocrx_word' id='word_1_536' title='bbox 1531 1579 1594 1614; x_wconf 70' lang='grc' dir='ltr'>περὶ</span> <span class='ocrx_word' id='word_1_537' title='bbox 1611 1575 1648 1605; x_wconf 86' lang='grc' dir='ltr'>ὧν</span> <span class='ocrx_word' id='word_1_538' title='bbox 1665 1579 1834 1613; x_wconf 70' lang='grc' dir='ltr'>ὑπειλήφασι</span> 
     </span>
    </p>
   </div>
   <div class='ocr_carea' id='block_1_77' title="bbox 1038 1624 1835 1660">
    <p class='ocr_par' dir='ltr' id='par_1_77' title="bbox 1038 1624 1835 1660">
     <span class='ocr_line' id='line_1_77' title="bbox 1038 1624 1835 1660; baseline -0.005 -7"><span class='ocrx_word' id='word_1_539' title='bbox 1038 1627 1253 1660; x_wconf 80' lang='grc' dir='ltr'>διατεινομένους</span> <span class='ocrx_word' id='word_1_540' title='bbox 1266 1634 1272 1640; x_wconf 90' lang='grc'><strong>·</strong></span> <span class='ocrx_word' id='word_1_541' title='bbox 1294 1625 1370 1657; x_wconf 80' lang='grc' dir='ltr'>τινὰς</span> <span class='ocrx_word' id='word_1_542' title='bbox 1391 1625 1419 1651; x_wconf 86' lang='grc' dir='ltr'><strong>δέ</strong></span> <span class='ocrx_word' id='word_1_543' title='bbox 1442 1625 1625 1660; x_wconf 71' lang='grc' dir='ltr'>ἐμφαίνοντας</span> <span class='ocrx_word' id='word_1_544' title='bbox 1648 1625 1694 1650; x_wconf 84' lang='grc' dir='ltr'><strong>καὶ</strong></span> <span class='ocrx_word' id='word_1_545' title='bbox 1718 1624 1835 1659; x_wconf 70' lang='grc' dir='ltr'>ἱστορίαν</span> 
     </span>
    </p>
   </div>
   <div class='ocr_carea' id='block_1_78' title="bbox 1038 1670 1835 1707">
    <p class='ocr_par' dir='ltr' id='par_1_78' title="bbox 1038 1670 1835 1707">
     <span class='ocr_line' id='line_1_78' title="bbox 1038 1670 1835 1707; baseline -0.004 -9"><span class='ocrx_word' id='word_1_546' title='bbox 1038 1671 1198 1707; x_wconf 79' lang='grc' dir='ltr'>ὲιοραμένην</span> <span class='ocrx_word' id='word_1_547' title='bbox 1222 1671 1269 1697; x_wconf 74' lang='grc' dir='ltr'>καὶ</span> <span class='ocrx_word' id='word_1_548' title='bbox 1284 1670 1509 1705; x_wconf 70' lang='grc' dir='ltr'>καταλειφθεῖσαν</span> <span class='ocrx_word' id='word_1_549' title='bbox 1536 1670 1590 1704; x_wconf 84' lang='lat'><strong>(97)</strong></span> <span class='ocrx_word' id='word_1_550' title='bbox 1606 1670 1787 1705; x_wconf 74' lang='grc' dir='ltr'>ἀναγράφειν,</span> <span class='ocrx_word' id='word_1_551' title='bbox 1801 1670 1835 1700; x_wconf 74' lang='grc' dir='ltr'>ὡς</span> 
     </span>
    </p>
   </div>
   <div class='ocr_carea' id='block_1_79' title="bbox 1042 1715 1834 1752">
    <p class='ocr_par' dir='ltr' id='par_1_79' title="bbox 1042 1715 1834 1752">
     <span class='ocr_line' id='line_1_79' title="bbox 1042 1715 1834 1752; baseline -0.004 -9"><span class='ocrx_word' id='word_1_552' title='bbox 1042 1716 1193 1752; x_wconf 81' lang='grc' dir='ltr'>παράδοξον</span> <span class='ocrx_word' id='word_1_553' title='bbox 1224 1717 1272 1743; x_wconf 71' lang='grc' dir='ltr'>καὶ</span> <span class='ocrx_word' id='word_1_554' title='bbox 1303 1716 1411 1751; x_wconf 78' lang='grc' dir='ltr'>γραφῆς</span> <span class='ocrx_word' id='word_1_555' title='bbox 1440 1715 1529 1747; x_wconf 81' lang='grc' dir='ltr'>ἀξίαν,</span> <span class='ocrx_word' id='word_1_556' title='bbox 1556 1715 1603 1741; x_wconf 74' lang='grc' dir='ltr'><strong>ἐπὶ</strong></span> <span class='ocrx_word' id='word_1_557' title='bbox 1633 1715 1754 1751; x_wconf 64' lang='grc' dir='ltr'>ὠφελείᾳ.</span> <span class='ocrx_word' id='word_1_558' title='bbox 1783 1715 1834 1741; x_wconf 75' lang='grc' dir='ltr'><strong>τῶν</strong></span> 
     </span>
    </p>
   </div>
   <div class='ocr_carea' id='block_1_80' title="bbox 1042 1761 1834 1798">
    <p class='ocr_par' dir='ltr' id='par_1_80' title="bbox 1042 1761 1834 1798">
     <span class='ocr_line' id='line_1_80' title="bbox 1042 1761 1834 1798; baseline -0.003 -9"><span class='ocrx_word' id='word_1_559' title='bbox 1042 1763 1243 1798; x_wconf 82' lang='grc' dir='ltr'>ἀκουσομένων.</span> <span class='ocrx_word' id='word_1_560' title='bbox 1277 1763 1310 1788; x_wconf 87' lang='grc' dir='ltr'>Ἥ</span> <span class='ocrx_word' id='word_1_561' title='bbox 1338 1761 1463 1798; x_wconf 76' lang='grc' dir='ltr'>τολμάτω</span> <span class='ocrx_word' id='word_1_562' title='bbox 1485 1770 1527 1794; x_wconf 88' lang='grc' dir='ltr'><strong>τις</strong></span> <span class='ocrx_word' id='word_1_563' title='bbox 1551 1761 1651 1795; x_wconf 84' lang='grc' dir='ltr'>λέγειν,</span> <span class='ocrx_word' id='word_1_564' title='bbox 1682 1761 1720 1796; x_wconf 90' lang='grc' dir='ltr'>μὴ</span> <span class='ocrx_word' id='word_1_565' title='bbox 1748 1761 1834 1795; x_wconf 76' lang='grc' dir='ltr'>πάσης</span> 
     </span>
    </p>
   </div>
   <div class='ocr_carea' id='block_1_81' title="bbox 1037 1805 1833 1842">
    <p class='ocr_par' dir='ltr' id='par_1_81' title="bbox 1037 1805 1833 1842">
     <span class='ocr_line' id='line_1_81' title="bbox 1037 1805 1833 1842; baseline -0.003 -8"><span class='ocrx_word' id='word_1_566' title='bbox 1037 1808 1172 1842; x_wconf 84' lang='grc' dir='ltr'>ὠφελείας</span> <span class='ocrx_word' id='word_1_567' title='bbox 1194 1805 1262 1833; x_wconf 69' lang='grc' dir='ltr'>εἶναι</span> <span class='ocrx_word' id='word_1_568' title='bbox 1285 1807 1377 1842; x_wconf 83' lang='grc' dir='ltr'>πηγὴν</span> <span class='ocrx_word' id='word_1_569' title='bbox 1401 1807 1448 1833; x_wconf 76' lang='grc' dir='ltr'><strong>καὶ</strong></span> <span class='ocrx_word' id='word_1_570' title='bbox 1472 1807 1558 1842; x_wconf 80' lang='grc' dir='ltr'>ἀρχὴν</span> <span class='ocrx_word' id='word_1_571' title='bbox 1572 1807 1602 1832; x_wconf 77' lang='grc' dir='ltr'>τὸ</span> <span class='ocrx_word' id='word_1_572' title='bbox 1627 1806 1775 1832; x_wconf 73' lang='grc' dir='ltr'>πιστεῦσαι</span> <span class='ocrx_word' id='word_1_573' title='bbox 1798 1806 1833 1840; x_wconf 80' lang='grc' dir='ltr'>τῷ</span> 
     </span>
    </p>
   </div>
   <div class='ocr_carea' id='block_1_82' title="bbox 1037 1852 1832 1888">
    <p class='ocr_par' dir='ltr' id='par_1_82' title="bbox 1037 1852 1832 1888">
     <span class='ocr_line' id='line_1_82' title="bbox 1037 1852 1832 1888; baseline -0.004 -8"><span class='ocrx_word' id='word_1_574' title='bbox 1037 1854 1091 1880; x_wconf 84' lang='grc' dir='ltr'><strong>τῶν</strong></span> <span class='ocrx_word' id='word_1_575' title='bbox 1116 1853 1184 1880; x_wconf 85' lang='grc' dir='ltr'>ὅλων</span> <span class='ocrx_word' id='word_1_576' title='bbox 1208 1853 1277 1888; x_wconf 84' lang='grc' dir='ltr'>Θεῷ,</span> <span class='ocrx_word' id='word_1_577' title='bbox 1295 1854 1342 1879; x_wconf 78' lang='grc' dir='ltr'><strong>καὶ</strong></span> <span class='ocrx_word' id='word_1_578' title='bbox 1364 1854 1452 1879; x_wconf 76' lang='grc' dir='ltr'>πάντα</span> <span class='ocrx_word' id='word_1_579' title='bbox 1468 1854 1597 1887; x_wconf 76' lang='grc' dir='ltr'>πράττειν</span> <span class='ocrx_word' id='word_1_580' title='bbox 1615 1852 1675 1878; x_wconf 78' lang='grc' dir='ltr'>κατ’</span> <span class='ocrx_word' id='word_1_581' title='bbox 1697 1852 1832 1886; x_wconf 67' lang='grc' dir='ltr'>ἀναφορὰν</span> 
     </span>
    </p>
   </div>
   <div class='ocr_carea' id='block_1_83' title="bbox 1037 1899 1832 1936">
    <p class='ocr_par' dir='ltr' id='par_1_83' title="bbox 1037 1899 1832 1936">
     <span class='ocr_line' id='line_1_83' title="bbox 1037 1899 1832 1936; baseline -0.003 -9"><span class='ocrx_word' id='word_1_582' title='bbox 1037 1901 1084 1927; x_wconf 78' lang='grc' dir='ltr'>τοῦ</span> <span class='ocrx_word' id='word_1_583' title='bbox 1111 1901 1213 1936; x_wconf 65' lang='grc' dir='ltr'>ἐκείνῳ</span> <span class='ocrx_word' id='word_1_584' title='bbox 1235 1901 1364 1936; x_wconf 74' lang='grc' dir='ltr'>ἀρέσκειν</span> <span class='ocrx_word' id='word_1_585' title='bbox 1391 1900 1454 1935; x_wconf 82' lang='grc' dir='ltr'>περὶ</span> <span class='ocrx_word' id='word_1_586' title='bbox 1483 1899 1654 1931; x_wconf 73' lang='grc' dir='ltr'>οὑτινοσοῦν,</span> <span class='ocrx_word' id='word_1_587' title='bbox 1683 1899 1731 1926; x_wconf 76' lang='grc' dir='ltr'>καὶ</span> <span class='ocrx_word' id='word_1_588' title='bbox 1757 1899 1832 1934; x_wconf 75' lang='grc' dir='ltr'>μηδὲν</span> 
     </span>
    </p>
   </div>
   <div class='ocr_carea' id='block_1_84' title="bbox 1038 1945 1832 1982">
    <p class='ocr_par' dir='ltr' id='par_1_84' title="bbox 1038 1945 1832 1982">
     <span class='ocr_line' id='line_1_84' title="bbox 1038 1945 1832 1982; baseline -0.003 -9"><span class='ocrx_word' id='word_1_589' title='bbox 1038 1947 1191 1982; x_wconf 81' lang='grc' dir='ltr'>ἀπάρεστον</span> <span class='ocrx_word' id='word_1_590' title='bbox 1215 1946 1290 1982; x_wconf 84' lang='grc' dir='ltr'><strong>αὺτῷ</strong></span> <span class='ocrx_word' id='word_1_591' title='bbox 1309 1946 1368 1981; x_wconf 80' lang='grc' dir='ltr'><strong>μηδ’</strong></span> <span class='ocrx_word' id='word_1_592' title='bbox 1389 1945 1574 1981; x_wconf 83' lang='grc' dir='ltr'>ἐνθυμεῖσθαι,</span> <span class='ocrx_word' id='word_1_593' title='bbox 1591 1946 1629 1976; x_wconf 86' lang='grc' dir='ltr'>ὡς</span> <span class='ocrx_word' id='word_1_594' title='bbox 1651 1945 1682 1971; x_wconf 72' lang='grc' dir='ltr'>οὐ</span> <span class='ocrx_word' id='word_1_595' title='bbox 1699 1945 1780 1980; x_wconf 81' lang='grc' dir='ltr'>μόνον</span> <span class='ocrx_word' id='word_1_596' title='bbox 1795 1945 1832 1971; x_wconf 68' lang='grc' dir='ltr'><strong>λῦ-</strong></span> 
     </span>
    </p>
   </div>
   <div class='ocr_carea' id='block_1_85' title="bbox 1039 1991 1830 2028">
    <p class='ocr_par' dir='ltr' id='par_1_85' title="bbox 1039 1991 1830 2028">
     <span class='ocr_line' id='line_1_85' title="bbox 1039 1991 1830 2028; baseline -0.004 -8"><span class='ocrx_word' id='word_1_597' title='bbox 1039 2002 1094 2028; x_wconf 87' lang='grc' dir='ltr'><strong>γων</strong></span> <span class='ocrx_word' id='word_1_598' title='bbox 1117 1993 1163 2020; x_wconf 72' lang='grc' dir='ltr'><strong>καὶ</strong></span> <span class='ocrx_word' id='word_1_599' title='bbox 1184 1993 1283 2028; x_wconf 72' lang='grc' dir='ltr'>ἔργων,</span> <span class='ocrx_word' id='word_1_600' title='bbox 1300 1992 1366 2018; x_wconf 75' lang='grc' dir='ltr'>ἀλλὰ</span> <span class='ocrx_word' id='word_1_601' title='bbox 1385 1992 1431 2018; x_wconf 70' lang='grc' dir='ltr'><strong>καὶ</strong></span> <span class='ocrx_word' id='word_1_602' title='bbox 1454 1991 1648 2026; x_wconf 84' lang='grc' dir='ltr'>διαλογισμῶν,</span> <span class='ocrx_word' id='word_1_603' title='bbox 1667 1991 1830 2027; x_wconf 73' lang='grc' dir='ltr'>κριθησομέ-</span> 
     </span>
    </p>
   </div>
   <div class='ocr_carea' id='block_1_86' title="bbox 1038 2037 1827 2073">
    <p class='ocr_par' dir='ltr' id='par_1_86' title="bbox 1038 2037 1827 2073">
     <span class='ocr_line' id='line_1_86' title="bbox 1038 2037 1827 2073; baseline -0.001 -8"><span class='ocrx_word' id='word_1_604' title='bbox 1038 2048 1102 2066; x_wconf 91' lang='grc' dir='ltr'>νων.</span> <span class='ocrx_word' id='word_1_605' title='bbox 1119 2039 1174 2065; x_wconf 73' lang='grc' dir='ltr'><strong>Καὶ</strong></span> <span class='ocrx_word' id='word_1_606' title='bbox 1189 2038 1230 2070; x_wconf 88' lang='grc' dir='ltr'><strong>τίς</strong></span> <span class='ocrx_word' id='word_1_607' title='bbox 1247 2038 1280 2065; x_wconf 81' lang='grc' dir='ltr'>ἂν</span> <span class='ocrx_word' id='word_1_608' title='bbox 1296 2038 1374 2070; x_wconf 84' lang='grc' dir='ltr'>ἄλλος</span> <span class='ocrx_word' id='word_1_609' title='bbox 1390 2038 1467 2072; x_wconf 86' lang='grc' dir='ltr'>λόγος</span> <span class='ocrx_word' id='word_1_610' title='bbox 1484 2037 1730 2073; x_wconf 75' lang='grc' dir='ltr'>ἐπιστρεφέστερον</span> <span class='ocrx_word' id='word_1_611' title='bbox 1748 2046 1827 2073; x_wconf 71' lang='grc' dir='ltr'>προσ-</span> 
     </span>
    </p>
   </div>
   <div class='ocr_carea' id='block_1_87' title="bbox 1040 2080 1828 2120">
    <p class='ocr_par' dir='ltr' id='par_1_87' title="bbox 1040 2080 1828 2120">
     <span class='ocr_line' id='line_1_87' title="bbox 1040 2080 1828 2120; baseline -0.005 -8"><span class='ocrx_word' id='word_1_612' title='bbox 1040 2085 1100 2119; x_wconf 84' lang='grc' dir='ltr'>άγοι</span> <span class='ocrx_word' id='word_1_613' title='bbox 1117 2085 1172 2120; x_wconf 84' lang='grc'>(98)</span> <span class='ocrx_word' id='word_1_614' title='bbox 1187 2085 1237 2119; x_wconf 84' lang='grc' dir='ltr'>τὴν</span> <span class='ocrx_word' id='word_1_615' title='bbox 1260 2083 1432 2119; x_wconf 78' lang='grc' dir='ltr'>ἀνθρωπίνην</span> <span class='ocrx_word' id='word_1_616' title='bbox 1456 2083 1536 2117; x_wconf 85' lang='grc' dir='ltr'>φύσιν</span> <span class='ocrx_word' id='word_1_617' title='bbox 1556 2082 1596 2118; x_wconf 84' lang='grc' dir='ltr'>τῷ</span> <span class='ocrx_word' id='word_1_618' title='bbox 1617 2080 1647 2109; x_wconf 85' lang='grc' dir='ltr'>εὖ</span> <span class='ocrx_word' id='word_1_619' title='bbox 1668 2082 1732 2118; x_wconf 75' lang='grc' dir='ltr'>ζῇν,</span> <span class='ocrx_word' id='word_1_620' title='bbox 1758 2083 1794 2114; x_wconf 77' lang='grc' dir='ltr'>ὡς</span> <span class='ocrx_word' id='word_1_621' title='bbox 1814 2084 1828 2117; x_wconf 68' lang='grc' dir='ltr'>ἡ</span> 
     </span>
    </p>
   </div>
   <div class='ocr_carea' id='block_1_88' title="bbox 203 2124 985 2165">
    <p class='ocr_par' dir='ltr' id='par_1_88' title="bbox 203 2127 985 2163">
     <span class='ocr_line' id='line_1_88' title="bbox 203 2127 985 2163; baseline -0.005 -6"><span class='ocrx_word' id='word_1_622' title='bbox 203 2138 256 2157; x_wconf 90' lang='lat' dir='ltr'><strong>non</strong></span> <span class='ocrx_word' id='word_1_623' title='bbox 270 2137 424 2156; x_wconf 88' lang='lat' dir='ltr'><strong>sermonum</strong></span> <span class='ocrx_word' id='word_1_624' title='bbox 442 2129 520 2156; x_wconf 85' lang='lat' dir='ltr'><strong>modo</strong></span> <span class='ocrx_word' id='word_1_625' title='bbox 541 2133 568 2155; x_wconf 90' lang='lat' dir='ltr'><strong>et</strong></span> <span class='ocrx_word' id='word_1_626' title='bbox 583 2136 704 2163; x_wconf 82' lang='lat' dir='ltr'><strong>operum,</strong></span> <span class='ocrx_word' id='word_1_627' title='bbox 721 2127 767 2155; x_wconf 84' lang='lat' dir='ltr'><strong>sed</strong></span> <span class='ocrx_word' id='word_1_628' title='bbox 781 2127 862 2155; x_wconf 81' lang='lat' dir='ltr'><strong>etiam</strong></span> <span class='ocrx_word' id='word_1_629' title='bbox 879 2127 985 2162; x_wconf 77' lang='lat' dir='ltr'><strong>cogita-</strong></span> 
     </span>
    </p>
   </div>
   <div class='ocr_carea' id='block_1_89' title="bbox 1048 2124 1831 2165">
    <p class='ocr_par' dir='ltr' id='par_1_89' title="bbox 1048 2129 1831 2165">
     <span class='ocr_line' id='line_1_89' title="bbox 1048 2129 1831 2165; baseline -0.004 -8"><span class='ocrx_word' id='word_1_630' title='bbox 1048 2131 1133 2162; x_wconf 76' lang='grc' dir='ltr'>πίστις</span> <span class='ocrx_word' id='word_1_631' title='bbox 1149 2131 1165 2165; x_wconf 84' lang='grc' dir='ltr'>ἢ</span> <span class='ocrx_word' id='word_1_632' title='bbox 1184 2132 1200 2165; x_wconf 87' lang='grc' dir='ltr'><strong>ή</strong></span> <span class='ocrx_word' id='word_1_633' title='bbox 1219 2130 1346 2165; x_wconf 70' lang='grc' dir='ltr'>διάληψις</span> <span class='ocrx_word' id='word_1_634' title='bbox 1359 2129 1424 2165; x_wconf 72' lang='grc' dir='ltr'>περὶ</span> <span class='ocrx_word' id='word_1_635' title='bbox 1444 2129 1490 2155; x_wconf 74' lang='grc' dir='ltr'>τοῦ</span> <span class='ocrx_word' id='word_1_636' title='bbox 1515 2129 1592 2155; x_wconf 73' lang='grc' dir='ltr'>πάντ’</span> <span class='ocrx_word' id='word_1_637' title='bbox 1617 2129 1720 2164; x_wconf 78' lang='grc' dir='ltr'>ἐφορᾷν</span> <span class='ocrx_word' id='word_1_638' title='bbox 1737 2129 1781 2155; x_wconf 76' lang='grc' dir='ltr'>τὸν</span> <span class='ocrx_word' id='word_1_639' title='bbox 1792 2129 1831 2154; x_wconf 77' lang='grc' dir='ltr'><strong>ἐπὶ</strong></span> 
     </span>
    </p>
   </div>
   <div class='ocr_carea' id='block_1_90' title="bbox 203 2173 985 2208">
    <p class='ocr_par' dir='ltr' id='par_1_90' title="bbox 203 2173 985 2208">
     <span class='ocr_line' id='line_1_90' title="bbox 203 2173 985 2208; baseline -0.004 -6"><span class='ocrx_word' id='word_1_640' title='bbox 203 2178 304 2202; x_wconf 88' lang='lat' dir='ltr'><strong>tionum</strong></span> <span class='ocrx_word' id='word_1_641' title='bbox 321 2175 425 2202; x_wconf 80' lang='lat' dir='ltr'><strong>futurus</strong></span> <span class='ocrx_word' id='word_1_642' title='bbox 434 2179 475 2202; x_wconf 81' lang='lat' dir='ltr'><strong>est</strong></span> <span class='ocrx_word' id='word_1_643' title='bbox 486 2174 578 2208; x_wconf 79' lang='lat' dir='ltr'><strong>judex.</strong></span> <span class='ocrx_word' id='word_1_644' title='bbox 598 2174 695 2207; x_wconf 77' lang='lat' dir='ltr'><strong>Ecquze</strong></span> <span class='ocrx_word' id='word_1_645' title='bbox 709 2174 831 2200; x_wconf 86' lang='lat' dir='ltr'><strong>doctrina</strong></span> <span class='ocrx_word' id='word_1_646' title='bbox 848 2173 985 2200; x_wconf 79' lang='lat' dir='ltr'><strong>ellicaeius</strong></span> 
     </span>
    </p>
   </div>
   <div class='ocr_carea' id='block_1_91' title="bbox 203 2218 986 2253">
    <p class='ocr_par' dir='ltr' id='par_1_91' title="bbox 203 2218 986 2253">
     <span class='ocr_line' id='line_1_91' title="bbox 203 2218 986 2253; baseline -0.004 -6"><span class='ocrx_word' id='word_1_647' title='bbox 203 2221 332 2247; x_wconf 84' lang='lat' dir='ltr'><strong>inducere</strong></span> <span class='ocrx_word' id='word_1_648' title='bbox 350 2219 473 2246; x_wconf 89' lang='lat' dir='ltr'><strong>homines</strong></span> <span class='ocrx_word' id='word_1_649' title='bbox 486 2223 574 2253; x_wconf 88' lang='lat' dir='ltr'><strong>potest</strong></span> <span class='ocrx_word' id='word_1_650' title='bbox 587 2224 614 2245; x_wconf 94' lang='lat' dir='ltr'><strong>ut</strong></span> <span class='ocrx_word' id='word_1_651' title='bbox 631 2219 814 2251; x_wconf 80' lang='lat' dir='ltr'><strong>vivantbcne,</strong></span> <span class='ocrx_word' id='word_1_652' title='bbox 832 2225 912 2252; x_wconf 80' lang='lat' dir='ltr'><strong>quam</strong></span> <span class='ocrx_word' id='word_1_653' title='bbox 929 2218 986 2245; x_wconf 76' lang='lat' dir='ltr'><strong>luce</strong></span> 
     </span>
    </p>
   </div>
   <div class='ocr_carea' id='block_1_92' title="bbox 205 2263 984 2299">
    <p class='ocr_par' dir='ltr' id='par_1_92' title="bbox 205 2263 984 2299">
     <span class='ocr_line' id='line_1_92' title="bbox 205 2263 984 2299; baseline -0.004 -7"><span class='ocrx_word' id='word_1_654' title='bbox 205 2266 282 2297; x_wconf 84' lang='lat' dir='ltr'><strong>ﬁdes,</strong></span> <span class='ocrx_word' id='word_1_655' title='bbox 301 2266 343 2292; x_wconf 90' lang='lat' dir='ltr'><strong>vel</strong></span> <span class='ocrx_word' id='word_1_656' title='bbox 360 2266 416 2292; x_wconf 75' lang='lat' dir='ltr'><strong>Iuno</strong></span> <span class='ocrx_word' id='word_1_657' title='bbox 441 2265 592 2299; x_wconf 84' lang='lat' dir='ltr'><strong>persuasio,</strong></span> <span class='ocrx_word' id='word_1_658' title='bbox 609 2271 764 2298; x_wconf 88' lang='lat' dir='ltr'><strong>suprennnn</strong></span> <span class='ocrx_word' id='word_1_659' title='bbox 784 2264 866 2290; x_wconf 87' lang='lat' dir='ltr'><strong>Deum</strong></span> <span class='ocrx_word' id='word_1_660' title='bbox 894 2263 984 2290; x_wconf 91' lang='lat' dir='ltr'><strong>omnia</strong></span> 
     </span>
    </p>
   </div>
   <div class='ocr_carea' id='block_1_93' title="bbox 206 2309 989 2344">
    <p class='ocr_par' dir='ltr' id='par_1_93' title="bbox 206 2309 989 2344">
     <span class='ocr_line' id='line_1_93' title="bbox 206 2309 989 2344; baseline -0.004 -6"><span class='ocrx_word' id='word_1_661' title='bbox 206 2318 298 2338; x_wconf 86' lang='lat' dir='ltr'><strong>nostra</strong></span> <span class='ocrx_word' id='word_1_662' title='bbox 329 2311 445 2342; x_wconf 82' lang='lat' dir='ltr'><strong>intueri,</strong></span> <span class='ocrx_word' id='word_1_663' title='bbox 472 2311 553 2340; x_wconf 83' lang='lat' dir='ltr'><strong>dicta,</strong></span> <span class='ocrx_word' id='word_1_664' title='bbox 580 2309 662 2342; x_wconf 80' lang='lat' dir='ltr'><strong>facta,</strong></span> <span class='ocrx_word' id='word_1_665' title='bbox 691 2309 830 2344; x_wconf 77' lang='lat' dir='ltr'><strong>cogitata?</strong></span> <span class='ocrx_word' id='word_1_666' title='bbox 858 2309 989 2336; x_wconf 85' lang='lat' dir='ltr'><strong>Monstret</strong></span> 
     </span>
    </p>
   </div>
   <div class='ocr_carea' id='block_1_94' title="bbox 204 2354 987 2389">
    <p class='ocr_par' dir='ltr' id='par_1_94' title="bbox 204 2354 987 2389">
     <span class='ocr_line' id='line_1_94' title="bbox 204 2354 987 2389; baseline -0.001 -8"><span class='ocrx_word' id='word_1_667' title='bbox 204 2355 276 2382; x_wconf 87' lang='lat' dir='ltr'><strong>enim</strong></span> <span class='ocrx_word' id='word_1_668' title='bbox 299 2356 342 2389; x_wconf 85' lang='lat' dir='ltr'><strong>qui</strong></span> <span class='ocrx_word' id='word_1_669' title='bbox 368 2355 484 2382; x_wconf 85' lang='lat' dir='ltr'><strong>voluerit</strong></span> <span class='ocrx_word' id='word_1_670' title='bbox 505 2355 584 2381; x_wconf 86' lang='lat' dir='ltr'><strong>aliam</strong></span> <span class='ocrx_word' id='word_1_671' title='bbox 610 2355 689 2385; x_wconf 81' lang='lat' dir='ltr'><strong>viam.</strong></span> <span class='ocrx_word' id='word_1_672' title='bbox 715 2363 765 2388; x_wconf 86' lang='lat' dir='ltr'><strong>qua</strong></span> <span class='ocrx_word' id='word_1_673' title='bbox 793 2356 825 2381; x_wconf 90' lang='lat' dir='ltr'><strong>ad</strong></span> <span class='ocrx_word' id='word_1_674' title='bbox 849 2354 987 2381; x_wconf 88' lang='lat' dir='ltr'><strong>meliorem</strong></span> 
     </span>
    </p>
   </div>
   <div class='ocr_carea' id='block_1_95' title="bbox 207 2400 988 2435">
    <p class='ocr_par' dir='ltr' id='par_1_95' title="bbox 207 2400 988 2435">
     <span class='ocr_line' id='line_1_95' title="bbox 207 2400 988 2435; baseline -0.001 -9"><span class='ocrx_word' id='word_1_675' title='bbox 207 2400 312 2434; x_wconf 74' lang='lat' dir='ltr'><strong>frugem</strong></span> <span class='ocrx_word' id='word_1_676' title='bbox 328 2405 488 2427; x_wconf 87' lang='lat' dir='ltr'><strong>revocentur</strong></span> <span class='ocrx_word' id='word_1_677' title='bbox 503 2408 554 2426; x_wconf 89' lang='lat' dir='ltr'><strong>non</strong></span> <span class='ocrx_word' id='word_1_678' title='bbox 572 2408 640 2427; x_wconf 88' lang='lat' dir='ltr'><strong>unus</strong></span> <span class='ocrx_word' id='word_1_679' title='bbox 653 2401 786 2435; x_wconf 82' lang='lat' dir='ltr'><strong>quispiam</strong></span> <span class='ocrx_word' id='word_1_680' title='bbox 799 2405 826 2427; x_wconf 88' lang='lat' dir='ltr'><strong>et</strong></span> <span class='ocrx_word' id='word_1_681' title='bbox 843 2400 921 2430; x_wconf 86' lang='lat' dir='ltr'><strong>alter,</strong></span> <span class='ocrx_word' id='word_1_682' title='bbox 941 2400 988 2426; x_wconf 88' lang='lat' dir='ltr'><strong>sed</strong></span> 
     </span>
    </p>
   </div>
   <div class='ocr_carea' id='block_1_96' title="bbox 205 2446 989 2480">
    <p class='ocr_par' dir='ltr' id='par_1_96' title="bbox 205 2446 989 2480">
     <span class='ocr_line' id='line_1_96' title="bbox 205 2446 989 2480; baseline -0.001 -8"><span class='ocrx_word' id='word_1_683' title='bbox 205 2447 300 2480; x_wconf 79' lang='lat' dir='ltr'><strong>ingens</strong></span> <span class='ocrx_word' id='word_1_684' title='bbox 315 2446 457 2472; x_wconf 90' lang='lat' dir='ltr'><strong>multitudo</strong></span> <span class='ocrx_word' id='word_1_685' title='bbox 475 2455 481 2472; x_wconf 92' lang='lat'><strong>:</strong></span> <span class='ocrx_word' id='word_1_686' title='bbox 498 2451 524 2472; x_wconf 88' lang='lat' dir='ltr'><strong>et</strong></span> <span class='ocrx_word' id='word_1_687' title='bbox 549 2446 661 2473; x_wconf 79' lang='lat' dir='ltr'><strong>alterius</strong></span> <span class='ocrx_word' id='word_1_688' title='bbox 682 2455 743 2473; x_wconf 89' lang='lat' dir='ltr'><strong>cum</strong></span> <span class='ocrx_word' id='word_1_689' title='bbox 769 2446 855 2473; x_wconf 78' lang='lat' dir='ltr'><strong>altera</strong></span> <span class='ocrx_word' id='word_1_690' title='bbox 878 2453 989 2479; x_wconf 89' lang='lat' dir='ltr'><strong>compa-</strong></span> 
     </span>
    </p>
   </div>
   <div class='ocr_carea' id='block_1_97' title="bbox 205 2491 990 2527">
    <p class='ocr_par' dir='ltr' id='par_1_97' title="bbox 205 2491 990 2527">
     <span class='ocr_line' id='line_1_97' title="bbox 205 2491 990 2527; baseline -0.003 -9"><span class='ocrx_word' id='word_1_691' title='bbox 205 2493 309 2519; x_wconf 83' lang='lat' dir='ltr'><strong>ratione</strong></span> <span class='ocrx_word' id='word_1_692' title='bbox 334 2492 472 2527; x_wconf 86' lang='lat' dir='ltr'><strong>dijudicet,</strong></span> <span class='ocrx_word' id='word_1_693' title='bbox 490 2495 549 2518; x_wconf 89' lang='lat' dir='ltr'><strong>utra</strong></span> <span class='ocrx_word' id='word_1_694' title='bbox 565 2491 687 2520; x_wconf 85' lang='lat' dir='ltr'><strong>doctrina</strong></span> <span class='ocrx_word' id='word_1_695' title='bbox 712 2494 745 2520; x_wconf 90' lang='lat' dir='ltr'><strong>ad</strong></span> <span class='ocrx_word' id='word_1_696' title='bbox 771 2493 900 2519; x_wconf 86' lang='lat' dir='ltr'><strong>virtutem</strong></span> <span class='ocrx_word' id='word_1_697' title='bbox 928 2498 990 2525; x_wconf 86' lang='lat' dir='ltr'><strong>pcr-</strong></span> 
     </span>
    </p>
   </div>
   <div class='ocr_carea' id='block_1_98' title="bbox 206 2538 298 2564">
    <p class='ocr_par' dir='ltr' id='par_1_98' title="bbox 206 2538 298 2564">
     <span class='ocr_line' id='line_1_98' title="bbox 206 2538 298 2564; baseline -0.022 0"><span class='ocrx_word' id='word_1_698' title='bbox 206 2538 298 2564; x_wconf 84' lang='lat' dir='ltr'><strong>ducat.</strong></span> 
     </span>
    </p>
   </div>
   <div class='ocr_carea' id='block_1_99' title="bbox 239 2579 987 2613">
    <p class='ocr_par' dir='ltr' id='par_1_99' title="bbox 239 2579 987 2613">
     <span class='ocr_line' id='line_1_99' title="bbox 239 2579 987 2613; baseline -0.004 -6"><span class='ocrx_word' id='word_1_699' title='bbox 239 2580 284 2607; x_wconf 75' lang='lat' dir='ltr'><strong>5t.</strong></span> <span class='ocrx_word' id='word_1_700' title='bbox 300 2580 432 2613; x_wconf 81' lang='lat' dir='ltr'><strong>Quoniam</strong></span> <span class='ocrx_word' id='word_1_701' title='bbox 450 2588 513 2608; x_wconf 82' lang='lat' dir='ltr'><strong>vero</strong></span> <span class='ocrx_word' id='word_1_702' title='bbox 537 2581 562 2607; x_wconf 93' lang='lat' dir='ltr'><strong>in</strong></span> <span class='ocrx_word' id='word_1_703' title='bbox 587 2581 658 2608; x_wconf 82' lang='lat' dir='ltr'><strong>Celsi</strong></span> <span class='ocrx_word' id='word_1_704' title='bbox 683 2580 772 2607; x_wconf 80' lang='lat' dir='ltr'><strong>verbis</strong></span> <span class='ocrx_word' id='word_1_705' title='bbox 789 2579 868 2607; x_wconf 90' lang='lat' dir='ltr'><strong>modo</strong></span> <span class='ocrx_word' id='word_1_706' title='bbox 884 2587 987 2606; x_wconf 85' lang='lat' dir='ltr'><strong>mento-</strong></span> 
     </span>
    </p>
   </div>
   <div class='ocr_carea' id='block_1_100' title="bbox 207 2625 991 2661">
    <p class='ocr_par' dir='ltr' id='par_1_100' title="bbox 207 2625 991 2661">
     <span class='ocr_line' id='line_1_100' title="bbox 207 2625 991 2661; baseline 0.003 -10"><span class='ocrx_word' id='word_1_707' title='bbox 207 2629 273 2653; x_wconf 82' lang='lat' dir='ltr'><strong>tatis</strong></span> <span class='ocrx_word' id='word_1_708' title='bbox 292 2626 336 2653; x_wconf 91' lang='lat' dir='ltr'><strong>ubi</strong></span> <span class='ocrx_word' id='word_1_709' title='bbox 353 2628 476 2661; x_wconf 77' lang='lat' dir='ltr'><strong>qtttedam</strong></span> <span class='ocrx_word' id='word_1_710' title='bbox 495 2634 510 2653; x_wconf 89' lang='lat' dir='ltr'><strong>e</strong></span> <span class='ocrx_word' id='word_1_711' title='bbox 537 2627 634 2653; x_wconf 54' lang='lat' dir='ltr'><strong>Tima’o</strong></span> <span class='ocrx_word' id='word_1_712' title='bbox 658 2627 822 2660; x_wconf 86' lang='lat' dir='ltr'><strong>transcripta</strong></span> <span class='ocrx_word' id='word_1_713' title='bbox 846 2630 917 2656; x_wconf 86' lang='lat' dir='ltr'><strong>sunt,</strong></span> <span class='ocrx_word' id='word_1_714' title='bbox 935 2625 991 2653; x_wconf 72' lang='lat' dir='ltr'><strong>lucc</strong></span> 
     </span>
    </p>
   </div>
   <div class='ocr_carea' id='block_1_101' title="bbox 240 2682 990 2717">
    <p class='ocr_par' dir='ltr' id='par_1_101' title="bbox 240 2682 990 2717">
     <span class='ocr_line' id='line_1_101' title="bbox 240 2682 990 2717; baseline -0.001 -8"><span class='ocrx_word' id='word_1_715' title='bbox 240 2682 296 2717; x_wconf 83' lang='lat'><strong>(97)</strong></span> <span class='ocrx_word' id='word_1_716' title='bbox 316 2683 581 2716; x_wconf 62' lang='grc' dir='ltr'>Καταλειρθεῐσαν.</span> <span class='ocrx_word' id='word_1_717' title='bbox 607 2683 783 2710; x_wconf 86' lang='lat' dir='ltr'><strong>Scribcndum</strong></span> <span class='ocrx_word' id='word_1_718' title='bbox 810 2683 924 2711; x_wconf 84' lang='lat' dir='ltr'><strong>videtur.</strong></span> <span class='ocrx_word' id='word_1_719' title='bbox 942 2691 990 2708; x_wconf 85' lang='grc' dir='ltr'>κα-</span> 
     </span>
    </p>
   </div>
   <div class='ocr_carea' id='block_1_102' title="bbox 205 2717 990 2759">
    <p class='ocr_par' dir='ltr' id='par_1_102' title="bbox 205 2717 990 2759">
     <span class='ocr_line' id='line_1_102' title="bbox 205 2717 990 2759; baseline -0.001 -16"><span class='ocrx_word' id='word_1_720' title='bbox 205 2718 396 2759; x_wconf 56' lang='grc' dir='ltr'>ταληφθεῖσαν.</span> <span class='ocrx_word' id='word_1_721' title='bbox 415 2718 496 2759; x_wconf 58' lang='grc' dir='ltr'>ξηιιίρ</span> <span class='ocrx_word' id='word_1_722' title='bbox 518 2724 666 2759; x_wconf 65' lang='lat' dir='ltr'><strong>post_iitss._.</strong></span> <span class='ocrx_word' id='word_1_723' title='bbox 690 2719 726 2753; x_wconf 84' lang='grc' dir='ltr'>μὴ</span> <span class='ocrx_word' id='word_1_724' title='bbox 749 2718 838 2752; x_wconf 69' lang='grc' dir='ltr'>πάσης</span> <span class='ocrx_word' id='word_1_725' title='bbox 858 2717 990 2759; x_wconf 49' lang='lat' dir='ltr'><strong>rogitem;</strong></span> 
     </span>
    </p>
   </div>
   <div class='ocr_carea' id='block_1_103' title="bbox 207 2750 990 2821">
    <p class='ocr_par' dir='ltr' id='par_1_103' title="bbox 207 2750 990 2821">
     <span class='ocr_line' id='line_1_103' title="bbox 207 2750 990 2821; baseline 0.004 -44"><span class='ocrx_word' id='word_1_726' title='bbox 207 2750 399 2821; x_wconf 42' lang='grc' dir='ltr'>εἷναὲπηγήν.</span> <span class='ocrx_word' id='word_1_727' title='bbox 424 2752 500 2780; x_wconf 84' lang='lat' dir='ltr'><strong>Lihb.</strong></span> <span class='ocrx_word' id='word_1_728' title='bbox 520 2750 607 2783; x_wconf 77' lang='lat' dir='ltr'><strong>editi,</strong></span> <span class='ocrx_word' id='word_1_729' title='bbox 631 2753 667 2788; x_wconf 82' lang='grc' dir='ltr'>μὴ</span> <span class='ocrx_word' id='word_1_730' title='bbox 689 2750 777 2788; x_wconf 42' lang='lat' dir='ltr'><strong>inim;</strong></span> <span class='ocrx_word' id='word_1_731' title='bbox 805 2750 899 2787; x_wconf 68' lang='grc' dir='ltr'>σοφίας</span> <span class='ocrx_word' id='word_1_732' title='bbox 923 2750 990 2780; x_wconf 83' lang='grc' dir='ltr'>εἶναι</span> 
     </span>
     <span class='ocr_line' id='line_1_104' title="bbox 208 2795 310 2819; baseline 0.02 -8"><span class='ocrx_word' id='word_1_733' title='bbox 208 2795 265 2819; x_wconf 78' lang='grc' dir='ltr'>πηγ</span> <span class='ocrx_word' id='word_1_734' title='bbox 285 2795 310 2813; x_wconf 91' lang='grc' dir='ltr'>ν.</span> 
     </span>
    </p>
   </div>
   <div class='ocr_carea' id='block_1_104' title="bbox 208 2795 310 2819">
    <p class='ocr_par' dir='ltr' id='par_1_104' title="bbox 208 2795 310 2819">
     <span class='ocr_line' id='line_1_105' title="bbox 208 2795 310 2819; baseline 0 0"><span class='ocrx_word' id='word_1_735' title='bbox 208 2795 310 2819; x_wconf 68' lang='grc' dir='ltr'>πηγηνη</span> 
     </span>
    </p>
   </div>
   <div class='ocr_carea' id='block_1_105' title="bbox 245 2821 988 2860">
    <p class='ocr_par' dir='ltr' id='par_1_105' title="bbox 245 2821 988 2860">
     <span class='ocr_line' id='line_1_106' title="bbox 245 2821 988 2860; baseline 0.004 -14"><span class='ocrx_word' id='word_1_736' title='bbox 245 2822 300 2860; x_wconf 57' lang='grc' dir='ltr'>(υις)</span> <span class='ocrx_word' id='word_1_737' title='bbox 321 2821 397 2849; x_wconf 78' lang='lat' dir='ltr'><strong>Libb.</strong></span> <span class='ocrx_word' id='word_1_738' title='bbox 415 2823 490 2854; x_wconf 83' lang='lat' dir='ltr'><strong>editi,</strong></span> <span class='ocrx_word' id='word_1_739' title='bbox 508 2824 650 2857; x_wconf 61' lang='grc' dir='ltr'>προσάγει,</span> <span class='ocrx_word' id='word_1_740' title='bbox 677 2823 722 2850; x_wconf 82' lang='lat' dir='ltr'><strong>sed</strong></span> <span class='ocrx_word' id='word_1_741' title='bbox 749 2830 826 2855; x_wconf 84' lang='lat' dir='ltr'><strong>rnss.,</strong></span> <span class='ocrx_word' id='word_1_742' title='bbox 846 2823 988 2858; x_wconf 70' lang='grc' dir='ltr'>προσίιγοι,</span> 
     </span>
    </p>
   </div>
   <div class='ocr_carea' id='block_1_106' title="bbox 211 2861 321 2881">
    <p class='ocr_par' dir='ltr' id='par_1_106' title="bbox 211 2861 321 2881">
     <span class='ocr_line' id='line_1_107' title="bbox 211 2861 321 2881; baseline 0 0"><span class='ocrx_word' id='word_1_743' title='bbox 211 2861 321 2881; x_wconf 69' lang='lat' dir='ltr'><strong>rectius.</strong></span> 
     </span>
    </p>
   </div>
   <div class='ocr_carea' id='block_1_107' title="bbox 1043 2175 1830 2210">
    <p class='ocr_par' dir='ltr' id='par_1_107' title="bbox 1043 2175 1830 2210">
     <span class='ocr_line' id='line_1_108' title="bbox 1043 2175 1830 2210; baseline -0.004 -7"><span class='ocrx_word' id='word_1_744' title='bbox 1043 2178 1110 2204; x_wconf 78' lang='grc' dir='ltr'>πᾶσι</span> <span class='ocrx_word' id='word_1_745' title='bbox 1134 2177 1200 2203; x_wconf 80' lang='grc' dir='ltr'>Θεὸν</span> <span class='ocrx_word' id='word_1_746' title='bbox 1216 2175 1250 2203; x_wconf 80' lang='grc' dir='ltr'>τὰ</span> <span class='ocrx_word' id='word_1_747' title='bbox 1270 2177 1314 2210; x_wconf 78' lang='grc' dir='ltr'><strong>ὑφ’</strong></span> <span class='ocrx_word' id='word_1_748' title='bbox 1339 2175 1417 2210; x_wconf 84' lang='grc' dir='ltr'>ἡμῶν</span> <span class='ocrx_word' id='word_1_749' title='bbox 1440 2175 1573 2209; x_wconf 82' lang='grc' dir='ltr'>λεγόμενα</span> <span class='ocrx_word' id='word_1_750' title='bbox 1590 2175 1638 2201; x_wconf 72' lang='grc' dir='ltr'>καὶ</span> <span class='ocrx_word' id='word_1_751' title='bbox 1652 2175 1830 2210; x_wconf 78' lang='grc' dir='ltr'>πραττόμενα.</span> 
     </span>
    </p>
   </div>
   <div class='ocr_carea' id='block_1_108' title="bbox 1043 2220 1832 2258">
    <p class='ocr_par' dir='ltr' id='par_1_108' title="bbox 1043 2220 1832 2258">
     <span class='ocr_line' id='line_1_109' title="bbox 1043 2220 1832 2258; baseline -0.005 -8"><span class='ocrx_word' id='word_1_752' title='bbox 1043 2223 1111 2250; x_wconf 78' lang='grc' dir='ltr'>ἀλλὰ</span> <span class='ocrx_word' id='word_1_753' title='bbox 1134 2223 1181 2249; x_wconf 74' lang='grc' dir='ltr'>καὶ</span> <span class='ocrx_word' id='word_1_754' title='bbox 1194 2221 1373 2258; x_wconf 72' lang='grc' dir='ltr'>λογιζόμενα;</span> <span class='ocrx_word' id='word_1_755' title='bbox 1392 2220 1592 2256; x_wconf 77' lang='grc' dir='ltr'>Παραῦαλλέτω</span> <span class='ocrx_word' id='word_1_756' title='bbox 1607 2220 1662 2255; x_wconf 80' lang='lat'><strong>(99)</strong></span> <span class='ocrx_word' id='word_1_757' title='bbox 1677 2220 1733 2256; x_wconf 73' lang='grc' dir='ltr'>γὰρ</span> <span class='ocrx_word' id='word_1_758' title='bbox 1751 2221 1765 2246; x_wconf 84' lang='grc' dir='ltr'><strong>ό</strong></span> <span class='ocrx_word' id='word_1_759' title='bbox 1778 2220 1832 2255; x_wconf 76' lang='grc' dir='ltr'>βον-</span> 
     </span>
    </p>
   </div>
   <div class='ocr_carea' id='block_1_109' title="bbox 1042 2265 1829 2304">
    <p class='ocr_par' dir='ltr' id='par_1_109' title="bbox 1042 2265 1829 2304">
     <span class='ocr_line' id='line_1_110' title="bbox 1042 2265 1829 2304; baseline -0.005 -9"><span class='ocrx_word' id='word_1_760' title='bbox 1042 2269 1152 2304; x_wconf 77' lang='grc' dir='ltr'>λόμενος</span> <span class='ocrx_word' id='word_1_761' title='bbox 1164 2268 1246 2304; x_wconf 75' lang='grc' dir='ltr'>ἀλλην</span> <span class='ocrx_word' id='word_1_762' title='bbox 1261 2267 1318 2294; x_wconf 78' lang='grc' dir='ltr'>ὁδὸν</span> <span class='ocrx_word' id='word_1_763' title='bbox 1339 2267 1552 2302; x_wconf 80' lang='grc' dir='ltr'>ἐπιστρέφουσαν</span> <span class='ocrx_word' id='word_1_764' title='bbox 1572 2266 1631 2300; x_wconf 73' lang='grc' dir='ltr'>ἅμα</span> <span class='ocrx_word' id='word_1_765' title='bbox 1646 2266 1693 2292; x_wconf 69' lang='grc' dir='ltr'>καὶ</span> <span class='ocrx_word' id='word_1_766' title='bbox 1717 2265 1829 2300; x_wconf 80' lang='grc' dir='ltr'>βελτιοί-</span> 
     </span>
    </p>
   </div>
   <div class='ocr_carea' id='block_1_110' title="bbox 1044 2311 1831 2350">
    <p class='ocr_par' dir='ltr' id='par_1_110' title="bbox 1044 2311 1831 2350">
     <span class='ocr_line' id='line_1_111' title="bbox 1044 2311 1831 2350; baseline -0.005 -9"><span class='ocrx_word' id='word_1_767' title='bbox 1044 2323 1092 2341; x_wconf 88' lang='grc' dir='ltr'><strong>σαν</strong></span> <span class='ocrx_word' id='word_1_768' title='bbox 1105 2315 1135 2341; x_wconf 77' lang='grc' dir='ltr'><strong>οὐ</strong></span> <span class='ocrx_word' id='word_1_769' title='bbox 1155 2314 1234 2350; x_wconf 82' lang='grc' dir='ltr'>μόνον</span> <span class='ocrx_word' id='word_1_770' title='bbox 1249 2314 1297 2340; x_wconf 69' lang='grc' dir='ltr'><strong>ἕνα</strong></span> <span class='ocrx_word' id='word_1_771' title='bbox 1320 2322 1371 2340; x_wconf 81' lang='grc' dir='ltr'><strong>που</strong></span> <span class='ocrx_word' id='word_1_772' title='bbox 1393 2314 1439 2339; x_wconf 69' lang='grc' dir='ltr'><strong>καὶ</strong></span> <span class='ocrx_word' id='word_1_773' title='bbox 1456 2313 1591 2347; x_wconf 77' lang='grc' dir='ltr'>δεύτερον,</span> <span class='ocrx_word' id='word_1_774' title='bbox 1610 2312 1679 2344; x_wconf 75' lang='grc' dir='ltr'>ἀλλ’,</span> <span class='ocrx_word' id='word_1_775' title='bbox 1694 2313 1745 2346; x_wconf 70' lang='grc' dir='ltr'><strong>ὅση</strong></span> <span class='ocrx_word' id='word_1_776' title='bbox 1760 2311 1831 2337; x_wconf 75' lang='grc' dir='ltr'>δύνα-</span> 
     </span>
    </p>
   </div>
   <div class='ocr_carea' id='block_1_111' title="bbox 1046 2357 1829 2396">
    <p class='ocr_par' dir='ltr' id='par_1_111' title="bbox 1046 2357 1829 2396">
     <span class='ocr_line' id='line_1_112' title="bbox 1046 2357 1829 2396; baseline -0.005 -9"><span class='ocrx_word' id='word_1_777' title='bbox 1046 2370 1101 2396; x_wconf 83' lang='grc' dir='ltr'>μις,</span> <span class='ocrx_word' id='word_1_778' title='bbox 1117 2361 1163 2387; x_wconf 79' lang='grc' dir='ltr'><strong>καί</strong></span> <span class='ocrx_word' id='word_1_779' title='bbox 1180 2361 1322 2391; x_wconf 82' lang='grc' dir='ltr'>πλείστους</span> <span class='ocrx_word' id='word_1_780' title='bbox 1338 2360 1428 2391; x_wconf 82' lang='grc' dir='ltr'>ὅσους,</span> <span class='ocrx_word' id='word_1_781' title='bbox 1443 2360 1486 2386; x_wconf 82' lang='grc' dir='ltr'><strong>ἵνα</strong></span> <span class='ocrx_word' id='word_1_782' title='bbox 1508 2368 1550 2390; x_wconf 89' lang='grc' dir='ltr'><strong>τις</strong></span> <span class='ocrx_word' id='word_1_783' title='bbox 1563 2360 1596 2393; x_wconf 81' lang='grc' dir='ltr'>τῇ</span> <span class='ocrx_word' id='word_1_784' title='bbox 1616 2357 1767 2393; x_wconf 80' lang='grc' dir='ltr'>παραθέσει</span> <span class='ocrx_word' id='word_1_785' title='bbox 1783 2359 1829 2392; x_wconf 70' lang='grc' dir='ltr'><strong>ἀμ-</strong></span> 
     </span>
    </p>
   </div>
   <div class='ocr_carea' id='block_1_112' title="bbox 1044 2404 1828 2441">
    <p class='ocr_par' dir='ltr' id='par_1_112' title="bbox 1044 2404 1828 2441">
     <span class='ocr_line' id='line_1_113' title="bbox 1044 2404 1828 2441; baseline -0.003 -9"><span class='ocrx_word' id='word_1_786' title='bbox 1044 2407 1164 2441; x_wconf 80' lang='grc' dir='ltr'>φοτέρων</span> <span class='ocrx_word' id='word_1_787' title='bbox 1176 2406 1230 2433; x_wconf 82' lang='grc' dir='ltr'><strong>τῶν</strong></span> <span class='ocrx_word' id='word_1_788' title='bbox 1244 2405 1312 2432; x_wconf 72' lang='grc' dir='ltr'>ὁδῶν</span> <span class='ocrx_word' id='word_1_789' title='bbox 1324 2405 1445 2441; x_wconf 73' lang='grc' dir='ltr'>ἀκριϐῶς</span> <span class='ocrx_word' id='word_1_790' title='bbox 1457 2405 1613 2440; x_wconf 75' lang='grc' dir='ltr'>κατανοήσῃ</span> <span class='ocrx_word' id='word_1_791' title='bbox 1626 2405 1673 2430; x_wconf 80' lang='grc' dir='ltr'>τὸν</span> <span class='ocrx_word' id='word_1_792' title='bbox 1686 2404 1828 2431; x_wconf 65' lang='grc' dir='ltr'>διατιθέντα</span> 
     </span>
    </p>
   </div>
   <div class='ocr_carea' id='block_1_113' title="bbox 1044 2452 1361 2488">
    <p class='ocr_par' dir='ltr' id='par_1_113' title="bbox 1044 2452 1361 2488">
     <span class='ocr_line' id='line_1_114' title="bbox 1044 2452 1361 2488; baseline 0 -10"><span class='ocrx_word' id='word_1_793' title='bbox 1044 2453 1111 2488; x_wconf 80' lang='grc' dir='ltr'>πρὸς</span> <span class='ocrx_word' id='word_1_794' title='bbox 1128 2453 1158 2478; x_wconf 92' lang='grc' dir='ltr'><strong>τὸ</strong></span> <span class='ocrx_word' id='word_1_795' title='bbox 1175 2452 1255 2479; x_wconf 74' lang='grc' dir='ltr'>καλὸν</span> <span class='ocrx_word' id='word_1_796' title='bbox 1274 2453 1361 2487; x_wconf 79' lang='grc' dir='ltr'>λογον.</span> 
     </span>
    </p>
   </div>
   <div class='ocr_carea' id='block_1_114' title="bbox 1087 2581 1826 2620">
    <p class='ocr_par' dir='ltr' id='par_1_114' title="bbox 1087 2581 1826 2620">
     <span class='ocr_line' id='line_1_115' title="bbox 1087 2581 1826 2620; baseline -0.001 -9"><span class='ocrx_word' id='word_1_797' title='bbox 1087 2585 1161 2611; x_wconf 75' lang='grc' dir='ltr'>Ἐπεὶ</span> <span class='ocrx_word' id='word_1_798' title='bbox 1178 2584 1199 2611; x_wconf 81' lang='grc' dir='ltr'><strong>δ’</strong></span> <span class='ocrx_word' id='word_1_799' title='bbox 1216 2585 1244 2610; x_wconf 77' lang='grc' dir='ltr'><strong>ἐν</strong></span> <span class='ocrx_word' id='word_1_800' title='bbox 1308 2583 1438 2619; x_wconf 78' lang='grc' dir='ltr'>ἐξεθέμην</span> <span class='ocrx_word' id='word_1_801' title='bbox 1463 2583 1509 2610; x_wconf 77' lang='grc' dir='ltr'>τοῦ</span> <span class='ocrx_word' id='word_1_802' title='bbox 1533 2583 1640 2610; x_wconf 82' lang='grc' dir='ltr'>Κέλσου</span> <span class='ocrx_word' id='word_1_803' title='bbox 1663 2583 1734 2617; x_wconf 76' lang='grc' dir='ltr'>Αέξει</span> <span class='ocrx_word' id='word_1_804' title='bbox 1750 2592 1826 2618; x_wconf 69' lang='grc' dir='ltr'>παρσ-</span> 
     </span>
    </p>
   </div>
   <div class='ocr_carea' id='block_1_115' title="bbox 1046 2628 1827 2665">
    <p class='ocr_par' dir='ltr' id='par_1_115' title="bbox 1046 2628 1827 2665">
     <span class='ocr_line' id='line_1_116' title="bbox 1046 2628 1827 2665; baseline -0.001 -10"><span class='ocrx_word' id='word_1_805' title='bbox 1046 2628 1184 2664; x_wconf 74' lang='grc' dir='ltr'>φραζούσῃ</span> <span class='ocrx_word' id='word_1_806' title='bbox 1207 2629 1262 2656; x_wconf 80' lang='grc' dir='ltr'><strong>ἀπὸ</strong></span> <span class='ocrx_word' id='word_1_807' title='bbox 1284 2629 1331 2655; x_wconf 83' lang='grc' dir='ltr'><strong>τοῦ</strong></span> <span class='ocrx_word' id='word_1_808' title='bbox 1351 2629 1468 2663; x_wconf 74' lang='grc' dir='ltr'>Τιμαίου</span> <span class='ocrx_word' id='word_1_809' title='bbox 1485 2629 1522 2664; x_wconf 82' lang='grc' dir='ltr'>(ι)</span> <span class='ocrx_word' id='word_1_810' title='bbox 1539 2630 1599 2655; x_wconf 74' lang='grc' dir='ltr'>τινὰ</span> <span class='ocrx_word' id='word_1_811' title='bbox 1622 2629 1827 2665; x_wconf 76' lang='grc' dir='ltr'>γέγραπται,ὼς</span> 
     </span>
    </p>
   </div>
   <div class='ocr_carea' id='block_1_116' title="bbox 1079 2683 1733 2717">
    <p class='ocr_par' dir='ltr' id='par_1_116' title="bbox 1079 2683 1733 2717">
     <span class='ocr_line' id='line_1_117' title="bbox 1079 2683 1733 2717; baseline 0.003 -7"><span class='ocrx_word' id='word_1_812' title='bbox 1079 2684 1135 2717; x_wconf 81' lang='lat'><strong>(99)</strong></span> <span class='ocrx_word' id='word_1_813' title='bbox 1156 2683 1235 2710; x_wconf 87' lang='lat' dir='ltr'><strong>Libb.</strong></span> <span class='ocrx_word' id='word_1_814' title='bbox 1255 2685 1319 2710; x_wconf 81' lang='lat' dir='ltr'><strong>editi</strong></span> <span class='ocrx_word' id='word_1_815' title='bbox 1340 2685 1365 2710; x_wconf 91' lang='lat' dir='ltr'><strong>in</strong></span> <span class='ocrx_word' id='word_1_816' title='bbox 1385 2685 1516 2716; x_wconf 71' lang='lat' dir='ltr'><strong>margine,</strong></span> <span class='ocrx_word' id='word_1_817' title='bbox 1537 2685 1733 2717; x_wconf 75' lang='grc' dir='ltr'>παραϐαλέτω.</span> 
     </span>
    </p>
   </div>
   <div class='ocr_carea' id='block_1_117' title="bbox 1078 2719 1825 2754">
    <p class='ocr_par' dir='ltr' id='par_1_117' title="bbox 1078 2719 1825 2754">
     <span class='ocr_line' id='line_1_118' title="bbox 1078 2719 1825 2754; baseline 0 -9"><span class='ocrx_word' id='word_1_818' title='bbox 1078 2719 1116 2752; x_wconf 86' lang='grc'><strong>(1)</strong></span> <span class='ocrx_word' id='word_1_819' title='bbox 1144 2719 1215 2754; x_wconf 46' lang='lat' dir='ltr'><strong>Dim)</strong></span> <span class='ocrx_word' id='word_1_820' title='bbox 1230 2719 1282 2746; x_wconf 87' lang='grc' dir='ltr'>τοῦ</span> <span class='ocrx_word' id='word_1_821' title='bbox 1301 2719 1429 2753; x_wconf 81' lang='grc' dir='ltr'>Τιμαίου.</span> <span class='ocrx_word' id='word_1_822' title='bbox 1445 2719 1511 2746; x_wconf 80' lang='lat' dir='ltr'><strong>Plat.</strong></span> <span class='ocrx_word' id='word_1_823' title='bbox 1534 2720 1558 2746; x_wconf 90' lang='lat' dir='ltr'><strong>in</strong></span> <span class='ocrx_word' id='word_1_824' title='bbox 1577 2719 1690 2751; x_wconf 74' lang='lat' dir='ltr'><strong>Timwo,</strong></span> <span class='ocrx_word' id='word_1_825' title='bbox 1712 2728 1769 2754; x_wconf 72' lang='lat' dir='ltr'><strong>pag.</strong></span> <span class='ocrx_word' id='word_1_826' title='bbox 1781 2720 1825 2745; x_wconf 67' lang='grc' dir='ltr'><strong>υτ</strong></span> 
     </span>
    </p>
   </div>
   <div class='ocr_carea' id='block_1_118' title="bbox 1048 2753 1827 2791">
    <p class='ocr_par' dir='ltr' id='par_1_118' title="bbox 1048 2753 1827 2791">
     <span class='ocr_line' id='line_1_119' title="bbox 1048 2753 1827 2791; baseline 0 -12"><span class='ocrx_word' id='word_1_827' title='bbox 1048 2754 1124 2791; x_wconf 68' lang='grc' dir='ltr'>Ἐπεὶ</span> <span class='ocrx_word' id='word_1_828' title='bbox 1142 2753 1188 2781; x_wconf 82' lang='grc' dir='ltr'><strong>οὖν</strong></span> <span class='ocrx_word' id='word_1_829' title='bbox 1204 2755 1313 2785; x_wconf 80' lang='grc' dir='ltr'>πάντες,</span> <span class='ocrx_word' id='word_1_830' title='bbox 1331 2754 1388 2791; x_wconf 65' lang='grc' dir='ltr'>ᾅσοι</span> <span class='ocrx_word' id='word_1_831' title='bbox 1400 2763 1429 2780; x_wconf 84' lang='grc' dir='ltr'><strong>τε</strong></span> <span class='ocrx_word' id='word_1_832' title='bbox 1449 2754 1625 2791; x_wconf 58' lang='grc' dir='ltr'>περιπολοῦσι</span> <span class='ocrx_word' id='word_1_833' title='bbox 1643 2755 1776 2791; x_wconf 67' lang='grc' dir='ltr'>φανερῶς,</span> <span class='ocrx_word' id='word_1_834' title='bbox 1789 2754 1827 2780; x_wconf 66' lang='grc' dir='ltr'>καὶ</span> 
     </span>
    </p>
   </div>
   <div class='ocr_carea' id='block_1_119' title="bbox 1042 2789 1826 2824">
    <p class='ocr_par' dir='ltr' id='par_1_119' title="bbox 1042 2789 1826 2824">
     <span class='ocr_line' id='line_1_120' title="bbox 1042 2789 1826 2824; baseline 0 -10"><span class='ocrx_word' id='word_1_835' title='bbox 1042 2789 1098 2815; x_wconf 82' lang='grc' dir='ltr'>ὅσοι</span> <span class='ocrx_word' id='word_1_836' title='bbox 1116 2791 1266 2823; x_wconf 75' lang='grc' dir='ltr'>φαίνονται,</span> <span class='ocrx_word' id='word_1_837' title='bbox 1290 2789 1349 2816; x_wconf 72' lang='grc' dir='ltr'>καθ’</span> <span class='ocrx_word' id='word_1_838' title='bbox 1368 2789 1429 2815; x_wconf 77' lang='grc' dir='ltr'>ὅσον</span> <span class='ocrx_word' id='word_1_839' title='bbox 1451 2789 1483 2816; x_wconf 82' lang='grc' dir='ltr'>ἂν</span> <span class='ocrx_word' id='word_1_840' title='bbox 1506 2789 1620 2815; x_wconf 78' lang='grc' dir='ltr'>ἐθέλωσι</span> <span class='ocrx_word' id='word_1_841' title='bbox 1643 2789 1826 2824; x_wconf 45' lang='grc' dir='ltr'>θεοὶζγένεσιν</span> 
     </span>
    </p>
   </div>
   <div class='ocr_carea' id='block_1_120' title="bbox 1043 2824 1826 2860">
    <p class='ocr_par' dir='ltr' id='par_1_120' title="bbox 1043 2824 1826 2860">
     <span class='ocr_line' id='line_1_121' title="bbox 1043 2824 1826 2860; baseline 0.001 -10"><span class='ocrx_word' id='word_1_842' title='bbox 1043 2824 1136 2858; x_wconf 67' lang='grc' dir='ltr'>ἔσχονι</span> <span class='ocrx_word' id='word_1_843' title='bbox 1158 2825 1230 2857; x_wconf 88' lang='grc' dir='ltr'>λέγει</span> <span class='ocrx_word' id='word_1_844' title='bbox 1255 2825 1322 2860; x_wconf 68' lang='grc' dir='ltr'>πρὸς</span> <span class='ocrx_word' id='word_1_845' title='bbox 1346 2825 1443 2860; x_wconf 73' lang='grc' dir='ltr'>αὺτοῷς</span> <span class='ocrx_word' id='word_1_846' title='bbox 1463 2825 1476 2850; x_wconf 79' lang='grc' dir='ltr'><strong>ὁ</strong></span> <span class='ocrx_word' id='word_1_847' title='bbox 1499 2824 1557 2850; x_wconf 69' lang='grc' dir='ltr'>τόδε</span> <span class='ocrx_word' id='word_1_848' title='bbox 1583 2825 1613 2850; x_wconf 74' lang='grc' dir='ltr'>τδ</span> <span class='ocrx_word' id='word_1_849' title='bbox 1632 2826 1688 2851; x_wconf 78' lang='grc' dir='ltr'><strong>πᾶν</strong></span> <span class='ocrx_word' id='word_1_850' title='bbox 1709 2825 1826 2859; x_wconf 69' lang='grc' dir='ltr'>γεννήσας</span> 
     </span>
    </p>
   </div>
   <div class='ocr_carea' id='block_1_121' title="bbox 1042 2859 1823 2894">
    <p class='ocr_par' dir='ltr' id='par_1_121' title="bbox 1042 2859 1823 2894">
     <span class='ocr_line' id='line_1_122' title="bbox 1042 2859 1823 2894; baseline -0.001 -8"><span class='ocrx_word' id='word_1_851' title='bbox 1042 2860 1120 2886; x_wconf 67' lang='grc' dir='ltr'>τάδε*</span> <span class='ocrx_word' id='word_1_852' title='bbox 1139 2859 1200 2886; x_wconf 74' lang='grc' dir='ltr'>Θεοὶ</span> <span class='ocrx_word' id='word_1_853' title='bbox 1214 2859 1292 2891; x_wconf 79' lang='grc' dir='ltr'>θεῶν,</span> <span class='ocrx_word' id='word_1_854' title='bbox 1309 2865 1360 2887; x_wconf 84' lang='lat' dir='ltr'><strong>ctc.</strong></span> <span class='ocrx_word' id='word_1_855' title='bbox 1377 2869 1385 2884; x_wconf 82' lang='grc' dir='ltr'><strong>ι</strong></span> <span class='ocrx_word' id='word_1_856' title='bbox 1406 2859 1516 2892; x_wconf 80' lang='lat' dir='ltr'><strong>Quando</strong></span> <span class='ocrx_word' id='word_1_857' title='bbox 1536 2860 1619 2894; x_wconf 57' lang='lat' dir='ltr'><strong>igitur</strong></span> <span class='ocrx_word' id='word_1_858' title='bbox 1634 2868 1731 2888; x_wconf 64' lang='lat' dir='ltr'><strong>omnes</strong></span> <span class='ocrx_word' id='word_1_859' title='bbox 1748 2865 1774 2887; x_wconf 76' lang='lat' dir='ltr'><strong>et</strong></span> <span class='ocrx_word' id='word_1_860' title='bbox 1786 2866 1823 2894; x_wconf 91' lang='lat' dir='ltr'><strong>qut</strong></span> 
     </span>
    </p>
   </div>
  </div>
