1908 3099
124 170 195 200 1H7

711 168 850 196 CONTRA
870 168 1006 196 CELSUM
1025 169 1088 195 LIB.
1110 169 1153 195 lV.

1682 167 1748 196 “l8

124 232 178 266 ἄρα
199 241 208 256 ί
234 231 262 257 ὐ
280 231 328 266 μὲν
341 230 406 261 θεὸς
421 229 495 256 οὐδὲν
512 228 607 263 θνητὸν
624 228 761 264 ἐποίησεν,
779 229 846 255 ἀλλὰ
865 229 905 264 μό-

965 229 1115 257 habenlur:
1131 239 1139 254 ι
1159 228 1240 255 Deum
1255 228 1321 255 nihil
1336 229 1451 256 mortale
1469 228 1577 263 fecisse,
1592 229 1649 264 ejus
1664 238 1746 264 opera

124 286 158 304 να
168 277 203 303 τὰ
223 277 353 307 ἀθάνατα,
373 275 408 302 τὰ
423 275 451 301 δὲ
467 274 551 309 θνητὰ
568 274 653 301 ἄλλων
667 274 740 300 ἐστὶν
766 274 834 310 ἔργα
858 274 911 307 (2)·

123 322 171 349 καὶ
184 322 258 357 ψυχὴ
277 322 325 356 μὲν
342 320 409 348 Θεοῦ
427 321 516 356 ἔργον,
533 320 657 355 σώματος
680 319 708 346 δὲ
733 320 798 355 ἄλλη
815 320 911 354 φύσις·

124 368 170 395 καὶ
186 368 262 394 οὐδὲν
278 368 372 394 διοίσει
395 367 473 402 σῶμα
496 366 637 402 ἀνθρώπου
654 365 778 401 σώματος
792 366 914 401 νυκτερι-

123 414 208 450 δος,ῆ
226 414 316 448 εύλῆς,
334 414 350 448 ἢ
369 413 520 449 βατράχου·
541 412 590 447 ὕλη
608 412 661 447 γὰρ
684 413 700 447 ἡ
725 412 803 447 αὑτὴ,
818 412 865 438 καὶ
884 412 914 437 τὸ

124 459 241 494 φθαρτὸν
255 458 343 485 αὐτῶν
360 459 450 493 ὅμοιον
461 466 467 472 ”
496 467 504 483 ι
521 457 596 492 φέρε.
611 457 657 483 καὶ
676 457 739 489 περὶ
756 456 857 482 τούτων
870 456 913 482 ἐπ’

123 505 212 538 ὀλίγον
226 503 568 538 διαλάϐωμεν,ἐλέγχοντες
577 502 622 528 τὸν
633 503 691 537 ἦτοι
705 502 741 537 μὴ
755 502 914 537 προσποιού-

127 559 205 585 μενον
222 550 270 585 τὴν
282 549 379 576 ἑαυτοῦ
399 549 583 584 Ἐπικούρειον
596 548 717 582 γνώμην,
732 548 747 582 ἢ
763 548 810 582 (ὠς
824 548 857 574 ἂν
875 549 913 574 εῖ-

124 605 169 622 ποι
184 595 217 622 ἄν
230 596 282 628 τις)
294 595 404 629 ὕστερον
423 594 603 629 μεταθέμενον
619 594 664 620 ἐπὶ
671 593 705 620 τὰ
720 593 825 628 βελτίω,
837 593 853 628 ἢ
866 594 912 620 καὶ

125 639 171 671 (ὡς
183 639 217 665 ἂν
230 639 320 672 ἕτερος
339 639 411 672 λέγοι
426 640 434 672 )
450 638 495 664 τὸν
515 638 653 673 ὁμώνυμον
667 637 705 673 τῷ
725 638 909 673 Ἐπικουρείῳ.

124 684 242 711 Τοιαῦτα
256 685 310 719 γὰρ
326 685 408 720 ἐχρῆν
422 685 502 710 αὑτὸν
518 684 742 718 ἀποφαινόμενον,
775 683 821 710 καὶ
835 685 911 709 ἐναν-

124 729 167 756 τία
179 729 268 762 λέγειν
283 729 312 755 οὐ
336 728 415 764 μόνον
439 729 504 763 ἡμῖν
522 727 697 762 προθέμενον,
712 728 778 754 ἀλλὰ
793 728 839 754 καὶ
861 729 910 754 οὐκ

124 774 230 807 ἀγεννεῖ
253 773 404 807 φιλοσόφων
430 772 534 807 αἱρέσει
556 772 609 798 τῶν
635 772 688 798 ἀπὸ
710 772 755 798 τοῦ
780 773 911 804 Κιττιέως

124 819 244 854 Ζήνωνος
268 817 317 853 (5),
340 818 552 849 κατασκευάσαι,
574 817 613 843 ὅτι
635 817 668 843 τὰ
688 817 742 844 τῶν
762 817 837 849 ζώων
860 817 910 844 ιγὼ-

125 872 194 898 ματα
208 864 260 897 οὐκ
275 863 346 889 ἔστιν
371 862 438 898 ἔργα
458 862 505 888 τοῦ
528 862 605 894 Θεοῦ,
623 863 669 889 καὶ
693 863 733 889 ὅτι
752 865 767 897 ὴ
791 863 907 899 τοσαύτη

124 909 186 944 περὶ
200 908 270 935 αὑτά
282 909 362 944 τέχνη
384 909 433 934 οὐκ
457 908 510 934 ἀπὸ
531 907 578 934 τοῦ
604 908 710 943 πρώτου
723 908 835 944 ἐλήλυθε
850 909 906 935 νοῦ.

125 954 196 981 Ἔδει
210 954 232 981 δ’
246 955 326 981 αὐτὸν
342 955 388 980 καὶ
403 955 467 990 περὶ
482 954 536 979 τῶν
549 953 690 986 τοσούτων,
710 955 755 980 καὶ
767 955 811 980 ὑπ’
826 956 907 982 ἐνυπ-

124 1000 259 1035 αρχούσης
286 1000 323 1035 (Il)
361 1000 531 1034 ἀφαντάστου
577 998 683 1033 φύσεως
716 1000 905 1035 διοικουμένων

125 1045 302 1072 παντοδαπῶν
319 1045 420 1080 φυτῶν,
435 1045 481 1072 καὶ
498 1045 565 1080 πρὸς
586 1045 679 1080 χρείαν
697 1045 843 1079 γεγονότων
856 1046 905 1072 οὐκ

123 1090 356 1126 εὐκαταφρόνητον
380 1091 408 1116 ἐν
438 1090 476 1125 τῷ
501 1091 581 1116 παντὶ
602 1090 761 1126 ἀνθρώπων,
784 1091 830 1117 καὶ
853 1091 906 1117 τῶν

122 1136 273 1170 ἀνθρώποις
298 1136 511 1172 διακονουμένων
535 1136 621 1168 ζώων,
641 1137 715 1168 ὅπως
741 1137 805 1163 ποτὲ
821 1137 908 1168 ἄλλως

122 1181 214 1213 ὄντων,
233 1182 270 1217 μὴ
285 1181 474 1216 ἀποφήνασθαι
491 1181 579 1216 μόνον.
598 1181 665 1208 ἀλλὰ
680 1182 726 1207 καὶ
738 1181 850 1214 διδάξαι,
867 1183 907 1208 ὅτι

124 1226 158 1261 μὴ
176 1226 280 1258 τέλειός
294 1235 336 1258 τις
349 1226 411 1258 νοῦς
424 1226 472 1258 τὰς
490 1226 623 1257 τοσαύτας
640 1227 780 1261 ἐνεποίησε
796 1227 907 1263 ποιότη-

121 1279 168 1302 τας
180 1272 212 1306 τῇ
234 1271 285 1308 ’ύλῃ
298 1270 353 1297 τῶν
373 1270 463 1305 φυτῶν
479 1271 526 1306 (5).
552 1271 583 1297 Εἰ
606 1270 627 1297 δ’
641 1270 712 1303 ἅπαξ
727 1270 804 1302 θεοὺς
819 1272 905 1298 ἐποίει

121 1315 300 1351 δημιουργοὺς
328 1316 434 1342 πάντων
465 1315 611 1350 σωμάτων,
639 1316 676 1347 ὡς
701 1315 783 1351 μόνης
813 1316 902 1351 ψυχῆς

123 1360 200 1396 ἔργον
221 1361 306 1397 οὔσης
322 1362 388 1388 Θεοῦ
399 1371 405 1377 ⁸
430 1362 487 1394 πῶς
510 1363 570 1397 οὐχὶ
586 1362 647 1397 ἑξῆς
661 1360 694 1397 ἦν
711 1363 749 1397 τῷ
768 1363 904 1398 μερίζοντι

122 1407 154 1433 τὰ
181 1407 299 1434 τοσαῦτα
322 1407 565 1443 δημιουργήματα,
592 1408 638 1434 καὶ
663 1408 769 1439 πολλοῖς
798 1409 904 1441 διδόντι,

124 1454 190 1488 μετά
200 1462 274 1485 τινος
290 1454 491 1480 κατασκευάσαι.
506 1454 555 1480 οὐκ
577 1454 811 1489 εὐκαταφρονήτου
826 1455 904 1489 λόγου

123 1499 187 1526 θεῶν
200 1499 341 1534 διαφορὰς,
357 1500 439 1526 τῶνδε
454 1500 503 1535 μὲν
522 1499 677 1533 ἀνθρώπεια
690 1499 905 1532 κατασκευαζόν-

965 279 1096 309 quotquot
1112 278 1174 301 sunt
1191 282 1250 301 esse
1274 274 1447 309 immortalia,
1467 276 1499 302 ab
1518 276 1560 303 his
1573 280 1662 302 autem
1677 276 1747 304 facta

964 327 1025 347 esse
1049 328 1109 354 qua:
1136 319 1265 346 mortalia
1288 325 1365 352 sunt;
1385 321 1500 347 animam
1518 329 1586 355 opus
1606 328 1666 348 esse
1687 322 1744 354 Dei,

964 366 1087 399 corporis
1111 372 1177 392 vero
1201 365 1282 391 aliam
1299 372 1358 391 esse
1374 370 1509 397 naturam.
1534 370 1561 393 et
1581 374 1677 401 corpus
1699 366 1745 393 ho—

965 411 1045 437 minis
1068 410 1134 436 nihil
1150 418 1164 437 a
1182 409 1394 443 vespertilionis,
1411 414 1458 437 aut
1480 412 1588 443 vermis,
1605 417 1651 438 aut
1673 418 1745 438 rana:

963 464 1078 491 Corpore
1094 457 1260 491 discrepare,
1277 458 1375 492 quippe
1391 457 1531 491 utriusque
1546 457 1667 484 eamdem
1683 464 1745 484 esse

962 503 1123 536 materiam,
1148 503 1219 529 idem
1243 503 1269 529 in
1298 508 1415 537 utroque
1440 503 1621 536 corruptionis
1643 502 1745 536 princi—

962 549 1034 583 pium
1047 568 1053 580 ,
1075 558 1084 574 ›
1104 555 1153 582 age
1172 552 1198 575 et
1210 548 1243 575 de
1257 548 1300 575 bis
1316 548 1451 583 paulisper
1463 547 1639 580 disseramus,
1654 553 1743 574 osten-

962 593 1056 619 dentes
1080 599 1141 619 eum
1157 592 1196 618 rel
1215 592 1321 627 Epicuri
1344 592 1473 619 asseclam
1490 599 1550 618 esse
1566 599 1594 618 se
1617 592 1741 618 dissimu-

962 638 1036 669 lare;
1060 642 1117 669 aut,
1142 638 1213 672 quod
1247 638 1345 671 aliquis
1364 638 1471 670 dixerit,
1497 638 1603 664 saniora
1620 637 1741 671 dogmata

961 683 1116 718 amplexum
1144 690 1224 715 esse,
1249 688 1294 709 aut
1320 683 1410 714 illum,
1441 684 1511 717 quod
1540 683 1608 709 alitis
1631 683 1741 715 dixerit,

961 729 1043 761 idem,
1063 733 1144 763 atque
1160 728 1228 755 alter
1239 728 1334 755 Celsus
1348 729 1506 762 Epicureus,
1522 736 1617 755 nomen
1633 728 1740 755 habere.

960 775 1027 803 Cum
1044 775 1115 802 enim
1132 775 1190 801 haec
1204 774 1340 809 proferre,
1357 779 1385 801 et
1403 782 1455 801 non
1479 774 1567 801 solum
1591 775 1678 805 nobis,
1694 774 1741 800 sed

960 821 1042 847 etiam
1056 821 1199 848 Cilticnsis
1224 820 1341 847 Zenonis
1356 825 1437 847 sectae
1462 827 1513 847 non
1540 821 1647 847 obscuri
1671 821 1743 847 inter

961 866 1137 901 philosophos
1149 866 1266 893 nominis
1282 865 1471 892 contradicere
1485 865 1536 892 sibi
1548 866 1739 900 proposuisset,

925 900 945 927 Β
960 900 1101 945 oportebat
1123 917 1151 939 ut
1174 913 1342 945 argumentis
1361 913 1488 947 probaret
1513 912 1594 948 546
1617 912 1741 939 animan-

961 956 1025 982 tium
1042 964 1156 991 corpora
1172 957 1218 983 Dei
1236 966 1289 984 non
1306 965 1365 984 esse
1380 965 1471 991 opera,
1489 966 1537 985 nec
1554 963 1606 985 tam
1628 959 1740 993 przecla-

959 1010 1018 1029 rum
1042 1003 1067 1029 in
1094 1003 1146 1030 illis
1172 1004 1319 1031 condendis
1343 1004 1489 1031 artiﬁcium
1513 1004 1595 1031 fuisse
1617 1012 1631 1030 a
1654 1004 1739 1038 prima

960 1048 1135 1082 intelligentia
1152 1049 1310 1083 profectum.
1328 1051 1364 1077 De
1381 1050 1434 1077 illis
1455 1051 1535 1076 etiam
1553 1055 1594 1077 tot
1609 1055 1635 1077 et
1652 1051 1740 1078 omnis

957 1095 1063 1128 generis
1091 1095 1221 1129 stirpibus
1240 1104 1298 1129 qum
1323 1096 1357 1123 ab
1385 1096 1652 1130 incomprehensibili
1680 1106 1740 1132 quae

957 1140 1022 1175 ipsis
1037 1140 1105 1167 inest
1122 1146 1215 1167 natura
1231 1141 1429 1175 gubernantur,
1443 1147 1470 1169 et
1484 1143 1518 1169 ad
1533 1143 1670 1169 hominum
1687 1151 1738 1170 non

956 1184 1089 1211 modicam
1106 1185 1250 1212 utilitatem
1266 1192 1365 1214 creata:
1381 1192 1453 1220 sunt,
1469 1192 1496 1214 et
1507 1188 1540 1215 de
1557 1187 1738 1217 animantibus

955 1237 1014 1264 qua:
1031 1230 1186 1258 hominibus
1203 1232 1367 1265 ministrant,
1382 1241 1543 1267 quacunque
1560 1233 1666 1260 tandem
1687 1233 1737 1259 alia

957 1276 1061 1303 ratione
1082 1276 1161 1303 edita:
1177 1277 1286 1309 fuerint,
1304 1286 1355 1305 non
1384 1279 1471 1305 solum
1492 1280 1667 1313 pronuntiare
1690 1280 1737 1306 de-

955 1321 1023 1353 buit,
1045 1321 1091 1349 sed
1111 1328 1239 1355 prseterea
1257 1325 1355 1351 docere
1380 1333 1432 1352 non
1459 1325 1558 1352 inditas
1579 1333 1593 1351 a
1619 1325 1737 1358 perfecta

955 1366 1071 1399 quadam
1088 1367 1267 1401 intelligentia
1282 1368 1366 1396 fuisse
1380 1370 1500 1395 materizn
1516 1374 1555 1396 tot
1570 1370 1660 1396 varias
1672 1377 1739 1403 qna-

956 1410 1057 1438 litates.
1075 1412 1141 1439 Item
1165 1417 1307 1447 postquam
1324 1421 1436 1448 corpora
1460 1415 1550 1441 omnia
1575 1422 1590 1441 a
1604 1415 1655 1442 diis
1671 1414 1739 1449 infe-

956 1455 1069 1482 rioribus
1093 1455 1220 1484 fabricari
1244 1458 1381 1492 Deumque
1402 1458 1486 1486 solius
1501 1459 1597 1485 animae
1612 1459 1737 1493 opiﬁcem

955 1508 1015 1528 esse
1033 1500 1114 1533 fecit;
1131 1509 1219 1529 annon
1242 1507 1454 1530 consentaneum
1470 1503 1530 1534 fuit,
1555 1508 1583 1530 ut
1601 1504 1645 1538 qui
1669 1504 1739 1531 inter

122 1553 172 1571 των
190 1544 312 1580 σώματα,
334 1545 435 1581 ἑτέρων
458 1545 486 1572 δὲ
508 1545 579 1580 (φέρ’
593 1546 702 1580 εἰπεῖν,)
723 1545 833 1581 κτήνεια
855 1545 903 1581 (6),

961 1546 1056 1573 multos
1081 1550 1152 1573 tanta
1177 1554 1258 1580 opera
1282 1547 1396 1581 partitus
1417 1553 1487 1580 erat,
1504 1548 1527 1576 is
1545 1548 1609 1576 illud
1626 1549 1737 1576 deorum

122 1640 263 1664 moventur
291 1635 432 1671 palamque
455 1636 644 1668 ostenduntur,
666 1641 691 1663 et
715 1637 759 1670 qui
789 1642 901 1664 eatenus

122 1672 195 1698 nobis
219 1671 408 1701 declarantur.
440 1675 574 1705 quatenus
598 1672 648 1705 ipsi
678 1671 787 1703 volunt,
815 1673 899 1699 creati

122 1712 190 1738 sant,
206 1711 262 1732 tum
272 1705 304 1732 ad
318 1705 378 1732 illos
393 1705 464 1732 Deus
474 1706 495 1732 is
510 1706 554 1739 qui
570 1707 663 1732 omnia
680 1706 783 1739 genuit,
800 1706 874 1732 l'atnr
891 1715 898 1733 :

122 1740 175 1767 hare
185 1748 243 1771 vos,
258 1741 303 1774 qui
318 1741 428 1774 deorum
444 1745 503 1766 satu
520 1741 571 1767 orti
587 1741 667 1771 estis,
681 1745 735 1768 etc.
755 1750 763 1766 I
778 1741 810 1767 Et
822 1741 900 1774 patilo

124 1781 202 1809 post:
226 1772 283 1801 Νῦν
305 1772 359 1810 οὖν
372 1775 386 1800 ὃ
411 1775 573 1810 λέγωνπρὺς
600 1776 671 1809 ὑμᾶς
689 1772 900 1809 ἐνδεικνύμενος,

124 1810 228 1844 μᾴοετε.
244 1809 335 1844 Θνητὰ
348 1809 386 1836 ἔτι
403 1810 467 1844 γένη
493 1809 574 1835 λοιπὰ
589 1810 652 1844 τρία
669 1810 902 1844 γενητὰ-’Τούτων

122 1842 164 1880 οὖν
181 1845 217 1880 μὴ
245 1842 413 1880 γενομένων,
428 1842 540 1880 ούρανὸς
561 1842 657 1879 ἀτελὴς
683 1842 771 1880 ἔσται’
798 1845 831 1871 τὰ
851 1844 904 1880 γὰρ

122 1878 225 1906 ἅπαντα
236 1880 265 1905 ἐν
282 1878 431 1914 αὐτῷνγένλη
447 1878 523 1910 ζώων
537 1880 586 1913 οὐχ
602 1878 656 1912 ἕξει
668 1887 674 1893 '
691 1879 732 1914 δεῖ
745 1879 783 1911 δὲ,
798 1880 822 1905 εἰ
839 1878 903 1914 μέλέ

121 1914 159 1940 λει
172 1915 272 1946 τέλειος
288 1911 387 1945 ἱκανῶξ
397 1911 474 1940 εἶναι.
486 1915 523 1949 Δι’
536 1911 602 1949 ἐμοῦ
623 1914 650 1949 δὲ
665 1913 748 1949 ταῦτα
760 1911 902 1949 γενόμενα,

123 1950 165 1975 καὶ
192 1949 248 1983 βίου
277 1949 462 1983 μετασχόντα,
486 1947 558 1979 θεοῖέ
585 1948 694 1980 ἱσάζοιτ*
718 1948 759 1983 ᾄν.
790 1947 837 1974 Ἰν*
858 1947 904 1975 οὖν

123 1957 165 1975 και
210 1957 248 1975 too
299 1957 462 1983 ετασχοντα,
486 1957 556 1979 υεοις
585 1957 694 1980 ισαςοιτ
718 1957 759 1974 αν.
803 1957 836 1974 ιν·
858 1957 904 1975 ουν

123 1957 206 2021 θνητὶ
227 1993 256 2021 τε
318 1984 355 2021 -τό
368 1992 420 2021 fre»
439 1984 501 2021 1_t&V_
517 1983 600 2021 ὅντως
622 1984 699 2021 Δξλπαν
719 1981 749 2021 ᾗ,
772 1983 905 2021 τρέπεσθε

123 2012 190 2045 κατὰ
214 2012 298 2053 φύσίν
314 2019 392 2053 ὑμεῖς
413 2018 462 2053 ἐπὶν
476 2017 525 2053 τὴν
546 2012 600 2044 τῶν
619 2017 695 2049 ζώων
716 2012 904 2053 δημιὸυργίαν,

125 2052 283 2089 μιμούμενοι
299 2052 347 2088 τὴν
367 2052 567 2089 ἶἐμὴν-δύναμιν
588 2053 651 2088 περὶ
668 2052 716 2088 τὴν
732 2052 808 2089 ὑμῶν
828 2053 904 2089 γένε-

124 2087 171 2115 σιν.
193 2087 291 2122 (Quid
306 2087 420 2114 sentiam
445 2087 537 2121 igitur,
560 2087 722 2121 cognoscite.
750 2087 812 2114 Tria
828 2088 903 2115 nobis

123 2131 216 2156 genera
236 2124 337 2156 reliqua
356 2127 429 2153 sntit.
444 2129 529 2157 eaque
547 2123 637 2157 genita
657 2127 739 2157 atque
756 2122 878 2149 mortalia
893 2132 900 2149 :

123 2157 216 2191 quibus
233 2157 435 2192 prmtermissis.
458 2156 522 2184 coeli
548 2156 682 2192 absolutio
705 2157 824 2192 perfecta
849 2165 901 2184 non

123 2192 181 2218 erit.
195 2191 292 2219 omnia
308 2193 379 2219 enim
403 2198 501 2225 genera
520 2191 675 2217 animalium
690 2192 829 2225 complexu
849 2199 900 2219 non

124 2228 232 2254 tenebit.
255 2228 359 2253 Teneat
371 2231 459 2252 autem
477 2229 593 2259 oportet,
614 2226 635 2252 si
651 2231 693 2252 est
714 2227 828 2254 mundus
843 2234 887 2253 om

124 2261 184 2288 nino
208 2262 344 2296 perfectus
366 2261 485 2287 futurus.
508 2260 576 2296 Haec
592 2268 663 2296 ivero
683 2261 705 2287 si
729 2268 743 2286 ιι
770 2268 813 2296 me
839 2261 904 2287 liaut

123 2296 188 2327 solo.
207 2294 315 2330 vitaque
335 2297 480 2326 donentur,
498 2295 550 2321 diis
564 2295 752 2329 adaequamur.
772 2294 807 2322 Ut
823 2296 906 2328 igitur

124 2331 226 2358 mortali
253 2334 417 2364 generentur
437 2330 619 2359 conditionen
629 2335 656 2357 et
677 2331 830 2357 universum
856 2333 905 2357 hoc

123 2366 244 2393 omnibus
266 2365 323 2393 suis
337 2365 459 2398 partibus
474 2364 511 2390 sit
531 2364 698 2397 absolutum,
714 2364 826 2397 agedum
841 2372 905 2391 con-

124 2400 216 2427 vertite
234 2408 284 2427 vos
310 2407 343 2426 ex
365 2404 469 2425 naturae
493 2399 598 2433 legibus
618 2400 651 2426 ad
667 2399 825 2426 animalium
845 2406 906 2433 pro-

124 2435 297 2467 creationem,
318 2439 346 2461 et
369 2434 422 2460 vim
448 2441 550 2465 meam,
576 2441 658 2467 quam
682 2434 707 2461 in
735 2439 826 2460 vestro
845 2439 905 2460 ortu

124 2470 244 2499 adhibui,
271 2467 426 2495 imitamini.
453 2477 462 2493 ›
496 2467 528 2494 Et
555 2476 617 2502 pag.
643 2469 770 2495 ϐθεΚαὶ
788 2469 841 2495 τῶν
859 2469 907 2503 μὲν

124 2502 198 2530 θείων
212 2504 291 2535 αὐτὸς
311 2503 602 2538 γίνεταιγδημιουργὺς,
617 2503 670 2529 τῶν
691 2504 718 2529 δὲ
737 2503 840 2537 θνητῶν
859 2502 907 2538 τὴν

124 2538 222 2573 γένεσιν
249 2540 304 2570 τοῖς
334 2537 429 2564 ἑαυτοῦ
449 2537 597 2573 γεννήμασι
625 2538 798 2573 δημιουργεῖν
825 2537 908 2573 προσ-

124 2572 227 2608 έταξεν·
249 2574 274 2600 οἱ
292 2573 320 2600 δὲ
341 2572 513 2607 μιμούμενοι,
534 2572 732 2608 παραλαϐόντες
752 2572 908 2608 ἁρχὴνψυέ

124 2607 172 2642 χῆς
192 2609 334 2638 ἀθάνατον,
358 2608 389 2633 τὸ
415 2607 482 2642 μετὰ
501 2607 580 2633 τοῦτο
606 2607 701 2642 θνητὸν
727 2607 908 2642 copam-.01

125 2644 358 2682 Eaptscdpwﬁsuaay,
387 2642 479 2682 δχημόι
496 2651 532 2682 τε,
551 2642 623 2668 ἂπαν
648 2642 678 2668 τὸ
696 2642 775 2682 σῶμα
795 2642 905 2682 ἔδοσαν·

124 2676 184 2703 ἄλλο
196 2687 224 2704 τε
235 2676 310 2708 εἶδος
325 2678 353 2703 ἐν
369 2676 446 2711 αὐτῷ
463 2677 553 2711 ψυχῆς
567 2676 823 2712 προσῳκοδομοῦντο
844 2677 907 2712 θνη-

124 2711 176 2747 sfw,
198 2713 273 2739 δεινὰ
299 2713 345 2738 καὶ
362 2713 497 2746 ἀναγκαῖα.
524 2712 552 2737 ἐν
571 2711 644 2747 αὖτῷ
668 2711 818 2747 παθήματα
837 2711 905 2747 ἔχον.

126 2745 230 2781 Πρῶτον
257 2747 306 2782 μὲν
323 2747 428 2781 ἡδονὴν,
453 2747 580 2781 μέγιστον
607 2745 698 2782 κακῶν
724 2745 829 2781 δέλεαρ,
852 2745 906 2773 etc.

128 2789 136 2804 ι
155 2782 310 2809 Divinorum
335 2790 398 2808 vero
421 2790 478 2816 ipse
498 2787 540 2808 est
561 2781 662 2815 opilev,
683 2782 840 2808 mortalium
865 2789 909 2808 re-

127 2822 181 2842 rum
206 2816 409 2850 generationem
440 2817 492 2843 diis
521 2824 535 2842 a
562 2823 591 2843 se
618 2816 907 2850 genitis-ciliciendain

127 2851 302 2877 Ilemamlavit.
327 2851 365 2877 llli
393 2851 476 2885 igitur
498 2859 577 2877 stium
594 2856 734 2885 parentem
761 2851 906 2883 imitantes,

128 2891 235 2919 accopto
252 2885 398 2914 immortali
415 2886 510 2913 anima:
534 2886 680 2920 principio,
704 2886 833 2920 deinceps
847 2893 908 2913 eer—

955 1645 1003 1672 pus
1020 1637 1134 1670 mortale
1146 1637 1196 1672 ipsi
1211 1638 1469 1671 circumtoruarunt,
1486 1641 1513 1664 et
1530 1644 1628 1671 corpus
1642 1637 1737 1665 anima:

955 1673 1037 1698 veluti
1050 1672 1203 1699 vehiculum
1217 1672 1359 1703 dederunt,
1372 1678 1451 1706 atque
1465 1674 1490 1699 in
1502 1679 1534 1698 eo
1547 1673 1626 1699 aliam
1642 1674 1740 1699 anima:

954 1707 1084 1740 speciem,
1100 1707 1228 1734 nimirum
1241 1707 1381 1734 mortalem
1400 1707 1511 1740 insuper
1526 1707 1737 1738 liibricaverunl,

954 1749 1014 1774 quae
1042 1749 1142 1774 graves.
1169 1746 1195 1767 et
1230 1742 1400 1769 necessarias
1423 1742 1580 1769 all‘ectiones
1604 1742 1629 1768 in
1649 1742 1737 1775 seipsa

958 1776 1086 1811 haberet,
1110 1776 1226 1810 primum
1252 1777 1359 1811 quidem
1386 1777 1567 1810 voluptatem,
1591 1777 1738 1803 maximam

957 1810 1088 1836 malorum
1102 1817 1201 1841 escam,
1219 1815 1272 1837 etc.
1292 1820 1301 1835 I
1319 1813 1447 1837 Sraacen.

992 1844 1030 1877 (2)
1052 1846 1169 1873 Ἄλλων,
1179 1844 1263 1871 ἐστὶν
1281 1846 1360 1879 ἔργα.
1384 1845 1464 1870 Forte
1482 1844 1634 1877 legendum,
1650 1844 1737 1871 αὐτῶν

958 1880 1031 1914 ἐστιν
1046 1879 1124 1914 ἔργα.
1146 1884 1175 1906 ιιι
1194 1887 1274 1913 supra
1290 1888 1363 1906 num.
1381 1879 1415 1905 52
1432 1887 1438 1905 :
1456 1879 1523 1905 Θεοῦ
1535 1879 1583 1914 μὲν
1599 1879 1676 1914 ἔργα,
1689 1880 1738 1905 ὅσα

957 1913 1093 1949 ἀθάνατα·
1108 1914 1191 1949 θνητὰ
1204 1915 1226 1940 δ’
1245 1914 1363 1940 ἐκείνων.

993 1948 1029 1983 (5)
1048 1948 1195 1981 Ζήνωνος.
1213 1949 1295 1980 Tul|.,
1313 1949 1356 1975 lib.
1373 1956 1379 1975 ι
1398 1948 1435 1975 De
1450 1948 1557 1982 ofﬁciis:
1575 1957 1584 1973 ι
1600 1948 1657 1983 Sed
1672 1956 1739 1982 quo-

958 1982 1030 2009 niam
1047 1984 1086 2016 (ut
1101 1985 1233 2017 praeclare
1256 1984 1385 2018 scriptum
1403 1988 1445 2010 est
1458 1991 1472 2009 a
1487 1982 1608 2017 Platone)
1622 1990 1673 2009 non
1689 1991 1738 2010 no-

958 2017 999 2044 bis
1011 2017 1096 2045 solum
1112 2018 1168 2044 nati
1184 2026 1289 2051 sumus,
1312 2024 1441 2052 ortusque
1463 2018 1548 2045 nostri
1565 2023 1667 2051 partem
1692 2025 1738 2051 pa-

959 2052 1009 2078 tria
1034 2051 1168 2085 vindicat,
1197 2057 1301 2086 partem
1328 2051 1470 2087 parentes,
1501 2058 1603 2085 partem
1634 2053 1737 2080 amici:

957 2092 1051 2120 atque,
1067 2093 1096 2113 ut
1110 2087 1381 2121 placetStoicis,qu:e
1394 2088 1420 2114 in
1438 2088 1517 2114 terris
1533 2088 1689 2122 gignuntur,
1704 2089 1738 2114 ad

956 2129 1034 2147 usum
1052 2122 1190 2148 hominum
1215 2123 1305 2149 omnia
1328 2123 1426 2154 creari,
1440 2122 1562 2149 homines
1585 2126 1673 2148 autem
1691 2122 1738 2149 h0-

956 2157 1058 2182 mimun
1072 2163 1150 2183 causa
1164 2163 1223 2183 esse
1247 2162 1389 2190 generatos
1402 2177 1409 2190 ,
1426 2163 1454 2184 ut
1478 2157 1527 2191 ipsi
1549 2157 1622 2183 inter
1636 2163 1665 2183 se
1679 2157 1739 2184 aliis

955 2191 1000 2217 alii
1027 2191 1153 2224 prodesse
1177 2191 1299 2225 possint,
1336 2191 1361 2218 in
1385 2192 1435 2218 hoc
1457 2196 1578 2218 naturam
1611 2191 1739 2218 debemus

957 2227 1051 2252 ducem
1067 2225 1154 2258 sequi.
1173 2236 1182 2250 ι
1198 2226 1265 2253 Vide
1277 2226 1410 2252 eumdem.
1427 2226 1461 2253 lib
1479 2235 1496 2253 ιι
1512 2226 1550 2253 De
1565 2232 1660 2252 natura
1677 2227 1739 2252 (leo-

957 2268 1031 2292 rum;
1061 2260 1203 2292 Senecam,
1221 2260 1266 2286 lib.
1286 2268 1315 2292 ιι,
1330 2267 1389 2292 cap.
1411 2260 1455 2292 95,
1483 2261 1519 2287 De
1546 2261 1688 2294 beneﬁciis,
1712 2266 1740 2288 et

958 2294 1135 2326 Lactantium,
1153 2302 1211 2328 cap.
1229 2295 1258 2321 l5
1276 2294 1312 2321 De
1330 2295 1371 2320 ira
1387 2294 1444 2321 Dei.
1461 2296 1591 2322 Sreacsu.

992 2329 1029 2364 (4)
1061 2329 1125 2355 Ὑπ⁹
1145 2330 1384 2362 ἐνυπαρχούσης.
1408 2330 1452 2356 Sic
1480 2331 1560 2356 habet
1586 2330 1669 2357 codex
1693 2329 1739 2356 Jo-

958 2364 1045 2390 lianus
1059 2365 1174 2391 secunda
1192 2372 1281 2395 manu,
1299 2370 1399 2391 rectius
1413 2371 1494 2398 quam
1512 2365 1573 2391 libb.
1590 2365 1739 2397 editi.,t‘mb

956 2398 985 2424 ἓν
997 2398 1186 2437 ύπαρχούσης.

993 2433 1030 2468 (5)
1054 2433 1115 2460 Τῶν
1129 2433 1239 2468 φυτῶν.
1258 2433 1319 2460 Haec
1332 2433 1456 2460 videntur
1470 2440 1485 2460 e
1498 2437 1570 2460 textu
1594 2434 1737 2468 ejicienda,

958 2476 1045 2502 neque
1059 2469 1103 2495 hic
1117 2469 1204 2496 locum
1219 2469 1319 2495 habere
1334 2476 1422 2502 posse.

994 2504 1033 2537 (6)
1054 2503 1131 2530 Libb.
1162 2503 1225 2529 editi
1252 2509 1312 2537 post
1342 2510 1441 2538 vocent
1468 2504 1579 2538 κτήνεια
1609 2504 1737 2538 continua

958 2535 1028 2565 serie
1041 2539 1142 2571 legunt,
1155 2539 1203 2564 καὶ
1216 2535 1285 2564 κατὰ
1305 2538 1404 2572 ἄτομον
1418 2535 1485 2569 εἶδος
1506 2535 1593 2564 αὐτῶν
1610 2546 1684 2569 τινας
1704 2536 1741 2563 εἶ-

959 2581 1001 2599 ναι
1014 2573 1207 2607 δημιουργοὺς,
1221 2573 1268 2599 καὶ
1285 2573 1371 2599 ἄλλων
1383 2572 1487 2608 θήρεια..
1506 2572 1559 2599 Sed
1572 2581 1599 2599 re
1616 2577 1741 2599 accurate

959 2615 1109 2641 perpensa,
1140 2609 1275 2640 sagaciter
1303 2609 1481 2640 deprehendit
1503 2608 1658 2634 Boherellus
1682 2608 1740 2634 haec

959 2640 1039 2678 verba
1064 2642 1110 2667 καὶ
1131 2642 1199 2678 κοιτᾷ
1221 2642 1319 2677 ἄτομον
1335 2640 1403 2673 εἶδος
1413 2642 1507 2678 αὐτῶν
1525 2651 1598 2674 τινας
1614 2643 1742 2678 δημιουρ-

958 2677 1032 2710 γούς,
1052 2684 1103 2703 non
1122 2684 1171 2703 suo
1195 2677 1252 2703 loco
1269 2678 1329 2711 legi.
1352 2677 1472 2710 nihilque
1492 2678 1565 2703 aliud
1581 2685 1641 2705 esse
1661 2685 1740 2710 quam

960 2712 1062 2738 variam
1080 2711 1220 2737 lectionem
1235 2710 1405 2745 sequentium
1430 2712 1477 2738 καὶ
1491 2712 1585 2743 ἄλλους
1600 2713 1659 2738 κατ’
1673 2710 1741 2743 εἶδος

960 2747 1073 2773 ἑκάστου
1102 2745 1196 2780 φυτοῦ,
1220 2747 1267 2772 καὶ
1289 2746 1407 2780 ἑκάστης
1431 2747 1553 2782 βοτάνης.
1584 2747 1661 2773 Prior
1681 2755 1740 2773 cum

959 2782 1117 2817 excidisset,
1133 2785 1242 2817 propter
1260 2782 1445 2814 repetitionem
1465 2781 1537 2808 vocis
1551 2781 1741 2817 δημιουργούς⁹

960 2816 1045 2842 altera
1068 2815 1126 2849 ejus
1143 2815 1229 2842 locum
1253 2817 1403 2848 occupavit,
1417 2822 1445 2842 et
1461 2821 1552 2849 postea
1578 2815 1691 2851 utraque
1716 2817 1741 2842 in

961 2856 1062 2878 textum
1088 2855 1193 2884 recepta
1215 2856 1266 2881 est,
1283 2851 1329 2876 sed
1354 2850 1462 2877 turban
1478 2852 1584 2878 ordine.
1608 2850 1741 2878 Alte-rutra

963 2886 1044 2920 igitur
1062 2886 1178 2920 expungi
1193 2885 1293 2912 debuit.
1313 2884 1403 2918 Itaque
1420 2886 1537 2912 prim-em
1552 2888 1739 2921 expunximus.
