1908 3099
93 125 163 151 “'25

675 128 816 156 CONTRA
838 130 976 158 CELSUM
995 131 1058 160 LIB.
1079 130 1123 160 IV.

1651 138 1720 167 ΗΞο

90 181 139 209 οἷδ’
153 182 251 209 ὁπόθεν
267 183 337 209 οὕτω
354 184 524 219 τεταγμένας
549 185 581 210 ὲκ
607 184 690 211 τῶνδε
714 186 794 212 τάσδε
811 187 866 220 γίνε

935 189 997 215 sine
1010 189 1063 215 ulla
1085 190 1178 216 divina
1199 191 1390 227 intelligentia,
1408 199 1467 227 qua:
1484 193 1544 222 illas
1564 199 1649 223 mutet
1662 205 1719 224 ma-

90 228 164 259 σθαι,
182 228 242 263 οὐχὶ
257 228 330 254 θείου
350 229 421 260 τινος
438 229 517 264 λόγου
539 230 618 265 ἔργον
632 228 716 263 εἶναι,
738 231 787 263 τὰς
803 233 832 258 ὲν
846 233 879 267 τῇ

89 273 141 311 ὕλῃ
154 275 296 309 ποιότητας
317 275 484 309 ἀμείϐοντος.

127 319 186 345 Ἔτι
205 319 233 346 δὲ
250 320 296 346 καὶ
312 319 390 346 τοῦτό
408 329 498 356 φαμεν
514 321 552 356 τῷ
568 321 681 356 Κέλσῳ,
703 322 822 354 εἰπόντι,
839 322 879 349 ὅτι

92 374 101 389 ‹
119 365 192 399 ψυχὴ
212 364 261 400 μὲν
280 365 348 391 Θεοῦ
373 365 469 400 ἔργον,
486 366 611 401 σώματος
625 367 653 393 δὲ
673 368 739 404 ἄλλη
756 368 844 403 φύσις·
867 378 876 394 ι

89 410 136 436 καὶ
151 410 181 435 οὐ
204 410 282 444 μόνον
297 411 544 444 ἀκατασκευάστως
568 413 598 438 τὸ
617 412 774 448 τηλικοῦτον
791 414 879 449 δόγμα

89 457 214 491 piabant,
238 456 306 483 ἀλλὰ
330 457 377 484 καὶ
399 457 574 493 ἀδιορίστως
597 458 627 484 οὐ
645 458 698 493 γὰρ
713 459 876 494 ὲσαφήνισε,

89 502 201 538 πότερον
218 503 293 529 πᾶσα
312 501 385 538 ψυχὴ
405 503 472 529 Θεοῦ
493 503 590 539 ἔργον,
614 504 631 539 ἢ
650 504 716 540 μόνη
739 506 756 540 ἡ
769 505 875 540 λογική.

87 548 178 582 Φαμὲν
197 548 286 574 τοίνυν
303 548 372 584 πρὸς
392 549 482 580 αὐτὸν,
506 550 530 575 εί
552 549 600 584 μὲν
616 550 690 576 πᾶσα
714 549 787 586 ψυχὴ
809 550 876 577 Θεοῦ

87 593 181 628 ἔργον,
196 593 317 628 δηλονότι
339 594 386 620 καὶ
408 594 461 621 τῶν
478 595 582 629 ἀλόγων
598 595 644 621 καὶ
661 596 875 629 εὐτελεστάτων,

87 639 129 665 ἵνα
144 639 192 665 καὶ
203 639 304 671 παντὸς
319 639 444 674 σώματος
457 640 523 675 ἄλλη
541 639 648 678 φύσιςῇ
665 641 739 676 παρά
758 642 806 677 τὴν
825 642 876 677 τῆς

85 684 186 720 ψυχῆς.
202 686 292 712 Ἐοικε
307 686 435 720 μὲντοιὲν
452 688 507 718 τοῖς
523 686 595 722 ἑξῆς,
606 688 634 713 ἐν
651 685 690 718 οἷς
701 697 710 712 ι
726 688 772 714 καὶ
784 688 875 724 θεοφι-

86 730 201 766 λέστερα
221 731 255 757 τὰ
275 731 360 765 ἄλογα
383 731 440 763 ζῶά
459 741 540 767 φησιν
558 732 654 768 ἡμῶν,
672 734 719 759 καὶ⁹
731 733 779 760 τοῦ
795 734 874 761 Θείου

85 777 133 812 τὴν
149 777 251 803 ἔννοιαν
261 777 331 812 ἔχειν
348 778 551 814 καθαρωτέραν,
571 788 580 804 ι
598 780 784 814 παριστάνειν,
796 780 873 806 ὅτιού

87 822 165 857 μόνον
182 823 199 856 ἡ
215 823 270 850 τῶν
284 823 332 850 ἀνθ
338 822 445 858 ρώπων,
463 824 530 851 ἀλλὰ
542 825 608 851 πολὺ
623 825 721 860 μᾶλλον
732 827 805 862 καὶὴ
818 827 872 853 τῶν

85 867 188 902 ἀλόγων
206 867 281 900 ζώων
297 869 368 904 ψυχὴ
398 870 476 904 ἔργον
499 871 557 897 ἐστὶ
570 871 616 897 τοῦ
630 871 696 898 Θεοῦ
708 880 714 887 ·
728 872 806 898 τοῦτο
817 873 870 908 γὰρ

85 912 225 939 ἀκολουθεῖ
246 913 285 948 τῷ
308 914 497 950 θεοφιλέστερα
519 914 644 949 λέγεσθαι
669 917 758 942 ἐκεῖνα
781 917 868 952 ἡμῶν.

85 959 115 985 El
128 959 156 985 δὲ
175 959 242 994 μόνη
261 961 277 995 ἡ
291 960 386 996 λογικὴ
401 961 474 996 ψυχὴ
488 961 554 988 Θεοῦ
568 961 647 997 ἔργον
663 963 722 989 ἐστὶ
732 983 738 995 ,
762 963 869 998 πρῶτον

85 1005 134 1040 μὲν
152 1006 204 1031 οὐκ
217 1006 361 1041 ὲσαφήνισε
373 1007 427 1042 (ΞΟ)
442 1007 472 1033 τὸ
480 1007 599 1034 τοιοῦτον
610 1017 616 1023 ·
633 1008 757 1044 δεύτερον
767 1009 794 1035 δὲ
806 1010 870 1036 ἀκο-

84 1049 172 1076 λουθεί
183 1049 224 1085 τῷ
232 1050 391 1086 ἀδιορίστως
402 1051 527 1086 εἰρῆσθαι
540 1053 603 1087 περὶ
616 1053 665 1088 τῆς
677 1053 774 1088 ψυχῆς,
787 1053 825 1085 ὡς
838 1054 868 1080 οὺ

84 1095 190 1130 πάσης,
208 1095 276 1121 ἀλλά
294 1095 377 1131 μόνης
396 1096 445 1131 τῆς
461 1097 572 1132 λογικῆς
589 1097 671 1133 οὓσης
688 1098 754 1125 Θεοῦ
768 1099 848 1134 ἔργον
859 1119 867 1131 ,

83 1141 113 1166 τὸ
130 1141 199 1176 μηδὲ
216 1141 315 1173 παντὸς
328 1141 452 1177 σώματος
472 1142 554 1177 ἀλλην
571 1141 642 1169 εἶναι
658 1143 738 1178 φύσιν
752 1145 817 1179 (21).
836 1145 868 1171 Εί

83 1186 111 1214 δὲ
132 1187 168 1223 μὴ
187 1188 287 1220 παντὸς
308 1188 431 1224 σώματος
456 1189 523 1224 άλλη
549 1190 645 1224 φύσις,
673 1190 730 1216 ἀλλ’
752 1191 866 1217 ἑκάστου

85 1233 142 1259 ἐστὶ
151 1234 183 1260 τὸ
203 1233 281 1269 σῶμα
293 1234 362 1266 ζώου
379 1234 508 1268 ἀνάλογον
524 1237 557 1270 τῇ
574 1235 657 1271 ψυχῇ,
674 1236 761 1272 δῆλον,
781 1237 820 1264 ὄτι
837 1235 867 1264 οῦ

82 1277 153 1314 ψυχὴ
173 1279 243 1305 Θεοῦ
260 1279 338 1314 ἔργον
356 1280 429 1313 ἐστὶ,
444 1279 565 1316 διαφέροι
580 1280 612 1307 ἂν
626 1282 656 1308 τὸ
670 1282 771 1318 ταύτης
787 1283 866 1318 σῶμα

85 1323 219 1359 σώματος,
235 1325 264 1351 ὲν
277 1321 299 1358 ᾧ
312 1325 381 1351 οξκεῖ
397 1326 469 1361 ψυχὴ
482 1327 532 1353 οὐκ
548 1324 615 1353 οὖσα
627 1327 706 1363 ἔργον
722 1328 799 1355 Θεοῦ.
812 1329 866 1356 Καὶ

83 1368 152 1395 οὕτω
171 1369 268 1404 ψεῦδος
290 1369 365 1396 ἔσται
387 1371 418 1396 τὸ
443 1371 525 1406 μηδὲν
547 1372 656 1399 διοίσειν
692 1374 864 1408 νυκτερίδος,

84 1414 101 1449 ἢ
115 1415 208 1450 εὺλῆς,
226 1415 242 1450 ἢ
258 1415 392 1451 βατράχου
415 1417 494 1453 σῶμα
512 1418 588 1454 παρὰ
607 1419 637 1445 τὸ
648 1419 694 1446 τοῦ
710 1418 862 1455 ἀνθρώπου.

115 1550 168 1576 Καὶ
182 1550 238 1585 γὰρ
251 1550 351 1578 ἄτοπον
371 1551 459 1584 λίθους
482 1553 529 1588 μὲν
547 1553 642 1585 λίθων,
661 1554 708 1580 καὶ
722 1555 866 1591 οἰκοδομή-

81 1603 151 1629 ματα
162 1595 385 1631 οἰκοδομημάτων
399 1597 553 1632 νομίζεσθαι
567 1596 635 1624 εἶναι
654 1599 831 1636 καθαρώτερα
848 1601 863 1636 ἢ

82 1641 248 1676 μιαρώτεροι,
267 1642 343 1677 παρά
358 1643 388 1668 τὸ
403 1644 443 1674 εἰς
456 1643 535 1678 τιμὴν
547 1643 593 1670 τοῦ
604 1645 682 1671 Θείου
700 1647 866 1673 κατεσκευά-

82 1686 149 1719 σθαι,
168 1688 186 1722 ἢ
200 1689 239 1719 εἰς
256 1688 425 1722 ἀτιμοτάτων
445 1689 576 1724 σωμάτων
605 1691 651 1717 καὶ
674 1691 776 1725 ἐναγῶν
798 1693 864 1719 ὑπο-

80 1731 156 1767 δοχήν
167 1741 175 1747 ³
198 1733 312 1768 σώματα
327 1733 355 1759 δὲ
372 1734 504 1768 σωμάτων
521 1735 556 1770 μὴ
576 1735 727 1771 διαφέρειν,
744 1738 818 1773 παρὰ
834 1739 864 1764 τὸ

80 1777 172 1812 λογικὰ
188 1777 258 1805 εἶναι
278 1779 312 1805 τὰ
333 1780 526 1815 ἐνοικήσαντα,
544 1781 559 1816 ἢ
581 1781 675 1816 ἄλογα,
689 1783 735 1808 καὶ
747 1782 863 1816 λογικῶν

80 1822 112 1848 τὰ
124 1823 328 1859 σπουδαιότερα,
342 1824 358 1859 ἢ
373 1825 435 1855 τοὺς
451 1825 634 1858 φαυλοτάτους
645 1825 813 1860 ἀνθρώπους.
828 1827 848 1852 Τ
850 1827 863 1853 ὺ

79 1868 195 1895 τοιοῦτον
212 1877 244 1903 γε
262 1870 394 1905 πεποίηκε
409 1870 542 1905 τολμῆσαί
555 1879 631 1902 τινας
648 1871 801 1898 ἀποθεῶσαι
814 1872 862 1906 μὲν

80 1912 112 1940 τὰ
133 1914 186 1940 τῶν
211 1913 392 1949 διαφερόντων
415 1915 545 1950 σώματα,
563 1916 600 1947 ὼς
621 1916 754 1951 δεξάμενοι
775 1916 862 1952 ψυχὴν

80 1961 235 1992 σπουδαίαν,
251 1961 400 1995 ἀπορρῖψαι
414 1961 442 1987 δὲ
456 1961 472 1996 ἥ
486 1961 619 1997 ἀτιμάσαι
634 1961 668 1989 τὰ
691 1962 744 1989 τῶν
762 1963 861 1996 φαυλο-

79 2007 174 2034 τάτωψ
188 2008 238 2044 οὐχ
254 2009 294 2034 ὅτι
310 2008 418 2040 πάντως
429 2009 459 2034 τὸ
476 2008 593 2035 τοιοῦτον
611 2009 694 2042 ὑγιῶς
706 2009 859 2043 γεγένηται,

80 2051 180 2079 ἀλλ’ὅτι
197 2053 251 2078 ἀπό
262 2061 332 2084 τινος
349 2053 451 2084 ἐννοίας
468 2052 560 2086 ὑγιοῦς
574 2053 636 2088 ἔσχε
647 2053 695 2088 τὴν
713 2053 808 2088 ἀρχήν.
825 2053 860 2079 ’Ἡ

79 2099 174 2132 ὁμοίως
182 2100 196 2125 ὁ
205 2099 285 2133 σοφὸς
295 2098 362 2134 μετὰ
375 2098 423 2134 τὴν
433 2098 557 2133 τελευτὴν
567 2099 688 2130 Ἀνύτου,
696 2100 742 2125 καὶ
749 2099 857 2134 Σωκρά-

77 2151 136 2176 τους
156 2144 294 2179 φροντίσει
314 2145 363 2179 τῆς
379 2145 468 2178 ταφῆς
484 2145 530 2170 τοῦ
560 2144 719 2179 Σωκράτους
736 2144 860 2179 σώματος

933 234 1007 261 teriae
1021 235 1173 268 qualitates.

968 323 1013 352 58.
1031 324 1119 351 Unum
1134 324 1198 358 quid
1225 331 1350 360 superest
1374 329 1445 362 quod
1474 330 1561 356 dicam
1584 331 1717 358 adversus

931 368 1003 396 istud
1016 369 1106 396 Celsi:
1126 378 1135 394 ε
1146 369 1270 396 Animam
1285 378 1346 398 esse
1368 371 1414 398 Dei
1435 380 1512 406 opus,
1529 375 1652 407 corporis
1668 383 1718 400 au-

931 419 986 441 tem
1009 414 1089 441 aliam
1107 419 1234 441 naturam
1249 423 1329 449 esse;
1348 425 1357 442 )
1375 418 1446 451 quod
1467 426 1519 445 non
1537 419 1623 446 solum
1640 421 1716 448 nullo

930 465 1088 494 argumento
1100 460 1214 495 profert.
1234 461 1280 488 sed
1298 462 1379 488 etiam
1393 463 1529 498 ambigue.
1541 464 1632 499 Neque
1641 466 1714 493 enim

930 506 1062 538 declarat,
1086 506 1212 533 animane
1223 507 1311 534 omnis
1331 515 1398 541 opus
1417 508 1465 535 Dei
1482 509 1528 542 sit,
1540 517 1574 536 an
1591 510 1649 537 sola
1668 518 1714 537 ra-

930 552 1012 579 tionis
1025 553 1172 587 particeps.
1187 553 1237 579 Aio
1254 552 1345 587 igitur,
1366 553 1388 580 si
1402 554 1492 581 omnis
1509 556 1599 582 anima
1614 557 1660 583 Dei
1678 555 1713 584 sit

927 605 1005 633 opus,
1019 598 1052 625 ab
1068 599 1126 632 ipso
1141 599 1267 625 conditas
1281 605 1342 625 esse
1359 599 1419 625 sine
1438 599 1519 627 dubio
1531 605 1558 627 et
1571 601 1711 628 brutoruin

927 643 1118 671 vilissimomm
1133 645 1250 677 animas,
1266 650 1295 671 ut
1309 645 1345 671 ita
1359 652 1504 679 corporum
1523 646 1644 673 omnium
1658 647 1710 673 alia

926 695 1023 718 natura
1039 691 1074 717 sit
1097 694 1179 724 atque
1195 691 1303 717 animm.
1323 690 1357 717 Et
1373 698 1438 717 vero
1456 691 1525 725 ipse,
1543 699 1604 718 eum
1620 692 1645 718 in
1667 700 1711 719 se-

925 736 1070 768 quentibus
1082 735 1119 762 ait
1134 744 1143 761 ‹
1159 736 1238 763 bruta
1253 736 1383 763 animalia
1398 736 1454 763 Deo
1470 744 1550 771 quam
1567 745 1616 764 nos
1632 745 1712 766 acce—

924 781 1011 815 ptiora
1025 787 1093 811 esse,
1111 785 1138 807 et
1152 781 1185 807 iis
1211 781 1300 807 inesse
1312 781 1451 815 puriorem
1468 781 1514 808 Dei
1531 782 1681 815 notionem,
1698 792 1708 810 ι

925 826 1042 859 idipsum
1058 825 1222 853 conﬁrmare
1234 825 1356 857 videtur,
1372 825 1514 853 brutarum
1527 827 1708 854 animantium

923 872 1035 906 perinde
1059 879 1090 899 ac
1107 871 1258 903 hominum,
1276 870 1329 898 imo
1351 871 1436 905 magis
1459 879 1539 905 quam
1559 873 1708 904 hominum,

923 917 1041 944 animam
1055 918 1100 944 Dei
1114 925 1174 945 esse
1186 924 1264 951 opus.
1279 916 1305 943 Id
1321 916 1392 943 enim
1408 924 1441 944 ex
1457 924 1489 944 eo
1503 917 1626 951 sequitur
1637 919 1708 952 quod

923 961 961 988 ait
976 969 1022 989 eas
1038 969 1098 988 esse
1116 969 1196 996 quam
1214 968 1263 988 nos
1277 960 1331 988 Deo
1351 962 1529 994 acceptiores.
1554 961 1601 988 Sin
1616 968 1707 990 autem

921 1007 979 1034 sola
994 1007 1085 1033 anima
1104 1007 1217 1034 rationis
1230 1007 1366 1041 particeps
1378 1006 1424 1033 Dei
1443 1007 1478 1033 sit
1495 1014 1573 1041 opus,
1590 1008 1706 1041 primum

921 1053 948 1079 id
960 1061 1012 1080 non
1029 1053 1102 1080 clare
1115 1053 1262 1085 indicavit;
1278 1052 1374 1079 deinde
1390 1060 1451 1079 ctnn
1467 1053 1525 1080 sine
1538 1053 1591 1080 ulla
1610 1054 1707 1081 distin-

922 1100 1021 1127 ctionis
1036 1104 1098 1126 nota
1114 1099 1215 1126 dixerit
1229 1099 1262 1126 de
1280 1097 1382 1130 anima,
1400 1105 1451 1124 non
1466 1106 1571 1126 omnem
1587 1099 1631 1126 Dei
1645 1107 1707 1127 esse

921 1153 998 1180 opus,
1015 1145 1062 1172 sed
1075 1144 1159 1172 solam
1173 1145 1289 1172 rationis
1302 1145 1480 1179 participem,
1500 1145 1563 1171 hinc
1582 1146 1706 1180 sequitur

921 1197 970 1216 nec
989 1189 1078 1216 omnis
1093 1190 1215 1223 corporis
1235 1193 1359 1216 naturam
1374 1189 1454 1215 aliam
1466 1196 1536 1216 esse.
1550 1189 1584 1216 At
1600 1197 1662 1217 vero
1682 1191 1704 1217 si

920 1243 973 1263 non
992 1235 1083 1262 omnis
1109 1235 1230 1269 corporis
1253 1234 1305 1260 alia
1333 1238 1429 1261 natura
1453 1240 1504 1267 est,
1529 1236 1576 1262 sed
1593 1236 1706 1269 singula:

920 1281 1072 1308 animantes
1086 1288 1186 1314 corpus
1200 1280 1298 1306 habent
1320 1280 1415 1306 animae
1431 1287 1479 1315 pro
1500 1281 1625 1315 portione
1639 1288 1704 1308 con-

920 1331 1091 1357 sentaneum,
1109 1325 1282 1359 perspicuum
1299 1332 1342 1353 est
1355 1333 1454 1360 corpus
1470 1324 1545 1357 illud,
1557 1325 1635 1360 cujus
1646 1327 1704 1352 ani-

919 1379 963 1398 ma
975 1370 1022 1397 Dei
1049 1376 1091 1397 est
1104 1377 1183 1404 opus,
1199 1372 1372 1404 praestantius
1385 1370 1442 1398 fore
1457 1370 1512 1402 illo,
1526 1370 1602 1404 cujus
1612 1371 1702 1397 anima

919 1417 967 1443 Dei
985 1423 1052 1451 opus
1069 1423 1121 1442 non
1137 1420 1188 1442 est.
1201 1416 1291 1449 Atque
1305 1416 1346 1443 sic
1361 1416 1458 1446 lal‘sum
1473 1416 1526 1443 erit
1541 1423 1640 1450 corpus
1653 1415 1702 1442 ho-

919 1462 1001 1490 minis
1016 1460 1085 1488 nihil
1102 1468 1117 1488 a
1134 1452 1338 1495 vespertillione,
1356 1468 1447 1488 verme
1460 1465 1506 1487 aut
1520 1468 1585 1487 rana
1598 1460 1703 1487 discre-

918 1515 992 1543 pare.

955 1553 998 1580 ὅθ.
1014 1553 1044 1579 Et
1059 1559 1124 1579 sane
1141 1552 1288 1578 absurdum
1307 1551 1387 1578 fuerit
1407 1558 1471 1578 saxa
1488 1551 1572 1582 saxis,
1587 1549 1702 1577 mdilieia

917 1598 1038 1626 aediliciis
1055 1598 1165 1632 puriora
1184 1597 1276 1623 haberi
1300 1602 1347 1624 aut
1366 1596 1533 1630 impuriora,
1558 1600 1637 1630 prout
1655 1601 1701 1622 aut

916 1645 948 1671 ad
966 1645 1096 1671 honorem
1113 1642 1263 1670 divinitatis
1284 1646 1497 1674 construuntur,
1519 1646 1567 1667 aut
1585 1641 1619 1666 ad
1634 1641 1703 1668 reci-

917 1690 1013 1724 pienda
1026 1689 1087 1715 vilia
1105 1689 1265 1722 impuraque
1280 1695 1412 1722 corpora;
1430 1695 1544 1721 corpora
1562 1694 1626 1713 vero
1639 1694 1701 1714 cor-

916 1735 1028 1769 poribus
1052 1742 1104 1760 non
1123 1737 1394 1768 praestaretquorum
1413 1733 1464 1759 alia
1480 1733 1576 1760 anitum
1593 1733 1701 1760 ratione

917 1780 1035 1814 praedita:
1056 1779 1188 1810 incolunt.
1204 1779 1255 1805 alia
1271 1779 1376 1805 ratione
1395 1779 1516 1812 privam,
1537 1779 1589 1805 alia
1613 1779 1700 1805 virtu-

916 1831 971 1852 tum
987 1825 1124 1855 studioste.
1140 1825 1190 1851 alia
1208 1825 1281 1851 vitiis
1301 1824 1538 1858 inquinatissittlm.
1555 1824 1636 1851 Certe
1647 1824 1699 1851 hoc

914 1872 1061 1898 discrimen
1078 1870 1152 1902 fecit,
1173 1875 1202 1897 ut
1224 1871 1334 1905 quidam
1351 1870 1408 1895 ausi
1434 1869 1535 1896 fuerint
1559 1870 1698 1897 hominum

913 1917 1014 1943 virtute
1029 1916 1238 1951 prtecellentium
1255 1923 1368 1949 corpora
1384 1914 1409 1940 in
1428 1915 1538 1941 dearum
1554 1922 1698 1942 numerum

914 1961 1019 1989 referre
1039 1967 1166 1995 tanquam
1191 1962 1267 1988 bonae
1281 1962 1379 1988 anima:
1394 1960 1548 1993 domicilia;
1564 1961 1698 1994 projicere

912 2013 1003 2034 autem
1016 2012 1061 2034 ant
1075 2006 1249 2034 contumeliis
1272 2006 1379 2033 allicere
1403 2013 1517 2039 corpora
1532 2012 1625 2032 eorum
1649 2006 1696 2039 qui

912 2053 986 2079 vitiis
1001 2052 1083 2080 dediti
1108 2051 1215 2077 fuerant
1230 2059 1236 2077 :
1254 2059 1305 2078 non
1325 2052 1396 2085 quod
1417 2052 1441 2078 id
1460 2051 1567 2085 quidem
1583 2052 1696 2078 omnino

913 2103 985 2125 recte
1003 2096 1102 2123 factum
1119 2095 1154 2122 sit
1171 2102 1177 2120 :
1194 2096 1240 2121 sed
1259 2096 1330 2129 quod
1346 2104 1359 2122 ο
1375 2104 1439 2122 sana
1456 2095 1572 2130 quadam
1595 2096 1697 2130 cogita-

911 2144 986 2170 tione
1001 2141 1135 2175 origincm
1157 2140 1289 2166 habuerit.
1318 2140 1385 2166 Num
1411 2141 1481 2167 enim
1495 2140 1614 2174 sapiens,
1634 2146 1696 2174 post

78 2192 122 2218 καὶ
143 2192 192 2227 τῆς
215 2192 344 2223 Ἀνύτου;
368 2191 422 2217 Καὶ
446 2191 477 2217 τὸ
497 2191 683 2226 παραπλήσιον
696 2191 860 2226 ἀμφοτέροις

923 2191 1027 2214 nortem
1054 2185 1134 2220 Anyti
1151 2189 1178 2211 et
1201 2184 1332 2216 Socratis,
1346 2192 1422 2218 atque
1448 2185 1578 2212 sollicitus
1591 2185 1643 2211 erit
1663 2185 1695 2212 de

79 2237 273 2263 κατασκευάσει
282 2236 386 2272 ἠρίονῆ
401 2237 486 2271 τάφον
499 2237 571 2269 ;Καὶ
586 2236 671 2262 ταῦτα
682 2235 726 2262 διὰ
738 2236 780 2266 τὸ,
794 2233 858 2261 «Ὧν

78 2283 148 2310 οὐδὲν
161 2284 241 2319 ἔργον
255 2282 321 2309 Θεοῦ
344 2292 352 2308 ι
372 2283 428 2317 (τοῦ
443 2280 480 2310 ὧν
496 2281 696 2317 ἀναφερομένου
713 2282 758 2307 ἐπὶ
772 2281 801 2307 τὸ
811 2280 857 2307 τοῦ

78 2329 217 2364 ἀνθρώπου
236 2329 324 2364 σῶμα,
341 2330 357 2364 ἢ
377 2329 430 2355 τῶν
450 2330 482 2355 ἐκ
497 2328 543 2355 τοῦ
561 2327 685 2362 σώματος
699 2327 795 2361 ὄφεων·
811 2327 857 2353 καὶ

78 2375 120 2401 ἐπὶ
135 2375 165 2402 τὸ
182 2375 282 2409 βοὸς,ἣ
299 2375 352 2402 τῶν
368 2376 400 2401 ἐκ
413 2375 459 2401 τοῦ
475 2374 599 2408 σώματος
627 2373 687 2408 βοὸς
705 2371 838 2408 μελισσῶν
849 2379 856 2387 ·

181 2441 295 2475 Τύμϐος
310 2441 454 2476 ὐμηττείῳ
465 2441 635 2474 λειϐιῇιενος
643 2440 749 2474 μέλιτι.

147 2486 307 2520 Sepulcrum
322 2493 395 2512 Inum
410 2486 543 2521 Ilymeltio
559 2485 634 2511 melle
647 2493 724 2520 apum
736 2493 767 2511 ex.
779 2484 859 2511 bobus

190 2523 338 2557 genituram
354 2529 454 2556 semper
471 2520 561 2547 stillet.

77 2577 147 2606 ldem
165 2579 192 2605 in
209 2579 301 2604 Ἵπποι
315 2586 321 2603 :

148 2635 247 2662 Ἰπποι
268 2635 326 2668 μὲν
338 2634 463 2668 σφηκῶν
480 2634 609 2669 γένεσις,
636 2633 736 2673 ταῦροι
758 2633 791 2673 δξ
806 2641 859 2667 με·

683 2671 821 2704 ιλισσῶν.

146 2704 190 2731 Ex
201 2704 274 2739 equis
286 2712 379 2738 vespm,
396 2710 419 2731 et
434 2712 467 2731 ea;
480 2705 560 2731 bobus
573 2712 633 2737 Itch
648 2709 813 2738 generantur.

79 2750 145 2785 Idem
161 2751 186 2776 in
197 2750 341 2785 κάνθαρος.
353 2750 505 2785 Κάνθαρος·
519 2749 594 2785 παρὰ
603 2750 648 2775 τὸν
660 2748 794 2785 κάνθωνα,
803 2757 860 2785 του-

76 2783 157 2816 τέστι,
174 2783 315 2812 τὸνὸνοὶο·
336 2785 381 2811 καὶ
401 2783 477 2819 παρὰ
498 2785 543 2811 τὸν
561 2783 634 2819 ὀρὸν,
657 2784 781 2819 τουτέστι
793 2803 799 2815 ,
822 2783 856 2809 τὸ

77 2819 201 2855 (infmia.
220 2820 289 2845 Φασὶ
306 2819 370 2855 γὰρ,
394 2818 466 2846 ὅτιὸ
486 2818 618 2855 κάνθαρος
633 2818 705 2855 οὕτω
717 2818 853 2855 τίκτεται·

83 2851 164 2881 Ἐπάν
179 2854 247 2891 εὕρῃ
262 2851 320 2881 ὄνου
343 2851 443 2889 κόπρον
462 2851 639 2889 στρογγῦλην,
659 2854 732 2888 μένει
755 2853 854 2880 κυλίων

914 2232 1055 2265 utriusque
1070 2230 1192 2262 corporis
1207 2230 1363 2263 sepultura?
1376 2230 1456 2264 550
1470 2232 1510 2256 Au
1526 2231 1632 2264 utrique
1646 2238 1696 2264 par

912 2283 939 2305 et
959 2278 1047 2305 simile
1069 2281 1275 2304 monumentum
1302 2281 1348 2302 aut
1366 2277 1519 2310 sepulcrum
1538 2277 1695 2304 construct?

911 2325 997 2358 Atque
1014 2325 1071 2351 hinc
1084 2325 1117 2350 de
1131 2323 1183 2350 isto
1197 2321 1265 2349 Celsi
1280 2321 1352 2348 dicto
1369 2330 1377 2348 ι
1395 2331 1403 2347 t
1421 2322 1540 2355 Quorum
1551 2322 1615 2349 nihil
1627 2330 1695 2356 opus

911 2369 959 2396 Dei
989 2374 1046 2402 est;
1072 2378 1081 2394 ι
1102 2369 1146 2396 ubi
1166 2374 1232 2394 voce
1254 2376 1262 2392 I
1287 2375 1401 2401 quorum
1424 2376 1433 2392 ι
1451 2367 1575 2401 intelligit
1597 2375 1694 2402 corpus

913 2438 969 2467 τοῖς
983 2436 1055 2467 ποσὶ,
1072 2436 1118 2462 καὶ
1133 2435 1172 2470 τῷ
1184 2435 1283 2461 κυλίειν
1294 2433 1518 2470 ἀποσπερμαίνεν
1529 2435 1575 2460 καὶ
1589 2434 1620 2459 ὲκ
1637 2434 1694 2470 τούς

912 2480 958 2498 του
977 2472 991 2497 ὸ
1012 2470 1145 2505 κάνθαρος
1158 2468 1191 2496 τὸ
1208 2470 1276 2502 ζῶον
1294 2470 1406 2503 γίνεται.
1418 2478 1431 2505 _t
1450 2468 1622 2505 Scarahmns.
1635 2469 1691 2505 Di-

912 2512 972 2533 ctus
988 2514 1001 2532 a
1014 2503 1122 2531 nomine
1134 2505 1249 2535 κάνθων,
1263 2506 1364 2535 minus,
1378 2509 1403 2529 et
1413 2503 1484 2538 ὀρός,
1498 2511 1595 2531 semen.
1610 2504 1693 2531 Aiunt

912 2542 984 2567 enim
1000 2541 1166 2567 scarabzeum
1191 2541 1226 2566 ita
1246 2539 1381 2574 generari.
1398 2538 1507 2574 Invento
1527 2539 1596 2564 asini
1620 2544 1690 2565 ster-

912 2583 975 2602 core
1000 2575 1114 2602 rotundo
1139 2574 1165 2600 in
1188 2582 1220 2601 eo
1245 2573 1347 2604 manet.
1375 2573 1486 2607 pedibus
1513 2580 1643 2606 ruspans;
1663 2578 1691 2600 et

911 2611 982 2637 inter
996 2609 1160 2643 ruspandum
1178 2616 1268 2636 semen
1291 2609 1400 2640 emittit,
1420 2615 1452 2634 ex
1471 2615 1524 2641 quo
1539 2608 1692 2635 scarabn-us

911 2645 1041 2671 nastitur.
1061 2654 1070 2670 ι
1089 2644 1220 2671 SPENCER.

946 2680 1000 2714 (9.0)
1025 2678 1262 2714 Ἐσαφήνισελιιι
1278 2683 1350 2705 recte
1362 2678 1445 2705 codex
1461 2676 1631 2704 Basileensis.
1646 2675 1692 2704 Li-

911 2714 952 2742 bri
969 2719 1056 2740 autem
1071 2714 1151 2743 editi.
1165 2713 1341 2747 ὲσαφήνισας.

947 2749 1003 2783 (il)
1019 2750 1131 2781 ’Ἄλλην
1146 2746 1336 2783 εἶναινςρὐιν.
1355 2748 1399 2774 Sic
1413 2748 1496 2774 codex
1514 2746 1645 2783 Julianus:
1661 2746 1690 2774 in

909 2779 1088 2810 liliris'etlitis
1104 2779 1178 2809 ileest
1205 2779 1296 2817 ἄλλην.
1316 2782 1404 2809 Codex
1423 2783 1597 2815 linsileensis,
1620 2779 1692 2809 εἶναι

907 2818 988 2852 φύσιν
1000 2818 1048 2853 τὴν
1061 2818 1156 2878 aia-civ.
1172 2817 1230 2857 Non
1243 2817 1325 2845 multo
1337 2821 1396 2852 post
1411 2817 1475 2845 libb.
1488 2818 1551 2845 editi
1565 2818 1590 2844 in
1603 2821 1690 2851 textu,

907 2853 964 2878 ἀλλ’
981 2853 1095 2878 ἑκάστου
1109 2853 1133 2878 δ‹
1149 2853 1179 2878 τὺ
1197 2861 1284 2878 σωμα.

907 2853 964 2881 ἀλλ’
981 2852 1095 2880 ἑκάστου
1109 2852 1137 2879 δὲ
1149 2853 1179 2879 τὺ
1197 2852 1284 2888 σῶμα.
