1908 3099
212 122 222 149 l
232 123 278 150 [27

911 119 1074 148 ORIGENIS

1773 122 1833 149 “is

210 179 336 212 hominis,
351 183 397 205 aut
411 177 576 212 serpentium
592 176 637 211 qui
650 184 682 204 ex
698 177 744 204 illo
758 177 993 212 oriuntur;eorpui

1054 177 1100 203 καὶ
1114 176 1159 203 ἐπὶ
1172 177 1203 202 τὸ
1217 176 1312 207 ἵππου,
1329 176 1345 212 ἦ
1360 176 1432 209 ὄνου,
1447 177 1492 204 καὶ
1506 177 1560 203 τῶν
1575 177 1607 210 ἐξ
1618 178 1707 203 ἵππω
1725 178 1774 212 μὲν
1783 186 1835 213 aer,-

211 226 432 259 bovis,autapum
443 231 502 258 qua:
511 231 545 251 ex
559 223 604 250 illo
614 223 757 257 prodeunt;
766 230 863 257 corpus
870 224 942 257 equi,
955 228 1001 250 aut

210 279 352 306 vesparum
362 277 423 305 quae
437 278 470 297 ex
483 277 516 297 eo
533 274 698 301 nascuntur;
711 273 738 296 et
751 276 849 303 corpus
865 269 1001 301 asini,aut

210 317 408 344 scarabaeorum
418 316 462 351 qui
475 315 538 342 inde
553 319 665 342 exeunt.
678 314 743 347 Quae
753 313 862 349 quidem
877 315 903 341 in
913 321 993 341 causa

1054 221 1120 253 κῶν,
1135 221 1164 254 ἐξ
1176 222 1235 248 δνου
1251 222 1279 248 δὲ
1295 221 1457 258 κανθάρων)
1468 222 1501 248 δι’
1511 222 1529 248 ἃ.
1543 221 1763 256 ἠναγκάσθημεν
1777 224 1834 249 Ex:-

1053 267 1178 295 ναλαὸεῖν
1196 268 1243 294 καὶ
1261 268 1301 299 τὺ,
1319 276 1328 292 (
1347 267 1427 303 Ψυχὴ
1447 267 1496 304 μὲν
1511 267 1580 294 Θεοῦ
1593 269 1670 294 ἐστιν
1684 267 1776 303 ἔργον,
1791 268 1834 294 σώ-

1051 322 1136 349 ματος
1149 313 1178 340 δὲ
1194 313 1260 347 ἄλλη
1276 313 1365 348 φύσις.
1384 322 1394 338 ι

211 364 321 391 fuerunt
350 370 401 390 cur
415 362 505 389 istud:
528 361 649 388 (Anima
663 361 771 396 quidem
790 368 858 396 opus
873 360 919 388 Dei
935 365 987 392 est.
1007 360 1058 388 alia
1074 366 1164 388 autem
1190 365 1232 389 est
1250 361 1376 396 corporis
1394 365 1501 394 natura,
1531 369 1541 387 ι
1573 365 1730 388 retractare
1749 369 1834 389 neces-

210 411 311 438 sarium
323 411 513 445 judicaverim.

245 457 293 485 60.
319 457 365 484 Ait
395 461 503 492 postea,
522 465 531 482 ι
550 460 676 484 naturam
697 455 768 483 illam
803 456 992 490 praedictorum

210 504 328 530 omnium
345 511 489 537 corporum
503 510 676 530 communem
687 508 713 530 et
728 510 807 529 unam
821 502 897 529 abire
911 507 938 529 et
952 509 995 529 re-

209 548 268 575 dire
289 549 354 574 ratis
370 547 612 575 vicissitudiiiihus.
627 549 680 577 iEx
691 547 724 574 iis
739 554 799 581 quae
815 554 898 580 supra
919 547 994 579 dixi,

210 593 384 621 manifestum
400 597 442 620 cst
458 601 511 621 non
531 593 619 620 solum
645 600 789 627 corporum
815 599 875 626 qua-
900 592 993 620 Celsus

210 640 389 671 enumeravit,
402 639 447 666 sed
460 639 541 666 etiam
554 638 703 666 cwleslium
717 643 840 665 naturain
851 645 910 665 esse
921 645 995 665 com-

211 693 332 712 munem.
354 685 430 718 Quod
443 685 466 712 si
485 685 521 712 ita
541 690 594 716 est.
614 690 687 712 certe
703 691 736 711 ex
750 684 795 712 illo
808 684 852 720 (an
870 691 902 711 ex
921 684 993 711 veri-

211 735 265 758 tate
289 731 389 764 nescio)
414 735 510 757 natura
537 730 582 757 illa
601 730 722 757 omnium
741 737 884 764 corporum
904 738 957 756 una
968 735 995 757 et

210 778 304 804 eadem
327 776 383 803 abit
400 776 524 810 reditque
543 776 610 803 ratis
627 776 873 804 vicissitudinihus.
894 776 992 803 Verum

1084 452 1141 481 Εἶθ’
1150 454 1214 489 ἑξῆς
1223 463 1316 489 φησιν,
1329 454 1369 480 ὅτι
1383 463 1392 479 t
1405 454 1482 489 κοινὴ
1497 455 1513 489 ἡ
1526 455 1637 480 πάντων
1650 453 1708 481 τῶν
1721 463 1835 489 προειρη-

1049 502 1136 537 μένων
1153 501 1286 535 σωμάτων
1306 501 1402 534 φύσις,
1424 501 1470 527 καὶ
1488 501 1535 535 μία
1554 501 1584 531 ἐς
1605 500 1727 535 ἀμοιϐὴν
1750 500 1834 526 παλίν-

1047 555 1150 582 τροπον
1175 547 1251 572 ἰοῦσα
1272 546 1317 572 καὶ
1339 546 1499 572 ἐπανιοῦσα.
1522 555 1530 570 i
1548 546 1604 572 Καὶ
1626 545 1698 580 πρὸς
1723 545 1799 571 τοῦτο
1813 546 1835 571 δὲ

1046 592 1125 627 δῆλον
1143 593 1174 618 ὲκ
1190 591 1243 618 τῶν
1259 591 1475 627 προειρημένων,
1493 592 1533 617 ὅτι
1549 592 1580 617 οὺ
1598 591 1682 626 μόνον
1699 591 1756 617 τῶν
1779 601 1836 626 πρῦα

1047 636 1264 671 κατειλεγμένων
1285 637 1419 671 σωμάτων
1441 637 1515 671 κοινή
1536 637 1610 663 ἐστιν
1631 638 1647 672 ἡ
1669 637 1763 671 φύσις,
1776 638 1836 664 ἀλλὰ

1048 682 1159 708 καὶτῶν
1173 681 1349 717 ἐπουρανίων.
1363 682 1418 708 Καὶ
1432 681 1511 717 εἴπερ
1521 681 1593 708 τοῦθ’
1608 681 1700 713 οὕτως
1715 683 1783 717 ἔχει,
1797 683 1836 717 δῆ-

1047 727 1102 759 λον,
1115 727 1156 754 ὅτι
1167 727 1314 753 κατάὐτὸν
1327 727 1387 762 (οὐκ
1397 725 1454 753 οἶδα
1470 727 1498 753 δὲ
1515 728 1539 753 εί
1553 727 1625 754 κατὰ
1636 729 1688 763 τὴν
1703 728 1835 763 ἀλήθειαν)

1049 773 1098 808 μία
1116 774 1145 804 ὲς
1164 772 1283 808 ἀμοιϐὴν
1300 772 1482 807 παλίντροπον
1501 773 1578 800 ίοῦσά
1595 774 1672 799 ἐστιν
1697 775 1713 808 ἡ
1736 775 1835 801 πάντων

210 822 317 856 quidem
331 826 372 848 est
390 822 460 849 lianc
474 829 566 848 eorum
579 829 639 849 esse
655 823 817 849 sententiain
846 823 891 857 qui
916 831 992 850 mun-

1051 819 1178 854 ςωμάτων
1196 819 1276 853 φύσις
1296 820 1343 846 καὶ
1359 820 1517 846 ἐπανιοῦσα.
1543 821 1598 847 Καὶ
1612 820 1700 855 δῆλον
1720 822 1787 855 μὲν,
1802 822 1835 847 ὅτι

209 868 271 894 dum
290 872 402 894 censent
423 875 483 895 esse
505 868 723 902 corriiptihilem.
747 867 800 895 Sed
824 869 868 904 qiii
886 874 996 897 contra-

209 914 276 940 riani
292 914 324 940 de
337 914 438 940 mundo
451 913 606 947 opinionem
621 918 739 947 tuentur,
751 915 895 941 ostendent
913 915 931 942 ii
947 922 995 942 na-

210 960 424 986 turaniomniuin
436 967 580 994 corporum
595 967 766 987 communem
777 965 904 993 etunam,
913 961 994 988 etiam

207 1014 261 1033 non
279 1006 397 1032 admisso
415 1006 510 1039 quinto
527 1012 657 1040 corpore,
675 1006 741 1033 ratis
763 1006 995 1034 vicissitudinibus

208 1050 283 1077 abire
298 1055 325 1078 et
340 1051 438 1082 redire,
450 1056 531 1086 atque
542 1051 582 1078 sic
594 1055 728 1078 mutatum
742 1058 913 1086 permanere,
923 1053 994 1086 quod

208 1097 297 1131 perire
307 1097 422 1124 videtur.
436 1096 546 1124 Materia
559 1096 630 1123 enim
643 1097 776 1132 subjecta,
790 1103 920 1131 pereunte
928 1105 994 1132 qua-

208 1142 294 1176 litate,
305 1143 360 1177 ipsa
372 1142 466 1170 eadem
479 1148 628 1178 permanet,
640 1148 669 1170 ut
683 1148 807 1172 asserunt
820 1143 836 1170 ii
849 1145 893 1179 qui
907 1144 993 1179 ipsam

209 1188 356 1215 increatam
371 1196 431 1216 esse
445 1189 547 1216 volunt.
565 1189 640 1222 Quod
651 1190 671 1217 si
684 1190 791 1224 probari
807 1191 892 1224 possit
908 1191 992 1225 ipsam

209 1241 263 1261 non
278 1241 338 1261 esse
357 1235 515 1268 inereatam,
534 1236 579 1263 sed
593 1237 737 1270 quemdam
753 1236 778 1263 iii
795 1244 872 1263 usuin
895 1236 992 1264 factam

208 1287 280 1311 esse.
299 1285 374 1315 patet
394 1281 514 1309 eamdem
540 1281 597 1315 ejus
618 1290 670 1309 non
696 1282 754 1309 fore
772 1287 908 1316 naturam,
922 1283 993 1317 quod

208 1326 241 1353 ad
256 1327 470 1359 permansionem
488 1332 644 1362 speetat,ae
665 1328 686 1355 si
701 1329 820 1355 in'creata
836 1334 992 1363 poneretur.

190 1397 194 1401 ,
209 1371 309 1399 Verum
323 1372 379 1400 hinc
394 1373 568 1408 physicorum
584 1378 647 1399 sunt
663 1381 669 1397 τ
690 1373 768 1401 nobis
786 1381 848 1401 vero
861 1374 932 1402 Celsi
947 1381 993 1402 ca-

209 1416 327 1445 luiiiiiias
343 1418 466 1446 refellere
479 1419 649 1453 propositum
662 1423 713 1446 est.

243 1506 288 1533 6L
301 1506 382 1534 Addit
401 1516 410 1533 ι
423 1507 489 1534 nihil
504 1515 608 1540 eorum,
624 1516 685 1544 qua:
700 1515 732 1536 ex
749 1510 863 1537 materia
877 1518 994 1538 nascun--
1007 1489 1028 1517 ϐ

209 1556 263 1584 tur,
286 1559 345 1579 esse
367 1552 528 1580 immortale.
545 1563 554 1579 i
575 1554 616 1580 Ad
633 1554 704 1588 quod
721 1561 793 1588 ego:
812 1555 835 1582 si
853 1555 920 1582 nihil
942 1555 995 1582 im-

209 1598 324 1625 mortale
338 1602 380 1625 est
394 1606 487 1625 eorum
516 1607 576 1634 qua:
590 1606 622 1626 ex
636 1600 749 1627 materia
767 1605 928 1633 nascuntur,
949 1605 995 1628 aut

210 1643 373 1670 immortalis
393 1647 436 1670 est
452 1645 568 1671 mundus
591 1643 636 1672 hic
651 1648 734 1677 totus,
755 1653 805 1672 nec
824 1646 936 1680 proinde
961 1653 993 1673 ex

210 1689 322 1716 materia
337 1693 427 1720 natus,
451 1694 498 1716 aut
514 1689 676 1717 immortalis
695 1697 747 1717 non
769 1695 820 1718 est.
842 1690 870 1718 Si
885 1691 994 1718 immor-

212 1735 283 1765 talis,
302 1735 373 1768 quod
389 1735 470 1761 etiam
489 1735 522 1762 iis
538 1734 625 1770 placet
644 1736 689 1770 qui
710 1735 795 1763 solain
811 1737 927 1763 animam
946 1736 993 1764 Dei

209 1787 270 1807 esse
292 1788 358 1816 opus
380 1785 407 1808 et
434 1789 468 1809 ex
490 1782 606 1816 quodam
621 1789 685 1809 vase
699 1783 807 1817 prodire
822 1783 992 1817 existimant,

209 1828 332 1854 ostendat
348 1827 442 1855 Celsus
457 1827 534 1855 illum
548 1835 602 1855 non
614 1827 713 1855 factum
731 1828 817 1856 fuisse
834 1836 867 1856 ex
882 1821 993 1856 materia

209 1874 369 1908 qualitatum
382 1879 503 1909 experte,
519 1874 665 1909 mundique
684 1875 914 1902 immortalitatem
928 1882 994 1902 con-

210 1920 304 1947 sistere
322 1928 382 1947 cuin
405 1920 457 1948 isto
476 1920 561 1955 ipsius
581 1921 726 1955 principio,
744 1921 812 1948 nihil
832 1928 927 1948 eorum
942 1920 994 1948 iiii-

209 1966 323 1993 niortale
343 1973 405 1992 esse
445 1974 505 2000 quae
519 1970 669 1993 nascuntur
683 1974 715 1993 ex
738 1966 863 1994 materia.
879 1966 928 1994 Sin
945 1973 993 1993 au-

211 2015 262 2038 tem
279 2012 393 2038 IlllllllillS
405 2011 467 2045 quia
479 2019 512 2039 ex
528 2012 640 2038 materia
655 2011 743 2039 lactus
756 2016 808 2045 est,
825 2020 878 2039 non
890 2016 932 2039 est
945 2012 995 2039 ini-

209 2056 347 2087 mortalis;
369 2057 491 2083 mortalis
516 2057 560 2083 ille
577 2059 692 2085 mundus
709 2058 797 2085 eritne
826 2058 993 2093 corruptioni

208 2102 351 2132 obnoxius,
361 2102 467 2129 annon?
480 2101 509 2129 Si
522 2103 605 2137 prius,
619 2104 679 2130 ideo
687 2104 853 2138 corruptioni
863 2103 994 2131 obnoxius

1046 865 1115 892 κατὰ
1132 865 1195 896 τοὺς
1217 864 1377 900 φθείροντας
1398 866 1454 901 (‘22)
1478 866 1524 892 τὸν
1543 866 1647 901 κόσμον
1664 866 1744 892 τοῦθ’
1758 866 1835 898 Οὕτως

1046 910 1112 946 ἔχει·
1128 910 1302 945 πειράσονται
1317 910 1345 936 δὲ
1361 910 1497 937 δεικνύναι
1516 912 1563 937 καὶ
1584 912 1607 937 οἱ
1630 911 1668 947 μὴ
1686 912 1833 948 φθείροντες

1044 956 1136 987 αὑτὸν,
1160 956 1228 991 μετὰ
1243 956 1289 982 τοῦ
1309 956 1345 991 μὴ
1364 957 1524 992 προσίεσθαι
1541 957 1669 992 πέμπτον
1687 958 1785 992 σῶμα,
1801 959 1832 984 ὅτι

1045 1002 1091 1028 καὶ
1115 1002 1176 1028 κατ’
1190 1002 1288 1033 αὐτοὺς
1305 1002 1353 1037 μία
1370 1003 1398 1033 ἐς
1417 1001 1531 1038 ἀμοιϐὴν
1555 1003 1745 1038 παλίντροπον
1768 1003 1833 1029 ἰοῦσα

1045 1047 1092 1073 καὶ
1108 1047 1256 1074 ὲπανιοῦσά
1266 1049 1339 1073 ἐστιν
1356 1048 1373 1082 ἡ
1387 1047 1495 1074 πάντων
1507 1048 1641 1083 σωμάτιον
1653 1048 1752 1082 φύσις.
1766 1049 1833 1075 Οὖτυ

1043 1092 1073 1119 δὲ
1089 1093 1136 1120 καὶ
1150 1093 1181 1119 τὸ
1197 1093 1380 1128 ἀπολλύμενον
1397 1094 1436 1125 είς
1450 1093 1605 1129 μεταὸολὴν
1625 1095 1683 1129 (25)
1699 1094 1833 1130 διαμένει-

1044 1138 1074 1165 τὸ
1085 1138 1138 1174 γὰρ
1148 1139 1326 1174 ὑποκείμενον
1344 1140 1360 1175 ἡ
1379 1139 1438 1174 ὖλη,
1454 1139 1646 1175 ἀπολλυμένης
1659 1140 1714 1174 τῆς
1733 1141 1834 1176 ποιότη-

1043 1191 1098 1215 τος,
1115 1183 1246 1218 διαμένει,
1264 1183 1332 1210 κατὰ
1343 1184 1407 1215 τοὺς
1420 1184 1551 1219 ἀγένητον
1564 1185 1648 1219 αὐτὴν
1663 1186 1832 1219 εἰσάγοντας.

1050 1227 1113 1254 Ἐὰν
1131 1227 1256 1263 μέντοιγε
1269 1229 1368 1264 δυνηθῇ
1389 1237 1431 1260 τις
1444 1228 1600 1265 παραδεῖξαι
1612 1230 1697 1264 λόγος
1713 1233 1767 1257 οὐκ
1781 1233 1836 1266 ἁγέ-

1043 1281 1122 1308 νητον
1137 1273 1192 1310 (24)
1207 1274 1303 1310 αὐτὴν,
1320 1274 1387 1301 ἀλλὰ
1408 1274 1475 1309 πρός
1487 1283 1548 1301 τινα
1563 1276 1658 1310 χρείαν
1676 1277 1834 1310 γεγονέναι,

1043 1318 1140 1353 δῆλον,
1167 1319 1209 1345 ὅτι
1231 1319 1282 1353 οὐχ
1303 1319 1357 1351 ἕξει
1381 1318 1460 1354 φύσιν
1484 1320 1547 1355 περὶ
1564 1319 1700 1355 διαμονῆς
1718 1321 1771 1356 τὴν
1795 1322 1837 1348 αό-

1043 1363 1092 1398 τὴν
1110 1362 1173 1398 (25)
1194 1363 1231 1399 τῷ
1253 1364 1384 1399 ἀγένητος
1401 1364 1599 1392 ὑποτεθεῖσθαι.
1619 1364 1694 1391 Ἀλλ’
1710 1366 1745 1392 οὐ
1758 1367 1837 1392 ταῦτα

1044 1407 1091 1434 νῦν
1108 1409 1250 1445 πρόκειται
1262 1409 1417 1436 ἀπαντῶσιν
1430 1411 1497 1446 ἡμῖν
1512 1411 1580 1446 πρὸς
1588 1410 1639 1443 τὰς
1656 1411 1771 1438 Κέλσου
1795 1420 1838 1438 κα-

1045 1454 1173 1489 τηγορίας
1185 1455 1363 1489 φυσιολογεῖν.

1080 1510 1149 1544 Φησὶ
1166 1509 1188 1536 δ’
1204 1510 1245 1536 ὃτι
1259 1510 1306 1536 καὶ
1325 1519 1335 1535 ι
1355 1510 1421 1546 ὕλης
1443 1510 1553 1544 ἔκγονον
1567 1510 1645 1538 οὐδὲν
1660 1511 1811 1539 ἀθάνατον.
1828 1523 1835 1537 i

1045 1555 1100 1582 Καὶ
1116 1556 1186 1591 πρὸς
1199 1555 1277 1582 τοῦτο
1291 1555 1437 1589 λελέξεται,
1454 1556 1504 1587 ὅτι,
1517 1557 1595 1592 εἴπερ
1616 1556 1686 1592 ὕλης
1700 1557 1782 1584 οὐδὲν
1798 1558 1837 1583 ἕκ-

1044 1610 1121 1635 γονον
1133 1602 1274 1634 ἀθάνατον,
1293 1602 1350 1637 ἦτοι
1364 1602 1494 1634 ἀθάνατος
1511 1602 1570 1634 ὅλος
1586 1603 1600 1629 ὀ
1613 1603 1733 1638 κόσμος,
1743 1605 1790 1630 καὶ
1797 1605 1839 1639 οὐχ

1044 1650 1081 1680 ὼς
1104 1648 1170 1684 ὕλης
1188 1648 1263 1675 ἐστὶν
1279 1648 1400 1682 ἔκγονον,
1421 1648 1468 1674 καὶ
1485 1648 1538 1674 οὐδ’
1557 1648 1640 1680 αὐτὸς
1663 1649 1726 1685 (26)
1750 1650 1839 1685 χρῆμα

1045 1694 1119 1721 ἐστιν
1132 1694 1274 1721 ἀθάνατον.
1290 1694 1321 1720 Ei
1335 1694 1382 1729 μὲν
1398 1692 1444 1720 οὖν
1456 1693 1590 1725 ἀθάνατος
1606 1695 1620 1720 ὁ
1636 1694 1760 1730 κόσμος,
1777 1697 1838 1731 ὅπερ

1045 1740 1155 1776 ἀρέσκει
1165 1741 1211 1766 καὶ
1222 1742 1279 1771 τοῖς
1290 1739 1357 1766 Θεοῦ
1371 1740 1450 1775 ἔργον
1458 1739 1565 1766 εἰποῦσι
1577 1739 1663 1774 μόνην
1674 1740 1727 1775 τὴν
1742 1741 1837 1776 ψυχὴν,

1045 1788 1091 1813 κα).
1111 1787 1164 1813 ἀπό
1184 1794 1257 1817 τινος
1277 1786 1362 1822 αὐτὴν
1385 1786 1522 1821 κρατῆρος
1546 1786 1690 1820 γεγονέναι
1715 1787 1836 1821 λέγουσι·

1044 1831 1172 1859 δεικνύτω
1187 1832 1201 1858 ὁ
1215 1831 1316 1863 Κέλσος
1329 1831 1379 1858 οὐκ
1395 1831 1424 1862 ἐξ
1438 1830 1503 1866 ὕλης
1521 1831 1616 1857 ἀποίου
1630 1831 1718 1858 αὐτὸν
1733 1834 1837 1866 γεγονέ-

1045 1886 1103 1909 ναι,
1125 1876 1216 1912 τηρῶν
1238 1877 1281 1909 τὸ,
1298 1876 1363 1912 ὕλης
1382 1876 1492 1910 ἔκγονον
1507 1875 1584 1902 οὐδὲν
1600 1876 1743 1903 ἀθάνατον
1755 1886 1762 1892 ν
1777 1879 1799 1904 εἰ
1809 1877 1836 1907 δ’,

1045 1922 1106 1948 ἐπεὶ
1120 1921 1184 1957 ὕλης
1204 1921 1312 1956 ἑκγονόν
1326 1923 1399 1948 ἐστιν
1419 1923 1432 1948 ὁ
1449 1922 1561 1957 κόσμος,
1577 1923 1628 1949 οὐκ
1643 1923 1723 1949 ἔστιν
1741 1924 1836 1951 ἀθά-η-

1045 1975 1090 1992 τον
1105 1967 1119 1993 ὁ
1136 1967 1254 2000 κόσμος·
1271 1966 1366 2002 θνητὸν
1382 1968 1396 1993 ὁ
1412 1967 1523 2002 κόσμος,
1543 1964 1585 2003 ἄρ’
1601 1965 1650 1994 οὖν
1669 1970 1718 1994 καὶ
1734 1969 1836 2003 φθειρό-

1047 2020 1137 2047 μενον,
1151 2011 1165 2047 ἧ
1179 2013 1215 2048 μή
1227 2020 1233 2045 ;
1246 2013 1277 2039 Εἰ
1296 2013 1344 2048 μὲν
1357 2012 1411 2047 γὰρ
1427 2013 1604 2048 φθειρόμενον
1615 2033 1622 2045 ,
1637 2013 1678 2045 ὡς
1693 2014 1765 2040 Θεοῦ
1783 2015 1833 2049 (Ξῖ)

1045 2057 1124 2093 ἔργον
1151 2058 1227 2084 ἔσται
1257 2058 1452 2094 φθειρόμενον·
1482 2057 1530 2084 εἶτ’
1557 2059 1585 2084 ἐν
1612 2060 1645 2094 τῇ
1675 2059 1769 2095 φθορᾷ
1795 2060 1835 2085 τεῦ

1045 2104 1148 2140 κόσμου
1164 2104 1195 2130 τὸ
1212 2103 1291 2139 ἔργον
1312 2104 1357 2130 τοῦ
1381 2104 1447 2130 Θεοῦ
1469 2105 1484 2139 ἡ
1507 2103 1580 2139 ψυχὴ
1599 2104 1625 2130 τί
1652 2106 1836 2140 mmo-51;}:-

1046 2150 1117 2164 ..Ιι-.ι
1135 2151 1147 2164 Χ.
1169 2149 1280 2164 ΙῖιιἹι-ιιρι
1302 2151 1324 2164 -ῗ
1339 2150 1365 2164 ἒ)-
1396 2135 1564 2164 ῗ.---,Ῑυ.η.
1584 2149 1634 2164 μὲ...
1659 2150 1770 2164 Iun-.-“
1790 2151 1836 2164 -,.'.

209 2148 272 2182 erit,
290 2148 352 2182 quia
370 2147 414 2174 Dei
433 2156 484 2175 non
501 2154 543 2176 est
553 2156 631 2183 opus.
642 2149 677 2176 At
693 2149 719 2176 in
734 2149 777 2176 illa
792 2150 886 2177 mundi
900 2157 993 2177 corru-

1051 2150 1118 2184 γέτω
1134 2151 1148 2176 ὁ
1169 2149 1280 2181 Κέλσος·
1301 2150 1381 2182 εἰδὲ,
1395 2147 1564 2185 διαστρέφων
1584 2149 1634 2185 τὴν
1659 2150 1770 2177 ἔννοιαν
1790 2151 1836 2177 τεῦ

210 2194 299 2226 piione
315 2193 378 2227 quid
393 2193 438 2220 lict
453 2194 554 2226 anima,
572 2202 631 2229 qua:
644 2195 689 2222 Dei
704 2202 772 2229 opus
785 2195 847 2221 est?
863 2195 911 2222 Sin
924 2194 993 2221 alio—

209 2245 318 2265 versum
354 2239 510 2266 immortalia
541 2241 678 2268 notionem
705 2241 843 2275 accipiens
874 2240 991 2272 Celsus,

209 2285 281 2312 dicat
301 2286 430 2312 mundum
453 2286 632 2314 immortalem
656 2294 717 2314 esse
736 2287 808 2321 quod
830 2286 926 2314 revera
943 2286 993 2313 etsi

208 2331 393 2366 corruptibilis
417 2333 468 2365 sit,
494 2341 546 2360 non
566 2337 772 2367 corrumpatur,
790 2333 916 2367 quodque
940 2340 992 2359 non

209 2375 287 2412 551
305 2377 430 2410 intereat,
449 2378 555 2405 tametsi
575 2378 713 2405 interitum
739 2379 795 2413 pati
813 2379 900 2414 possit
915 2386 923 2405 :
939 2379 992 2406 erit

243 2485 301 2520 (22)
321 2485 398 2512 Libb.
415 2484 480 2521 editi
502 2484 528 2521 i_n
548 2484 687 2521 margine,
709 2484 881 2521 φθείραντας.
910 2485 993 2512 Paulo

208 2518 269 2556 post
290 2518 367 2551 iiiss.,
388 2519 457 2555 μετὰ
471 2519 517 2545 τοῦ
530 2518 575 2556 (μὴ
591 2519 760 2554 προσίεσθαι.
774 2518 911 2547 Ὀυιυιιίιιε
940 2528 991 2556 non

209 2555 317 2590 agnovit
331 2555 490 2589 particulam
504 2555 551 2589 μή.
569 2555 639 2590 Infra
654 2562 730 2586 iiiss.,
741 2557 758 2590 ἠ
777 2555 884 2581 πάντων
899 2555 992 2589 σωμά·

206 2598 261 2617 των
274 2590 362 2624 φύσις.
378 2589 457 2617 Libb.
476 2590 551 2621 editi,
565 2590 582 2625 ἡ
606 2589 713 2616 πάντων
725 2589 875 2625 ἀνθρώπων
898 2590 991 2624 σωμά-

207 2634 262 2652 των
275 2633 363 2656 φυσις.

245 2634 369 2695 ῗὲἔῖἓίξε
382 2658 562 2694 μεταϐολήν.
579 2659 662 2686 necte
676 2659 785 2686 omnino
801 2659 884 2695 habet
905 2659 990 2695 codex

209 2694 379 2722 BaSileeiisis.
405 2695 470 2721 Nam
487 2695 556 2728 quod
566 2695 717 2721 destruitur
734 2696 759 2720 in
780 2694 890 2725 mundo,
905 2694 989 2720 ἀπόλ-

208 2729 286 2765 λυται
303 2731 343 2760 εὶς
355 2729 516 2765 μεταϐολήν,
538 2737 598 2756 eum
613 2729 638 2756 in
652 2729 796 2765 materiam
811 2729 880 2765 alius
894 2729 988 2757 modus

211 2764 457 2798 ilcstructo'priore
481 2764 617 2795 succedat,
637 2764 729 2798 sicque
746 2764 858 2790 materia
879 2771 989 2798 inaiiere

211 2798 330 2830 quidem,
350 2797 396 2825 sed
418 2798 470 2825 alio
489 2799 568 2825 modo
590 2797 691 2825 :iﬂ‘eeta
708 2799 887 2825 existimetur.
909 2797 986 2824 Libli.

212 2832 279 2860 editi
299 2837 425 2866 corrupte
446 2833 543 2860 habent
556 2832 741 2868 ἀπολλύμενόν
756 2834 822 2866 ἐστι,
839 2832 987 2868 μεταϐολὴν

1046 2195 1206 2227 ἀθάνατοι),
1226 2196 1305 2230 φήσει
1329 2195 1368 2230 τῷ
1387 2195 1498 2230 φθαρτῷ
1528 2195 1592 2230 μὲν,
1617 2195 1648 2221 οὐ
1668 2196 1836 2231 φθειῳμέερῳ

1042 2241 1080 2273 δὲ,
1108 2241 1238 2268 ἀθάνατον
1263 2241 1343 2268 αὑτὸν
1379 2239 1458 2273 εἶναι,
1489 2241 1526 2272 ὡς
1551 2241 1678 2267 δεκτικὸν
1712 2243 1764 2276 μὲν
1796 2242 1836 2268 θα-

1043 2286 1134 2317 νάτου,
1151 2287 1181 2312 οὐ
1198 2287 1249 2321 μὴν
1263 2285 1292 2312 δὲ
1308 2286 1354 2312 καὶ
1370 2285 1574 2321 ἀποθνήσκοντα
1584 2294 1590 2300 ·
1610 2285 1694 2320 δῆλον
1706 2286 1750 2312 ὅτι
1769 2286 1836 2312 ἔσται

1042 2341 1067 2358 τι
1083 2333 1141 2359 κατ’
1159 2333 1261 2358 ἐκεῖνον
1277 2332 1373 2367 θνητὸν
1384 2332 1442 2367 ἅμα
1458 2332 1506 2358 καὶ
1529 2331 1678 2362 ἀθάνατον,
1696 2331 1738 2366 τῷ
1752 2333 1835 2366 ἀμςοη

1043 2379 1129 2414 τέρων
1146 2376 1215 2405 εἶναι
1230 2378 1351 2404 δεκτικόν
1364 2387 1370 2393 ·
1388 2379 1434 2404 καὶ
1447 2377 1522 2404 ἔσται
1538 2377 1636 2412 θνητὸν
1653 2378 1708 2404 οὐκ
1723 2377 1836 2410 ἀποθνῆ-

1046 2485 1178 2522 διαμένει.
1200 2487 1258 2514 Mox
1280 2487 1359 2523 iidem
1379 2487 1406 2513 in
1427 2488 1558 2523 margine,
1571 2487 1603 2514 τὸ
1618 2488 1676 2523 γὰρ
1688 2489 1833 2523 ὑποκείμε-

1047 2529 1104 2558 νονἶ
1119 2522 1217 2558 iiielius
1230 2530 1311 2557 quam
1325 2522 1350 2549 in
1367 2527 1450 2553 textu,
1465 2521 1496 2548 to
1506 2521 1725 2558 γὰρ-ὑπομένον.

1081 2557 1139 2592 (2d)
1158 2555 1312 2584 Lihlifediti
1329 2557 1503 2592 inﬁmargine,
1520 2555 1684 2592 ἀγέννητον.

1081 2566 1139 2591 (:4)
1158 2566 1312 2584 Limueiiiti
1329 2566 1354 2583 m
1371 2566 1503 2589 margine,
1520 2566 1537 2582 α
1558 2566 1684 2592 εννητον.

1081 2591 1138 2627 (‘25)
1157 2592 1227 2626 Περὶ
1247 2591 1391 2626 διαμονῆς
1406 2591 1463 2625 τὴν
1473 2566 1579 2627 adnisa
1596 2593 1701 2620 Gnieto
1719 2594 1834 2620 scriben-

1045 2625 1107 2662 dum
1119 2625 1234 2658 videtur,
1251 2625 1319 2662 πρὺς
1329 2626 1458 2662 διαμονὴν
1471 2626 1519 2661 τὴν
1535 2627 1632 2662 αὑτήν.
1650 2628 1756 2655 lliideni
1775 2629 1833 2653 lihh.

1044 2660 1107 2720 egiti
1128 2662 1154 2688 iii
1179 2660 1301 2697 margine
1327 2660 1442 2695 habent,
1458 2660 1502 2696 τῷ
1518 2660 1671 2697 ἀγέννήτος
1695 2663 1830 2690 ὑποτεθεῖ-

1044 2703 1059 2720 σ
1078 2705 1115 2720 αι.

1044 2703 1115 2722 συαι.

1079 2731 1135 2765 (26)
1150 2731 1206 2758 Καὶ
1230 2731 1294 2758 οὐδ’
1312 2732 1413 2764 αὑτός.
1439 2731 1510 2766 Lego
1539 2739 1605 2759 cum
1635 2732 1785 2760 Boherelio
1812 2736 1832 2757 ξι

1047 2764 1153 2797 Gtiicto.
1170 2766 1186 2801 ἢ
1199 2767 1253 2793 οὐδ’
1263 2766 1353 2797 αὐτός.

1079 2801 1134 2836 (27)
1161 2798 1208 2834 Ὡς
1223 2801 1306 2829 Θεοῦ.
1324 2801 1396 2837 Lego
1410 2809 1471 2829 cum
1487 2800 1645 2834 Bolierello,
1661 2801 1700 2834 di;
1718 2801 1750 2829 ab
1762 2798 1831 2828 fmi-
