1908 3099
52 162 124 190 H35

633 161 772 190 CONTRA
789 162 925 190 CELSUM
945 162 1008 190 LIB.
1028 162 1071 190 iV.

1597 164 1665 192 1153

48 222 108 251 τοῖς
123 219 326 255 ὲμπολιτεύεται
344 219 410 254 (57-).
424 219 519 255 Ὁμοία
538 220 561 246 δ’
577 220 623 246 ἀπ’
640 220 726 256 ἀρχῆς
740 220 779 252 είς
795 220 833 246 τὲ-

891 220 991 247 naturis
1016 220 1173 248 mortalibus
1196 222 1306 248 versari.
1331 220 1364 247 At
1389 226 1545 248 naturarum
1567 229 1667 250 morta-

47 266 94 297 λος
108 267 125 301 ή
140 265 194 292 τῶν
208 265 310 301 θνητῶν
327 266 463 302 περίοδος·
482 266 528 292 καὶ
547 266 616 292 κατὰ
634 266 682 297 τὰς
694 266 835 301 τεταγμέ-

45 321 97 344 νας
110 311 305 346 ἀνακυκλήσεις
319 312 424 347 ἀνάγκη
440 312 473 339 τὰ
488 312 556 339 αὐτὰ
571 313 613 339 ἀεὶ
627 313 673 339 καὶ
686 313 832 346 γεγονέναι,

46 359 96 386 καὶ
108 356 187 392 εἶναι¹
206 359 252 385 καὶ
267 358 384 385 ἔσεσθαι.
405 368 414 384 ι
427 359 481 386 Καὶ
494 360 508 385 ὁ
526 359 574 393 μὲν
589 358 689 390 Κέλσος
706 358 772 394 φησὶ
785 359 834 394 τὴν

44 405 101 431 τῶν
123 405 213 432 κακῶν
239 405 343 439 γένεσιν
367 405 397 431 οὐ
424 405 513 440 ῥᾴδιον
537 403 605 431 εἶναι
627 404 726 438 γνῶναι
742 405 780 440 τῲ
797 405 833 440 μὴ

46 450 269 486 φιλοσοφήσαντν
298 450 335 481 ὡς
361 449 408 476 τοῦ
431 449 479 484 μὲν
508 448 711 484 φιλοσοφοῦντος
734 448 833 483 γνῶναι

43 495 95 530 τὴν
109 495 212 529 γένεσιν
228 495 315 522 αὐτῶν
334 495 482 530 δυναμένου
507 495 614 531 ῥᾳδίως,
632 494 678 521 τοῦ
694 495 722 521 δὲ
740 495 777 530 μὴ
790 503 833 528 φι-

44 541 230 575 λοσοεξοῦντος,
244 542 274 567 οὐ
290 541 388 576 ῥᾳδίως
401 541 449 576 μὲν
463 541 517 567 οἵου
532 550 561 567 τε
575 541 773 576 ὄντοςςθεωρεῐν
784 541 833 576 τὴν

42 587 151 621 γένεσιν
162 587 216 613 τῶν
227 587 329 619 κακῶν,
347 586 415 622 πλὴν
430 587 453 613 εί
468 586 514 613 καὶ
531 585 599 622 μετὰ
617 587 749 622 καμάτου,
767 587 834 614 ἀλλά

42 642 77 667 γε
89 633 200 660 δυνατοῦ
216 633 291 664 ὄντος
307 633 416 667 γνῶναι.
440 633 534 668 Ἡμεῖς
555 633 582 659 δὲ
599 634 645 660 καὶ
670 634 737 669 πρὸς
755 633 832 660 τοῦτό

42 686 146 713 φαμεν,
159 679 198 704 ὅτι
217 678 265 714 τὴν
280 678 334 705 τῶν
351 678 443 705 κακῶν
459 679 564 713 γένεσιν
585 679 644 706 οὐδὲ
667 679 705 714 τῷ
728 679 832 714 φιλοσο-

43 724 161 758 φήσαντι
177 724 278 758 γνῶναι
300 724 404 760 ῥᾴδιον·
420 724 490 759 τάχα
505 724 533 750 δὲ
548 725 608 751 οὐδὲ
624 724 727 757 τούτοις
749 726 832 753 καθα-

42 769 102 804 ρῶς
121 769 203 805 αὐτὴν
229 769 330 804 γνῶναι
346 770 465 803 δυνατὸν,
486 771 533 798 ἐὰν
558 770 593 806 μὴ
617 771 683 798 Θεοῦ
705 773 832 809 ἐπιπνοίᾳ

42 814 94 840 καὶ
106 814 166 841 τίνα
180 814 212 841 τὰ
226 816 296 841 κακὰ
309 815 444 851 τρανωθῇ,
460 817 505 842 καὶ
522 817 579 849 πῶς
594 817 696 854 ὑπέστη
713 818 829 854 δηλωθῇ,

42 861 174 894 καὶγτίνα
200 861 297 897 τρόπον
322 862 533 899 ἀφανισθήσεται
556 863 647 899 νοηθῇ.
668 864 711 890 Ἐν
737 866 830 896 κακοῖς

41 907 112 941 γοῦν
126 906 206 943 οὔσης
222 907 268 934 καὶ
278 908 326 943 τῆς
341 907 404 943 περὶ
417 907 484 934 Θεοῦ
497 908 616 942 ἀγνοίας,
631 909 705 940 ὄντος
718 910 746 936 δὲ
759 909 835 945 μεγί-

43 961 110 979 στου
123 953 205 980 κακοῦ
220 954 265 980 καὶ
274 954 320 980 τοῦ
336 954 373 989 μὴ
384 954 481 981 εἰδέναι
490 955 534 981 τὸν
550 955 648 991 τρόπον
656 956 704 991 τῆς
711 955 757 982 τοῦ
768 956 835 983 Θεοῦ

42 997 192 1033 θεραπείας
207 1000 253 1025 καὶ
268 999 317 1034 τῆς
332 1000 370 1031 είς
387 999 465 1026 αὑτὸν
485 1000 635 1032 εὐσεϐείας·
661 1001 769 1033 πάντως
786 1002 836 1037 μὲν

42 1044 172 1071 καὶκατὰ
182 1045 283 1071 Κέλσον
294 1045 364 1077 τινὲς
380 1045 433 1072 τῶν
447 1045 681 1082 φιλοσοφησάντων
691 1047 740 1074 οὐκ
750 1047 836 1081 ἔγνω-

42 1099 107 1122 σαν,
122 1091 188 1124 ὅπερ
206 1091 282 1126 δῆλόν
294 1092 366 1118 ἐστιν
383 1092 415 1118 ἐκ
428 1092 480 1118 τῶν
496 1092 629 1127 διαφόρων
649 1093 676 1119 ὲν
694 1093 836 1129 φιλοσοφίᾳ

42 1137 177 1172 αἱρέσεων
186 1146 192 1152 ·
209 1137 268 1164 καθ’
282 1138 353 1172 ἡμᾶς
365 1137 392 1164 δὲ
406 1138 500 1170 οὐδεὶς,
513 1137 550 1174 μὴ
564 1138 691 1172 ἐγνωκὼς
705 1139 788 1166 κακὸν
798 1137 836 1166 εἴ·

41 1193 92 1210 ναι
101 1184 131 1210 τὸ
142 1183 259 1219 νομίζειν
269 1185 408 1212 εὐσέϐειαν
417 1184 549 1216 σώζεσθαι
557 1186 586 1211 ἐν
593 1187 647 1217 τοῖς
657 1186 836 1221 καθεστηκόσι

42 1230 118 1257 κατὰ
131 1230 180 1262 τὰς
199 1231 351 1267 κοινότερον
365 1231 512 1266 νοουμένας
523 1231 658 1263 πολιτείας
667 1231 766 1267 νόμοις,
781 1230 836 1264 οἷός

41 1284 76 1302 τε
93 1275 169 1302 ἔσται
188 1275 237 1310 τὴν
252 1276 357 1309 γένεσιν
369 1275 469 1310 γνῶναι
489 1275 544 1303 τῶν
560 1276 661 1303 κακῶν.
682 1277 736 1303 Καὶ
750 1277 835 1309 οὐδεὶς

44 1321 84 1357 μὴ
104 1321 235 1348 διαλαὸὼν
256 1321 290 1348 τὰ
313 1322 376 1358 περὶ
399 1321 446 1348 τοῦ
465 1321 630 1357 καλουμένου
652 1321 773 1348 διαϐόλου
791 1324 836 1350 καὶ

41 1368 101 1394 τῶν
115 1367 235 1402 ἀγγέλων
252 1366 344 1399 αὑτοῦ,
357 1367 399 1398 τίς
411 1375 441 1393 τε
455 1367 508 1403 πρὸ
528 1366 575 1393 τοῦ
589 1366 710 1398 διάϐολος
722 1367 835 1402 γεγενῆ-

44 1413 110 1440 σθαι
126 1413 179 1449 (38)
199 1410 275 1445 οὗτος
289 1411 333 1449 ἦν,
348 1413 395 1440 καὶ
411 1412 469 1444 πῶς
479 1413 624 1448 γεγένηται
642 1412 772 1445 διάϐολος⁷
790 1415 836 1440 καὶ

41 1459 89 1491 τίς
105 1459 122 1494 ἡ
136 1460 208 1486 αἰτία
220 1459 266 1486 τοῦ
282 1458 480 1494 συναποστῆναι
495 1458 568 1493 αὐτῷ
583 1459 645 1489 τοὺς
657 1458 837 1493 καλουμένους

42 1504 129 1532 αὐτοῦ
154 1505 296 1540 ἀγγέλους,
323 1503 378 1537 οἷός
403 1513 433 1531 τε
459 1504 533 1531 ἔσται
548 1504 650 1538 γνῶναι
668 1505 716 1540 τὴν
733 1505 836 1539 γένεσιν

43 1552 102 1579 τῶν
125 1551 226 1579 κακῶν.
249 1552 296 1578 Δεῖ
313 1551 341 1578 δὲ
361 1552 405 1578 τὸν
424 1550 552 1586 μέλλοντα
565 1550 665 1586 ταύτην
680 1550 777 1577 εἰδέναι
791 1550 838 1577 καὶ

43 1598 115 1634 περὶ
127 1598 258 1633 δαιμόνων
278 1597 470 1633 ἀκριϐέστερον
494 1596 668 1632 διειληφέναι,
688 1597 728 1623 ὅτι
749 1605 778 1622 τε
800 1598 836 1632 μή

43 1647 112 1675 εἰσι,
128 1644 193 1671 καθὸ
209 1644 335 1679 δαίμονέςΙ
353 1645 415 1675 εἰσι,
440 1643 666 1679 δημιουργήματα
687 1641 733 1668 τοῦ
759 1642 836 1670 Θεοῦ,

44 1691 116 1718 ἀλλὰ
130 1691 206 1726 μόνον
219 1690 286 1718 καθὸ
299 1690 401 1724 λογικοί
418 1699 490 1721 τινες
500 1698 506 1704 ·
523 1691 570 1716 καὶ
584 1689 664 1715 πόθεν
678 1688 837 1723 ἐληλύθασιν

43 1738 94 1764 ἐπὶ
109 1737 138 1763 τὸ
152 1736 266 1763 τοιοῦτοι
280 1735 416 1770 γενέσθαι,
431 1736 469 1767 ὡς
484 1736 512 1761 ἐν
527 1733 691 1761 καταστάσει
706 1734 838 1769 δαιμόνων

46 1783 140 1810 αὐτῶν
155 1782 303 1817 ὑποστῆναι
317 1781 348 1808 τὸ
362 1781 536 1817 ἡγεμονικόν.
552 1780 637 1816 Εἴπερ
652 1777 698 1806 οὖν
713 1779 789 1811 ἄλλος
803 1788 844 1811 τις

886 267 950 294 lium
965 266 1167 294 conversionem
1192 268 1233 294 sui
1252 267 1366 295 similem
1388 275 1447 296 esse
1473 268 1507 295 ab
1533 268 1609 297 initio
1631 271 1666 297 ad

886 312 983 344 linem;
1002 316 1029 338 et
1049 319 1082 340 ex
1103 313 1248 340 constituto
1271 311 1479 341 conversionum
1502 314 1597 342 ordine
1618 324 1667 344 ne-

885 357 1031 384 cessarium
1055 364 1126 391 esse,
1151 363 1180 385 ut
1202 359 1349 393 przeterita,
1365 360 1509 393 praesentia
1533 365 1560 387 et
1576 360 1665 388 futura

885 410 989 436 semper
1002 403 1095 429 eadem
1113 405 1177 430 sint.
1210 413 1219 429 ι
1235 403 1301 430 Cum
1317 403 1361 431 hic
1375 405 1413 431 ait
1427 404 1520 433 Celsus
1533 406 1666 433 malorum

884 449 1016 483 originem
1037 457 1089 476 non
1105 448 1184 476 facile
1197 450 1321 485 cognosci
1339 451 1372 477 ab
1385 451 1496 479 homine
1510 459 1562 479 non
1579 452 1668 486 philo-

884 494 979 527 sopho,
994 493 1081 521 innuit
1100 494 1288 529 philosophum
1306 495 1385 523 facile
1401 496 1471 523 illius
1486 498 1599 532 originis
1615 505 1665 524 no—

885 539 969 566 titiam
985 540 1112 574 consequi
1131 548 1225 575 posse;
1244 541 1420 576 philosophiae
1443 547 1532 570 autem
1557 543 1668 578 imperi-

886 589 940 611 tum
954 592 1006 613 non
1020 585 1100 613 lacile
1113 587 1220 620 quidem
1233 594 1312 621 posse
1332 588 1463 615 malorum
1477 588 1609 623 originem
1626 589 1669 616 in-

884 631 1026 665 vestigare,
1042 631 1088 658 sed
1105 639 1183 667 posse
1201 637 1301 664 tamen.
1317 633 1380 661 licet
1395 641 1492 668 magno
1504 634 1608 662 labore.
1627 635 1668 662 Ad

883 677 955 711 quod
976 681 1007 704 ut
1030 678 1219 712 respondeam,
1247 679 1290 705 aio
1314 687 1348 706 ne
1374 679 1534 714 philosopho
1557 680 1669 714 quidem

884 722 960 750 facile
975 730 1033 750 esse
1048 724 1180 751 malorum
1196 725 1326 759 originem
1344 732 1521 759 cognoscere.
1541 724 1669 753 Fortasse

882 768 963 795 etiam
979 765 1146 796 nullo'modo
1161 775 1260 805 potest,
1276 771 1327 798 nisi
1345 770 1399 798 Deo
1422 771 1561 806 aspirante
1583 771 1671 798 discat

883 814 1070 850 intelligatque
1081 820 1108 842 et
1119 816 1182 850 quid
1195 816 1265 843 mala
1279 816 1342 849 sint,
1355 821 1381 844 et
1393 817 1528 851 quomodo
1539 821 1597 844 orta
1613 816 1672 843 fue-

883 860 948 892 rint,
962 866 989 887 et
1001 868 1117 896 quonam
1131 862 1210 889 modo
1223 862 1336 890 tollenda
1352 862 1415 890 sint.
1428 863 1460 890 Et
1475 870 1539 890 sane
1550 863 1576 890 in
1593 863 1671 891 malis

850 900 871 929 Β
885 912 927 934 est
938 907 983 934 Dei
994 907 1138 942 ignoratio,
1148 914 1174 946 et
1187 908 1317 936 malorum
1334 908 1477 943 pessimum
1489 909 1596 936 nescire
1608 910 1670 944 quis

887 953 921 980 sit
937 953 982 980 Dei
998 953 1100 981 colendi
1115 955 1220 987 modus,
1234 962 1292 989 quze
1305 954 1413 988 pietatis
1423 962 1486 990 erga
1502 954 1575 981 illum
1589 955 1669 983 ratio.

885 998 966 1034 Atqui
980 1004 1068 1026 tamen
1079 999 1173 1026 Celsus
1186 1007 1238 1027 non
1249 999 1404 1027 diﬂitebitur
1414 1000 1472 1027 haec
1484 1000 1573 1035 ignota
1585 999 1672 1034 phlo-

886 1045 978 1079 sophis
989 1044 1087 1079 fuisse;
1102 1046 1127 1073 id
1138 1047 1210 1073 enim
1225 1046 1333 1080 planum
1345 1046 1409 1074 facit
1418 1047 1458 1074 vel
1473 1046 1671 1081 philosophica-

886 1098 945 1118 rum
958 1095 1089 1119 sectarum
1101 1092 1254 1120 diversitas.
1267 1091 1326 1119 Jam
1341 1099 1404 1121 vero
1415 1100 1447 1121 ex
1463 1093 1551 1125 nobis,
1562 1092 1608 1127 qui
1623 1100 1672 1119 ne-

886 1137 937 1164 scit
949 1139 1047 1164 malum
1060 1145 1119 1165 esse
1133 1143 1229 1173 putare
1243 1138 1370 1173 pietatem
1386 1139 1412 1165 in
1426 1139 1614 1173 plerarumque
1627 1144 1673 1165 so-

886 1183 1013 1209 cietatum
1032 1183 1137 1218 legibus
1152 1183 1261 1211 illaesam
1277 1183 1390 1216 servari,
1402 1184 1424 1211 is
1441 1191 1493 1211 non
1514 1187 1601 1218 potest
1614 1190 1672 1210 ma-

886 1226 971 1254 lorum
987 1228 1116 1262 originem
1131 1229 1229 1256 habere
1242 1234 1425 1264 perspectam;
1442 1237 1492 1256 nec
1509 1229 1582 1256 illam
1594 1236 1672 1257 asse-

886 1274 930 1307 qui
945 1279 1043 1308 potest,
1059 1274 1181 1309 quisquis
1195 1275 1361 1310 ignoraverit
1372 1282 1431 1309 qua:
1447 1275 1480 1302 ad
1495 1275 1630 1303 diabolum
1644 1279 1673 1302 et

886 1319 996 1354 angelos
1016 1320 1075 1353 ejus
1099 1321 1244 1354 pertinent,
1266 1325 1293 1348 et
1306 1321 1366 1355 quis
1380 1325 1452 1348 esset
1468 1321 1513 1348 ille
1527 1325 1671 1356 antequam

886 1366 1007 1395 diabolus
1032 1367 1128 1401 ﬁeret;
1152 1367 1285 1402 quomodo
1310 1366 1398 1394 lactus
1427 1366 1508 1394 fuerit
1533 1366 1671 1399 diabolus;

885 1420 944 1447 qum
961 1420 1040 1440 causa
1057 1413 1139 1440 fuerit
1155 1421 1203 1440 cur
1218 1413 1263 1448 qui
1279 1413 1367 1447 angeli
1380 1412 1438 1447 ejus
1448 1417 1594 1444 vocantur,
1608 1420 1671 1440 cum

886 1458 933 1486 illo
949 1466 963 1485 a
980 1459 1035 1486 Deo
1046 1459 1202 1486 defecerint.
1218 1458 1332 1494 Oportet
1343 1464 1472 1493 praeterea
1491 1458 1525 1485 ad
1540 1458 1613 1485 illam
1626 1465 1674 1485 co-

886 1505 1079 1539 gnoscendam,
1092 1510 1119 1532 ut
1134 1506 1236 1532 sciatur
1247 1505 1395 1538 daemones,
1408 1508 1439 1532 ut
1450 1504 1585 1532 dmmones
1599 1508 1673 1536 sunt,

887 1558 940 1578 non
962 1558 1023 1578 esse
1044 1552 1090 1579 Dei
1113 1558 1189 1586 opus,
1212 1552 1257 1579 sed
1279 1556 1381 1580 tantum
1394 1557 1530 1586 quatenus
1551 1558 1594 1578 res
1611 1554 1675 1578 sunt

851 1584 872 1613 ο
891 1597 1002 1625 rationis
1016 1603 1170 1632 compotes;
1187 1602 1215 1626 et
1238 1599 1310 1626 unde
1329 1599 1397 1626 tales
1412 1598 1560 1630 evaserint,
1575 1602 1606 1625 ut
1627 1604 1675 1625 eos

890 1643 1016 1671 voluntas
1034 1644 1168 1673 daemones
1188 1646 1377 1674 constitueret.
1402 1645 1430 1672 Si
1452 1652 1504 1679 qua
1524 1651 1590 1678 ergo
1602 1651 1677 1678 quae-

890 1690 942 1717 stio
959 1690 1030 1717 inter
1047 1691 1169 1719 homines
1184 1699 1252 1727 opus
1270 1692 1369 1719 habeat
1392 1690 1470 1725 longa
1490 1690 1676 1725 inquisitione,

891 1740 918 1762 et
932 1741 1053 1764 scrutata
1078 1738 1154 1765 nobis
1181 1739 1216 1765 sit
1237 1738 1362 1771 dil'licilis,
1375 1741 1450 1765 certe
1476 1737 1533 1764 haec
1555 1740 1598 1764 est
1616 1743 1676 1771 quae

898 1783 930 1808 ad
946 1783 1078 1810 malorum
1092 1784 1222 1819 originem
1235 1789 1349 1819 spectat.

42 1828 130 1859 τόπος
143 1827 195 1854 τῶν
211 1828 240 1854 ὲν
256 1826 407 1863 ἀνθρώποις
428 1827 575 1860 ἐξετάσεως
603 1826 728 1861 δεόμενος
755 1825 921 1862 δυσθήρατός
937 1829 994 1855 ἐστι
1011 1831 1044 1865 τῇ
1063 1830 1141 1864 φύσει
1168 1830 1258 1866 ἡμῶν,
1287 1831 1315 1857 ὲν
1335 1830 1439 1862 τούτοις
1454 1830 1500 1856 καὶ⁴
1512 1831 1529 1865 ἡ
1543 1829 1598 1856 τῶν
1629 1837 1677 1856 κα-

45 1875 106 1902 κῶν
120 1874 231 1910 ταχθείη
248 1874 280 1901 ἂν
295 1874 409 1908 γένεσις.

83 1919 209 1952 Eiectum;
224 1920 293 1955 ἔχων
309 1920 357 1955 μέν
374 1929 433 1947 τινα
447 1919 511 1955 περὶ
530 1919 578 1954 τῆς
593 1919 648 1945 τῶν
661 1918 751 1945 κακῶν
765 1918 841 1952 γενέ-

46 1975 121 1998 σεως
138 1967 224 1993 εἰπεῖν
239 1967 457 2002 ἀποῤῥητότεοα,
475 1965 585 1992 σιωπῶν
598 1965 618 1991 δ’
632 1965 731 1996 ἐκεῖνα,
748 1965 794 1991 καὶ
806 1963 841 1990 τὰ

44 2013 178 2049 πλήθεσιν
192 2013 344 2049 ἁρμόζοντα
357 2013 453 2047 λέγων,
468 2012 534 2048 φησὶ
553 2021 562 2037 ‹
582 2012 612 2038 τὺ
629 2011 751 2047 ἐξαρκεῖν
766 2010 841 2046 είρῆ-

45 2060 113 2087 σθαι
128 2060 165 2091 είς
180 2060 278 2095 πλῆθος
290 2059 344 2095 (59)
358 2070 366 2085 ι
380 2060 445 2095 περὶ
459 2059 509 2094 τῆς
522 2059 575 2085 τῶν
592 2059 684 2086 κακῶν
697 2058 838 2093 γενέσεως,

49 2115 60 2132 ε
81 2105 121 2136 ὡς
135 2106 166 2131 ἐκ
183 2105 249 2131 Θεοῦ
265 2106 313 2141 μὲν
329 2106 378 2131 οὐκ
394 2105 451 2132 ἔστι
466 2105 548 2135 κακὰ,
564 2105 614 2141 ὕλῃ
628 2105 656 2131 δὲ
670 2104 839 2140 πρόσκειται,

47 2153 98 2179 καὶ
118 2153 174 2183 τοῖς
190 2151 294 2187 θνητοῖς
315 2151 529 2187 ὲμπολιτεύεται.
551 2161 559 2176 ι
581 2150 688 2185 Ἀληθὲς
717 2151 764 2185 μὲν
782 2148 839 2181 οὖν,

926 1920 971 1948 66.
989 1921 1088 1948 Deinde
1104 1921 1209 1954 Celsus,
1228 1921 1304 1955 quasi
1326 1920 1391 1955 quid
1418 1927 1547 1947 arcanum
1574 1919 1607 1946 de
1632 1918 1676 1945 illa

892 1967 1022 1994 malorum
1039 1967 1143 2002 origine
1158 1967 1251 1994 dicere
1268 1966 1390 1998 haberet,
1405 1965 1476 2000 quod
1495 1969 1567 1992 Iacet
1584 1969 1615 1991 ut
1632 1965 1676 1990 ni-

892 2011 928 2038 hil
944 2011 1063 2046 prol‘erat
1077 2012 1127 2039 nisi
1139 2012 1209 2046 vulgi
1222 2011 1314 2045 captui
1331 2014 1537 2045 attemperatum
1552 2018 1577 2036 τι
1589 2007 1676 2044 Vulgo

893 2057 959 2085 satis
979 2061 1019 2085 est
1040 2057 1138 2090 dicere,
1156 2067 1166 2083 ι
1182 2057 1280 2091 inquit,
1295 2065 1305 2082 ι
1324 2056 1392 2083 mala
1415 2063 1469 2083 non
1494 2062 1554 2082 esse
1573 2062 1589 2081 a
1608 2054 1674 2086 Deo,

893 2105 939 2131 sed
956 2104 981 2131 in
994 2104 1104 2131 materia
1127 2104 1229 2131 hazrere
1248 2107 1277 2130 et
1297 2103 1368 2130 inter
1388 2102 1513 2129 mortalia
1528 2101 1641 2129 versari.
1661 2109 1673 2126 ι

894 2150 950 2177 Hoc
963 2157 1056 2177 verum
1069 2149 1176 2184 quidem
1191 2155 1242 2181 est,
1258 2149 1328 2175 mala
1347 2156 1399 2176 non
1414 2155 1473 2175 esse
1488 2155 1503 2174 a
1519 2148 1584 2174 Deo.
1597 2145 1676 2174 Iere-

46 2199 95 2225 ὅτι
110 2199 160 2225 οὐκ
173 2198 229 2225 ἐστι
247 2198 320 2225 κακὰ
338 2199 371 2224 ὲκ
389 2197 466 2226 Θεοῦ.
487 2197 542 2224 Καὶ
561 2197 631 2223 κατὰ
643 2197 687 2223 τὸν
707 2197 833 2232 Ἰερεμίαι

894 2197 1054 2226 ιιιίιιεοιιὶιη
1075 2200 1167 2222 noster
1192 2195 1312 2222 declarat
1331 2203 1341 2220 ι
1365 2202 1398 2222 ex
1423 2201 1471 2221 ore
1493 2193 1597 2221 Domini
1621 2199 1677 2219 non

47 2245 107 2280 γὰρ
122 2244 199 2280 ἡμῶν
214 2245 306 2279 σαφὲς,
323 2245 362 2271 ὅτι
380 2253 389 2269 ‹
408 2245 441 2270 ὲκ
461 2243 592 2278 στόματος
607 2242 709 2278 Κυρίου
732 2243 782 2269 οὑκ
799 2242 842 2274 ἒξ-

47 2290 189 2317 ειλεύσεται
205 2290 239 2317 τὰ
254 2290 326 2317 κακὰ
340 2290 387 2317 καὶ
408 2290 439 2316 τὺ
457 2289 558 2324 ἀγαθόν
568 2297 575 2303 ·
598 2298 606 2314 ι
622 2288 652 2314 τὺ
671 2288 698 2314 δὲ
712 2288 761 2323 τὴν
776 2287 842 2322 ὓλην

46 2338 108 2368 τοῖς
124 2336 229 2372 θνητοῖς
243 2335 489 2372 ἐμπολιτευομὲνην
512 2335 601 2362 αἰτίαν
625 2333 694 2361 εἶναι
717 2334 770 2360 τῶν
793 2342 843 2360 κα-

48 2383 110 2412 κῶν
127 2384 188 2410 καθ’
202 2384 276 2418 ἡμᾶς
287 2383 336 2410 οὐκ
347 2382 455 2417 ἀληθές.
470 2382 506 2408 Τὸ
521 2382 575 2417 γὰρ
591 2381 704 2407 ἑκάστου
717 2381 844 2416 ἡγεμονι-

48 2430 100 2457 κὺν
116 2429 202 2456 αἴτιον
213 2430 261 2464 τῆς
278 2428 432 2464 ὑποστάσης
446 2428 474 2455 ὲν
485 2427 559 2462 αὐτῷ
574 2427 672 2458 κακίας
686 2427 769 2457 ἐστὶν,
781 2426 843 2461 ἥτις

47 2476 113 2503 ἐστὶ
126 2475 157 2502 τὸ
170 2475 252 2502 κακόν
263 2483 269 2490 ·
294 2475 367 2501 κακὰ
386 2474 414 2500 δὲ
437 2475 484 2501 καὶ
510 2475 537 2500 αἱ
554 2474 600 2500 ἀπ’
616 2473 701 2508 αὐτῆς
715 2472 841 2508 πράξεις·

46 2523 101 2551 καὶ
124 2522 188 2549 ἄλλο
210 2522 294 2553 οὐδὲν,
309 2522 347 2553 ὡς
369 2521 436 2556 πρὸς
461 2520 560 2556 ἀκριϐῆ
583 2519 670 2553 λόγον,
686 2518 746 2545 καθ’
769 2518 843 2553 ἡμᾶς

48 2569 112 2596 ἔστι
137 2569 230 2596 κακόν.
254 2569 321 2595 Ἀλλ’
346 2565 404 2594 οἶδα
428 2567 473 2594 τὸν
494 2566 571 2600 λόγον
595 2566 718 2601 δεόμενον
743 2563 843 2598 πολλῆς

49 2613 216 2650 ἐξεργασίας
231 2614 278 2640 καὶ
295 2612 467 2647 κατασκευῆς
483 2611 583 2646 (χάριτι
596 2609 663 2637 Θεοῦ
683 2608 843 2644 φωτίζοντος

48 2662 81 2687 τὸ
95 2658 280 2696 ἡγεμονικόν),
294 2658 448 2694 δυναμένων
462 2657 586 2692 γενέσθαι
606 2655 644 2691 τῷ
660 2654 778 2690 κριθέντι
793 2652 845 2680 ὑπὸ

86 2750 150 2767 ³⁸·³⁸
167 2750 268 2778 Thren.
286 2755 328 2781 ιιι,
338 2746 383 2775 58.

88 2857 148 2892 (37')
164 2855 289 2897 βνητοῒς
299 2853 529 2897 ἐμπολιτεύςται.
551 2849 781 2897 Inaues“:
794 2848 840 2897 £2-

49 2883 147 2920 liaiius
163 2883 191 2918 in
207 2883 336 2924 margine,
355 2890 447 2923 sicque
464 2887 606 2924 legendum
619 2893 653 2924 ex
669 2891 781 2913 numero
794 2883 837 2911 66.

49 2929 134 2955 Libb.
152 2927 227 2959 editi,
242 2921 334 2958 κακοῖς
347 2921 561 2961 ἐμπολιτεύεται,
577 2921 657 2949 male.

894 2249 1036 2276 egressura
1049 2248 1098 2268 nec
1117 2240 1186 2267 mala
1207 2247 1256 2267 nec
1279 2238 1422 2266 bona’m‘.
1437 2248 1447 2265 ι
1466 2238 1518 2265 Sed
1535 2236 1677 2264 materiam

896 2292 1054 2314 naturarum
1079 2285 1231 2312 mortalium
1247 2283 1327 2319 55h.
1351 2283 1488 2318 propriam
1510 2288 1570 2308 esse
1593 2280 1677 2307 malo-

895 2340 955 2361 rum
974 2339 1094 2363 causam,
1111 2331 1137 2357 id
1149 2337 1212 2357 vero
1225 2336 1362 2363 negamus.
1377 2328 1442 2354 Nam
1457 2334 1504 2354 sua
1520 2326 1616 2360 cuique
1632 2332 1678 2351 vo-

897 2379 985 2406 luntas
997 2385 1079 2405 causa
1098 2376 1149 2410 ipsi
1160 2379 1202 2403 est
1221 2374 1338 2405 malitiae,
1351 2380 1409 2407 quae
1432 2371 1530 2398 malum
1545 2375 1597 2402 est,
1609 2378 1638 2396 ιιι
1650 2373 1678 2396 et

896 2424 965 2451 mala
981 2427 1045 2450 sunt
1059 2422 1178 2449 actiones
1191 2421 1224 2447 ad
1238 2427 1304 2454 quas
1324 2417 1474 2452 compellit;
1496 2423 1582 2450 neque
1597 2414 1677 2449 quid-

895 2477 976 2504 quam
1005 2469 1087 2499 aliud,
1110 2467 1134 2494 si
1159 2470 1285 2494 accurate
1313 2464 1384 2499 loqui
1412 2463 1551 2493 volumus,
1575 2460 1676 2487 malum

895 2514 1104 2542 existimandum
1130 2517 1181 2540 est.
1197 2512 1254 2539 Nec
1277 2519 1338 2538 sum
1364 2515 1451 2537 tamen
1478 2507 1585 2535 nescius
1609 2507 1679 2532 hanc

896 2562 1071 2597 quaestionem
1090 2567 1142 2586 non
1157 2559 1208 2586 nisi
1224 2565 1317 2593 magna
1329 2556 1467 2591 diligentia
1484 2552 1679 2602 exquisitisque

897 2606 1061 2642 argumentis
1080 2612 1139 2633 esse
1152 2604 1367 2640 pertractandam
1381 2611 1388 2629 :
1406 2609 1466 2637 qua
1481 2602 1639 2635 argumenta
1656 2604 1680 2642 ts

898 2641 971 2681 solus
993 2651 1111 2687 reperire
1134 2654 1232 2684 potest,
1247 2649 1322 2683 cujus
1350 2648 1397 2675 Dei
1413 2646 1498 2682 gratia
1515 2648 1632 2672 mentem
1648 2641 1680 2668 il-

928 2844 982 2878 (58)
999 2842 1075 2869 Libb.
1087 2840 1155 2878 editi
1171 2838 1345 2878 in_tnargiue,
1361 2833 1590 2878 ‘(éyﬁTaH-nln‘e‘.‘
1606 2868 1682 2878 “nr

991 2878 1072 2904 Iidem
1087 2877 1112 2914 i_n
1129 2875 1258 2910 margine,
1272 2869 1338 2908 πρὸς
1349 2869 1459 2908 πλῆθος,
1472 2875 1500 2898 et
1514 2869 1593 2904 paulo
1606 2869 1681 2902 post.’

893 2911 942 2942 οὐκ
957 2911 1013 2940 ἐστι
1028 2911 1122 2940 κακόν.
