1908 3099
62 126 137 154 H37

673 122 812 152 CONTRA
831 120 970 149 CELSUM
987 120 1053 149 LIB.
1072 119 1116 148 ιν.

1628 117 1692 145 1133

59 186 170 216 παντὸς
184 183 337 221 ἐκπύρωσιν
348 204 356 215 ,
378 185 523 220 ἀπειράκις
536 181 683 220 γενομένην
692 204 699 215 ,
714 183 761 210 καὶ
774 183 846 210 ἀπει-

906 181 1115 215 nem,quzejam
1133 180 1261 207 inlinities
1275 179 1375 207 accidit
1390 183 1416 205 et
1430 177 1561 205 infinities
1577 178 1693 208 accidet,

61 232 149 267 ράκις
166 231 337 267 ὲσομένην,ἡ
357 231 425 267 αὑτὴ
446 231 522 264 τάξις
543 232 589 258 ἀπ’
610 230 696 267 ἀρχῆς
719 230 798 267 μέχρι
815 230 858 256 τέ-

59 275 129 307 λους
149 276 257 302 πάντων
269 277 363 311 γέγονέ
376 285 405 303 τε
419 277 464 304 καὶ
486 276 571 303 ἔσται.
587 276 752 313 Πειρώμενοι
768 277 857 311 μέντοι

60 322 230 357 Θεραπεύειν
244 331 301 354 πως
314 324 363 356 τὰς
381 325 552 360 ἁπεμφᾱισεις
573 325 597 350 οἱ
619 324 672 351 ἀπὸ
693 324 743 359 τῆς
762 324 855 355 Στοᾶς,

60 368 116 395 οὐκ
142 366 190 395 οἷδ’
205 370 292 401 ὅπως,
315 371 541 407 ἀπαραλλάκτους
563 371 644 406 φασιν
659 371 768 397 ἔσεσθαι
788 370 858 397 κατὰ

62 415 196 450 περίοδον
217 419 273 448 τοῖς
296 417 350 443 ἀπὸ
362 417 415 444 τῶν
438 418 576 453 προτέρων
591 417 721 453 περιόδων
734 418 836 449 πάντας
849 427 854 433 ·

60 459 109 487 ἵνα
123 461 162 497 μὴ
175 462 322 498 Σωκράτης
333 463 413 489 πάλιν
433 463 560 497 γένηται,
576 463 635 489 ἀλλ’
652 458 858 498 ἀπαράλλακτός

61 514 107 537 τις
129 506 169 541 τῷ
189 507 341 542 Σωκράτει,
357 509 489 543 γαμήσων
503 508 709 543 ἀπαράλλακτον
723 508 772 542 τὴν
788 509 856 534 Ξαν-

62 549 173 585 θίππην
194 550 248 585 (47)
261 571 268 583 ,
287 552 333 578 καὶ
357 551 646 587 κατηγορηθησόμενος
668 552 719 578 ὑπὸ
734 552 858 587 ἀπαραλ-

61 595 176 623 λάκτων
199 597 300 633 Ἀνύτῳ
317 599 363 625 καὶ
375 598 493 634 Μελίτῳ.
516 599 572 625 Οὐκ
594 597 652 625 οἶδα
672 599 699 625 δὲ
714 599 793 630 πῶςὸ
808 599 857 633 μὲν

61 641 171 677 κόσμος
185 643 228 669 ἀεὶ
244 644 258 669 ὁ
276 644 355 676 αὑτός
370 645 437 675 ἐστι,
452 645 498 670 καὶ
511 645 560 671 οὐκ
576 645 784 680 ἀπαράλλακτος
796 644 855 670 ἓτε-

62 697 112 722 ρος
134 689 220 725 ἑτέρῳ
232 698 238 704 ·
252 689 286 716 τὰ
299 690 320 716 δ’
333 691 361 717 ἐν
377 691 449 726 αὐτῷ
467 691 496 717 οὑ
512 692 544 717 τὰ
564 691 643 721 αὐτὰ,
657 691 713 717 ἀλλ’
734 690 856 726 ἀπαράλ-

60 733 163 760 λακτα.
184 735 263 762 Ἀλλὰ
277 735 330 771 γὰρ
343 737 356 762 ό
370 737 572 772 προηγούμενος
583 737 630 763 καὶ
642 737 709 772 πρὸς
721 736 771 768 τὰς
785 736 855 762 Κέλ-

60 788 112 806 σου
132 780 220 813 λέξεις
233 781 280 807 καὶ
303 782 370 817 πρὸς
384 782 446 813 τοὺς
468 783 521 808 ἀπὸ
542 783 591 817 τῆς
607 783 691 814 Στοᾶς
704 782 781 816 λόγος
801 782 854 817 (48)

59 826 258 861 εὐκαιρότερον
271 828 299 853 ὲν
312 826 400 864 ᾄλλοις
418 827 639 863 ἐξετασθήσεται·
655 828 716 854 ἐπεὶ
736 827 772 862 μὴ
785 827 855 853 κατὰ

908 228 1002 254 eodem
1016 227 1113 254 ordine
1126 233 1140 253 a
1158 225 1291 260 principio
1308 225 1340 251 ad
1369 225 1448 252 linem
1471 224 1561 252 omnia
1585 223 1692 250 fuerunt

909 272 1052 307 futuraque
1074 276 1148 300 sunt.
1171 271 1330 305 Quanquam
1355 270 1442 298 Stoici
1464 270 1542 303 hujus
1556 270 1692 311 opinionis

909 318 1089 345 absurditates
1103 316 1275 352 aliquomodo
1288 316 1411 343 emollire
1426 321 1571 343 conantur.
1588 316 1692 351 Quippe

908 365 984 391 aiunt
1008 364 1098 391 nescio
1124 363 1258 398 quomodo
1273 363 1406 390 redituros
1423 370 1517 390 omnes
1534 363 1613 390 statis
1631 370 1693 389 con-

909 411 1095 443 versiOnibns,
1122 410 1166 444 qui
1192 408 1295 436 similes
1321 408 1432 436 omnino
1455 410 1508 435 sint
1537 407 1692 435 hominibus

908 457 1028 490 priorum
1043 456 1250 483 conversionum
1264 464 1270 481 :
1289 455 1325 482 ita
1339 460 1367 481 ut
1381 463 1434 481 non
1449 455 1579 482 Socrates
1596 461 1691 480 rursus

909 503 1014 530 futurus
1028 503 1072 535 sit,
1084 503 1129 528 scd
1144 502 1277 536 quispiam
1289 502 1394 528 Socrati
1412 509 1459 535 per
1474 501 1563 528 omnia
1579 501 1689 533 similis;

908 549 984 582 isque
993 549 1122 575 ducturus
1136 555 1247 574 uxorem
1258 547 1294 574 sit
1306 546 1467 580 Xanthippo:
1480 547 1557 580 plane
1564 546 1690 579 similem,

907 599 934 620 et
957 594 1126 621 accusandus
1151 594 1186 620 sit
1210 593 1245 620 ab
1268 593 1424 620 hominibus
1445 592 1491 626 qui
1516 592 1633 626 Anytum
1664 597 1691 618 et

907 639 1026 666 Melitam
1041 639 1113 666 otnni
1129 647 1162 666 ex
1180 643 1255 673 parte
1272 638 1401 664 referant.
1421 637 1479 664 Non
1504 637 1626 672 intelligo
1651 641 1690 663 ta-

908 693 968 712 men
984 685 1128 719 quomodo,
1149 692 1209 711 cum
1226 684 1295 710 idem
1314 691 1422 718 semper
1437 687 1544 710 maneat
1563 683 1688 713 mundus,

907 739 955 759 nec
972 731 1041 758 alter
1053 731 1128 758 alteri
1146 732 1181 758 sit
1196 731 1307 758 omnino
1328 731 1445 762 similis,
1462 737 1521 764 quae
1541 730 1567 756 in
1590 729 1690 756 mumlo

906 782 970 803 sunt
984 777 1101 804 reditura
1117 777 1181 808 sint,
1198 784 1249 803 non
1264 776 1370 808 cadenti,
1387 776 1433 803 sed
1451 775 1565 802 omtiino
1578 775 1688 802 similia.

908 823 959 851 Sed
975 829 1000 852 et
1019 831 1079 858 qua:
1094 824 1162 851 dixit
1178 824 1222 851 hic
1241 823 1345 854 Celsus,
1361 828 1388 850 et
1404 831 1464 858 quae
1482 822 1564 849 Stoici
1579 822 1690 853 docent,

59 871 108 897 τὸν
135 872 256 908 παρόντα
278 873 371 908 καιρὸν
392 873 438 899 καὶ
456 874 504 909 τὴν
526 873 702 909 ἐνεστηκυίαν
726 873 846 909 πρόθεσιι

906 872 1073 899 commodior
1093 872 1145 898 erit
1166 871 1234 898 alias
1249 871 1412 898 discutiendi
1435 871 1563 898 occasio:
1580 871 1689 905 quando

60 917 179 953 ἁρμόζει
194 919 222 944 ὲν
236 918 340 950 τούτοις
357 918 511 945 πλεονάσαι.

98 1006 178 1033 Μετὰ
197 1007 282 1034 ταῦτα
306 1007 388 1042 λέγει,
401 1018 409 1033 ι
424 1008 536 1035 ὃτιοῦτε
556 1009 590 1036 τὰ
603 1009 727 1045 όρὼμενα
750 1009 853 1046 ἀνθρώ-

60 1061 108 1088 πῳ
120 1053 175 1088 (49)
198 1053 310 1087 δέδοται,
323 1055 380 1081 ἀλλ’
403 1055 507 1083 ἕκαστα
527 1056 574 1083 τοῦ
588 1056 648 1083 ὅλου
664 1058 798 1093 σωτηρίας
815 1058 853 1084 εἶ-

58 1108 132 1126 νεκα
152 1099 257 1134 γίνεταί
282 1109 312 1127 τε
335 1101 382 1127 καὶ
407 1101 570 1135 ἀπόλλυται,
594 1102 654 1129 καθ’
669 1104 702 1138 ἢν
723 1104 852 1138 προεῖπον

57 1146 180 1182 ἀμοιὸὴν
204 1147 233 1179 ἐξ
252 1147 372 1184 ἀλλήλων
395 1149 434 1180 εἰς
459 1148 570 1184 ἄλληλα.
591 1159 600 1175 ›
622 1150 753 1185 Περισσὸν
772 1149 799 1176 δὲ
823 1149 853 1176 τὺ

57 1191 283 1228 προςδιατρίϐειν
303 1195 335 1229 τῇ
361 1193 463 1221 τούτων
478 1195 629 1231 ἀνατροπῇ,
646 1195 715 1222 κατὰ
739 1195 852 1230 δύναμιν

56 1239 128 1273 ἡμῖν
144 1240 348 1277 προεκτεοείσῃ.
365 1242 480 1278 Εἴρηται
494 1242 522 1269 δὲ
535 1243 581 1269 καὶ
597 1244 636 1274 εἰς
651 1242 738 1274 τοῦτο,
757 1253 765 1268 ι
784 1242 852 1270 Οὔτε

57 1284 96 1311 τὰ
122 1285 212 1319 ἀγαθὰ
231 1285 292 1312 οὔτε
309 1287 342 1313 τὰ
362 1288 435 1314 κακὰ
456 1289 484 1314 ἐν
507 1289 563 1320 τοῖς
587 1288 691 1323 θνητοῖς
712 1289 814 1315 ἐλάττω
834 1289 850 1324 ἢ

59 1330 148 1357 πλείω
161 1331 258 1365 γένοιτ’
274 1333 315 1359 ἄν.
337 1343 346 1358 ι
361 1334 491 1360 Λέλεκται
511 1334 557 1361 καὶ
581 1335 620 1366 εἰς
635 1333 664 1360 τὸ
674 1355 681 1366 ,
703 1344 710 1360 ι
733 1334 800 1361 Οὔτε
814 1335 852 1371 τῷ

59 1377 123 1412 Θεῷ
136 1378 297 1414 καινοτέρας
309 1379 349 1406 δεῖ
363 1379 543 1416 διορθώσεως.
562 1390 570 1406 ι
598 1379 666 1406 Ἀλλ’
685 1380 738 1406 οὐδ’
757 1380 794 1412 ὡς
809 1382 852 1408 ἆν-

59 1423 172 1458 θρωπος
187 1425 386 1460 τεκτηνάμενός
398 1434 423 1451 τι
439 1425 544 1457 ἐνδεῶς,
559 1426 605 1452 καὶ
621 1425 793 1461 ἁτεχνότερον
808 1426 853 1461 δη-

61 1469 235 1505 μιουργήσας
252 1471 266 1495 ὁ
281 1470 356 1503 Θεὸς,
384 1471 516 1507 προσάγει
538 1471 679 1506 διόρθωσιν
694 1470 733 1506 τῷ
747 1472 849 1507 κόσμῳ,

60 1514 203 1550 καθαίρων
218 1515 299 1542 αὑτὸν
314 1515 498 1552 κατακλυσμῷ
513 1517 529 1552 ἢ
543 1516 706 1552 ἐκπυρώσει,
724 1516 791 1543 ἀλλὰ
803 1517 851 1553 τὴν

59 1560 141 1596 χύσιν
155 1560 206 1595 τῆς
221 1561 318 1593 κακίας
333 1561 443 1588 κωλύων
463 1562 510 1588 ἐπὶ
524 1562 614 1588 πλεῖον
633 1562 762 1597 νέμεσθαι
774 1571 780 1578 ο
795 1563 849 1598 ἐγὼ

57 1606 81 1632 δ’
98 1604 186 1641 οἶμαι,
201 1607 242 1633 ὅτι
259 1607 305 1633 καὶ
326 1607 412 1642 πάντη
428 1607 599 1642 τεταγμένως
615 1607 698 1643 αὐτὴν
712 1608 849 1642 ἀφανίζων

60 1652 256 1688 συμφερόντως
280 1652 319 1688 τῷ
339 1652 418 1679 παντί
441 1653 506 1688 (50).
531 1653 562 1679 Εἰ
581 1653 610 1679 δὲ
633 1653 702 1688 μετὰ
718 1654 765 1680 τὸν
780 1654 847 1688 ἀφα-

58 1697 157 1733 νισμὸν
171 1698 221 1733 τῆς
235 1698 332 1730 κακίας
346 1698 423 1733 λόγον
435 1698 491 1734 ἔχει
502 1698 532 1725 τὸ
546 1698 625 1725 πάλιν
639 1699 723 1734 αὐτὴν
737 1699 849 1733 ὑφίστα-

58 1743 122 1770 σθαι
138 1743 155 1778 ἢ
173 1743 221 1779 μὴ,
239 1745 268 1770 ὲν
282 1745 479 1780 προηγουμὲνῳ
493 1744 563 1780 λόγῳ
577 1744 611 1771 τὰ
630 1744 741 1771 τοιαῦτα
756 1744 848 1777 ἐξετα-

59 1789 190 1824 σθήσεται
284 1790 361 1817 Θέλει
374 1789 420 1817 οὖν
441 1790 483 1817 διὰ
503 1790 662 1826 καινοτέρας
681 1790 849 1826 διορθώσεως

58 1835 104 1861 ἀεὶ
118 1836 132 1861 ὁ
158 1835 225 1867 Θεὸς
239 1835 273 1862 τὰ
291 1836 436 1872 σφάλματα
460 1835 659 1871 ἀναλαμϐάνειν
671 1845 677 1851 ·
694 1837 717 1862 εί
735 1835 789 1871 γὰρ
802 1836 848 1862 καὶ

57 1880 190 1907 τέτακται
215 1881 289 1916 αὺτῷ
311 1882 400 1909 πάντα
427 1882 555 1909 κάλλιστα
586 1883 633 1909 καὶ
657 1882 848 1917 ἀσφαλέστατα

58 1927 131 1953 κατὰ
153 1926 203 1963 τὴν
227 1927 280 1954 τῶν
304 1928 371 1956 ὅλων
392 1928 586 1964 δημιουργίαν,
608 1929 665 1956 ἀλλ’
680 1929 755 1956 οὐδὲν
768 1927 848 1965 ἦττον

59 1974 188 2009 ἰατρικῆς
205 1982 277 2006 τινος
303 1974 378 2010 αὐτῷ
398 1975 507 2010 ἐδέησεν
530 1975 576 2002 ἐπὶ
593 1977 648 2007 τοῖς
663 1975 717 2011 (52)
737 1975 787 2011 τὴν
799 1984 849 2002 κα-

59 2020 122 2047 κίαν
135 2020 253 2051 νοσοῦσι,
266 2022 313 2047 καὶ
320 2022 400 2048 παντὶ
414 2021 452 2057 τῷ
462 2022 556 2057 κόσμῳ
571 2022 617 2048 ὑπ’
632 2021 717 2056 αὐτῆς
729 2022 849 2058 ὡσπερεὶ

60 2065 246 2101 μολυνομένῳ.
264 2066 320 2093 Καὶ
335 2067 410 2093 οὐδέν
421 2075 452 2101 γε
466 2067 598 2103 ἠμέληται
610 2067 649 2102 τῷ
662 2067 731 2103 Θεῷ,
748 2067 765 2103 ἢ
780 2069 849 2103 ἀμε-

58 2111 218 2147 ληθήσεται,
230 2112 349 2139 ποιοῦντι
367 2113 427 2140 καθ’
442 2113 557 2140 ἕκαστον
571 2113 675 2149 καιρὸν,
690 2114 758 2150 ὅπερ
771 2114 848 2150 ἐπρε-

59 2167 110 2185 πεν
126 2157 208 2184 αὑτὸν
222 2160 307 2184 ποιεῖν
321 2160 349 2185 ἐν
370 2159 494 2194 στρεπτῷ
507 2160 552 2186 καὶ
569 2159 728 2195 μεταϐλητῷ
741 2160 846 2196 κόσμῳ.

59 2204 114 2230 Καὶ
127 2203 222 2239 ὥσπερ
237 2205 359 2240 γεωργὸς
373 2206 442 2232 κατὰ
460 2205 509 2237 τὰς
525 2205 654 2241 διαφορὰς
669 2205 723 2241 (55)
735 2206 788 2232 τῶν
799 2206 846 2233 τοῦ

904 918 937 945 de
961 918 994 945 iis
1021 917 1141 952 pluribus
1164 917 1298 944 disserere
1322 924 1371 944 nec
1390 917 1531 951 praesentis
1558 918 1686 951 temporis

903 968 954 997 est,
969 971 1019 991 nec
1033 964 1160 993 instituti.

939 1010 982 1038 69.
998 1009 1062 1037 Post
1085 1010 1142 1036 haec
1157 1009 1271 1037 Celsus:
1292 1018 1301 1035 ι
1325 1009 1381 1036 Non
1409 1009 1511 1036 homini
1533 1009 1595 1037 data
1623 1015 1688 1038 sunt

903 1063 963 1090 qua:
978 1056 1113 1082 videntur.
1133 1054 1228 1082 Omnia
1255 1060 1404 1082 nascuntur
1429 1062 1456 1082 et
1470 1061 1583 1090 pereunt
1605 1056 1685 1090 hujus

904 1102 1089 1128 universitatis
1106 1109 1200 1132 causa,
1217 1105 1245 1128 et
1259 1107 1292 1128 ex
1309 1101 1368 1128 aliis
1387 1101 1413 1128 in
1428 1101 1479 1127 alia
1499 1106 1637 1128 mutantur
1653 1109 1685 1129 eo

903 1156 956 1182 quo
970 1147 1024 1174 dixi
1041 1148 1128 1174 modo.
1151 1156 1160 1172 ι
1176 1147 1381 1181 Supervacuum
1408 1147 1490 1174 fuerit
1509 1147 1535 1174 in
1561 1147 1594 1174 iis
1609 1146 1682 1174 refu-

905 1193 992 1220 tandis
1009 1193 1159 1225 immorari,
1173 1200 1233 1220 cum
1251 1201 1281 1220 ea
1295 1193 1352 1226 jam
1377 1198 1440 1221 ante
1459 1201 1507 1227 pro
1523 1194 1626 1221 viribus
1643 1202 1687 1221 re—

903 1239 1059 1266 futaverim.
1076 1239 1243 1273 Responsum
1265 1243 1306 1266 est
1333 1239 1366 1265 ad
1387 1239 1474 1272 istud,
1494 1248 1503 1265 ι
1521 1247 1607 1274 neque
1622 1247 1689 1274 pau-

904 1286 977 1313 ciora
994 1293 1081 1320 neque
1095 1286 1172 1320 plura
1190 1285 1281 1312 futura
1293 1293 1352 1312 esse
1365 1286 1434 1312 bona
1449 1287 1553 1313 malave
1567 1287 1594 1313 in
1606 1286 1687 1314 rebus

903 1332 1073 1359 mortalibus.
1092 1341 1101 1358 ι
1115 1330 1212 1358 Rcl‘elli
1239 1332 1319 1358 etiam
1343 1332 1414 1366 quod
1428 1332 1507 1363 dixit,
1523 1341 1531 1357 ι
1549 1339 1602 1359 non
1620 1339 1687 1366 opus

903 1384 964 1405 esse
991 1378 1054 1410 Deo,
1070 1382 1099 1404 ut
1122 1385 1170 1404 sua
1195 1385 1279 1412 opera
1304 1378 1393 1404 denuo
1410 1378 1544 1405 emendet.
1565 1387 1574 1404 ι
1593 1377 1687 1413 Nequa

903 1424 975 1450 enim
994 1424 1073 1456 Deus,
1089 1431 1150 1450 cum
1170 1423 1285 1458 corrigit
1307 1427 1457 1458 pnrgatqne
1472 1424 1600 1450 mtmdum
1616 1424 1688 1451 dilu—

903 1470 947 1497 vio
965 1474 1011 1496 aut
1027 1468 1239 1505 conﬂagratione
1250 1489 1258 1501 ,
1279 1469 1304 1496 id
1329 1470 1395 1496 facit
1412 1477 1485 1497 more
1501 1470 1623 1502 artiﬁcis,
1639 1478 1687 1497 cu-

900 1516 944 1551 jus
959 1516 1034 1551 operi
1052 1517 1158 1544 deesset
1172 1516 1309 1551 quidpiam
1327 1521 1372 1542 aut
1391 1521 1463 1543 esset
1485 1517 1586 1551 aliquid
1605 1518 1662 1545 vitii
1677 1527 1684 1550 ;

903 1563 948 1590 sed
962 1568 1028 1590 tunc
1044 1563 1173 1590 malitiam
1186 1569 1297 1592 coercet
1314 1571 1346 1590 ne
1360 1563 1439 1592 latius
1453 1570 1602 1599 grassetur.
1614 1565 1685 1598 Quin

902 1615 930 1637 et
952 1618 1010 1637 eam
1034 1618 1049 1637 ιι
1068 1610 1122 1638 Deo
1145 1611 1264 1638 arbitror
1286 1619 1397 1646 prorsus
1423 1611 1523 1638 aboleri
1541 1612 1608 1639 ratio
1623 1612 1686 1646 qni-

901 1656 1016 1684 busdam
1033 1656 1210 1691 temporibus,
1225 1662 1251 1683 et
1263 1657 1296 1684 ad
1307 1658 1492 1685 universitatis
1502 1659 1684 1685 commodum.

901 1702 941 1729 An
960 1709 1033 1735 vero,
1048 1707 1190 1737 postquam
1208 1703 1245 1730 ita
1259 1703 1394 1731 exstincta
1409 1703 1470 1736 fuit,
1486 1704 1556 1731 ratio
1578 1704 1614 1731 sit
1637 1712 1686 1731 cur

902 1749 1063 1782 reviviscat,
1088 1757 1194 1782 necne,
1222 1751 1336 1784 quaestio
1360 1751 1440 1785 digna
1474 1755 1517 1777 est
1540 1758 1600 1785 qlia:
1621 1751 1683 1777 data

900 1800 982 1828 opera
1007 1793 1071 1820 alibi
1097 1795 1275 1830 disceptetur.
1308 1795 1371 1823 Vult
1401 1795 1483 1830 igitur
1508 1797 1579 1823 Deus
1607 1798 1685 1824 naris

900 1845 1007 1873 semper
1032 1841 1249 1868 correctionibns
1271 1841 1428 1869 instaurare
1462 1841 1588 1876 collapsa.
1616 1842 1683 1868 Nam

900 1885 962 1917 etsi,
978 1893 1039 1912 cum
1054 1887 1182 1914 mundum
1201 1887 1341 1921 conderet,
1358 1888 1424 1915 nihil
1447 1887 1540 1915 fecerit
1561 1888 1610 1914 nisi
1627 1889 1684 1923 pul-

900 1931 1066 1958 cherrimum
1081 1932 1378 1968 absolutissimnmqne,
1402 1941 1468 1968 opus
1484 1934 1576 1960 habuit
1593 1938 1682 1961 tatncn

900 1977 1030 2005 adbibere
1042 1978 1165 2012 quaedam
1182 1980 1302 2007 remedia
1324 1980 1356 2007 iis
1376 1987 1436 2015 quae
1453 1980 1554 2007 inalitia
1573 1980 1682 2008 labora-

899 2023 976 2057 bant,
989 2030 1016 2051 et
1033 2025 1082 2051 toti
1098 2025 1268 2052 universitati
1285 2034 1367 2061 quam
1389 2026 1434 2053 illa
1450 2027 1611 2065 corrumpit,
1627 2025 1681 2054 Nec

899 2079 1017 2106 unquam
1034 2073 1154 2108 neglexit
1174 2074 1245 2101 Dens
1269 2077 1316 2100 aut
1337 2074 1511 2108 neglecturus
1533 2078 1575 2100 est
1593 2073 1683 2101 facere

900 2119 1012 2154 singulis
1025 2120 1176 2154 quibusque
1193 2122 1371 2155 temporibus,
1383 2121 1454 2154 quod
1467 2128 1527 2147 eum
1539 2120 1566 2147 in
1583 2120 1683 2147 mundo

899 2165 1026 2192 versabili
1040 2166 1217 2201 mutabiliqne
1230 2167 1320 2194 facere
1333 2167 1419 2195 decet.
1434 2167 1467 2194 Et
1477 2167 1547 2194 sicut
1563 2167 1680 2200 agricola

899 2219 949 2246 pro
968 2211 1083 2239 diversis
1101 2213 1163 2239 anni
1181 2213 1382 2247 tempestatibus
1395 2213 1502 2240 diverse
1514 2220 1594 2247 agros
1609 2217 1636 2240 et
1650 2221 1681 2240 ea

57 2250 182 2276 ἔνιαι)τοῦ
197 2250 276 2286 ὡρῶν
288 2251 404 2286 διάῳορα
419 2251 486 2288 ἔργα
503 2251 641 2288 γεωργικὰ
656 2253 727 2278 ποιεῖ
741 2252 786 2279 ἐπὶ
797 2252 846 2288 τὴν

906 2266 959 2292 tute
984 2259 1040 2294 agri
1064 2258 1155 2285 ferunt
1178 2259 1299 2291 excolit;
1316 2258 1396 2294 556
1411 2259 1448 2286 ita
1471 2259 1557 2290 Dens,
1575 2260 1619 2293 qni
1635 2267 1682 2285 san

58 2298 111 2332 γῆν
124 2297 172 2323 καὶ
186 2296 220 2323 τὰ
235 2298 278 2323 ἐπ’
294 2298 378 2333 αὐτῆς
394 2299 531 2334 φυόμενα“
547 2298 632 2330 οὕτως
647 2299 661 2324 ὁ
677 2298 745 2330 Θεὸς
765 2299 846 2325 οἱονεὶ

59 2343 199 2375 ἐνιαυτούς
218 2352 293 2376 τινας
305 2344 348 2378 (ἵν’
363 2344 449 2376 οὓτως
468 2344 601 2380 ὀνομάσω)
615 2345 751 2379 οἰκονομεῖ
769 2344 846 2378 ὅλους

57 2389 122 2421 τοὺς
138 2389 249 2421 αἰῶνας,
270 2389 330 2416 καθ’
344 2390 456 2417 ἕκαστον
472 2390 559 2417 αὐτῶν
576 2391 658 2417 ποιῶν
672 2391 722 2416 ὅσα
737 2391 847 2418 ἀπαιτεῖ

58 2435 124 2461 αὐτὸ
138 2435 168 2461 τὸ
181 2434 287 2471 περὶτὰ
299 2436 347 2462 ὅλα
360 2435 478 2468 εὔλογον,
493 2436 545 2463 ὑπὸ
557 2436 636 2471 μόνου
651 2436 717 2463 Θεοῦ
732 2436 768 2469 ὡς
781 2436 846 2472 ἀλη-

57 2480 136 2513 θείας
156 2481 221 2517 ἐχει,
239 2481 390 2517 τρανότατα
405 2482 675 2519 καταλαμϐανόμενον
693 2484 740 2512 καὶ
754 2485 845 2510 ἐπιτε-

57 2527 104 2554 λού
109 2536 201 2562 μενον.

92 2574 196 2610 Ἔθηκε
218 2575 246 2601 δέ
267 2584 327 2602 τινα
353 2575 429 2610 λόγον
449 2577 462 2602 ὀ
483 2575 585 2608 Κέλσος
607 2576 671 2611 περὶ
683 2575 738 2602 τῶν
753 2576 846 2603 κακῶν

59 2681 77 2690 _
94 2645 152 2690 (an?)
177 2645 237 2678 Τὴν
250 2645 437 2679 Ξανθίππην.
460 2645 530 2681 Lego
551 2654 612 2673 cuin
637 2645 793 2677 Bohcrello,
809 2647 842 2681 τῇ

57 2680 272 2751 ⁵’.³ἴὶὶέἴῖἷῖἐέγ-ος.
300 2715 337 2741 Ita
360 2716 443 2742 codex
464 2715 645 2748 Basileensis;
666 2716 726 2742 libri
752 2721 841 2742 autem

58 2751 194 2784 impressi,
209 2751 314 2784 λόγους,
331 2753 408 2777 male.

96 2786 152 2819 (49)
169 2786 206 2812 Τὰ
221 2786 354 2822 ὁρώμενα
367 2785 517 2820 ἀνθρώπῳ.
536 2786 580 2812 Sic
596 2794 689 2813 omnes
705 2785 842 2822 iusalte-

59 2822 130 2848 rtins
146 2829 212 2848 sane
226 2820 306 2855 quam
322 2821 385 2848 libb.
398 2822 460 2848 editi
478 2829 491 2847 a
510 2822 608 2856 quibus
624 2821 701 2848 abest
714 2828 762 2847 vox
774 2820 842 2855 ὀρώ-

179 2891 336 2927 Ἀερανίζων
359 2892 570 2926 συμφερόντως
592 2890 632 2924 τῷ
652 2891 750 2918 παντί.
775 2890 842 2918 Vide

900 2305 971 2337 cula,
988 2310 1015 2331 nt
1029 2306 1064 2332 ita
1087 2305 1197 2340 loquar,
1220 2311 1347 2340 tanquam
1363 2312 1448 2331 annos
1463 2306 1532 2339 regit
1545 2310 1572 2331 ct
1588 2306 1681 2331 modo-

900 2357 996 2384 ratur,
1031 2351 1096 2378 facit
1130 2352 1156 2378 in
1191 2359 1283 2378 eorum
1311 2350 1424 2385 singulis
1459 2350 1589 2384 quidquid
1626 2350 1681 2376 lm-

897 2395 941 2430 jns
967 2396 1151 2423 univcrsitatis
1179 2397 1277 2423 bonum
1304 2395 1423 2430 postulat
1447 2404 1454 2422 ε
1481 2395 1552 2429 quod
1578 2394 1680 2420 bonum

899 2446 928 2468 ut
954 2442 1026 2468 solus
1054 2441 1174 2477 perfecte
1204 2442 1366 2478 cognoscit,
1386 2441 1422 2467 ita
1451 2441 1524 2467 solus
1550 2441 1680 2474 perlicere

898 2491 996 2521 potest.

935 2574 979 2602 70.
995 2574 1145 2608 Quamdam
1160 2577 1240 2602 etiam
1257 2576 1290 2602 dc
1314 2575 1391 2602 malis
1416 2574 1509 2601 Celsus
1528 2573 1677 2600 orationem

898 2645 977 2678 hujus
995 2645 1055 2672 libri
1071 2653 1145 2671 num.
1162 2646 1204 2676 10,
1223 2649 1249 2671 et
1265 2645 1311 2672 lib.
1328 2653 1387 2676 \‘lll,
1402 2653 1429 2672 n.
1448 2645 1489 2671 72.

932 2680 988 2715 (51)
1010 2679 1267 2712 Ἐξετιισθήσετίιι.
1285 2681 1319 2706 Ita
1344 2681 1422 2706 codd.
1440 2679 1538 2714 Regius
1563 2686 1589 2708 et
1604 2681 1678 2708 Basi-

899 2715 1006 2742 lecnsis.
1025 2715 1096 2741 Libri
1115 2723 1178 2740 νυν-υ
1192 2716 1268 2745 mliti,
1283 2715 1492 2750 ἐξηγηθήσεται.
1654 2734 1656 2737 ι

932 2752 989 2782 (5'2)
1011 2750 1075 2777 Ἐπὶ
1091 2750 1151 2783 τοῖς
1168 2750 1233 2782 τήν,
1251 2757 1302 2777 etc.
1325 2751 1369 2776 Sic
1391 2752 1422 2775 ad
1445 2759 1519 2776 oram
1545 2751 1676 2777 editorum

896 2785 1005 2819 legitur,
1024 2786 1119 2812 melius
1133 2794 1210 2820 quam
1227 2787 1253 2811 in
1269 2791 1354 2813 textu.
1371 2785 1417 2810 ἐπὶ
1430 2785 1477 2819 τὴν
1491 2787 1557 2817 τοῖς,
1572 2792 1623 2813 ell'.

932 2822 987 2855 (ὅῦ)
1000 2820 1154 2856 Διαφοράς.
1167 2821 1247 2848 ﬂecte
1264 2828 1327 2847 mss.
1340 2828 1347 2852 ;
1364 2820 1432 2846 male
1444 2826 1533 2848 autem
1544 2821 1678 2856 impressi,

894 2856 1047 2892 διαφόρους.
