  <div class='ocr_page' id='page_1' title='image "/cluster/home/n/w/nwhite01/storage/ocr_20150623/11/njp.32101077772414/679.png"; bbox 0 0 1908 3099; ppageno 0'>
   <div class='ocr_carea' id='block_1_1' title="bbox 192 143 262 174">
    <p class='ocr_par' dir='ltr' id='par_1_1' title="bbox 192 143 262 174">
     <span class='ocr_line' id='line_1_1' title="bbox 192 143 262 174; baseline 0.029 -2"><span class='ocrx_word' id='word_1_1' title='bbox 192 143 207 172; x_wconf 72' lang='grc' dir='ltr'><strong>ί</strong></span> <span class='ocrx_word' id='word_1_2' title='bbox 213 145 262 174; x_wconf 76' lang='grc'><strong>139</strong></span> 
     </span>
    </p>
   </div>
   <div class='ocr_carea' id='block_1_2' title="bbox 192 201 494 231">
    <p class='ocr_par' dir='ltr' id='par_1_2' title="bbox 192 201 494 231">
     <span class='ocr_line' id='line_1_2' title="bbox 192 201 494 231; baseline -0.003 -1"><span class='ocrx_word' id='word_1_3' title='bbox 192 202 287 231; x_wconf 81' lang='lat' dir='ltr'><strong>habuit</strong></span> <span class='ocrx_word' id='word_1_4' title='bbox 311 203 353 230; x_wconf 88' lang='lat' dir='ltr'><strong>liis</strong></span> <span class='ocrx_word' id='word_1_5' title='bbox 376 201 465 230; x_wconf 79' lang='lat' dir='ltr'><strong>verbis</strong></span> <span class='ocrx_word' id='word_1_6' title='bbox 487 210 494 229; x_wconf 91' lang='lat'><strong>:</strong></span> 
     </span>
    </p>
   </div>
   <div class='ocr_carea' id='block_1_3' title="bbox 191 241 969 283">
    <p class='ocr_par' dir='ltr' id='par_1_3' title="bbox 191 241 969 283">
     <span class='ocr_line' id='line_1_3' title="bbox 191 241 969 283; baseline 0.004 -9"><span class='ocrx_word' id='word_1_7' title='bbox 191 248 304 278; x_wconf 77' lang='lat' dir='ltr'><strong>malum,</strong></span> <span class='ocrx_word' id='word_1_8' title='bbox 320 241 437 274; x_wconf 87' lang='lat' dir='ltr'><strong>nondum</strong></span> <span class='ocrx_word' id='word_1_9' title='bbox 460 247 520 276; x_wconf 90' lang='lat' dir='ltr'><strong>ideo</strong></span> <span class='ocrx_word' id='word_1_10' title='bbox 544 249 630 283; x_wconf 89' lang='lat' dir='ltr'><strong>liquet</strong></span> <span class='ocrx_word' id='word_1_11' title='bbox 651 249 788 276; x_wconf 88' lang='lat' dir='ltr'><strong>malumne</strong></span> <span class='ocrx_word' id='word_1_12' title='bbox 811 257 905 277; x_wconf 78' lang='lat' dir='ltr'><strong>revera</strong></span> <span class='ocrx_word' id='word_1_13' title='bbox 922 250 969 277; x_wconf 90' lang='lat' dir='ltr'><strong>sit.</strong></span> 
     </span>
    </p>
   </div>
   <div class='ocr_carea' id='block_1_4' title="bbox 190 294 970 328">
    <p class='ocr_par' dir='ltr' id='par_1_4' title="bbox 190 294 970 328">
     <span class='ocr_line' id='line_1_4' title="bbox 190 294 970 328; baseline 0.001 -7"><span class='ocrx_word' id='word_1_14' title='bbox 190 294 284 322; x_wconf 85' lang='lat' dir='ltr'><strong>Nescis</strong></span> <span class='ocrx_word' id='word_1_15' title='bbox 297 295 367 321; x_wconf 90' lang='lat' dir='ltr'><strong>enim</strong></span> <span class='ocrx_word' id='word_1_16' title='bbox 386 302 475 322; x_wconf 90' lang='lat' dir='ltr'><strong>annon</strong></span> <span class='ocrx_word' id='word_1_17' title='bbox 493 295 550 328; x_wconf 88' lang='lat' dir='ltr'><strong>tibi,</strong></span> <span class='ocrx_word' id='word_1_18' title='bbox 568 300 615 322; x_wconf 87' lang='lat' dir='ltr'><strong>aut</strong></span> <span class='ocrx_word' id='word_1_19' title='bbox 631 294 725 328; x_wconf 84' lang='lat' dir='ltr'><strong>alteri,</strong></span> <span class='ocrx_word' id='word_1_20' title='bbox 741 300 786 322; x_wconf 91' lang='lat' dir='ltr'><strong>aut</strong></span> <span class='ocrx_word' id='word_1_21' title='bbox 800 296 970 323; x_wconf 75' lang='lat' dir='ltr'><strong>universitati</strong></span> 
     </span>
    </p>
   </div>
   <div class='ocr_carea' id='block_1_5' title="bbox 189 340 970 374">
    <p class='ocr_par' dir='ltr' id='par_1_5' title="bbox 189 340 970 374">
     <span class='ocr_line' id='line_1_5' title="bbox 189 340 970 374; baseline 0.003 -8"><span class='ocrx_word' id='word_1_22' title='bbox 189 340 286 374; x_wconf 88' lang='lat' dir='ltr'><strong>prosit.</strong></span> <span class='ocrx_word' id='word_1_23' title='bbox 305 349 314 366; x_wconf 75' lang='grc' dir='ltr'><strong>ι</strong></span> <span class='ocrx_word' id='word_1_24' title='bbox 331 340 393 367; x_wconf 67' lang='grc' dir='ltr'>Ηειιε</span> <span class='ocrx_word' id='word_1_25' title='bbox 417 341 526 374; x_wconf 87' lang='lat' dir='ltr'><strong>quidem</strong></span> <span class='ocrx_word' id='word_1_26' title='bbox 544 340 658 368; x_wconf 91' lang='lat' dir='ltr'><strong>modesti</strong></span> <span class='ocrx_word' id='word_1_27' title='bbox 681 341 798 368; x_wconf 86' lang='lat' dir='ltr'><strong>hominis</strong></span> <span class='ocrx_word' id='word_1_28' title='bbox 814 347 855 368; x_wconf 87' lang='lat' dir='ltr'><strong>est</strong></span> <span class='ocrx_word' id='word_1_29' title='bbox 871 342 970 369; x_wconf 87' lang='lat' dir='ltr'><strong>oratio.</strong></span> 
     </span>
    </p>
   </div>
   <div class='ocr_carea' id='block_1_6' title="bbox 189 387 970 421">
    <p class='ocr_par' dir='ltr' id='par_1_6' title="bbox 189 387 970 421">
     <span class='ocr_line' id='line_1_6' title="bbox 189 387 970 421; baseline 0.003 -8"><span class='ocrx_word' id='word_1_30' title='bbox 189 387 315 413; x_wconf 82' lang='lat' dir='ltr'><strong>Attamen</strong></span> <span class='ocrx_word' id='word_1_31' title='bbox 339 387 492 421; x_wconf 86' lang='lat' dir='ltr'><strong>suspicatur</strong></span> <span class='ocrx_word' id='word_1_32' title='bbox 508 387 570 414; x_wconf 89' lang='lat' dir='ltr'><strong>mali</strong></span> <span class='ocrx_word' id='word_1_33' title='bbox 595 393 720 415; x_wconf 87' lang='lat' dir='ltr'><strong>naturam</strong></span> <span class='ocrx_word' id='word_1_34' title='bbox 746 395 798 415; x_wconf 94' lang='lat' dir='ltr'><strong>non</strong></span> <span class='ocrx_word' id='word_1_35' title='bbox 816 396 876 415; x_wconf 89' lang='lat' dir='ltr'><strong>esse</strong></span> <span class='ocrx_word' id='word_1_36' title='bbox 897 389 970 415; x_wconf 93' lang='lat' dir='ltr'><strong>omni</strong></span> 
     </span>
    </p>
   </div>
   <div class='ocr_carea' id='block_1_7' title="bbox 189 431 969 470">
    <p class='ocr_par' dir='ltr' id='par_1_7' title="bbox 189 431 969 470">
     <span class='ocr_line' id='line_1_7' title="bbox 189 431 969 470; baseline 0.005 -12"><span class='ocrx_word' id='word_1_37' title='bbox 189 439 222 458; x_wconf 81' lang='lat' dir='ltr'><strong>ex</strong></span> <span class='ocrx_word' id='word_1_38' title='bbox 246 437 322 466; x_wconf 88' lang='lat' dir='ltr'><strong>parte</strong></span> <span class='ocrx_word' id='word_1_39' title='bbox 345 431 510 460; x_wconf 78' lang='lat' dir='ltr'><strong>molestam:</strong></span> <span class='ocrx_word' id='word_1_40' title='bbox 536 441 595 460; x_wconf 86' lang='lat' dir='ltr'><strong>cum</strong></span> <span class='ocrx_word' id='word_1_41' title='bbox 622 434 679 461; x_wconf 90' lang='lat' dir='ltr'><strong>lieri</strong></span> <span class='ocrx_word' id='word_1_42' title='bbox 695 434 790 468; x_wconf 82' lang='lat' dir='ltr'><strong>possit,</strong></span> <span class='ocrx_word' id='word_1_43' title='bbox 814 439 842 461; x_wconf 93' lang='lat' dir='ltr'><strong>ut</strong></span> <span class='ocrx_word' id='word_1_44' title='bbox 857 437 928 470; x_wconf 91' lang='lat' dir='ltr'><strong>quod</strong></span> <span class='ocrx_word' id='word_1_45' title='bbox 943 435 969 462; x_wconf 88' lang='lat' dir='ltr'><strong>in</strong></span> 
     </span>
    </p>
   </div>
   <div class='ocr_carea' id='block_1_8' title="bbox 189 479 969 514">
    <p class='ocr_par' dir='ltr' id='par_1_8' title="bbox 189 479 969 514">
     <span class='ocr_line' id='line_1_8' title="bbox 189 479 969 514; baseline 0.005 -10"><span class='ocrx_word' id='word_1_46' title='bbox 189 479 301 513; x_wconf 72' lang='lat' dir='ltr'><strong>singulis</strong></span> <span class='ocrx_word' id='word_1_47' title='bbox 326 479 426 506; x_wconf 89' lang='lat' dir='ltr'><strong>malum</strong></span> <span class='ocrx_word' id='word_1_48' title='bbox 450 480 575 514; x_wconf 86' lang='lat' dir='ltr'><strong>habetur,</strong></span> <span class='ocrx_word' id='word_1_49' title='bbox 597 480 622 506; x_wconf 87' lang='lat' dir='ltr'><strong>id</strong></span> <span class='ocrx_word' id='word_1_50' title='bbox 639 480 813 508; x_wconf 83' lang='lat' dir='ltr'><strong>universitati</strong></span> <span class='ocrx_word' id='word_1_51' title='bbox 837 481 969 508; x_wconf 78' lang='lat' dir='ltr'><strong>conferat.</strong></span> 
     </span>
    </p>
   </div>
   <div class='ocr_carea' id='block_1_9' title="bbox 189 521 970 561">
    <p class='ocr_par' dir='ltr' id='par_1_9' title="bbox 189 521 970 561">
     <span class='ocr_line' id='line_1_9' title="bbox 189 521 970 561; baseline 0.005 -11"><span class='ocrx_word' id='word_1_52' title='bbox 189 523 277 557; x_wconf 86' lang='lat' dir='ltr'><strong>Quare</strong></span> <span class='ocrx_word' id='word_1_53' title='bbox 300 533 333 552; x_wconf 90' lang='lat' dir='ltr'><strong>ne</strong></span> <span class='ocrx_word' id='word_1_54' title='bbox 351 526 414 552; x_wconf 86' lang='lat' dir='ltr'><strong>hinc</strong></span> <span class='ocrx_word' id='word_1_55' title='bbox 438 525 538 559; x_wconf 84' lang='lat' dir='ltr'><strong>aliquis</strong></span> <span class='ocrx_word' id='word_1_56' title='bbox 564 521 734 553; x_wconf 86' lang='lat' dir='ltr'><strong>occasionem</strong></span> <span class='ocrx_word' id='word_1_57' title='bbox 754 527 868 561; x_wconf 78' lang='lat' dir='ltr'><strong>arripiat</strong></span> <span class='ocrx_word' id='word_1_58' title='bbox 887 527 970 554; x_wconf 81' lang='lat' dir='ltr'><strong>obﬁr-</strong></span> 
     </span>
    </p>
   </div>
   <div class='ocr_carea' id='block_1_10' title="bbox 189 570 970 607">
    <p class='ocr_par' dir='ltr' id='par_1_10' title="bbox 189 570 970 607">
     <span class='ocr_line' id='line_1_10' title="bbox 189 570 970 607; baseline 0.005 -11"><span class='ocrx_word' id='word_1_59' title='bbox 189 570 278 597; x_wconf 84' lang='lat' dir='ltr'><strong>maudi</strong></span> <span class='ocrx_word' id='word_1_60' title='bbox 300 577 329 598; x_wconf 87' lang='lat' dir='ltr'><strong>se</strong></span> <span class='ocrx_word' id='word_1_61' title='bbox 352 571 379 598; x_wconf 94' lang='lat' dir='ltr'><strong>in</strong></span> <span class='ocrx_word' id='word_1_62' title='bbox 408 571 499 605; x_wconf 83' lang='lat' dir='ltr'><strong>malo,</strong></span> <span class='ocrx_word' id='word_1_63' title='bbox 516 572 592 607; x_wconf 87' lang='lat' dir='ltr'><strong>quasi</strong></span> <span class='ocrx_word' id='word_1_64' title='bbox 611 572 711 599; x_wconf 88' lang='lat' dir='ltr'><strong>malitia</strong></span> <span class='ocrx_word' id='word_1_65' title='bbox 740 578 786 599; x_wconf 92' lang='lat' dir='ltr'><strong>aut</strong></span> <span class='ocrx_word' id='word_1_66' title='bbox 809 573 884 600; x_wconf 87' lang='lat' dir='ltr'><strong>utilis</strong></span> <span class='ocrx_word' id='word_1_67' title='bbox 897 579 970 600; x_wconf 85' lang='lat' dir='ltr'><strong>esset</strong></span> 
     </span>
    </p>
   </div>
   <div class='ocr_carea' id='block_1_11' title="bbox 188 616 969 652">
    <p class='ocr_par' dir='ltr' id='par_1_11' title="bbox 188 616 969 652">
     <span class='ocr_line' id='line_1_11' title="bbox 188 616 969 652; baseline 0.008 -11"><span class='ocrx_word' id='word_1_68' title='bbox 188 620 235 642; x_wconf 90' lang='lat' dir='ltr'><strong>aut</strong></span> <span class='ocrx_word' id='word_1_69' title='bbox 257 616 330 643; x_wconf 86' lang='lat' dir='ltr'><strong>utilis</strong></span> <span class='ocrx_word' id='word_1_70' title='bbox 344 623 404 644; x_wconf 89' lang='lat' dir='ltr'><strong>esse</strong></span> <span class='ocrx_word' id='word_1_71' title='bbox 418 622 509 652; x_wconf 83' lang='lat' dir='ltr'><strong>posset</strong></span> <span class='ocrx_word' id='word_1_72' title='bbox 532 617 724 651; x_wconf 84' lang='lat' dir='ltr'><strong>universitati;</strong></span> <span class='ocrx_word' id='word_1_73' title='bbox 749 619 893 646; x_wconf 90' lang='lat' dir='ltr'><strong>dicendum</strong></span> <span class='ocrx_word' id='word_1_74' title='bbox 917 625 969 652; x_wconf 88' lang='lat' dir='ltr'><strong>est,</strong></span> 
     </span>
    </p>
   </div>
   <div class='ocr_carea' id='block_1_12' title="bbox 188 661 968 696">
    <p class='ocr_par' dir='ltr' id='par_1_12' title="bbox 188 661 968 696">
     <span class='ocr_line' id='line_1_12' title="bbox 188 661 968 696; baseline 0.004 -8"><span class='ocrx_word' id='word_1_75' title='bbox 188 661 297 689; x_wconf 87' lang='lat' dir='ltr'><strong>etiamsi</strong></span> <span class='ocrx_word' id='word_1_76' title='bbox 312 661 394 696; x_wconf 85' lang='lat' dir='ltr'><strong>Deus,</strong></span> <span class='ocrx_word' id='word_1_77' title='bbox 411 662 493 689; x_wconf 64' lang='lat' dir='ltr'><strong>illwso</strong></span> <span class='ocrx_word' id='word_1_78' title='bbox 508 667 607 690; x_wconf 77' lang='lat' dir='ltr'><strong>nostrae</strong></span> <span class='ocrx_word' id='word_1_79' title='bbox 620 661 752 690; x_wconf 83' lang='lat' dir='ltr'><strong>libertatis</strong></span> <span class='ocrx_word' id='word_1_80' title='bbox 771 664 892 695; x_wconf 89' lang='lat' dir='ltr'><strong>arbitrio,</strong></span> <span class='ocrx_word' id='word_1_81' title='bbox 909 669 968 691; x_wconf 91' lang='lat' dir='ltr'><strong>uta-</strong></span> 
     </span>
    </p>
   </div>
   <div class='ocr_carea' id='block_1_13' title="bbox 189 707 969 741">
    <p class='ocr_par' dir='ltr' id='par_1_13' title="bbox 189 707 969 741">
     <span class='ocr_line' id='line_1_13' title="bbox 189 707 969 741; baseline 0.004 -8"><span class='ocrx_word' id='word_1_82' title='bbox 189 712 233 734; x_wconf 92' lang='lat' dir='ltr'><strong>tur</strong></span> <span class='ocrx_word' id='word_1_83' title='bbox 247 707 431 741; x_wconf 89' lang='lat' dir='ltr'><strong>improborum</strong></span> <span class='ocrx_word' id='word_1_84' title='bbox 459 708 559 734; x_wconf 85' lang='lat' dir='ltr'><strong>malitia</strong></span> <span class='ocrx_word' id='word_1_85' title='bbox 581 708 615 735; x_wconf 89' lang='lat' dir='ltr'><strong>ad</strong></span> <span class='ocrx_word' id='word_1_86' title='bbox 639 709 760 736; x_wconf 90' lang='lat' dir='ltr'><strong>ordinem</strong></span> <span class='ocrx_word' id='word_1_87' title='bbox 781 710 969 736; x_wconf 84' lang='lat' dir='ltr'><strong>universitatis</strong></span> 
     </span>
    </p>
   </div>
   <div class='ocr_carea' id='block_1_14' title="bbox 190 753 969 788">
    <p class='ocr_par' dir='ltr' id='par_1_14' title="bbox 190 753 969 788">
     <span class='ocr_line' id='line_1_14' title="bbox 190 753 969 788; baseline 0.003 -8"><span class='ocrx_word' id='word_1_88' title='bbox 190 760 291 788; x_wconf 86' lang='lat' dir='ltr'><strong>eosque</strong></span> <span class='ocrx_word' id='word_1_89' title='bbox 306 753 377 780; x_wconf 88' lang='lat' dir='ltr'><strong>illius</strong></span> <span class='ocrx_word' id='word_1_90' title='bbox 390 753 498 781; x_wconf 83' lang='lat' dir='ltr'><strong>utilitati</strong></span> <span class='ocrx_word' id='word_1_91' title='bbox 512 755 709 788; x_wconf 83' lang='lat' dir='ltr'><strong>accommodet,</strong></span> <span class='ocrx_word' id='word_1_92' title='bbox 723 762 783 782; x_wconf 86' lang='lat' dir='ltr'><strong>reos</strong></span> <span class='ocrx_word' id='word_1_93' title='bbox 794 755 969 782; x_wconf 83' lang='lat' dir='ltr'><strong>nihilominus</strong></span> 
     </span>
    </p>
   </div>
   <div class='ocr_carea' id='block_1_15' title="bbox 189 799 970 834">
    <p class='ocr_par' dir='ltr' id='par_1_15' title="bbox 189 799 970 834">
     <span class='ocr_line' id='line_1_15' title="bbox 189 799 970 834; baseline 0.001 -8"><span class='ocrx_word' id='word_1_94' title='bbox 189 807 251 826; x_wconf 80' lang='lat' dir='ltr'><strong>esse</strong></span> <span class='ocrx_word' id='word_1_95' title='bbox 266 799 311 833; x_wconf 91' lang='lat' dir='ltr'><strong>qui</strong></span> <span class='ocrx_word' id='word_1_96' title='bbox 325 799 423 826; x_wconf 90' lang='lat' dir='ltr'><strong>malum</strong></span> <span class='ocrx_word' id='word_1_97' title='bbox 439 804 606 834; x_wconf 83' lang='lat' dir='ltr'><strong>perpetrant.</strong></span> <span class='ocrx_word' id='word_1_98' title='bbox 623 800 763 833; x_wconf 78' lang='lat' dir='ltr'><strong>Quatenus</strong></span> <span class='ocrx_word' id='word_1_99' title='bbox 780 801 816 827; x_wconf 89' lang='lat' dir='ltr'><strong>rei</strong></span> <span class='ocrx_word' id='word_1_100' title='bbox 835 806 908 832; x_wconf 87' lang='lat' dir='ltr'><strong>sunt,</strong></span> <span class='ocrx_word' id='word_1_101' title='bbox 925 808 970 827; x_wconf 93' lang='lat' dir='ltr'><strong>or-</strong></span> 
     </span>
    </p>
   </div>
   <div class='ocr_carea' id='block_1_16' title="bbox 187 845 967 881">
    <p class='ocr_par' dir='ltr' id='par_1_16' title="bbox 187 845 967 881">
     <span class='ocr_line' id='line_1_16' title="bbox 187 845 967 881; baseline 0.003 -9"><span class='ocrx_word' id='word_1_102' title='bbox 187 845 318 872; x_wconf 89' lang='lat' dir='ltr'><strong>dinantur</strong></span> <span class='ocrx_word' id='word_1_103' title='bbox 342 846 449 880; x_wconf 87' lang='lat' dir='ltr'><strong>quidem</strong></span> <span class='ocrx_word' id='word_1_104' title='bbox 474 846 507 872; x_wconf 88' lang='lat' dir='ltr'><strong>ad</strong></span> <span class='ocrx_word' id='word_1_105' title='bbox 530 846 718 874; x_wconf 86' lang='lat' dir='ltr'><strong>universitatis</strong></span> <span class='ocrx_word' id='word_1_106' title='bbox 743 847 896 881; x_wconf 86' lang='lat' dir='ltr'><strong>utilitatem,</strong></span> <span class='ocrx_word' id='word_1_107' title='bbox 921 848 967 874; x_wconf 88' lang='lat' dir='ltr'><strong>sed</strong></span> 
     </span>
    </p>
   </div>
   <div class='ocr_carea' id='block_1_17' title="bbox 925 142 1085 171">
    <p class='ocr_par' dir='ltr' id='par_1_17' title="bbox 925 142 1085 171">
     <span class='ocr_line' id='line_1_17' title="bbox 925 142 1085 171; baseline -0.006 0"><span class='ocrx_word' id='word_1_108' title='bbox 925 142 1085 171; x_wconf 78' lang='lat' dir='ltr'><strong>ORIGENIS</strong></span> 
     </span>
    </p>
   </div>
   <div class='ocr_carea' id='block_1_18' title="bbox 515 201 965 238">
    <p class='ocr_par' dir='ltr' id='par_1_18' title="bbox 515 201 965 237">
     <span class='ocr_line' id='line_1_18' title="bbox 515 201 965 237; baseline 0.002 -9"><span class='ocrx_word' id='word_1_109' title='bbox 515 211 525 228; x_wconf 89' lang='grc'><em>‹</em></span> <span class='ocrx_word' id='word_1_110' title='bbox 543 201 654 230; x_wconf 87' lang='lat' dir='ltr'><strong>Etiamsi</strong></span> <span class='ocrx_word' id='word_1_111' title='bbox 684 203 748 237; x_wconf 89' lang='lat' dir='ltr'><strong>quid</strong></span> <span class='ocrx_word' id='word_1_112' title='bbox 771 203 818 231; x_wconf 85' lang='lat' dir='ltr'><strong>tibi</strong></span> <span class='ocrx_word' id='word_1_113' title='bbox 847 203 965 230; x_wconf 75' lang='lat' dir='ltr'><strong>videatur</strong></span> 
     </span>
    </p>
   </div>
   <div class='ocr_carea' id='block_1_19' title="bbox 1022 201 1805 238">
    <p class='ocr_par' dir='ltr' id='par_1_19' title="bbox 1022 201 1805 238">
     <span class='ocr_line' id='line_1_19' title="bbox 1022 201 1805 238; baseline -0.001 -10"><span class='ocrx_word' id='word_1_114' title='bbox 1022 202 1147 234; x_wconf 79' lang='grc' dir='ltr'>τοιοῦτον,</span> <span class='ocrx_word' id='word_1_115' title='bbox 1162 203 1213 234; x_wconf 75' lang='grc' dir='ltr'>ὅτι,</span> <span class='ocrx_word' id='word_1_116' title='bbox 1230 212 1239 228; x_wconf 84' lang='grc' dir='ltr'>ι</span> <span class='ocrx_word' id='word_1_117' title='bbox 1259 202 1308 229; x_wconf 73' lang='grc' dir='ltr'><strong>κᾶν</strong></span> <span class='ocrx_word' id='word_1_118' title='bbox 1324 202 1364 229; x_wconf 80' lang='grc' dir='ltr'><strong>σοί</strong></span> <span class='ocrx_word' id='word_1_119' title='bbox 1379 211 1405 229; x_wconf 85' lang='grc' dir='ltr'><strong>τι</strong></span> <span class='ocrx_word' id='word_1_120' title='bbox 1418 202 1481 238; x_wconf 83' lang='grc' dir='ltr'>δοκῇ</span> <span class='ocrx_word' id='word_1_121' title='bbox 1497 201 1675 235; x_wconf 69' lang='grc' dir='ltr'>κακὸν,οΰπω</span> <span class='ocrx_word' id='word_1_122' title='bbox 1689 201 1769 237; x_wconf 75' lang='grc' dir='ltr'>δῆλον</span> <span class='ocrx_word' id='word_1_123' title='bbox 1784 201 1805 227; x_wconf 79' lang='grc' dir='ltr'>ει</span> 
     </span>
    </p>
   </div>
   <div class='ocr_carea' id='block_1_20' title="bbox 1739 142 1805 170">
    <p class='ocr_par' dir='ltr' id='par_1_20' title="bbox 1739 142 1805 170">
     <span class='ocr_line' id='line_1_20' title="bbox 1739 142 1805 170; baseline 0 -1"><span class='ocrx_word' id='word_1_124' title='bbox 1739 142 1805 170; x_wconf 68' lang='lat'><strong>“£0</strong></span> 
     </span>
    </p>
   </div>
   <div class='ocr_carea' id='block_1_21' title="bbox 1023 246 1805 285">
    <p class='ocr_par' dir='ltr' id='par_1_21' title="bbox 1023 246 1805 285">
     <span class='ocr_line' id='line_1_21' title="bbox 1023 246 1805 285; baseline 0.001 -11"><span class='ocrx_word' id='word_1_125' title='bbox 1023 248 1107 274; x_wconf 82' lang='grc' dir='ltr'>κακόν</span> <span class='ocrx_word' id='word_1_126' title='bbox 1121 249 1193 275; x_wconf 81' lang='grc' dir='ltr'>ἐστιν</span> <span class='ocrx_word' id='word_1_127' title='bbox 1203 257 1209 262; x_wconf 91' lang='grc'><strong>·</strong></span> <span class='ocrx_word' id='word_1_128' title='bbox 1231 248 1261 274; x_wconf 78' lang='grc' dir='ltr'>οὑ</span> <span class='ocrx_word' id='word_1_129' title='bbox 1280 248 1334 285; x_wconf 78' lang='grc' dir='ltr'>γὰρ</span> <span class='ocrx_word' id='word_1_130' title='bbox 1353 246 1431 276; x_wconf 76' lang='grc' dir='ltr'>οἶσθα</span> <span class='ocrx_word' id='word_1_131' title='bbox 1443 249 1458 275; x_wconf 85' lang='grc' dir='ltr'><strong>ὅ</strong></span> <span class='ocrx_word' id='word_1_132' title='bbox 1469 258 1494 276; x_wconf 87' lang='grc' dir='ltr'><strong>τι</strong></span> <span class='ocrx_word' id='word_1_133' title='bbox 1508 250 1526 284; x_wconf 78' lang='grc' dir='ltr'>ἦ</span> <span class='ocrx_word' id='word_1_134' title='bbox 1540 258 1590 281; x_wconf 84' lang='grc' dir='ltr'>σοι,</span> <span class='ocrx_word' id='word_1_135' title='bbox 1604 249 1622 284; x_wconf 84' lang='grc' dir='ltr'>ἦ</span> <span class='ocrx_word' id='word_1_136' title='bbox 1637 249 1722 284; x_wconf 81' lang='grc' dir='ltr'>ἄλλῳ,</span> <span class='ocrx_word' id='word_1_137' title='bbox 1738 249 1755 284; x_wconf 87' lang='grc' dir='ltr'>ἦ</span> <span class='ocrx_word' id='word_1_138' title='bbox 1770 248 1805 283; x_wconf 78' lang='grc' dir='ltr'>τῷ</span> 
     </span>
    </p>
   </div>
   <div class='ocr_carea' id='block_1_22' title="bbox 1022 293 1806 330">
    <p class='ocr_par' dir='ltr' id='par_1_22' title="bbox 1022 293 1806 330">
     <span class='ocr_line' id='line_1_22' title="bbox 1022 293 1806 330; baseline 0.003 -12"><span class='ocrx_word' id='word_1_139' title='bbox 1022 293 1075 328; x_wconf 80' lang='grc' dir='ltr'>ὅλῳ</span> <span class='ocrx_word' id='word_1_140' title='bbox 1090 293 1230 328; x_wconf 70' lang='grc' dir='ltr'>συμφέρει.</span> <span class='ocrx_word' id='word_1_141' title='bbox 1251 304 1260 320; x_wconf 74' lang='grc' dir='ltr'><strong>ι</strong></span> <span class='ocrx_word' id='word_1_142' title='bbox 1276 294 1330 321; x_wconf 77' lang='grc' dir='ltr'>Καὶ</span> <span class='ocrx_word' id='word_1_143' title='bbox 1344 294 1399 330; x_wconf 80' lang='grc' dir='ltr'>ἔχει</span> <span class='ocrx_word' id='word_1_144' title='bbox 1415 294 1464 329; x_wconf 85' lang='grc' dir='ltr'><strong>μέν</strong></span> <span class='ocrx_word' id='word_1_145' title='bbox 1485 303 1510 320; x_wconf 89' lang='grc' dir='ltr'><strong>τι</strong></span> <span class='ocrx_word' id='word_1_146' title='bbox 1526 295 1539 321; x_wconf 84' lang='grc' dir='ltr'><strong><em>ὁ</em></strong></span> <span class='ocrx_word' id='word_1_147' title='bbox 1559 294 1636 328; x_wconf 78' lang='grc' dir='ltr'>λόγος</span> <span class='ocrx_word' id='word_1_148' title='bbox 1652 294 1709 329; x_wconf 76' lang='grc'><strong>(54)</strong></span> <span class='ocrx_word' id='word_1_149' title='bbox 1729 294 1806 320; x_wconf 72' lang='grc' dir='ltr'>εὐλα-</span> 
     </span>
    </p>
   </div>
   <div class='ocr_carea' id='block_1_23' title="bbox 1023 336 1804 375">
    <p class='ocr_par' dir='ltr' id='par_1_23' title="bbox 1023 336 1804 375">
     <span class='ocr_line' id='line_1_23' title="bbox 1023 336 1804 375; baseline 0.005 -13"><span class='ocrx_word' id='word_1_150' title='bbox 1023 336 1069 369; x_wconf 82' lang='grc' dir='ltr'><strong>ϐές</strong></span> <span class='ocrx_word' id='word_1_151' title='bbox 1079 347 1085 352; x_wconf 91' lang='grc'><strong>·</strong></span> <span class='ocrx_word' id='word_1_152' title='bbox 1101 338 1209 365; x_wconf 76' lang='grc' dir='ltr'>ὑπονοεῖ</span> <span class='ocrx_word' id='word_1_153' title='bbox 1219 339 1247 366; x_wconf 85' lang='grc' dir='ltr'><strong>δὲ</strong></span> <span class='ocrx_word' id='word_1_154' title='bbox 1266 339 1312 366; x_wconf 74' lang='grc' dir='ltr'><strong>καὶ</strong></span> <span class='ocrx_word' id='word_1_155' title='bbox 1329 339 1377 375; x_wconf 82' lang='grc' dir='ltr'>τὴν</span> <span class='ocrx_word' id='word_1_156' title='bbox 1393 340 1447 366; x_wconf 85' lang='grc' dir='ltr'><strong>τῶν</strong></span> <span class='ocrx_word' id='word_1_157' title='bbox 1462 340 1553 366; x_wconf 78' lang='grc' dir='ltr'>κακῶν</span> <span class='ocrx_word' id='word_1_158' title='bbox 1574 340 1654 375; x_wconf 74' lang='grc' dir='ltr'>φύσιν</span> <span class='ocrx_word' id='word_1_159' title='bbox 1670 340 1701 366; x_wconf 75' lang='grc' dir='ltr'>οὐ</span> <span class='ocrx_word' id='word_1_160' title='bbox 1718 340 1804 375; x_wconf 81' lang='grc' dir='ltr'>πάντη</span> 
     </span>
    </p>
   </div>
   <div class='ocr_carea' id='block_1_24' title="bbox 1022 383 1805 422">
    <p class='ocr_par' dir='ltr' id='par_1_24' title="bbox 1022 383 1805 422">
     <span class='ocr_line' id='line_1_24' title="bbox 1022 383 1805 422; baseline 0.004 -12"><span class='ocrx_word' id='word_1_161' title='bbox 1022 383 1089 410; x_wconf 81' lang='grc' dir='ltr'>εἶναι</span> <span class='ocrx_word' id='word_1_162' title='bbox 1105 384 1252 420; x_wconf 77' lang='grc' dir='ltr'>μοχθηρὰν,</span> <span class='ocrx_word' id='word_1_163' title='bbox 1265 385 1308 412; x_wconf 65' lang='grc' dir='ltr'><strong>διὰ</strong></span> <span class='ocrx_word' id='word_1_164' title='bbox 1323 386 1352 412; x_wconf 84' lang='grc' dir='ltr'><strong>τὸ</strong></span> <span class='ocrx_word' id='word_1_165' title='bbox 1368 386 1519 421; x_wconf 74' lang='grc' dir='ltr'>ἐνδέχεσθαι</span> <span class='ocrx_word' id='word_1_166' title='bbox 1534 386 1573 422; x_wconf 84' lang='grc' dir='ltr'><strong>τῷ</strong></span> <span class='ocrx_word' id='word_1_167' title='bbox 1585 386 1638 421; x_wconf 83' lang='grc' dir='ltr'><strong>ὅλῳ</strong></span> <span class='ocrx_word' id='word_1_168' title='bbox 1655 386 1805 422; x_wconf 63' lang='grc' dir='ltr'>συμφέρειν</span> 
     </span>
    </p>
   </div>
   <div class='ocr_carea' id='block_1_25' title="bbox 1021 429 1802 465">
    <p class='ocr_par' dir='ltr' id='par_1_25' title="bbox 1021 429 1802 465">
     <span class='ocr_line' id='line_1_25' title="bbox 1021 429 1802 465; baseline 0.004 -10"><span class='ocrx_word' id='word_1_169' title='bbox 1021 430 1051 456; x_wconf 81' lang='grc' dir='ltr'><strong>τὸ</strong></span> <span class='ocrx_word' id='word_1_170' title='bbox 1073 429 1247 465; x_wconf 78' lang='grc' dir='ltr'>νομιζόμενον</span> <span class='ocrx_word' id='word_1_171' title='bbox 1272 431 1300 456; x_wconf 79' lang='grc' dir='ltr'><strong>ἐν</strong></span> <span class='ocrx_word' id='word_1_172' title='bbox 1321 432 1377 463; x_wconf 82' lang='grc' dir='ltr'>τοῖς</span> <span class='ocrx_word' id='word_1_173' title='bbox 1402 431 1462 457; x_wconf 75' lang='grc' dir='ltr'>καθ’</span> <span class='ocrx_word' id='word_1_174' title='bbox 1485 432 1598 458; x_wconf 70' lang='grc' dir='ltr'>ἕκαστον</span> <span class='ocrx_word' id='word_1_175' title='bbox 1621 430 1690 458; x_wconf 81' lang='grc' dir='ltr'>εἶναι</span> <span class='ocrx_word' id='word_1_176' title='bbox 1710 432 1802 458; x_wconf 75' lang='grc' dir='ltr'>κακόν.</span> 
     </span>
    </p>
   </div>
   <div class='ocr_carea' id='block_1_26' title="bbox 1022 475 1804 513">
    <p class='ocr_par' dir='ltr' id='par_1_26' title="bbox 1022 475 1804 513">
     <span class='ocr_line' id='line_1_26' title="bbox 1022 475 1804 513; baseline 0.004 -11"><span class='ocrx_word' id='word_1_177' title='bbox 1022 476 1094 511; x_wconf 84' lang='grc' dir='ltr'>Πλὴν</span> <span class='ocrx_word' id='word_1_178' title='bbox 1121 475 1162 503; x_wconf 83' lang='grc' dir='ltr'>ἵνα</span> <span class='ocrx_word' id='word_1_179' title='bbox 1178 477 1214 512; x_wconf 83' lang='grc' dir='ltr'>μὴ</span> <span class='ocrx_word' id='word_1_180' title='bbox 1231 477 1405 512; x_wconf 77' lang='grc' dir='ltr'>παρακούσας</span> <span class='ocrx_word' id='word_1_181' title='bbox 1419 486 1460 509; x_wconf 84' lang='grc' dir='ltr'><strong>τις</strong></span> <span class='ocrx_word' id='word_1_182' title='bbox 1473 477 1519 504; x_wconf 76' lang='grc' dir='ltr'>τοῦ</span> <span class='ocrx_word' id='word_1_183' title='bbox 1534 477 1678 513; x_wconf 77' lang='grc' dir='ltr'><strong>λεγομένου</strong></span> <span class='ocrx_word' id='word_1_184' title='bbox 1701 479 1804 511; x_wconf 79' lang='grc' dir='ltr'>ἐπιτρι-</span> 
     </span>
    </p>
   </div>
   <div class='ocr_carea' id='block_1_27' title="bbox 1022 517 1804 555">
    <p class='ocr_par' dir='ltr' id='par_1_27' title="bbox 1022 517 1804 555">
     <span class='ocr_line' id='line_1_27' title="bbox 1022 517 1804 555; baseline 0.004 -11"><span class='ocrx_word' id='word_1_185' title='bbox 1022 517 1073 553; x_wconf 79' lang='grc' dir='ltr'><strong>ϐἦς</strong></span> <span class='ocrx_word' id='word_1_186' title='bbox 1094 519 1160 555; x_wconf 75' lang='grc' dir='ltr'>εὕρῃ</span> <span class='ocrx_word' id='word_1_187' title='bbox 1180 519 1314 554; x_wconf 64' lang='grc' dir='ltr'>ἀφορμὴν,</span> <span class='ocrx_word' id='word_1_188' title='bbox 1332 519 1369 550; x_wconf 85' lang='grc' dir='ltr'><strong>ὼς</strong></span> <span class='ocrx_word' id='word_1_189' title='bbox 1390 519 1436 545; x_wconf 72' lang='grc' dir='ltr'><strong>καὶ</strong></span> <span class='ocrx_word' id='word_1_190' title='bbox 1456 520 1504 555; x_wconf 81' lang='grc' dir='ltr'><strong>τῆς</strong></span> <span class='ocrx_word' id='word_1_191' title='bbox 1527 521 1625 552; x_wconf 79' lang='grc' dir='ltr'>κακίας</span> <span class='ocrx_word' id='word_1_192' title='bbox 1646 520 1729 548; x_wconf 72' lang='grc' dir='ltr'>αὑτοῦ</span> <span class='ocrx_word' id='word_1_193' title='bbox 1749 520 1804 555; x_wconf 80' lang='grc'><strong>(55)</strong></span> 
     </span>
    </p>
   </div>
   <div class='ocr_carea' id='block_1_28' title="bbox 1022 563 1804 602">
    <p class='ocr_par' dir='ltr' id='par_1_28' title="bbox 1022 563 1804 602">
     <span class='ocr_line' id='line_1_28' title="bbox 1022 563 1804 602; baseline 0.003 -12"><span class='ocrx_word' id='word_1_194' title='bbox 1022 564 1155 600; x_wconf 76' lang='grc' dir='ltr'><strong>χρησίμου</strong></span> <span class='ocrx_word' id='word_1_195' title='bbox 1168 564 1351 599; x_wconf 71' lang='grc' dir='ltr'><strong>τυγχανούσης</strong></span> <span class='ocrx_word' id='word_1_196' title='bbox 1362 563 1400 599; x_wconf 76' lang='grc' dir='ltr'>τῷ</span> <span class='ocrx_word' id='word_1_197' title='bbox 1414 565 1503 597; x_wconf 75' lang='grc' dir='ltr'>παντὶ,</span> <span class='ocrx_word' id='word_1_198' title='bbox 1521 566 1537 601; x_wconf 84' lang='grc' dir='ltr'>ἦ</span> <span class='ocrx_word' id='word_1_199' title='bbox 1551 565 1702 602; x_wconf 79' lang='grc' dir='ltr'>δυναμένης</span> <span class='ocrx_word' id='word_1_200' title='bbox 1716 575 1748 600; x_wconf 83' lang='grc' dir='ltr'><strong>γε</strong></span> <span class='ocrx_word' id='word_1_201' title='bbox 1765 564 1804 592; x_wconf 83' lang='grc' dir='ltr'><strong>εἶ-</strong></span> 
     </span>
    </p>
   </div>
   <div class='ocr_carea' id='block_1_29' title="bbox 1021 609 1804 648">
    <p class='ocr_par' dir='ltr' id='par_1_29' title="bbox 1021 609 1804 648">
     <span class='ocr_line' id='line_1_29' title="bbox 1021 609 1804 648; baseline 0.003 -11"><span class='ocrx_word' id='word_1_202' title='bbox 1021 619 1064 637; x_wconf 83' lang='grc' dir='ltr'><strong>ναι</strong></span> <span class='ocrx_word' id='word_1_203' title='bbox 1080 610 1224 646; x_wconf 74' lang='grc' dir='ltr'>χρησίμου,</span> <span class='ocrx_word' id='word_1_204' title='bbox 1239 609 1442 643; x_wconf 80' lang='grc' dir='ltr'>λελέξεται,ὃτι,</span> <span class='ocrx_word' id='word_1_205' title='bbox 1459 611 1610 647; x_wconf 77' lang='grc' dir='ltr'><strong>σωζομένου</strong></span> <span class='ocrx_word' id='word_1_206' title='bbox 1623 612 1670 639; x_wconf 81' lang='grc' dir='ltr'>τοῦ</span> <span class='ocrx_word' id='word_1_207' title='bbox 1683 613 1726 647; x_wconf 70' lang='grc' dir='ltr'><strong>ἐφ’</strong></span> <span class='ocrx_word' id='word_1_208' title='bbox 1740 614 1804 648; x_wconf 72' lang='grc' dir='ltr'>ἡμῖν</span> 
     </span>
    </p>
   </div>
   <div class='ocr_carea' id='block_1_30' title="bbox 1022 656 1804 693">
    <p class='ocr_par' dir='ltr' id='par_1_30' title="bbox 1022 656 1804 693">
     <span class='ocr_line' id='line_1_30' title="bbox 1022 656 1804 693; baseline 0.001 -9"><span class='ocrx_word' id='word_1_209' title='bbox 1022 657 1136 692; x_wconf 69' lang='grc' dir='ltr'>ἑκάστῳ,</span> <span class='ocrx_word' id='word_1_210' title='bbox 1152 656 1202 683; x_wconf 81' lang='grc' dir='ltr'><strong>κᾶν</strong></span> <span class='ocrx_word' id='word_1_211' title='bbox 1224 657 1409 691; x_wconf 77' lang='grc' dir='ltr'>συγχρήσηται</span> <span class='ocrx_word' id='word_1_212' title='bbox 1423 658 1456 692; x_wconf 84' lang='grc' dir='ltr'>τῇ</span> <span class='ocrx_word' id='word_1_213' title='bbox 1476 658 1560 693; x_wconf 77' lang='grc' dir='ltr'>κακίᾳ</span> <span class='ocrx_word' id='word_1_214' title='bbox 1577 657 1631 684; x_wconf 85' lang='grc' dir='ltr'><strong>τῶν</strong></span> <span class='ocrx_word' id='word_1_215' title='bbox 1644 659 1754 692; x_wconf 80' lang='grc' dir='ltr'>φαύλων</span> <span class='ocrx_word' id='word_1_216' title='bbox 1766 660 1804 691; x_wconf 68' lang='grc' dir='ltr'><strong>εἰς</strong></span> 
     </span>
    </p>
   </div>
   <div class='ocr_carea' id='block_1_31' title="bbox 1020 702 1805 738">
    <p class='ocr_par' dir='ltr' id='par_1_31' title="bbox 1020 702 1805 738">
     <span class='ocr_line' id='line_1_31' title="bbox 1020 702 1805 738; baseline 0.003 -9"><span class='ocrx_word' id='word_1_217' title='bbox 1020 702 1068 738; x_wconf 81' lang='grc' dir='ltr'><strong>τὴν</strong></span> <span class='ocrx_word' id='word_1_218' title='bbox 1081 702 1201 735; x_wconf 76' lang='grc' dir='ltr'>διάταξιν</span> <span class='ocrx_word' id='word_1_219' title='bbox 1214 702 1260 728; x_wconf 76' lang='grc' dir='ltr'>τοῦ</span> <span class='ocrx_word' id='word_1_220' title='bbox 1282 702 1380 734; x_wconf 81' lang='grc' dir='ltr'>παντὸς</span> <span class='ocrx_word' id='word_1_221' title='bbox 1395 703 1409 728; x_wconf 83' lang='grc' dir='ltr'><em>ὁ</em></span> <span class='ocrx_word' id='word_1_222' title='bbox 1419 702 1485 734; x_wconf 78' lang='grc' dir='ltr'>Θεὸς</span> <span class='ocrx_word' id='word_1_223' title='bbox 1495 723 1502 735; x_wconf 93' lang='grc'><strong>,</strong></span> <span class='ocrx_word' id='word_1_224' title='bbox 1518 705 1696 731; x_wconf 74' lang='grc' dir='ltr'>κατατάσσων</span> <span class='ocrx_word' id='word_1_225' title='bbox 1707 705 1805 736; x_wconf 70' lang='grc' dir='ltr'>αὐτους</span> 
     </span>
    </p>
   </div>
   <div class='ocr_carea' id='block_1_32' title="bbox 1021 747 1804 785">
    <p class='ocr_par' dir='ltr' id='par_1_32' title="bbox 1021 747 1804 785">
     <span class='ocr_line' id='line_1_32' title="bbox 1021 747 1804 785; baseline 0.003 -10"><span class='ocrx_word' id='word_1_226' title='bbox 1021 750 1060 779; x_wconf 79' lang='grc' dir='ltr'><strong>εἰς</strong></span> <span class='ocrx_word' id='word_1_227' title='bbox 1079 748 1170 783; x_wconf 82' lang='grc' dir='ltr'>χρείαν</span> <span class='ocrx_word' id='word_1_228' title='bbox 1185 747 1231 774; x_wconf 79' lang='grc' dir='ltr'>τοῦ</span> <span class='ocrx_word' id='word_1_229' title='bbox 1251 747 1350 779; x_wconf 80' lang='grc' dir='ltr'>παντός</span> <span class='ocrx_word' id='word_1_230' title='bbox 1363 755 1370 763; x_wconf 94' lang='grc'><strong>·</strong></span> <span class='ocrx_word' id='word_1_231' title='bbox 1383 749 1457 775; x_wconf 67' lang='grc' dir='ltr'>οὐδὲν</span> <span class='ocrx_word' id='word_1_232' title='bbox 1469 747 1550 785; x_wconf 76' lang='grc' dir='ltr'>ἦττον</span> <span class='ocrx_word' id='word_1_233' title='bbox 1568 750 1666 784; x_wconf 68' lang='grc' dir='ltr'>ψεκτός</span> <span class='ocrx_word' id='word_1_234' title='bbox 1681 751 1711 777; x_wconf 84' lang='grc' dir='ltr'><strong><em>τὲ</em></strong></span> <span class='ocrx_word' id='word_1_235' title='bbox 1731 752 1804 777; x_wconf 71' lang='grc' dir='ltr'>ἐστιν</span> 
     </span>
    </p>
   </div>
   <div class='ocr_carea' id='block_1_33' title="bbox 1020 793 1806 833">
    <p class='ocr_par' dir='ltr' id='par_1_33' title="bbox 1020 793 1806 833">
     <span class='ocr_line' id='line_1_33' title="bbox 1020 793 1806 833; baseline 0.001 -12"><span class='ocrx_word' id='word_1_236' title='bbox 1020 796 1033 821; x_wconf 85' lang='grc' dir='ltr'><strong>ό</strong></span> <span class='ocrx_word' id='word_1_237' title='bbox 1053 794 1153 821; x_wconf 83' lang='grc' dir='ltr'>τοιόσδε</span> <span class='ocrx_word' id='word_1_238' title='bbox 1165 814 1172 826; x_wconf 86' lang='grc'><strong>,</strong></span> <span class='ocrx_word' id='word_1_239' title='bbox 1186 796 1232 821; x_wconf 81' lang='grc' dir='ltr'><strong>καὶ</strong></span> <span class='ocrx_word' id='word_1_240' title='bbox 1251 793 1289 825; x_wconf 82' lang='grc' dir='ltr'><strong>ὡς</strong></span> <span class='ocrx_word' id='word_1_241' title='bbox 1310 794 1408 829; x_wconf 68' lang='grc' dir='ltr'>ψεκτὸς</span> <span class='ocrx_word' id='word_1_242' title='bbox 1425 796 1622 822; x_wconf 68' lang='grc' dir='ltr'><strong>κατατέτακται</strong></span> <span class='ocrx_word' id='word_1_243' title='bbox 1648 798 1688 828; x_wconf 80' lang='grc' dir='ltr'><strong>εἰς</strong></span> <span class='ocrx_word' id='word_1_244' title='bbox 1711 797 1806 833; x_wconf 78' lang='grc' dir='ltr'>χρείαν</span> 
     </span>
    </p>
   </div>
   <div class='ocr_carea' id='block_1_34' title="bbox 1022 841 1806 877">
    <p class='ocr_par' dir='ltr' id='par_1_34' title="bbox 1022 841 1806 877">
     <span class='ocr_line' id='line_1_34' title="bbox 1022 841 1806 877; baseline 0.003 -10"><span class='ocrx_word' id='word_1_245' title='bbox 1022 841 1188 868; x_wconf 80' lang='grc' dir='ltr'>ἀπευκταίαν</span> <span class='ocrx_word' id='word_1_246' title='bbox 1203 841 1250 876; x_wconf 79' lang='grc' dir='ltr'><strong>μὲν</strong></span> <span class='ocrx_word' id='word_1_247' title='bbox 1274 843 1389 877; x_wconf 77' lang='grc' dir='ltr'><strong>ἑκάστῳ,</strong></span> <span class='ocrx_word' id='word_1_248' title='bbox 1412 843 1545 877; x_wconf 78' lang='grc' dir='ltr'>χρήσιμον</span> <span class='ocrx_word' id='word_1_249' title='bbox 1560 842 1588 868; x_wconf 79' lang='grc' dir='ltr'>δὲ</span> <span class='ocrx_word' id='word_1_250' title='bbox 1601 842 1639 877; x_wconf 81' lang='grc' dir='ltr'><strong>τῷ</strong></span> <span class='ocrx_word' id='word_1_251' title='bbox 1653 843 1744 869; x_wconf 77' lang='grc' dir='ltr'>παντί.</span> <span class='ocrx_word' id='word_1_252' title='bbox 1764 844 1806 875; x_wconf 75' lang='grc' dir='ltr'><strong>Ὡς</strong></span> 
     </span>
    </p>
   </div>
   <div class='ocr_carea' id='block_1_35' title="bbox 188 886 965 931">
    <p class='ocr_par' dir='ltr' id='par_1_35' title="bbox 188 891 965 931">
     <span class='ocr_line' id='line_1_35' title="bbox 188 891 965 931; baseline 0.004 -15"><span class='ocrx_word' id='word_1_253' title='bbox 188 897 268 917; x_wconf 85' lang='lat' dir='ltr'><strong>nemo</strong></span> <span class='ocrx_word' id='word_1_254' title='bbox 281 895 324 917; x_wconf 88' lang='lat' dir='ltr'><strong>est</strong></span> <span class='ocrx_word' id='word_1_255' title='bbox 337 891 381 925; x_wconf 92' lang='lat' dir='ltr'><strong>qui</strong></span> <span class='ocrx_word' id='word_1_256' title='bbox 397 891 542 919; x_wconf 84' lang='lat' dir='ltr'><strong>utilitatem</strong></span> <span class='ocrx_word' id='word_1_257' title='bbox 556 892 630 919; x_wconf 93' lang='lat' dir='ltr'><strong>illam</strong></span> <span class='ocrx_word' id='word_1_258' title='bbox 647 892 778 920; x_wconf 83' lang='lat' dir='ltr'><strong>detestari</strong></span> <span class='ocrx_word' id='word_1_259' title='bbox 794 900 846 931; x_wconf 85' lang='lat' dir='ltr'><strong>nou</strong></span> <span class='ocrx_word' id='word_1_260' title='bbox 862 893 965 920; x_wconf 84' lang='lat' dir='ltr'><strong>debeat.</strong></span> 
     </span>
    </p>
   </div>
   <div class='ocr_carea' id='block_1_36' title="bbox 1022 886 1805 931">
    <p class='ocr_par' dir='ltr' id='par_1_36' title="bbox 1025 887 1805 923">
     <span class='ocr_line' id='line_1_36' title="bbox 1025 887 1805 923; baseline 0.001 -11"><span class='ocrx_word' id='word_1_261' title='bbox 1025 887 1048 912; x_wconf 84' lang='grc' dir='ltr'>εἰ</span> <span class='ocrx_word' id='word_1_262' title='bbox 1065 887 1111 913; x_wconf 80' lang='grc' dir='ltr'><strong>καὶ</strong></span> <span class='ocrx_word' id='word_1_263' title='bbox 1125 887 1169 912; x_wconf 77' lang='grc' dir='ltr'>ἐπὶ</span> <span class='ocrx_word' id='word_1_264' title='bbox 1182 887 1233 913; x_wconf 84' lang='grc' dir='ltr'>τῶν</span> <span class='ocrx_word' id='word_1_265' title='bbox 1249 887 1350 914; x_wconf 81' lang='grc' dir='ltr'>πόλεών</span> <span class='ocrx_word' id='word_1_266' title='bbox 1364 895 1405 918; x_wconf 85' lang='grc' dir='ltr'>τις</span> <span class='ocrx_word' id='word_1_267' title='bbox 1418 887 1492 921; x_wconf 74' lang='grc' dir='ltr'>ἔλεγε</span> <span class='ocrx_word' id='word_1_268' title='bbox 1508 887 1553 913; x_wconf 76' lang='grc' dir='ltr'>τὸν</span> <span class='ocrx_word' id='word_1_269' title='bbox 1567 887 1630 914; x_wconf 73' lang='grc' dir='ltr'>τάδε</span> <span class='ocrx_word' id='word_1_270' title='bbox 1643 887 1703 914; x_wconf 70' lang='grc' dir='ltr'>τινὰ</span> <span class='ocrx_word' id='word_1_271' title='bbox 1717 889 1805 923; x_wconf 81' lang='grc' dir='ltr'>ἡμαρ-</span> 
     </span>
    </p>
   </div>
   <div class='ocr_carea' id='block_1_37' title="bbox 186 935 969 972">
    <p class='ocr_par' dir='ltr' id='par_1_37' title="bbox 186 935 969 972">
     <span class='ocr_line' id='line_1_37' title="bbox 186 935 969 972; baseline 0.003 -9"><span class='ocrx_word' id='word_1_272' title='bbox 186 935 244 963; x_wconf 74' lang='lat' dir='ltr'><strong>Non</strong></span> <span class='ocrx_word' id='word_1_273' title='bbox 264 936 344 964; x_wconf 87' lang='lat' dir='ltr'><strong>aliter</strong></span> <span class='ocrx_word' id='word_1_274' title='bbox 367 944 399 964; x_wconf 87' lang='lat' dir='ltr'><strong>ac</strong></span> <span class='ocrx_word' id='word_1_275' title='bbox 419 937 441 964; x_wconf 86' lang='lat' dir='ltr'><strong>si</strong></span> <span class='ocrx_word' id='word_1_276' title='bbox 466 938 527 972; x_wconf 89' lang='lat' dir='ltr'><strong>quis</strong></span> <span class='ocrx_word' id='word_1_277' title='bbox 542 939 724 972; x_wconf 89' lang='lat' dir='ltr'><strong>quorumdam</strong></span> <span class='ocrx_word' id='word_1_278' title='bbox 747 938 890 965; x_wconf 84' lang='lat' dir='ltr'><strong>criminum</strong></span> <span class='ocrx_word' id='word_1_279' title='bbox 906 946 969 966; x_wconf 88' lang='lat' dir='ltr'><strong>reus</strong></span> 
     </span>
    </p>
   </div>
   <div class='ocr_carea' id='block_1_38' title="bbox 185 982 969 1019">
    <p class='ocr_par' dir='ltr' id='par_1_38' title="bbox 185 982 969 1019">
     <span class='ocr_line' id='line_1_38' title="bbox 185 982 969 1019; baseline 0.004 -11"><span class='ocrx_word' id='word_1_280' title='bbox 185 987 297 1016; x_wconf 79' lang='lat' dir='ltr'><strong>propter</strong></span> <span class='ocrx_word' id='word_1_281' title='bbox 322 982 378 1010; x_wconf 61' lang='lat' dir='ltr'><strong>haec</strong></span> <span class='ocrx_word' id='word_1_282' title='bbox 394 982 570 1010; x_wconf 80' lang='lat' dir='ltr'><strong>damnaretur</strong></span> <span class='ocrx_word' id='word_1_283' title='bbox 585 984 611 1010; x_wconf 93' lang='lat' dir='ltr'><strong>in</strong></span> <span class='ocrx_word' id='word_1_284' title='bbox 627 984 694 1011; x_wconf 89' lang='lat' dir='ltr'><strong>urbe</strong></span> <span class='ocrx_word' id='word_1_285' title='bbox 709 984 743 1010; x_wconf 86' lang='lat' dir='ltr'><strong>ad</strong></span> <span class='ocrx_word' id='word_1_286' title='bbox 765 991 847 1018; x_wconf 85' lang='lat' dir='ltr'><strong>opera</strong></span> <span class='ocrx_word' id='word_1_287' title='bbox 865 984 969 1019; x_wconf 86' lang='lat' dir='ltr'><strong>publica</strong></span> 
     </span>
    </p>
   </div>
   <div class='ocr_carea' id='block_1_39' title="bbox 185 1028 969 1065">
    <p class='ocr_par' dir='ltr' id='par_1_39' title="bbox 185 1028 969 1065">
     <span class='ocr_line' id='line_1_39' title="bbox 185 1028 969 1065; baseline 0.005 -11"><span class='ocrx_word' id='word_1_288' title='bbox 185 1028 308 1062; x_wconf 71' lang='lat' dir='ltr'><strong>qutedam</strong></span> <span class='ocrx_word' id='word_1_289' title='bbox 335 1028 461 1056; x_wconf 90' lang='lat' dir='ltr'><strong>omnibus</strong></span> <span class='ocrx_word' id='word_1_290' title='bbox 486 1029 581 1062; x_wconf 86' lang='lat' dir='ltr'><strong>utilia,</strong></span> <span class='ocrx_word' id='word_1_291' title='bbox 607 1030 629 1057; x_wconf 91' lang='lat' dir='ltr'><strong>is</strong></span> <span class='ocrx_word' id='word_1_292' title='bbox 644 1030 781 1058; x_wconf 88' lang='lat' dir='ltr'><strong>diceretur</strong></span> <span class='ocrx_word' id='word_1_293' title='bbox 796 1031 860 1065; x_wconf 91' lang='lat' dir='ltr'><strong>quid</strong></span> <span class='ocrx_word' id='word_1_294' title='bbox 880 1030 969 1058; x_wconf 78' lang='lat' dir='ltr'><strong>facere</strong></span> 
     </span>
    </p>
   </div>
   <div class='ocr_carea' id='block_1_40' title="bbox 186 1074 970 1112">
    <p class='ocr_par' dir='ltr' id='par_1_40' title="bbox 186 1074 970 1112">
     <span class='ocr_line' id='line_1_40' title="bbox 186 1074 970 1112; baseline 0.01 -14"><span class='ocrx_word' id='word_1_295' title='bbox 186 1074 258 1107; x_wconf 87' lang='lat' dir='ltr'><strong>quod</strong></span> <span class='ocrx_word' id='word_1_296' title='bbox 274 1074 321 1101; x_wconf 88' lang='lat' dir='ltr'><strong>toti</strong></span> <span class='ocrx_word' id='word_1_297' title='bbox 337 1075 397 1102; x_wconf 83' lang='lat' dir='ltr'><strong>urbi</strong></span> <span class='ocrx_word' id='word_1_298' title='bbox 411 1075 555 1103; x_wconf 87' lang='lat' dir='ltr'><strong>utilitatem</strong></span> <span class='ocrx_word' id='word_1_299' title='bbox 572 1075 703 1107; x_wconf 81' lang='lat' dir='ltr'><strong>aﬂ&#39;erret;</strong></span> <span class='ocrx_word' id='word_1_300' title='bbox 718 1077 776 1112; x_wconf 86' lang='lat' dir='ltr'><strong>ipse</strong></span> <span class='ocrx_word' id='word_1_301' title='bbox 788 1081 878 1104; x_wconf 87' lang='lat' dir='ltr'><strong>tamen</strong></span> <span class='ocrx_word' id='word_1_302' title='bbox 895 1078 970 1105; x_wconf 84' lang='lat' dir='ltr'><strong>vide-</strong></span> 
     </span>
    </p>
   </div>
   <div class='ocr_carea' id='block_1_41' title="bbox 187 1118 969 1158">
    <p class='ocr_par' dir='ltr' id='par_1_41' title="bbox 187 1118 969 1158">
     <span class='ocr_line' id='line_1_41' title="bbox 187 1118 969 1158; baseline 0.008 -13"><span class='ocrx_word' id='word_1_303' title='bbox 187 1124 264 1146; x_wconf 82' lang='lat' dir='ltr'><strong>retur</strong></span> <span class='ocrx_word' id='word_1_304' title='bbox 279 1118 354 1154; x_wconf 78' lang='grc' dir='ltr'>[ιιιιεί</span> <span class='ocrx_word' id='word_1_305' title='bbox 371 1121 552 1148; x_wconf 86' lang='lat' dir='ltr'><strong>abominando</strong></span> <span class='ocrx_word' id='word_1_306' title='bbox 574 1129 695 1154; x_wconf 83' lang='lat' dir='ltr'><strong>munere,</strong></span> <span class='ocrx_word' id='word_1_307' title='bbox 712 1123 738 1149; x_wconf 87' lang='lat' dir='ltr'><strong>in</strong></span> <span class='ocrx_word' id='word_1_308' title='bbox 752 1130 806 1158; x_wconf 91' lang='lat' dir='ltr'><strong>quo</strong></span> <span class='ocrx_word' id='word_1_309' title='bbox 824 1131 903 1151; x_wconf 89' lang='lat' dir='ltr'><strong>nemo</strong></span> <span class='ocrx_word' id='word_1_310' title='bbox 927 1124 969 1151; x_wconf 85' lang='lat' dir='ltr'><strong>vel</strong></span> 
     </span>
    </p>
   </div>
   <div class='ocr_carea' id='block_1_42' title="bbox 187 1165 968 1204">
    <p class='ocr_par' dir='ltr' id='par_1_42' title="bbox 187 1165 968 1204">
     <span class='ocr_line' id='line_1_42' title="bbox 187 1165 968 1204; baseline 0.008 -13"><span class='ocrx_word' id='word_1_311' title='bbox 187 1165 359 1192; x_wconf 69' lang='lat' dir='ltr'><strong>mediocriter</strong></span> <span class='ocrx_word' id='word_1_312' title='bbox 382 1167 490 1201; x_wconf 85' lang='lat' dir='ltr'><strong>sapiens</strong></span> <span class='ocrx_word' id='word_1_313' title='bbox 509 1168 612 1195; x_wconf 89' lang='lat' dir='ltr'><strong>versari</strong></span> <span class='ocrx_word' id='word_1_314' title='bbox 629 1169 718 1196; x_wconf 86' lang='lat' dir='ltr'><strong>vellet.</strong></span> <span class='ocrx_word' id='word_1_315' title='bbox 746 1169 815 1196; x_wconf 89' lang='lat' dir='ltr'><strong>Hinc</strong></span> <span class='ocrx_word' id='word_1_316' title='bbox 838 1174 879 1197; x_wconf 90' lang='lat' dir='ltr'><strong>est</strong></span> <span class='ocrx_word' id='word_1_317' title='bbox 897 1170 968 1204; x_wconf 90' lang='lat' dir='ltr'><strong>quod</strong></span> 
     </span>
    </p>
   </div>
   <div class='ocr_carea' id='block_1_43' title="bbox 186 1210 968 1247">
    <p class='ocr_par' dir='ltr' id='par_1_43' title="bbox 186 1210 968 1247">
     <span class='ocr_line' id='line_1_43' title="bbox 186 1210 968 1247; baseline 0.006 -9"><span class='ocrx_word' id='word_1_318' title='bbox 186 1211 286 1239; x_wconf 84' lang='lat' dir='ltr'><strong>Paulus</strong></span> <span class='ocrx_word' id='word_1_319' title='bbox 295 1210 357 1239; x_wconf 76' lang='lat' dir='ltr'><strong>Jesu</strong></span> <span class='ocrx_word' id='word_1_320' title='bbox 374 1213 512 1247; x_wconf 88' lang='lat' dir='ltr'><strong>apostolus</strong></span> <span class='ocrx_word' id='word_1_321' title='bbox 526 1221 575 1241; x_wconf 89' lang='lat' dir='ltr'><strong>nos</strong></span> <span class='ocrx_word' id='word_1_322' title='bbox 589 1214 684 1242; x_wconf 88' lang='lat' dir='ltr'><strong>doceat</strong></span> <span class='ocrx_word' id='word_1_323' title='bbox 698 1215 778 1242; x_wconf 87' lang='lat' dir='ltr'><strong>utiles</strong></span> <span class='ocrx_word' id='word_1_324' title='bbox 792 1215 897 1243; x_wconf 82' lang='lat' dir='ltr'><strong>futuros</strong></span> <span class='ocrx_word' id='word_1_325' title='bbox 908 1223 968 1244; x_wconf 88' lang='lat' dir='ltr'><strong>esse</strong></span> 
     </span>
    </p>
   </div>
   <div class='ocr_carea' id='block_1_44' title="bbox 187 1257 968 1296">
    <p class='ocr_par' dir='ltr' id='par_1_44' title="bbox 187 1257 968 1296">
     <span class='ocr_line' id='line_1_44' title="bbox 187 1257 968 1296; baseline 0.008 -13"><span class='ocrx_word' id='word_1_326' title='bbox 187 1257 355 1284; x_wconf 80' lang='lat' dir='ltr'><strong>universitati</strong></span> <span class='ocrx_word' id='word_1_327' title='bbox 371 1258 413 1285; x_wconf 87' lang='lat' dir='ltr'><strong>vel</strong></span> <span class='ocrx_word' id='word_1_328' title='bbox 428 1259 607 1293; x_wconf 85' lang='lat' dir='ltr'><strong>nequissimos</strong></span> <span class='ocrx_word' id='word_1_329' title='bbox 619 1281 626 1292; x_wconf 83' lang='grc'><strong>,</strong></span> <span class='ocrx_word' id='word_1_330' title='bbox 642 1261 768 1295; x_wconf 84' lang='lat' dir='ltr'><strong>quamvis</strong></span> <span class='ocrx_word' id='word_1_331' title='bbox 791 1261 899 1296; x_wconf 85' lang='lat' dir='ltr'><strong>ipsimet</strong></span> <span class='ocrx_word' id='word_1_332' title='bbox 913 1262 968 1289; x_wconf 86' lang='lat' dir='ltr'><strong>sint</strong></span> 
     </span>
    </p>
   </div>
   <div class='ocr_carea' id='block_1_45' title="bbox 187 1302 966 1342">
    <p class='ocr_par' dir='ltr' id='par_1_45' title="bbox 187 1302 966 1342">
     <span class='ocr_line' id='line_1_45' title="bbox 187 1302 966 1342; baseline 0.008 -13"><span class='ocrx_word' id='word_1_333' title='bbox 187 1302 260 1330; x_wconf 87' lang='lat' dir='ltr'><strong>inter</strong></span> <span class='ocrx_word' id='word_1_334' title='bbox 271 1303 468 1332; x_wconf 85' lang='lat' dir='ltr'><strong>abominandos</strong></span> <span class='ocrx_word' id='word_1_335' title='bbox 482 1305 618 1341; x_wconf 75' lang='lat' dir='ltr'><strong>relegaudi</strong></span> <span class='ocrx_word' id='word_1_336' title='bbox 639 1315 646 1338; x_wconf 86' lang='lat'><strong>;</strong></span> <span class='ocrx_word' id='word_1_337' title='bbox 669 1307 715 1334; x_wconf 86' lang='lat' dir='ltr'><strong>sed</strong></span> <span class='ocrx_word' id='word_1_338' title='bbox 731 1314 778 1334; x_wconf 90' lang='lat' dir='ltr'><strong>eos</strong></span> <span class='ocrx_word' id='word_1_339' title='bbox 791 1328 799 1340; x_wconf 91' lang='lat'><em>,</em></span> <span class='ocrx_word' id='word_1_340' title='bbox 814 1309 860 1342; x_wconf 91' lang='lat' dir='ltr'><strong>qui</strong></span> <span class='ocrx_word' id='word_1_341' title='bbox 875 1309 966 1335; x_wconf 88' lang='lat' dir='ltr'><strong>virtuti</strong></span> 
     </span>
    </p>
   </div>
   <div class='ocr_carea' id='block_1_46' title="bbox 186 1348 966 1387">
    <p class='ocr_par' dir='ltr' id='par_1_46' title="bbox 186 1348 966 1387">
     <span class='ocr_line' id='line_1_46' title="bbox 186 1348 966 1387; baseline 0.008 -12"><span class='ocrx_word' id='word_1_342' title='bbox 186 1348 307 1382; x_wconf 73' lang='lat' dir='ltr'><strong>student,</strong></span> <span class='ocrx_word' id='word_1_343' title='bbox 319 1351 453 1378; x_wconf 77' lang='lat' dir='ltr'><strong>maximas</strong></span> <span class='ocrx_word' id='word_1_344' title='bbox 465 1351 625 1386; x_wconf 69' lang='lat' dir='ltr'><strong>praebituros</strong></span> <span class='ocrx_word' id='word_1_345' title='bbox 638 1353 809 1380; x_wconf 81' lang='lat' dir='ltr'><strong>universitati</strong></span> <span class='ocrx_word' id='word_1_346' title='bbox 825 1354 966 1387; x_wconf 77' lang='lat' dir='ltr'><strong>utilitates.</strong></span> 
     </span>
    </p>
   </div>
   <div class='ocr_carea' id='block_1_47' title="bbox 185 1395 964 1431">
    <p class='ocr_par' dir='ltr' id='par_1_47' title="bbox 185 1395 964 1431">
     <span class='ocr_line' id='line_1_47' title="bbox 185 1395 964 1431; baseline 0.006 -9"><span class='ocrx_word' id='word_1_347' title='bbox 185 1399 212 1422; x_wconf 84' lang='lat' dir='ltr'><strong>et</strong></span> <span class='ocrx_word' id='word_1_348' title='bbox 226 1395 327 1423; x_wconf 90' lang='lat' dir='ltr'><strong>idcirco</strong></span> <span class='ocrx_word' id='word_1_349' title='bbox 342 1396 368 1423; x_wconf 90' lang='lat' dir='ltr'><strong>in</strong></span> <span class='ocrx_word' id='word_1_350' title='bbox 384 1397 594 1431; x_wconf 71' lang='lat' dir='ltr'><strong>praeclarissimo</strong></span> <span class='ocrx_word' id='word_1_351' title='bbox 609 1399 667 1426; x_wconf 89' lang='lat' dir='ltr'><strong>loco</strong></span> <span class='ocrx_word' id='word_1_352' title='bbox 689 1406 749 1426; x_wconf 85' lang='lat' dir='ltr'><strong>esse</strong></span> <span class='ocrx_word' id='word_1_353' title='bbox 773 1399 944 1428; x_wconf 86' lang='lat' dir='ltr'><strong>collocandos</strong></span> <span class='ocrx_word' id='word_1_354' title='bbox 958 1410 964 1427; x_wconf 91' lang='lat'><strong>:</strong></span> 
     </span>
    </p>
   </div>
   <div class='ocr_carea' id='block_1_48' title="bbox 188 1441 966 1478">
    <p class='ocr_par' dir='ltr' id='par_1_48' title="bbox 188 1441 966 1478">
     <span class='ocr_line' id='line_1_48' title="bbox 188 1441 966 1478; baseline 0.006 -10"><span class='ocrx_word' id='word_1_355' title='bbox 188 1450 198 1467; x_wconf 86' lang='grc' dir='ltr'>ι</span> <span class='ocrx_word' id='word_1_356' title='bbox 218 1441 245 1468; x_wconf 92' lang='lat' dir='ltr'><strong>In</strong></span> <span class='ocrx_word' id='word_1_357' title='bbox 269 1450 366 1476; x_wconf 77' lang='lat' dir='ltr'><strong>magna</strong></span> <span class='ocrx_word' id='word_1_358' title='bbox 391 1444 489 1476; x_wconf 82' lang='lat' dir='ltr'><strong>domo,</strong></span> <span class='ocrx_word' id='word_1_359' title='bbox 515 1445 621 1478; x_wconf 91' lang='lat' dir='ltr'><strong>inquit,</strong></span> <span class='ocrx_word' id='word_1_360' title='bbox 639 1452 691 1472; x_wconf 91' lang='lat' dir='ltr'><strong>non</strong></span> <span class='ocrx_word' id='word_1_361' title='bbox 715 1445 802 1473; x_wconf 90' lang='lat' dir='ltr'><strong>solum</strong></span> <span class='ocrx_word' id='word_1_362' title='bbox 820 1451 883 1473; x_wconf 88' lang='lat' dir='ltr'><strong>sunt</strong></span> <span class='ocrx_word' id='word_1_363' title='bbox 903 1454 966 1473; x_wconf 83' lang='lat' dir='ltr'><strong>vasa</strong></span> 
     </span>
    </p>
   </div>
   <div class='ocr_carea' id='block_1_49' title="bbox 185 1489 967 1527">
    <p class='ocr_par' dir='ltr' id='par_1_49' title="bbox 185 1489 967 1527">
     <span class='ocr_line' id='line_1_49' title="bbox 185 1489 967 1527; baseline 0.008 -13"><span class='ocrx_word' id='word_1_364' title='bbox 185 1495 267 1515; x_wconf 84' lang='lat' dir='ltr'><strong>aurea</strong></span> <span class='ocrx_word' id='word_1_365' title='bbox 282 1493 310 1515; x_wconf 89' lang='lat' dir='ltr'><strong>et</strong></span> <span class='ocrx_word' id='word_1_366' title='bbox 326 1493 464 1523; x_wconf 75' lang='lat' dir='ltr'><strong>argentea,</strong></span> <span class='ocrx_word' id='word_1_367' title='bbox 478 1489 525 1516; x_wconf 86' lang='lat' dir='ltr'><strong>sed</strong></span> <span class='ocrx_word' id='word_1_368' title='bbox 541 1494 568 1516; x_wconf 89' lang='lat' dir='ltr'><strong>et</strong></span> <span class='ocrx_word' id='word_1_369' title='bbox 582 1490 669 1525; x_wconf 78' lang='lat' dir='ltr'><strong>lignea</strong></span> <span class='ocrx_word' id='word_1_370' title='bbox 682 1496 708 1518; x_wconf 88' lang='lat' dir='ltr'><strong>et</strong></span> <span class='ocrx_word' id='word_1_371' title='bbox 723 1491 815 1519; x_wconf 74' lang='lat' dir='ltr'><strong>ﬁctilia</strong></span> <span class='ocrx_word' id='word_1_372' title='bbox 828 1500 836 1525; x_wconf 84' lang='lat'><strong>;</strong></span> <span class='ocrx_word' id='word_1_373' title='bbox 853 1497 880 1520; x_wconf 86' lang='lat' dir='ltr'><strong>et</strong></span> <span class='ocrx_word' id='word_1_374' title='bbox 893 1500 967 1527; x_wconf 71' lang='lat' dir='ltr'><strong>quae-</strong></span> 
     </span>
    </p>
   </div>
   <div class='ocr_carea' id='block_1_50' title="bbox 185 1533 1001 1582">
    <p class='ocr_par' dir='ltr' id='par_1_50' title="bbox 185 1533 1001 1582">
     <span class='ocr_line' id='line_1_50' title="bbox 185 1533 1001 1582; baseline 0.007 -23"><span class='ocrx_word' id='word_1_375' title='bbox 185 1533 246 1559; x_wconf 83' lang='lat' dir='ltr'><strong>dam</strong></span> <span class='ocrx_word' id='word_1_376' title='bbox 261 1533 369 1567; x_wconf 88' lang='lat' dir='ltr'><strong>quidem</strong></span> <span class='ocrx_word' id='word_1_377' title='bbox 390 1534 416 1561; x_wconf 90' lang='lat' dir='ltr'><strong>in</strong></span> <span class='ocrx_word' id='word_1_378' title='bbox 432 1534 574 1568; x_wconf 87' lang='lat' dir='ltr'><strong>honorem,</strong></span> <span class='ocrx_word' id='word_1_379' title='bbox 588 1537 710 1571; x_wconf 66' lang='lat' dir='ltr'><strong>quaedam</strong></span> <span class='ocrx_word' id='word_1_380' title='bbox 726 1543 815 1565; x_wconf 88' lang='lat' dir='ltr'><strong>autem</strong></span> <span class='ocrx_word' id='word_1_381' title='bbox 832 1538 857 1564; x_wconf 92' lang='lat' dir='ltr'><strong>in</strong></span> <span class='ocrx_word' id='word_1_382' title='bbox 873 1543 966 1564; x_wconf 81' lang='lat' dir='ltr'><strong>contu—</strong></span> <span class='ocrx_word' id='word_1_383' title='bbox 981 1553 1001 1582; x_wconf 67' lang='grc' dir='ltr'>ο</span> 
     </span>
    </p>
   </div>
   <div class='ocr_carea' id='block_1_51' title="bbox 187 1577 966 1618">
    <p class='ocr_par' dir='ltr' id='par_1_51' title="bbox 187 1577 966 1618">
     <span class='ocr_line' id='line_1_51' title="bbox 187 1577 966 1618; baseline 0.009 -13"><span class='ocrx_word' id='word_1_384' title='bbox 187 1577 307 1605; x_wconf 76' lang='lat' dir='ltr'><strong>mellam.</strong></span> <span class='ocrx_word' id='word_1_385' title='bbox 321 1579 350 1606; x_wconf 89' lang='lat' dir='ltr'><strong>Si</strong></span> <span class='ocrx_word' id='word_1_386' title='bbox 367 1579 426 1614; x_wconf 88' lang='lat' dir='ltr'><strong>quis</strong></span> <span class='ocrx_word' id='word_1_387' title='bbox 447 1587 512 1616; x_wconf 73' lang='lat' dir='ltr'><strong>ergo</strong></span> <span class='ocrx_word' id='word_1_388' title='bbox 525 1581 713 1610; x_wconf 85' lang='lat' dir='ltr'><strong>emundaverit</strong></span> <span class='ocrx_word' id='word_1_389' title='bbox 726 1590 755 1611; x_wconf 91' lang='lat' dir='ltr'><strong>se</strong></span> <span class='ocrx_word' id='word_1_390' title='bbox 769 1583 802 1610; x_wconf 89' lang='lat' dir='ltr'><strong>ab</strong></span> <span class='ocrx_word' id='word_1_391' title='bbox 816 1584 876 1612; x_wconf 91' lang='lat' dir='ltr'><strong>istis</strong></span> <span class='ocrx_word' id='word_1_392' title='bbox 889 1604 896 1618; x_wconf 89' lang='lat'><strong>,</strong></span> <span class='ocrx_word' id='word_1_393' title='bbox 913 1585 966 1612; x_wconf 87' lang='lat' dir='ltr'><strong>erit</strong></span> 
     </span>
    </p>
   </div>
   <div class='ocr_carea' id='block_1_52' title="bbox 186 1623 965 1665">
    <p class='ocr_par' dir='ltr' id='par_1_52' title="bbox 186 1623 965 1665">
     <span class='ocr_line' id='line_1_52' title="bbox 186 1623 965 1665; baseline 0.01 -15"><span class='ocrx_word' id='word_1_394' title='bbox 186 1631 236 1652; x_wconf 88' lang='lat' dir='ltr'><strong>vas</strong></span> <span class='ocrx_word' id='word_1_395' title='bbox 251 1623 277 1651; x_wconf 92' lang='lat' dir='ltr'><strong>in</strong></span> <span class='ocrx_word' id='word_1_396' title='bbox 294 1624 423 1652; x_wconf 85' lang='lat' dir='ltr'><strong>honorem</strong></span> <span class='ocrx_word' id='word_1_397' title='bbox 438 1645 445 1658; x_wconf 84' lang='lat'><strong><em>,</em></strong></span> <span class='ocrx_word' id='word_1_398' title='bbox 460 1627 661 1655; x_wconf 84' lang='lat' dir='ltr'><strong>sanctiﬁcatum</strong></span> <span class='ocrx_word' id='word_1_399' title='bbox 676 1648 683 1660; x_wconf 94' lang='lat'><strong><em>,</em></strong></span> <span class='ocrx_word' id='word_1_400' title='bbox 698 1633 726 1656; x_wconf 86' lang='lat' dir='ltr'><strong>et</strong></span> <span class='ocrx_word' id='word_1_401' title='bbox 750 1629 816 1657; x_wconf 88' lang='lat' dir='ltr'><strong>utile</strong></span> <span class='ocrx_word' id='word_1_402' title='bbox 840 1629 965 1665; x_wconf 86' lang='lat' dir='ltr'><strong>Domino,</strong></span> 
     </span>
    </p>
   </div>
   <div class='ocr_carea' id='block_1_53' title="bbox 185 1669 965 1713">
    <p class='ocr_par' dir='ltr' id='par_1_53' title="bbox 185 1669 965 1713">
     <span class='ocr_line' id='line_1_53' title="bbox 185 1669 965 1713; baseline 0.012 -17"><span class='ocrx_word' id='word_1_403' title='bbox 185 1669 220 1697; x_wconf 88' lang='lat' dir='ltr'><strong>ad</strong></span> <span class='ocrx_word' id='word_1_404' title='bbox 255 1677 335 1699; x_wconf 89' lang='lat' dir='ltr'><strong>omne</strong></span> <span class='ocrx_word' id='word_1_405' title='bbox 367 1679 433 1707; x_wconf 92' lang='lat' dir='ltr'><strong>opus</strong></span> <span class='ocrx_word' id='word_1_406' title='bbox 463 1673 565 1700; x_wconf 94' lang='lat' dir='ltr'><strong>bonum</strong></span> <span class='ocrx_word' id='word_1_407' title='bbox 605 1679 729 1709; x_wconf 85' lang='lat' dir='ltr'><strong>paratum</strong></span> <span class='ocrx_word' id='word_1_408' title='bbox 763 1675 796 1703; x_wconf 81' lang='grc'><strong>³⁸.</strong></span> <span class='ocrx_word' id='word_1_409' title='bbox 833 1686 843 1702; x_wconf 84' lang='grc' dir='ltr'><strong>ι</strong></span> <span class='ocrx_word' id='word_1_410' title='bbox 878 1677 965 1713; x_wconf 83' lang='lat' dir='ltr'><strong>Atque</strong></span> 
     </span>
    </p>
   </div>
   <div class='ocr_carea' id='block_1_54' title="bbox 185 1715 964 1752">
    <p class='ocr_par' dir='ltr' id='par_1_54' title="bbox 185 1715 964 1752">
     <span class='ocr_line' id='line_1_54' title="bbox 185 1715 964 1752; baseline 0.012 -9"><span class='ocrx_word' id='word_1_411' title='bbox 185 1715 244 1744; x_wconf 64' lang='lat' dir='ltr'><strong>hac</strong></span> <span class='ocrx_word' id='word_1_412' title='bbox 263 1717 416 1745; x_wconf 82' lang='lat' dir='ltr'><strong>necessaria</strong></span> <span class='ocrx_word' id='word_1_413' title='bbox 435 1719 507 1746; x_wconf 89' lang='lat' dir='ltr'><strong>dictu</strong></span> <span class='ocrx_word' id='word_1_414' title='bbox 529 1719 586 1747; x_wconf 85' lang='lat' dir='ltr'><strong>visa</strong></span> <span class='ocrx_word' id='word_1_415' title='bbox 618 1724 682 1748; x_wconf 89' lang='lat' dir='ltr'><strong>sunt</strong></span> <span class='ocrx_word' id='word_1_416' title='bbox 710 1721 840 1750; x_wconf 87' lang='lat' dir='ltr'><strong>adversus</strong></span> <span class='ocrx_word' id='word_1_417' title='bbox 867 1723 937 1751; x_wconf 89' lang='lat' dir='ltr'><strong>istud</strong></span> <span class='ocrx_word' id='word_1_418' title='bbox 957 1735 964 1752; x_wconf 94' lang='lat'>:</span> 
     </span>
    </p>
   </div>
   <div class='ocr_carea' id='block_1_55' title="bbox 187 1761 965 1802">
    <p class='ocr_par' dir='ltr' id='par_1_55' title="bbox 187 1761 965 1802">
     <span class='ocr_line' id='line_1_55' title="bbox 187 1761 965 1802; baseline 0.012 -14"><span class='ocrx_word' id='word_1_419' title='bbox 187 1770 198 1788; x_wconf 80' lang='grc' dir='ltr'>ι</span> <span class='ocrx_word' id='word_1_420' title='bbox 214 1761 327 1790; x_wconf 84' lang='lat' dir='ltr'><strong>Etiamsi</strong></span> <span class='ocrx_word' id='word_1_421' title='bbox 343 1763 407 1798; x_wconf 92' lang='lat' dir='ltr'><strong>quid</strong></span> <span class='ocrx_word' id='word_1_422' title='bbox 422 1764 470 1791; x_wconf 90' lang='lat' dir='ltr'><strong>tibi</strong></span> <span class='ocrx_word' id='word_1_423' title='bbox 491 1765 616 1793; x_wconf 82' lang='lat' dir='ltr'><strong>videatur</strong></span> <span class='ocrx_word' id='word_1_424' title='bbox 637 1768 748 1802; x_wconf 87' lang='lat' dir='ltr'><strong>malum,</strong></span> <span class='ocrx_word' id='word_1_425' title='bbox 767 1769 884 1796; x_wconf 90' lang='lat' dir='ltr'><strong>nondum</strong></span> <span class='ocrx_word' id='word_1_426' title='bbox 905 1770 965 1797; x_wconf 88' lang='lat' dir='ltr'><strong>ideo</strong></span> 
     </span>
    </p>
   </div>
   <div class='ocr_carea' id='block_1_56' title="bbox 183 1807 964 1844">
    <p class='ocr_par' dir='ltr' id='par_1_56' title="bbox 183 1807 964 1844">
     <span class='ocr_line' id='line_1_56' title="bbox 183 1807 964 1844; baseline 0.013 -10"><span class='ocrx_word' id='word_1_427' title='bbox 183 1807 269 1843; x_wconf 58' lang='lat' dir='ltr'><strong>liquet</strong></span> <span class='ocrx_word' id='word_1_428' title='bbox 281 1808 417 1837; x_wconf 85' lang='lat' dir='ltr'><strong>malumne</strong></span> <span class='ocrx_word' id='word_1_429' title='bbox 432 1817 526 1838; x_wconf 87' lang='lat' dir='ltr'><strong>revera</strong></span> <span class='ocrx_word' id='word_1_430' title='bbox 542 1812 587 1839; x_wconf 88' lang='lat' dir='ltr'><strong>sit.</strong></span> <span class='ocrx_word' id='word_1_431' title='bbox 603 1812 698 1842; x_wconf 80' lang='lat' dir='ltr'><strong>Nescis</strong></span> <span class='ocrx_word' id='word_1_432' title='bbox 713 1815 785 1842; x_wconf 82' lang='lat' dir='ltr'><strong>enim</strong></span> <span class='ocrx_word' id='word_1_433' title='bbox 808 1822 896 1843; x_wconf 80' lang='lat' dir='ltr'><strong>annon</strong></span> <span class='ocrx_word' id='word_1_434' title='bbox 917 1817 964 1844; x_wconf 89' lang='lat' dir='ltr'><strong>tibi</strong></span> 
     </span>
    </p>
   </div>
   <div class='ocr_carea' id='block_1_57' title="bbox 182 1853 964 1896">
    <p class='ocr_par' dir='ltr' id='par_1_57' title="bbox 182 1853 964 1896">
     <span class='ocr_line' id='line_1_57' title="bbox 182 1853 964 1896; baseline 0.015 -18"><span class='ocrx_word' id='word_1_435' title='bbox 182 1857 230 1879; x_wconf 70' lang='lat' dir='ltr'><strong>aut</strong></span> <span class='ocrx_word' id='word_1_436' title='bbox 244 1853 290 1880; x_wconf 86' lang='lat' dir='ltr'><strong>alii</strong></span> <span class='ocrx_word' id='word_1_437' title='bbox 304 1855 410 1888; x_wconf 79' lang='lat' dir='ltr'><strong>prosit;</strong></span> <span class='ocrx_word' id='word_1_438' title='bbox 430 1863 440 1881; x_wconf 79' lang='grc' dir='ltr'><strong>ι</strong></span> <span class='ocrx_word' id='word_1_439' title='bbox 456 1861 486 1884; x_wconf 93' lang='grc' dir='ltr'><strong>ιιι</strong></span> <span class='ocrx_word' id='word_1_440' title='bbox 503 1865 536 1885; x_wconf 79' lang='lat' dir='ltr'><strong>ne</strong></span> <span class='ocrx_word' id='word_1_441' title='bbox 548 1859 608 1893; x_wconf 84' lang='lat' dir='ltr'><strong>quis</strong></span> <span class='ocrx_word' id='word_1_442' title='bbox 631 1859 695 1887; x_wconf 88' lang='lat' dir='ltr'><strong>liinc</strong></span> <span class='ocrx_word' id='word_1_443' title='bbox 716 1868 812 1888; x_wconf 89' lang='lat' dir='ltr'><strong>ansam</strong></span> <span class='ocrx_word' id='word_1_444' title='bbox 836 1863 964 1896; x_wconf 85' lang='lat' dir='ltr'><strong>peccandi</strong></span> 
     </span>
    </p>
   </div>
   <div class='ocr_carea' id='block_1_58' title="bbox 185 1897 962 1936">
    <p class='ocr_par' dir='ltr' id='par_1_58' title="bbox 185 1897 962 1936">
     <span class='ocr_line' id='line_1_58' title="bbox 185 1897 962 1936; baseline 0.014 -12"><span class='ocrx_word' id='word_1_445' title='bbox 185 1897 285 1932; x_wconf 85' lang='lat' dir='ltr'><strong>capiat,</strong></span> <span class='ocrx_word' id='word_1_446' title='bbox 294 1899 370 1934; x_wconf 88' lang='lat' dir='ltr'><strong>quasi</strong></span> <span class='ocrx_word' id='word_1_447' title='bbox 383 1906 492 1934; x_wconf 87' lang='lat' dir='ltr'><strong>peccato</strong></span> <span class='ocrx_word' id='word_1_448' title='bbox 506 1902 564 1936; x_wconf 90' lang='lat' dir='ltr'><strong>ipso</strong></span> <span class='ocrx_word' id='word_1_449' title='bbox 573 1903 680 1931; x_wconf 74' lang='lat' dir='ltr'><strong>futurus</strong></span> <span class='ocrx_word' id='word_1_450' title='bbox 697 1905 769 1933; x_wconf 91' lang='lat' dir='ltr'><strong>utilis</strong></span> <span class='ocrx_word' id='word_1_451' title='bbox 783 1906 962 1935; x_wconf 88' lang='lat' dir='ltr'><strong>universitati.</strong></span> 
     </span>
    </p>
   </div>
   <div class='ocr_carea' id='block_1_59' title="bbox 218 1943 965 1986">
    <p class='ocr_par' dir='ltr' id='par_1_59' title="bbox 218 1943 965 1986">
     <span class='ocr_line' id='line_1_59' title="bbox 218 1943 965 1986; baseline 0.015 -17"><span class='ocrx_word' id='word_1_452' title='bbox 218 1943 265 1970; x_wconf 76' lang='lat' dir='ltr'><strong>7i.</strong></span> <span class='ocrx_word' id='word_1_453' title='bbox 280 1943 412 1977; x_wconf 85' lang='lat' dir='ltr'><strong>Quoniam</strong></span> <span class='ocrx_word' id='word_1_454' title='bbox 434 1952 523 1974; x_wconf 90' lang='lat' dir='ltr'><strong>autem</strong></span> <span class='ocrx_word' id='word_1_455' title='bbox 539 1953 631 1983; x_wconf 89' lang='lat' dir='ltr'><strong>postea</strong></span> <span class='ocrx_word' id='word_1_456' title='bbox 645 1949 740 1978; x_wconf 83' lang='lat' dir='ltr'><strong>Celsus</strong></span> <span class='ocrx_word' id='word_1_457' title='bbox 754 1952 876 1986; x_wconf 82' lang='lat' dir='ltr'><strong>quaedam</strong></span> <span class='ocrx_word' id='word_1_458' title='bbox 891 1952 965 1980; x_wconf 87' lang='lat' dir='ltr'><strong>Scri-</strong></span> 
     </span>
    </p>
   </div>
   <div class='ocr_carea' id='block_1_60' title="bbox 182 1991 965 2034">
    <p class='ocr_par' dir='ltr' id='par_1_60' title="bbox 182 1991 965 2034">
     <span class='ocr_line' id='line_1_60' title="bbox 182 1991 965 2034; baseline 0.014 -18"><span class='ocrx_word' id='word_1_459' title='bbox 182 1994 324 2023; x_wconf 87' lang='lat' dir='ltr'><strong>pturarum</strong></span> <span class='ocrx_word' id='word_1_460' title='bbox 337 1991 406 2026; x_wconf 88' lang='lat' dir='ltr'><strong>loca,</strong></span> <span class='ocrx_word' id='word_1_461' title='bbox 418 2001 477 2028; x_wconf 65' lang='lat' dir='ltr'><strong>quae</strong></span> <span class='ocrx_word' id='word_1_462' title='bbox 488 1994 598 2022; x_wconf 90' lang='lat' dir='ltr'><strong>minime</strong></span> <span class='ocrx_word' id='word_1_463' title='bbox 611 1996 751 2030; x_wconf 80' lang='lat' dir='ltr'><strong>intellexit,</strong></span> <span class='ocrx_word' id='word_1_464' title='bbox 758 1998 871 2033; x_wconf 85' lang='lat' dir='ltr'><strong>deridet,</strong></span> <span class='ocrx_word' id='word_1_465' title='bbox 885 2000 965 2034; x_wconf 87' lang='lat' dir='ltr'><strong>idque</strong></span> 
     </span>
    </p>
   </div>
   <div class='ocr_carea' id='block_1_61' title="bbox 182 2037 964 2079">
    <p class='ocr_par' dir='ltr' id='par_1_61' title="bbox 182 2037 964 2079">
     <span class='ocr_line' id='line_1_61' title="bbox 182 2037 964 2079; baseline 0.014 -17"><span class='ocrx_word' id='word_1_466' title='bbox 182 2037 218 2063; x_wconf 91' lang='lat' dir='ltr'><strong>ob</strong></span> <span class='ocrx_word' id='word_1_467' title='bbox 234 2044 281 2064; x_wconf 81' lang='lat' dir='ltr'><strong>eas</strong></span> <span class='ocrx_word' id='word_1_468' title='bbox 296 2044 391 2066; x_wconf 89' lang='lat' dir='ltr'><strong>causas</strong></span> <span class='ocrx_word' id='word_1_469' title='bbox 404 2058 411 2070; x_wconf 88' lang='lat'><strong>,</strong></span> <span class='ocrx_word' id='word_1_470' title='bbox 427 2040 490 2073; x_wconf 91' lang='lat' dir='ltr'><strong>quia</strong></span> <span class='ocrx_word' id='word_1_471' title='bbox 514 2040 551 2068; x_wconf 90' lang='lat' dir='ltr'><strong>ibi</strong></span> <span class='ocrx_word' id='word_1_472' title='bbox 578 2041 632 2069; x_wconf 91' lang='lat' dir='ltr'><strong>Deo</strong></span> <span class='ocrx_word' id='word_1_473' title='bbox 648 2043 803 2071; x_wconf 89' lang='lat' dir='ltr'><strong>tribuuntur</strong></span> <span class='ocrx_word' id='word_1_474' title='bbox 818 2046 895 2079; x_wconf 90' lang='lat' dir='ltr'><strong>quasi</strong></span> <span class='ocrx_word' id='word_1_475' title='bbox 913 2046 964 2073; x_wconf 92' lang='lat' dir='ltr'><strong>hu-</strong></span> 
     </span>
    </p>
   </div>
   <div class='ocr_carea' id='block_1_62' title="bbox 182 2082 964 2127">
    <p class='ocr_par' dir='ltr' id='par_1_62' title="bbox 182 2082 964 2127">
     <span class='ocr_line' id='line_1_62' title="bbox 182 2082 964 2127; baseline 0.015 -19"><span class='ocrx_word' id='word_1_476' title='bbox 182 2083 255 2109; x_wconf 84' lang='lat' dir='ltr'><strong>mani</strong></span> <span class='ocrx_word' id='word_1_477' title='bbox 270 2082 393 2117; x_wconf 61' lang='lat' dir='ltr'><strong>allectus,</strong></span> <span class='ocrx_word' id='word_1_478' title='bbox 403 2085 464 2112; x_wconf 88' lang='lat' dir='ltr'><strong>dum</strong></span> <span class='ocrx_word' id='word_1_479' title='bbox 477 2087 566 2114; x_wconf 83' lang='lat' dir='ltr'><strong>verbis</strong></span> <span class='ocrx_word' id='word_1_480' title='bbox 578 2087 716 2116; x_wconf 89' lang='lat' dir='ltr'><strong>iracundis</strong></span> <span class='ocrx_word' id='word_1_481' title='bbox 725 2090 854 2119; x_wconf 86' lang='lat' dir='ltr'><strong>adversus</strong></span> <span class='ocrx_word' id='word_1_482' title='bbox 866 2092 964 2127; x_wconf 84' lang='lat' dir='ltr'><strong>impios</strong></span> 
     </span>
    </p>
   </div>
   <div class='ocr_carea' id='block_1_63' title="bbox 184 2129 964 2171">
    <p class='ocr_par' dir='ltr' id='par_1_63' title="bbox 184 2129 964 2171">
     <span class='ocr_line' id='line_1_63' title="bbox 184 2129 964 2171; baseline 0.015 -18"><span class='ocrx_word' id='word_1_483' title='bbox 184 2129 282 2160; x_wconf 87' lang='lat' dir='ltr'><strong>utitur,</strong></span> <span class='ocrx_word' id='word_1_484' title='bbox 298 2134 325 2155; x_wconf 88' lang='lat' dir='ltr'><strong>et</strong></span> <span class='ocrx_word' id='word_1_485' title='bbox 342 2130 531 2163; x_wconf 86' lang='lat' dir='ltr'><strong>peccatoribus</strong></span> <span class='ocrx_word' id='word_1_486' title='bbox 546 2132 663 2161; x_wconf 87' lang='lat' dir='ltr'><strong>intentat</strong></span> <span class='ocrx_word' id='word_1_487' title='bbox 678 2134 779 2168; x_wconf 82' lang='lat' dir='ltr'><strong>minas,</strong></span> <span class='ocrx_word' id='word_1_488' title='bbox 796 2138 964 2171; x_wconf 88' lang='lat' dir='ltr'><strong>responden-</strong></span> 
     </span>
    </p>
   </div>
   <div class='ocr_carea' id='block_1_64' title="bbox 183 2174 963 2216">
    <p class='ocr_par' dir='ltr' id='par_1_64' title="bbox 183 2174 963 2216">
     <span class='ocr_line' id='line_1_64' title="bbox 183 2174 963 2216; baseline 0.015 -17"><span class='ocrx_word' id='word_1_489' title='bbox 183 2174 247 2200; x_wconf 92' lang='lat' dir='ltr'><strong>dum</strong></span> <span class='ocrx_word' id='word_1_490' title='bbox 263 2179 316 2206; x_wconf 84' lang='lat' dir='ltr'><strong>est,</strong></span> <span class='ocrx_word' id='word_1_491' title='bbox 331 2176 558 2208; x_wconf 83' lang='lat' dir='ltr'><strong>quemadmodum</strong></span> <span class='ocrx_word' id='word_1_492' title='bbox 578 2186 635 2210; x_wconf 89' lang='lat' dir='ltr'><strong>nos,</strong></span> <span class='ocrx_word' id='word_1_493' title='bbox 650 2187 711 2206; x_wconf 88' lang='lat' dir='ltr'><strong>cum</strong></span> <span class='ocrx_word' id='word_1_494' title='bbox 726 2188 823 2214; x_wconf 89' lang='lat' dir='ltr'><strong>pueros</strong></span> <span class='ocrx_word' id='word_1_495' title='bbox 839 2183 963 2216; x_wconf 90' lang='lat' dir='ltr'><strong>parvulos</strong></span> 
     </span>
    </p>
   </div>
   <div class='ocr_carea' id='block_1_65' title="bbox 183 2217 962 2262">
    <p class='ocr_par' dir='ltr' id='par_1_65' title="bbox 183 2217 962 2262">
     <span class='ocr_line' id='line_1_65' title="bbox 183 2217 962 2262; baseline 0.017 -19"><span class='ocrx_word' id='word_1_496' title='bbox 183 2217 349 2252; x_wconf 86' lang='lat' dir='ltr'><strong>alloquimur</strong></span> <span class='ocrx_word' id='word_1_497' title='bbox 361 2239 369 2251; x_wconf 91' lang='lat'><strong>,</strong></span> <span class='ocrx_word' id='word_1_498' title='bbox 387 2226 508 2248; x_wconf 90' lang='lat' dir='ltr'><strong>nostram</strong></span> <span class='ocrx_word' id='word_1_499' title='bbox 524 2222 629 2250; x_wconf 86' lang='lat' dir='ltr'><strong>dicendi</strong></span> <span class='ocrx_word' id='word_1_500' title='bbox 654 2225 707 2252; x_wconf 85' lang='lat' dir='ltr'><strong>vim</strong></span> <span class='ocrx_word' id='word_1_501' title='bbox 723 2234 776 2252; x_wconf 87' lang='lat' dir='ltr'><strong>non</strong></span> <span class='ocrx_word' id='word_1_502' title='bbox 791 2227 962 2262; x_wconf 80' lang='lat' dir='ltr'><strong>adhibemus,</strong></span> 
     </span>
    </p>
   </div>
   <div class='ocr_carea' id='block_1_66' title="bbox 182 2263 962 2308">
    <p class='ocr_par' dir='ltr' id='par_1_66' title="bbox 182 2263 962 2308">
     <span class='ocr_line' id='line_1_66' title="bbox 182 2263 962 2308; baseline 0.017 -20"><span class='ocrx_word' id='word_1_503' title='bbox 182 2263 228 2289; x_wconf 83' lang='lat' dir='ltr'><strong>sed</strong></span> <span class='ocrx_word' id='word_1_504' title='bbox 252 2263 418 2292; x_wconf 87' lang='lat' dir='ltr'><strong>demittimus</strong></span> <span class='ocrx_word' id='word_1_505' title='bbox 440 2273 489 2293; x_wconf 90' lang='lat' dir='ltr'><strong>nos</strong></span> <span class='ocrx_word' id='word_1_506' title='bbox 510 2268 542 2294; x_wconf 91' lang='lat' dir='ltr'><strong>ad</strong></span> <span class='ocrx_word' id='word_1_507' title='bbox 564 2268 698 2297; x_wconf 77' lang='lat' dir='ltr'><strong>inﬁrmum</strong></span> <span class='ocrx_word' id='word_1_508' title='bbox 717 2271 822 2299; x_wconf 89' lang='lat' dir='ltr'><strong>illorum</strong></span> <span class='ocrx_word' id='word_1_509' title='bbox 841 2278 962 2308; x_wconf 87' lang='lat' dir='ltr'><strong>captum,</strong></span> 
     </span>
    </p>
   </div>
   <div class='ocr_carea' id='block_1_67' title="bbox 183 2307 964 2348">
    <p class='ocr_par' dir='ltr' id='par_1_67' title="bbox 183 2307 964 2348">
     <span class='ocr_line' id='line_1_67' title="bbox 183 2307 964 2348; baseline 0.018 -15"><span class='ocrx_word' id='word_1_510' title='bbox 183 2307 262 2343; x_wconf 82' lang='lat'><strong>557</strong></span> <span class='ocrx_word' id='word_1_511' title='bbox 278 2309 399 2338; x_wconf 89' lang='lat' dir='ltr'><strong>dicentes</strong></span> <span class='ocrx_word' id='word_1_512' title='bbox 427 2310 609 2347; x_wconf 70' lang='lat' dir='ltr'><strong>iacientesque</strong></span> <span class='ocrx_word' id='word_1_513' title='bbox 624 2315 693 2348; x_wconf 89' lang='lat' dir='ltr'><strong>quod</strong></span> <span class='ocrx_word' id='word_1_514' title='bbox 708 2317 741 2342; x_wconf 90' lang='lat' dir='ltr'><strong>ad</strong></span> <span class='ocrx_word' id='word_1_515' title='bbox 769 2317 827 2345; x_wconf 84' lang='lat' dir='ltr'><strong>illos</strong></span> <span class='ocrx_word' id='word_1_516' title='bbox 839 2307 964 2347; x_wconf 30' lang='lat' dir='ltr'><strong>erudiens</strong></span> 
     </span>
    </p>
   </div>
   <div class='ocr_carea' id='block_1_68' title="bbox 183 2355 962 2395">
    <p class='ocr_par' dir='ltr' id='par_1_68' title="bbox 183 2355 962 2395">
     <span class='ocr_line' id='line_1_68' title="bbox 183 2355 962 2395; baseline 0.018 -15"><span class='ocrx_word' id='word_1_517' title='bbox 183 2355 232 2382; x_wconf 87' lang='lat' dir='ltr'><strong>dos</strong></span> <span class='ocrx_word' id='word_1_518' title='bbox 261 2355 498 2392; x_wconf 89' lang='lat' dir='ltr'><strong>emendandosque</strong></span> <span class='ocrx_word' id='word_1_519' title='bbox 519 2359 672 2388; x_wconf 88' lang='lat' dir='ltr'><strong>conducere</strong></span> <span class='ocrx_word' id='word_1_520' title='bbox 699 2362 824 2395; x_wconf 81' lang='lat' dir='ltr'><strong>videtur;</strong></span> <span class='ocrx_word' id='word_1_521' title='bbox 853 2365 889 2392; x_wconf 90' lang='lat' dir='ltr'><strong>ita</strong></span> <span class='ocrx_word' id='word_1_522' title='bbox 917 2367 962 2394; x_wconf 88' lang='lat' dir='ltr'><strong>Dei</strong></span> 
     </span>
    </p>
   </div>
   <div class='ocr_carea' id='block_1_69' title="bbox 183 2400 962 2446">
    <p class='ocr_par' dir='ltr' id='par_1_69' title="bbox 183 2400 962 2446">
     <span class='ocr_line' id='line_1_69' title="bbox 183 2400 962 2446; baseline 0.017 -20"><span class='ocrx_word' id='word_1_523' title='bbox 183 2400 300 2428; x_wconf 81' lang='lat' dir='ltr'><strong>Verbum</strong></span> <span class='ocrx_word' id='word_1_524' title='bbox 315 2403 465 2436; x_wconf 86' lang='lat' dir='ltr'><strong>providisse</strong></span> <span class='ocrx_word' id='word_1_525' title='bbox 482 2409 510 2431; x_wconf 92' lang='lat' dir='ltr'><strong>ut</strong></span> <span class='ocrx_word' id='word_1_526' title='bbox 527 2404 673 2440; x_wconf 74' lang='lat' dir='ltr'><strong>Scriptura:</strong></span> <span class='ocrx_word' id='word_1_527' title='bbox 693 2409 857 2437; x_wconf 79' lang='lat' dir='ltr'><strong>audientium</strong></span> <span class='ocrx_word' id='word_1_528' title='bbox 873 2413 962 2446; x_wconf 89' lang='lat' dir='ltr'><strong>captui</strong></span> 
     </span>
    </p>
   </div>
   <div class='ocr_carea' id='block_1_70' title="bbox 179 2449 962 2485">
    <p class='ocr_par' dir='ltr' id='par_1_70' title="bbox 179 2449 962 2485">
     <span class='ocr_line' id='line_1_70' title="bbox 179 2449 962 2485; baseline 0.017 -13"><span class='ocrx_word' id='word_1_529' title='bbox 179 2453 374 2480; x_wconf 60' lang='lat' dir='ltr'><strong>«rongruerent,</strong></span> <span class='ocrx_word' id='word_1_530' title='bbox 389 2453 416 2475; x_wconf 91' lang='lat' dir='ltr'><strong>et</strong></span> <span class='ocrx_word' id='word_1_531' title='bbox 428 2449 533 2478; x_wconf 88' lang='lat' dir='ltr'><strong>illarum</strong></span> <span class='ocrx_word' id='word_1_532' title='bbox 552 2452 710 2480; x_wconf 84' lang='lat' dir='ltr'><strong>excellentia</strong></span> <span class='ocrx_word' id='word_1_533' title='bbox 729 2455 756 2481; x_wconf 92' lang='lat' dir='ltr'><strong>iu</strong></span> <span class='ocrx_word' id='word_1_534' title='bbox 775 2455 888 2483; x_wconf 87' lang='lat' dir='ltr'><strong>istorum</strong></span> <span class='ocrx_word' id='word_1_535' title='bbox 911 2459 962 2485; x_wconf 84' lang='lat' dir='ltr'><strong>uti-</strong></span> 
     </span>
    </p>
   </div>
   <div class='ocr_carea' id='block_1_71' title="bbox 184 2490 963 2535">
    <p class='ocr_par' dir='ltr' id='par_1_71' title="bbox 184 2490 963 2535">
     <span class='ocr_line' id='line_1_71' title="bbox 184 2490 963 2535; baseline 0.017 -18"><span class='ocrx_word' id='word_1_536' title='bbox 184 2490 284 2519; x_wconf 77' lang='lat' dir='ltr'><strong>litatem</strong></span> <span class='ocrx_word' id='word_1_537' title='bbox 302 2493 420 2521; x_wconf 80' lang='lat' dir='ltr'><strong>cederet.</strong></span> <span class='ocrx_word' id='word_1_538' title='bbox 436 2496 524 2530; x_wconf 83' lang='lat' dir='ltr'><strong>Atque</strong></span> <span class='ocrx_word' id='word_1_539' title='bbox 538 2498 569 2524; x_wconf 90' lang='lat' dir='ltr'><strong>de</strong></span> <span class='ocrx_word' id='word_1_540' title='bbox 591 2499 640 2525; x_wconf 87' lang='lat' dir='ltr'><strong>hac</strong></span> <span class='ocrx_word' id='word_1_541' title='bbox 665 2499 865 2535; x_wconf 87' lang='lat' dir='ltr'><strong>Scripturarum</strong></span> <span class='ocrx_word' id='word_1_542' title='bbox 895 2509 963 2531; x_wconf 86' lang='lat' dir='ltr'><strong>tem-</strong></span> 
     </span>
    </p>
   </div>
   <div class='ocr_carea' id='block_1_72' title="bbox 183 2540 961 2583">
    <p class='ocr_par' dir='ltr' id='par_1_72' title="bbox 183 2540 961 2583">
     <span class='ocr_line' id='line_1_72' title="bbox 183 2540 961 2583; baseline 0.015 -19"><span class='ocrx_word' id='word_1_543' title='bbox 183 2540 336 2572; x_wconf 87' lang='lat' dir='ltr'><strong>peratione,</strong></span> <span class='ocrx_word' id='word_1_544' title='bbox 350 2541 375 2566; x_wconf 94' lang='lat' dir='ltr'><strong>in</strong></span> <span class='ocrx_word' id='word_1_545' title='bbox 391 2541 424 2568; x_wconf 87' lang='lat' dir='ltr'><strong>iis</strong></span> <span class='ocrx_word' id='word_1_546' title='bbox 446 2541 489 2568; x_wconf 89' lang='lat' dir='ltr'><strong>ubi</strong></span> <span class='ocrx_word' id='word_1_547' title='bbox 521 2543 553 2570; x_wconf 89' lang='lat' dir='ltr'><strong>de</strong></span> <span class='ocrx_word' id='word_1_548' title='bbox 575 2544 628 2571; x_wconf 89' lang='lat' dir='ltr'><strong>Deo</strong></span> <span class='ocrx_word' id='word_1_549' title='bbox 648 2546 748 2574; x_wconf 88' lang='lat' dir='ltr'><strong>mentio</strong></span> <span class='ocrx_word' id='word_1_550' title='bbox 776 2547 813 2579; x_wconf 80' lang='lat' dir='ltr'><strong>lit,</strong></span> <span class='ocrx_word' id='word_1_551' title='bbox 831 2549 961 2583; x_wconf 85' lang='lat' dir='ltr'><strong>scriptum</strong></span> 
     </span>
    </p>
   </div>
   <div class='ocr_carea' id='block_1_73' title="bbox 181 2585 961 2622">
    <p class='ocr_par' dir='ltr' id='par_1_73' title="bbox 181 2585 961 2622">
     <span class='ocr_line' id='line_1_73' title="bbox 181 2585 961 2622; baseline 0.013 -11"><span class='ocrx_word' id='word_1_552' title='bbox 181 2590 221 2611; x_wconf 84' lang='lat' dir='ltr'><strong>est</strong></span> <span class='ocrx_word' id='word_1_553' title='bbox 237 2585 263 2610; x_wconf 95' lang='lat' dir='ltr'><strong>in</strong></span> <span class='ocrx_word' id='word_1_554' title='bbox 278 2585 488 2613; x_wconf 83' lang='lat' dir='ltr'><strong>Deutcrononiio</strong></span> <span class='ocrx_word' id='word_1_555' title='bbox 504 2596 510 2614; x_wconf 86' lang='lat'><strong>:</strong></span> <span class='ocrx_word' id='word_1_556' title='bbox 529 2597 537 2613; x_wconf 91' lang='grc' dir='ltr'>ι</span> <span class='ocrx_word' id='word_1_557' title='bbox 555 2588 628 2616; x_wconf 84' lang='lat' dir='ltr'><strong>Tuos</strong></span> <span class='ocrx_word' id='word_1_558' title='bbox 646 2598 734 2618; x_wconf 76' lang='lat' dir='ltr'><strong>mores</strong></span> <span class='ocrx_word' id='word_1_559' title='bbox 758 2592 817 2619; x_wconf 91' lang='lat' dir='ltr'><strong>tulit</strong></span> <span class='ocrx_word' id='word_1_560' title='bbox 834 2593 961 2622; x_wconf 91' lang='lat' dir='ltr'><strong>Dominus</strong></span> 
     </span>
    </p>
   </div>
   <div class='ocr_carea' id='block_1_74' title="bbox 216 2632 467 2667">
    <p class='ocr_par' dir='ltr' id='par_1_74' title="bbox 216 2632 467 2667">
     <span class='ocr_line' id='line_1_74' title="bbox 216 2632 467 2667; baseline 0.02 -9"><span class='ocrx_word' id='word_1_561' title='bbox 216 2632 240 2647; x_wconf 83' lang='lat'>“</span> <span class='ocrx_word' id='word_1_562' title='bbox 256 2632 276 2659; x_wconf 87' lang='lat' dir='ltr'><strong>Il</strong></span> <span class='ocrx_word' id='word_1_563' title='bbox 292 2633 362 2662; x_wconf 80' lang='lat' dir='ltr'><strong>Titii.</strong></span> <span class='ocrx_word' id='word_1_564' title='bbox 376 2642 406 2667; x_wconf 88' lang='grc' dir='ltr'>ιι,</span> <span class='ocrx_word' id='word_1_565' title='bbox 421 2635 467 2663; x_wconf 77' lang='grc'><strong>20.</strong></span> 
     </span>
    </p>
   </div>
   <div class='ocr_carea' id='block_1_75' title="bbox 216 2678 964 2716">
    <p class='ocr_par' dir='ltr' id='par_1_75' title="bbox 216 2678 964 2716">
     <span class='ocr_line' id='line_1_75' title="bbox 216 2678 964 2716; baseline 0.015 -12"><span class='ocrx_word' id='word_1_566' title='bbox 216 2678 273 2716; x_wconf 64' lang='grc'><strong>(54)</strong></span> <span class='ocrx_word' id='word_1_567' title='bbox 294 2679 327 2716; x_wconf 56' lang='grc' dir='ltr'><strong>ῘΟ</strong></span> <span class='ocrx_word' id='word_1_568' title='bbox 347 2682 449 2716; x_wconf 70' lang='grc' dir='ltr'>λόγος.</span> <span class='ocrx_word' id='word_1_569' title='bbox 477 2681 566 2710; x_wconf 84' lang='lat' dir='ltr'><strong>Codex</strong></span> <span class='ocrx_word' id='word_1_570' title='bbox 591 2682 712 2711; x_wconf 85' lang='lat' dir='ltr'><strong>Jolianus</strong></span> <span class='ocrx_word' id='word_1_571' title='bbox 739 2686 857 2714; x_wconf 88' lang='lat' dir='ltr'><strong>secunda</strong></span> <span class='ocrx_word' id='word_1_572' title='bbox 882 2695 964 2716; x_wconf 83' lang='lat' dir='ltr'><strong>manu</strong></span> 
     </span>
    </p>
   </div>
   <div class='ocr_carea' id='block_1_76' title="bbox 181 2713 430 2748">
    <p class='ocr_par' dir='ltr' id='par_1_76' title="bbox 181 2713 430 2748">
     <span class='ocr_line' id='line_1_76' title="bbox 181 2713 430 2748; baseline 0.012 -8"><span class='ocrx_word' id='word_1_573' title='bbox 181 2713 273 2746; x_wconf 77' lang='lat' dir='ltr'><strong>habet,</strong></span> <span class='ocrx_word' id='word_1_574' title='bbox 288 2715 302 2740; x_wconf 85' lang='grc' dir='ltr'>ὁ</span> <span class='ocrx_word' id='word_1_575' title='bbox 318 2713 430 2748; x_wconf 76' lang='grc' dir='ltr'>Κέλσος.</span> 
     </span>
    </p>
   </div>
   <div class='ocr_carea' id='block_1_77' title="bbox 216 2747 767 2790">
    <p class='ocr_par' dir='ltr' id='par_1_77' title="bbox 216 2747 767 2790">
     <span class='ocr_line' id='line_1_77' title="bbox 216 2747 767 2790; baseline 0.011 -15"><span class='ocrx_word' id='word_1_576' title='bbox 288 2749 363 2790; x_wconf 53' lang='grc' dir='ltr'><strong>Ξιεδη</strong></span> <span class='ocrx_word' id='word_1_577' title='bbox 379 2751 472 2779; x_wconf 78' lang='grc' dir='ltr'>αὐτοῦ.</span> <span class='ocrx_word' id='word_1_578' title='bbox 489 2751 567 2790; x_wconf 49' lang='grc' dir='ltr'>μω),</span> <span class='ocrx_word' id='word_1_579' title='bbox 583 2753 658 2790; x_wconf 72' lang='lat' dir='ltr'><strong>editi.</strong></span> <span class='ocrx_word' id='word_1_580' title='bbox 673 2755 767 2790; x_wconf 78' lang='grc' dir='ltr'>αὐτῆς.</span> 
     </span>
    </p>
   </div>
   <div class='ocr_carea' id='block_1_78' title="bbox 218 2782 963 2825">
    <p class='ocr_par' dir='ltr' id='par_1_78' title="bbox 218 2782 963 2825">
     <span class='ocr_line' id='line_1_78' title="bbox 218 2782 963 2825; baseline 0.015 -17"><span class='ocrx_word' id='word_1_581' title='bbox 218 2782 272 2825; x_wconf 61' lang='lat' dir='ltr'><strong>ise)</strong></span> <span class='ocrx_word' id='word_1_582' title='bbox 287 2783 350 2811; x_wconf 81' lang='lat' dir='ltr'><strong>Post</strong></span> <span class='ocrx_word' id='word_1_583' title='bbox 373 2787 592 2825; x_wconf 41' lang='lat' dir='ltr'><strong>tricenas-My,</strong></span> <span class='ocrx_word' id='word_1_584' title='bbox 604 2788 674 2825; x_wconf 78' lang='lat' dir='ltr'><strong>libb.</strong></span> <span class='ocrx_word' id='word_1_585' title='bbox 698 2782 764 2816; x_wconf 67' lang='lat' dir='ltr'><strong>eum</strong></span> <span class='ocrx_word' id='word_1_586' title='bbox 780 2791 894 2825; x_wconf 83' lang='lat' dir='ltr'><strong>addunt,</strong></span> <span class='ocrx_word' id='word_1_587' title='bbox 910 2793 963 2819; x_wconf 76' lang='grc' dir='ltr'>ἀπὸ</span> 
     </span>
    </p>
   </div>
   <div class='ocr_carea' id='block_1_79' title="bbox 182 2822 962 2856">
    <p class='ocr_par' dir='ltr' id='par_1_79' title="bbox 182 2822 962 2856">
     <span class='ocr_line' id='line_1_79' title="bbox 182 2822 962 2856; baseline 0.022 -17"><span class='ocrx_word' id='word_1_588' title='bbox 182 2822 353 2856; x_wconf 52' lang='grc' dir='ltr'>τουτωςιμμιω</span> <span class='ocrx_word' id='word_1_589' title='bbox 370 2822 504 2856; x_wconf 78' lang='lat' dir='ltr'><strong>uneiunlis</strong></span> <span class='ocrx_word' id='word_1_590' title='bbox 519 2822 704 2855; x_wconf 84' lang='lat' dir='ltr'><strong>includuntur,</strong></span> <span class='ocrx_word' id='word_1_591' title='bbox 720 2831 747 2851; x_wconf 91' lang='lat' dir='ltr'><strong>et</strong></span> <span class='ocrx_word' id='word_1_592' title='bbox 761 2834 774 2852; x_wconf 89' lang='lat' dir='ltr'><strong>a</strong></span> <span class='ocrx_word' id='word_1_593' title='bbox 793 2834 858 2854; x_wconf 91' lang='lat' dir='ltr'><strong>mss.</strong></span> <span class='ocrx_word' id='word_1_594' title='bbox 877 2822 962 2856; x_wconf 79' lang='lat' dir='ltr'><strong>onini~</strong></span> 
     </span>
    </p>
   </div>
   <div class='ocr_carea' id='block_1_80' title="bbox 184 2849 890 2889">
    <p class='ocr_par' dir='ltr' id='par_1_80' title="bbox 184 2849 890 2889">
     <span class='ocr_line' id='line_1_80' title="bbox 184 2849 890 2889; baseline 0.021 -15"><span class='ocrx_word' id='word_1_595' title='bbox 184 2849 235 2875; x_wconf 82' lang='lat' dir='ltr'><strong>bus</strong></span> <span class='ocrx_word' id='word_1_596' title='bbox 250 2849 358 2884; x_wconf 72' lang='lat' dir='ltr'><strong>absunt,</strong></span> <span class='ocrx_word' id='word_1_597' title='bbox 374 2854 486 2887; x_wconf 81' lang='lat' dir='ltr'><strong>ideoque</strong></span> <span class='ocrx_word' id='word_1_598' title='bbox 500 2864 514 2883; x_wconf 88' lang='lat' dir='ltr'><strong>e</strong></span> <span class='ocrx_word' id='word_1_599' title='bbox 533 2863 606 2884; x_wconf 77' lang='lat' dir='ltr'><strong>texui</strong></span> <span class='ocrx_word' id='word_1_600' title='bbox 626 2849 890 2889; x_wconf 17' lang='lat' dir='ltr'><strong>tiustriro‘r-e‘cidinviusv.</strong></span> 
     </span>
    </p>
   </div>
   <div class='ocr_carea' id='block_1_81' title="bbox 1020 933 1806 969">
    <p class='ocr_par' dir='ltr' id='par_1_81' title="bbox 1020 933 1806 969">
     <span class='ocr_line' id='line_1_81' title="bbox 1020 933 1806 969; baseline 0.001 -10"><span class='ocrx_word' id='word_1_601' title='bbox 1020 933 1139 967; x_wconf 82' lang='grc' dir='ltr'>τηκότα,</span> <span class='ocrx_word' id='word_1_602' title='bbox 1163 933 1210 960; x_wconf 79' lang='grc' dir='ltr'>καὶ</span> <span class='ocrx_word' id='word_1_603' title='bbox 1232 933 1274 960; x_wconf 76' lang='grc' dir='ltr'><strong>διὰ</strong></span> <span class='ocrx_word' id='word_1_604' title='bbox 1295 933 1329 960; x_wconf 73' lang='grc' dir='ltr'><strong>τὰ</strong></span> <span class='ocrx_word' id='word_1_605' title='bbox 1352 933 1538 969; x_wconf 76' lang='grc' dir='ltr'>ἁμαρτήματα</span> <span class='ocrx_word' id='word_1_606' title='bbox 1561 933 1601 965; x_wconf 75' lang='grc' dir='ltr'><strong>εἷς</strong></span> <span class='ocrx_word' id='word_1_607' title='bbox 1615 942 1675 960; x_wconf 87' lang='grc' dir='ltr'>τινα</span> <span class='ocrx_word' id='word_1_608' title='bbox 1689 934 1806 969; x_wconf 75' lang='grc' dir='ltr'>δημόσια</span> 
     </span>
    </p>
   </div>
   <div class='ocr_carea' id='block_1_82' title="bbox 1020 978 1806 1015">
    <p class='ocr_par' dir='ltr' id='par_1_82' title="bbox 1020 978 1806 1015">
     <span class='ocr_line' id='line_1_82' title="bbox 1020 978 1806 1015; baseline 0.003 -11"><span class='ocrx_word' id='word_1_609' title='bbox 1020 978 1087 1013; x_wconf 82' lang='grc' dir='ltr'>ἔργα</span> <span class='ocrx_word' id='word_1_610' title='bbox 1099 980 1218 1014; x_wconf 78' lang='grc' dir='ltr'>χρήσιμα</span> <span class='ocrx_word' id='word_1_611' title='bbox 1230 979 1269 1015; x_wconf 83' lang='grc' dir='ltr'>τῷ</span> <span class='ocrx_word' id='word_1_612' title='bbox 1283 980 1362 1006; x_wconf 76' lang='grc' dir='ltr'>παντὶ</span> <span class='ocrx_word' id='word_1_613' title='bbox 1381 978 1635 1014; x_wconf 77' lang='grc' dir='ltr'>καταδικαζόμενον,</span> <span class='ocrx_word' id='word_1_614' title='bbox 1652 981 1739 1006; x_wconf 78' lang='grc' dir='ltr'>ποιεῖν</span> <span class='ocrx_word' id='word_1_615' title='bbox 1757 980 1806 1015; x_wconf 80' lang='grc' dir='ltr'><strong>μέν</strong></span> 
     </span>
    </p>
   </div>
   <div class='ocr_carea' id='block_1_83' title="bbox 1018 1024 1807 1062">
    <p class='ocr_par' dir='ltr' id='par_1_83' title="bbox 1018 1024 1807 1062">
     <span class='ocr_line' id='line_1_83' title="bbox 1018 1024 1807 1062; baseline 0.003 -11"><span class='ocrx_word' id='word_1_616' title='bbox 1018 1033 1044 1051; x_wconf 86' lang='grc' dir='ltr'><strong>τι</strong></span> <span class='ocrx_word' id='word_1_617' title='bbox 1073 1026 1206 1061; x_wconf 81' lang='grc' dir='ltr'>χρήσιμον</span> <span class='ocrx_word' id='word_1_618' title='bbox 1233 1027 1265 1062; x_wconf 81' lang='grc' dir='ltr'>τῇ</span> <span class='ocrx_word' id='word_1_619' title='bbox 1289 1024 1337 1062; x_wconf 76' lang='grc' dir='ltr'>ὅλῃ</span> <span class='ocrx_word' id='word_1_620' title='bbox 1357 1025 1448 1058; x_wconf 79' lang='grc' dir='ltr'>πόλει,</span> <span class='ocrx_word' id='word_1_621' title='bbox 1471 1025 1550 1052; x_wconf 67' lang='grc' dir='ltr'>αὑτὸν</span> <span class='ocrx_word' id='word_1_622' title='bbox 1573 1026 1601 1052; x_wconf 81' lang='grc' dir='ltr'>δὲ</span> <span class='ocrx_word' id='word_1_623' title='bbox 1623 1027 1764 1059; x_wconf 75' lang='grc' dir='ltr'>γεγονέναι</span> <span class='ocrx_word' id='word_1_624' title='bbox 1779 1029 1807 1053; x_wconf 79' lang='grc' dir='ltr'>ἐν</span> 
     </span>
    </p>
   </div>
   <div class='ocr_carea' id='block_1_84' title="bbox 1019 1068 1805 1107">
    <p class='ocr_par' dir='ltr' id='par_1_84' title="bbox 1019 1068 1805 1107">
     <span class='ocr_line' id='line_1_84' title="bbox 1019 1068 1805 1107; baseline -0.001 -8"><span class='ocrx_word' id='word_1_625' title='bbox 1019 1072 1174 1107; x_wconf 62' lang='grc' dir='ltr'>ἀπευκταῄρ</span> <span class='ocrx_word' id='word_1_626' title='bbox 1190 1072 1339 1107; x_wconf 76' lang='grc' dir='ltr'><strong>πράγματι,</strong></span> <span class='ocrx_word' id='word_1_627' title='bbox 1362 1072 1411 1098; x_wconf 76' lang='grc' dir='ltr'>καὶ</span> <span class='ocrx_word' id='word_1_628' title='bbox 1433 1073 1461 1098; x_wconf 79' lang='grc' dir='ltr'><strong>ὲν</strong></span> <span class='ocrx_word' id='word_1_629' title='bbox 1518 1072 1604 1103; x_wconf 71' lang='grc' dir='ltr'>οὐδεὶς</span> <span class='ocrx_word' id='word_1_630' title='bbox 1617 1071 1670 1098; x_wconf 81' lang='grc' dir='ltr'>τῶν</span> <span class='ocrx_word' id='word_1_631' title='bbox 1685 1072 1736 1098; x_wconf 71' lang='grc' dir='ltr'>κᾶν</span> <span class='ocrx_word' id='word_1_632' title='bbox 1758 1072 1805 1107; x_wconf 84' lang='grc' dir='ltr'><strong>μέ-</strong></span> 
     </span>
    </p>
   </div>
   <div class='ocr_carea' id='block_1_85' title="bbox 1018 1117 1806 1154">
    <p class='ocr_par' dir='ltr' id='par_1_85' title="bbox 1018 1117 1806 1154">
     <span class='ocr_line' id='line_1_85' title="bbox 1018 1117 1806 1154; baseline -0.001 -10"><span class='ocrx_word' id='word_1_633' title='bbox 1018 1126 1091 1154; x_wconf 85' lang='grc' dir='ltr'>τριον</span> <span class='ocrx_word' id='word_1_634' title='bbox 1103 1117 1164 1144; x_wconf 77' lang='grc' dir='ltr'>νοῦν</span> <span class='ocrx_word' id='word_1_635' title='bbox 1178 1118 1291 1152; x_wconf 79' lang='grc' dir='ltr'>ἐχόντων</span> <span class='ocrx_word' id='word_1_636' title='bbox 1303 1117 1427 1144; x_wconf 78' lang='grc' dir='ltr'>ἐϐούλετο</span> <span class='ocrx_word' id='word_1_637' title='bbox 1436 1117 1570 1152; x_wconf 74' lang='grc' dir='ltr'>γενέσθαι.</span> <span class='ocrx_word' id='word_1_638' title='bbox 1588 1117 1643 1143; x_wconf 70' lang='grc' dir='ltr'><strong>Καὶ</strong></span> <span class='ocrx_word' id='word_1_639' title='bbox 1659 1119 1673 1144; x_wconf 84' lang='grc' dir='ltr'>ὁ</span> <span class='ocrx_word' id='word_1_640' title='bbox 1688 1118 1806 1144; x_wconf 72' lang='grc' dir='ltr'>ἀπόπο-</span> 
     </span>
    </p>
   </div>
   <div class='ocr_carea' id='block_1_86' title="bbox 1018 1162 1807 1199">
    <p class='ocr_par' dir='ltr' id='par_1_86' title="bbox 1018 1162 1807 1199">
     <span class='ocr_line' id='line_1_86' title="bbox 1018 1162 1807 1199; baseline 0.001 -10"><span class='ocrx_word' id='word_1_641' title='bbox 1018 1163 1064 1195; x_wconf 86' lang='grc' dir='ltr'><strong>λος</strong></span> <span class='ocrx_word' id='word_1_642' title='bbox 1077 1163 1105 1189; x_wconf 76' lang='grc' dir='ltr'>δὲ</span> <span class='ocrx_word' id='word_1_643' title='bbox 1117 1163 1162 1189; x_wconf 80' lang='grc' dir='ltr'>τοὺ</span> <span class='ocrx_word' id='word_1_644' title='bbox 1182 1163 1267 1199; x_wconf 82' lang='grc' dir='ltr'><strong>Ἰησοῦ</strong></span> <span class='ocrx_word' id='word_1_645' title='bbox 1288 1162 1393 1194; x_wconf 78' lang='grc' dir='ltr'><strong>Παῦλος</strong></span> <span class='ocrx_word' id='word_1_646' title='bbox 1403 1184 1409 1195; x_wconf 89' lang='grc'><strong>,</strong></span> <span class='ocrx_word' id='word_1_647' title='bbox 1425 1163 1557 1190; x_wconf 70' lang='grc' dir='ltr'>διδάσκων</span> <span class='ocrx_word' id='word_1_648' title='bbox 1571 1163 1655 1198; x_wconf 78' lang='grc' dir='ltr'>ἡμᾶς,</span> <span class='ocrx_word' id='word_1_649' title='bbox 1672 1164 1807 1190; x_wconf 71' lang='grc' dir='ltr'><strong>συνοίσειν</strong></span> 
     </span>
    </p>
   </div>
   <div class='ocr_carea' id='block_1_87' title="bbox 1020 1208 1805 1244">
    <p class='ocr_par' dir='ltr' id='par_1_87' title="bbox 1020 1208 1805 1244">
     <span class='ocr_line' id='line_1_87' title="bbox 1020 1208 1805 1244; baseline 0 -9"><span class='ocrx_word' id='word_1_650' title='bbox 1020 1209 1068 1244; x_wconf 74' lang='grc' dir='ltr'><strong>μὲν</strong></span> <span class='ocrx_word' id='word_1_651' title='bbox 1089 1210 1121 1244; x_wconf 84' lang='grc' dir='ltr'>τῇ</span> <span class='ocrx_word' id='word_1_652' title='bbox 1139 1209 1216 1244; x_wconf 68' lang='grc' dir='ltr'>χρείᾳ</span> <span class='ocrx_word' id='word_1_653' title='bbox 1233 1210 1265 1244; x_wconf 85' lang='grc' dir='ltr'>τῇ</span> <span class='ocrx_word' id='word_1_654' title='bbox 1287 1208 1333 1235; x_wconf 75' lang='grc' dir='ltr'>τοῦ</span> <span class='ocrx_word' id='word_1_655' title='bbox 1355 1209 1454 1241; x_wconf 73' lang='grc' dir='ltr'>παντὸς</span> <span class='ocrx_word' id='word_1_656' title='bbox 1469 1209 1590 1240; x_wconf 72' lang='grc' dir='ltr'>καὶτοὺς</span> <span class='ocrx_word' id='word_1_657' title='bbox 1610 1209 1805 1242; x_wconf 72' lang='grc' dir='ltr'>φαυλοτάτους,</span> 
     </span>
    </p>
   </div>
   <div class='ocr_carea' id='block_1_88' title="bbox 1018 1254 1809 1289">
    <p class='ocr_par' dir='ltr' id='par_1_88' title="bbox 1018 1254 1809 1289">
     <span class='ocr_line' id='line_1_88' title="bbox 1018 1254 1809 1289; baseline 0 -9"><span class='ocrx_word' id='word_1_658' title='bbox 1018 1255 1082 1289; x_wconf 84' lang='grc' dir='ltr'>παρ’</span> <span class='ocrx_word' id='word_1_659' title='bbox 1098 1254 1210 1286; x_wconf 64' lang='grc' dir='ltr'>ἑαυτοὺς</span> <span class='ocrx_word' id='word_1_660' title='bbox 1232 1254 1260 1280; x_wconf 77' lang='grc' dir='ltr'><strong>δὲ</strong></span> <span class='ocrx_word' id='word_1_661' title='bbox 1283 1254 1390 1280; x_wconf 81' lang='grc' dir='ltr'>ἔσεσθαι</span> <span class='ocrx_word' id='word_1_662' title='bbox 1411 1255 1509 1286; x_wconf 78' lang='grc' dir='ltr'>ἐντοῖς,</span> <span class='ocrx_word' id='word_1_663' title='bbox 1525 1255 1671 1286; x_wconf 81' lang='grc' dir='ltr'>ἀπευκτοῑς</span> <span class='ocrx_word' id='word_1_664' title='bbox 1685 1263 1692 1269; x_wconf 94' lang='grc'><strong>·</strong></span> <span class='ocrx_word' id='word_1_665' title='bbox 1710 1263 1809 1289; x_wconf 72' lang='grc' dir='ltr'>χρησι-</span> 
     </span>
    </p>
   </div>
   <div class='ocr_carea' id='block_1_89' title="bbox 1019 1299 1808 1336">
    <p class='ocr_par' dir='ltr' id='par_1_89' title="bbox 1019 1299 1808 1336">
     <span class='ocr_line' id='line_1_89' title="bbox 1019 1299 1808 1336; baseline 0.001 -10"><span class='ocrx_word' id='word_1_666' title='bbox 1019 1300 1160 1336; x_wconf 81' lang='grc' dir='ltr'>μωτάτους</span> <span class='ocrx_word' id='word_1_667' title='bbox 1184 1300 1206 1326; x_wconf 76' lang='grc' dir='ltr'><strong>δ’</strong></span> <span class='ocrx_word' id='word_1_668' title='bbox 1229 1299 1337 1326; x_wconf 77' lang='grc' dir='ltr'>ἔσεσθαι</span> <span class='ocrx_word' id='word_1_669' title='bbox 1359 1300 1406 1327; x_wconf 76' lang='grc' dir='ltr'><strong>καὶ</strong></span> <span class='ocrx_word' id='word_1_670' title='bbox 1431 1300 1494 1331; x_wconf 77' lang='grc' dir='ltr'>τοὺς</span> <span class='ocrx_word' id='word_1_671' title='bbox 1518 1300 1747 1332; x_wconf 75' lang='grc' dir='ltr'>σπουδαιοτάτους</span> <span class='ocrx_word' id='word_1_672' title='bbox 1767 1300 1808 1336; x_wconf 78' lang='grc' dir='ltr'><strong>τῷ</strong></span> 
     </span>
    </p>
   </div>
   <div class='ocr_carea' id='block_1_90' title="bbox 1018 1346 1807 1382">
    <p class='ocr_par' dir='ltr' id='par_1_90' title="bbox 1018 1346 1807 1382">
     <span class='ocr_line' id='line_1_90' title="bbox 1018 1346 1807 1382; baseline 0.001 -10"><span class='ocrx_word' id='word_1_673' title='bbox 1018 1347 1108 1378; x_wconf 70' lang='grc' dir='ltr'>παντὶ,</span> <span class='ocrx_word' id='word_1_674' title='bbox 1124 1347 1187 1382; x_wconf 75' lang='grc' dir='ltr'>παρ’</span> <span class='ocrx_word' id='word_1_675' title='bbox 1204 1346 1306 1372; x_wconf 76' lang='grc' dir='ltr'>ἑαυτῶν</span> <span class='ocrx_word' id='word_1_676' title='bbox 1320 1347 1408 1373; x_wconf 83' lang='grc' dir='ltr'>αἰτίαν</span> <span class='ocrx_word' id='word_1_677' title='bbox 1425 1348 1453 1372; x_wconf 81' lang='grc' dir='ltr'><strong>ἐν</strong></span> <span class='ocrx_word' id='word_1_678' title='bbox 1466 1346 1594 1381; x_wconf 75' lang='grc' dir='ltr'>καλλίστῃ</span> <span class='ocrx_word' id='word_1_679' title='bbox 1607 1346 1683 1382; x_wconf 67' lang='grc' dir='ltr'>χώρᾳ.</span> <span class='ocrx_word' id='word_1_680' title='bbox 1699 1347 1807 1382; x_wconf 81' lang='grc' dir='ltr'>ταχθη-</span> 
     </span>
    </p>
   </div>
   <div class='ocr_carea' id='block_1_91' title="bbox 1019 1391 1807 1428">
    <p class='ocr_par' dir='ltr' id='par_1_91' title="bbox 1019 1391 1807 1428">
     <span class='ocr_line' id='line_1_91' title="bbox 1019 1391 1807 1428; baseline 0 -9"><span class='ocrx_word' id='word_1_681' title='bbox 1019 1393 1165 1428; x_wconf 79' lang='grc' dir='ltr'>σομένους,</span> <span class='ocrx_word' id='word_1_682' title='bbox 1184 1392 1280 1427; x_wconf 77' lang='grc' dir='ltr'><strong>φησιν·</strong></span> <span class='ocrx_word' id='word_1_683' title='bbox 1306 1401 1315 1417; x_wconf 85' lang='grc' dir='ltr'>ι</span> <span class='ocrx_word' id='word_1_684' title='bbox 1339 1392 1383 1418; x_wconf 88' lang='grc' dir='ltr'>Ἐν</span> <span class='ocrx_word' id='word_1_685' title='bbox 1409 1392 1513 1427; x_wconf 75' lang='grc' dir='ltr'>μεγάλῃ</span> <span class='ocrx_word' id='word_1_686' title='bbox 1539 1391 1561 1418; x_wconf 84' lang='grc' dir='ltr'><strong>δ’</strong></span> <span class='ocrx_word' id='word_1_687' title='bbox 1582 1392 1656 1427; x_wconf 66' lang='grc' dir='ltr'>οἰκίᾳ</span> <span class='ocrx_word' id='word_1_688' title='bbox 1675 1393 1726 1419; x_wconf 69' lang='grc' dir='ltr'><strong>οὐκ</strong></span> <span class='ocrx_word' id='word_1_689' title='bbox 1747 1393 1807 1419; x_wconf 75' lang='grc' dir='ltr'>ἔστι</span> 
     </span>
    </p>
   </div>
   <div class='ocr_carea' id='block_1_92' title="bbox 1019 1437 1808 1474">
    <p class='ocr_par' dir='ltr' id='par_1_92' title="bbox 1019 1437 1808 1474">
     <span class='ocr_line' id='line_1_92' title="bbox 1019 1437 1808 1474; baseline 0.001 -10"><span class='ocrx_word' id='word_1_690' title='bbox 1019 1438 1097 1474; x_wconf 85' lang='grc' dir='ltr'>μόνον</span> <span class='ocrx_word' id='word_1_691' title='bbox 1111 1438 1194 1473; x_wconf 78' lang='grc' dir='ltr'>σκεύη</span> <span class='ocrx_word' id='word_1_692' title='bbox 1213 1439 1299 1474; x_wconf 82' lang='grc' dir='ltr'>χρυσᾶ</span> <span class='ocrx_word' id='word_1_693' title='bbox 1312 1438 1357 1464; x_wconf 76' lang='grc' dir='ltr'><strong>καὶ</strong></span> <span class='ocrx_word' id='word_1_694' title='bbox 1371 1438 1488 1474; x_wconf 76' lang='grc' dir='ltr'>ἀργυρᾶ,</span> <span class='ocrx_word' id='word_1_695' title='bbox 1503 1437 1569 1464; x_wconf 78' lang='grc' dir='ltr'>ἀλλὰ</span> <span class='ocrx_word' id='word_1_696' title='bbox 1589 1438 1636 1464; x_wconf 74' lang='grc' dir='ltr'>καὶ</span> <span class='ocrx_word' id='word_1_697' title='bbox 1648 1438 1744 1471; x_wconf 74' lang='grc' dir='ltr'>ξύλινα.</span> <span class='ocrx_word' id='word_1_698' title='bbox 1760 1440 1808 1465; x_wconf 74' lang='grc' dir='ltr'><strong>καὶ</strong></span> 
     </span>
    </p>
   </div>
   <div class='ocr_carea' id='block_1_93' title="bbox 1017 1483 1806 1522">
    <p class='ocr_par' dir='ltr' id='par_1_93' title="bbox 1017 1483 1806 1522">
     <span class='ocr_line' id='line_1_93' title="bbox 1017 1483 1806 1522; baseline 0.004 -12"><span class='ocrx_word' id='word_1_699' title='bbox 1017 1484 1180 1519; x_wconf 79' lang='grc' dir='ltr'>ὀστράκινα·</span> <span class='ocrx_word' id='word_1_700' title='bbox 1204 1484 1251 1510; x_wconf 76' lang='grc' dir='ltr'>καὶ</span> <span class='ocrx_word' id='word_1_701' title='bbox 1273 1483 1291 1510; x_wconf 79' lang='grc' dir='ltr'>ἃ</span> <span class='ocrx_word' id='word_1_702' title='bbox 1309 1485 1356 1520; x_wconf 83' lang='grc' dir='ltr'>μὲν</span> <span class='ocrx_word' id='word_1_703' title='bbox 1369 1485 1409 1516; x_wconf 87' lang='grc' dir='ltr'><strong>εἰς</strong></span> <span class='ocrx_word' id='word_1_704' title='bbox 1426 1485 1518 1520; x_wconf 86' lang='grc' dir='ltr'>τιμὴν,</span> <span class='ocrx_word' id='word_1_705' title='bbox 1541 1485 1559 1512; x_wconf 78' lang='grc' dir='ltr'>ἃ</span> <span class='ocrx_word' id='word_1_706' title='bbox 1579 1485 1608 1511; x_wconf 83' lang='grc' dir='ltr'><strong>δὲ</strong></span> <span class='ocrx_word' id='word_1_707' title='bbox 1622 1487 1660 1517; x_wconf 77' lang='grc' dir='ltr'><strong>εἰς</strong></span> <span class='ocrx_word' id='word_1_708' title='bbox 1679 1486 1806 1522; x_wconf 78' lang='grc' dir='ltr'>ἀτιμίαν.</span> 
     </span>
    </p>
   </div>
   <div class='ocr_carea' id='block_1_94' title="bbox 1024 1527 1809 1566">
    <p class='ocr_par' dir='ltr' id='par_1_94' title="bbox 1024 1527 1809 1566">
     <span class='ocr_line' id='line_1_94' title="bbox 1024 1527 1809 1566; baseline 0.003 -10"><span class='ocrx_word' id='word_1_709' title='bbox 1024 1530 1086 1556; x_wconf 78' lang='grc' dir='ltr'><strong>Ἐὰν</strong></span> <span class='ocrx_word' id='word_1_710' title='bbox 1099 1527 1145 1556; x_wconf 78' lang='grc' dir='ltr'>οὖν</span> <span class='ocrx_word' id='word_1_711' title='bbox 1155 1538 1196 1561; x_wconf 87' lang='grc' dir='ltr'><strong>τις</strong></span> <span class='ocrx_word' id='word_1_712' title='bbox 1209 1529 1348 1566; x_wconf 77' lang='grc' dir='ltr'>ἐκκαθάρῃ</span> <span class='ocrx_word' id='word_1_713' title='bbox 1360 1530 1453 1557; x_wconf 81' lang='grc' dir='ltr'>ἑαυτὸν</span> <span class='ocrx_word' id='word_1_714' title='bbox 1468 1530 1534 1566; x_wconf 77' lang='grc'>(56),</span> <span class='ocrx_word' id='word_1_715' title='bbox 1557 1530 1633 1557; x_wconf 76' lang='grc' dir='ltr'>ἔσται</span> <span class='ocrx_word' id='word_1_716' title='bbox 1647 1531 1746 1564; x_wconf 76' lang='grc' dir='ltr'>σκεῦος</span> <span class='ocrx_word' id='word_1_717' title='bbox 1765 1533 1809 1565; x_wconf 76' lang='grc' dir='ltr'><strong>εἰς</strong></span> 
     </span>
    </p>
   </div>
   <div class='ocr_carea' id='block_1_95' title="bbox 1016 1575 1810 1614">
    <p class='ocr_par' dir='ltr' id='par_1_95' title="bbox 1016 1575 1810 1614">
     <span class='ocr_line' id='line_1_95' title="bbox 1016 1575 1810 1614; baseline 0.004 -12"><span class='ocrx_word' id='word_1_718' title='bbox 1016 1576 1098 1612; x_wconf 78' lang='grc' dir='ltr'>τιμὴν</span> <span class='ocrx_word' id='word_1_719' title='bbox 1110 1596 1116 1608; x_wconf 92' lang='grc'><strong>,</strong></span> <span class='ocrx_word' id='word_1_720' title='bbox 1130 1575 1310 1611; x_wconf 82' lang='grc' dir='ltr'>ἡγιασμένον,</span> <span class='ocrx_word' id='word_1_721' title='bbox 1327 1577 1374 1603; x_wconf 80' lang='grc' dir='ltr'><strong>καὶ</strong></span> <span class='ocrx_word' id='word_1_722' title='bbox 1387 1575 1533 1612; x_wconf 75' lang='grc' dir='ltr'>εϋχρηστον</span> <span class='ocrx_word' id='word_1_723' title='bbox 1553 1576 1593 1612; x_wconf 86' lang='grc' dir='ltr'>τῷ</span> <span class='ocrx_word' id='word_1_724' title='bbox 1606 1578 1742 1614; x_wconf 78' lang='grc' dir='ltr'>Δεσπότῃ,</span> <span class='ocrx_word' id='word_1_725' title='bbox 1766 1580 1810 1611; x_wconf 79' lang='grc' dir='ltr'><strong>εἰς</strong></span> 
     </span>
    </p>
   </div>
   <div class='ocr_carea' id='block_1_96' title="bbox 1017 1621 1807 1658">
    <p class='ocr_par' dir='ltr' id='par_1_96' title="bbox 1017 1621 1807 1658">
     <span class='ocr_line' id='line_1_96' title="bbox 1017 1621 1807 1658; baseline 0.005 -10"><span class='ocrx_word' id='word_1_726' title='bbox 1017 1623 1069 1648; x_wconf 74' lang='grc' dir='ltr'>πᾶν</span> <span class='ocrx_word' id='word_1_727' title='bbox 1100 1621 1179 1658; x_wconf 83' lang='grc' dir='ltr'>ἔργον</span> <span class='ocrx_word' id='word_1_728' title='bbox 1213 1621 1313 1656; x_wconf 82' lang='grc' dir='ltr'>ἀγαθὸν</span> <span class='ocrx_word' id='word_1_729' title='bbox 1334 1623 1546 1658; x_wconf 77' lang='grc' dir='ltr'>’ἡτοιμασμένον.</span> <span class='ocrx_word' id='word_1_730' title='bbox 1571 1633 1581 1649; x_wconf 79' lang='grc' dir='ltr'><strong>ι</strong></span> <span class='ocrx_word' id='word_1_731' title='bbox 1600 1624 1653 1650; x_wconf 77' lang='grc' dir='ltr'><strong>Καὶ</strong></span> <span class='ocrx_word' id='word_1_732' title='bbox 1669 1623 1760 1651; x_wconf 77' lang='grc' dir='ltr'>ταῦτα</span> <span class='ocrx_word' id='word_1_733' title='bbox 1782 1625 1807 1652; x_wconf 78' lang='grc' dir='ltr'><strong>δ’</strong></span> 
     </span>
    </p>
   </div>
   <div class='ocr_carea' id='block_1_97' title="bbox 1016 1667 1810 1705">
    <p class='ocr_par' dir='ltr' id='par_1_97' title="bbox 1016 1667 1810 1705">
     <span class='ocr_line' id='line_1_97' title="bbox 1016 1667 1810 1705; baseline 0.001 -11"><span class='ocrx_word' id='word_1_734' title='bbox 1016 1668 1162 1702; x_wconf 83' lang='grc' dir='ltr'>ἀναγκαῖον</span> <span class='ocrx_word' id='word_1_735' title='bbox 1177 1667 1358 1703; x_wconf 70' lang='grc' dir='ltr'>ὑπολαμὸἁνω</span> <span class='ocrx_word' id='word_1_736' title='bbox 1377 1668 1545 1695; x_wconf 78' lang='grc' dir='ltr'>ὲκτεοεῖσθαι</span> <span class='ocrx_word' id='word_1_737' title='bbox 1568 1669 1636 1705; x_wconf 74' lang='grc' dir='ltr'>πρὸς</span> <span class='ocrx_word' id='word_1_738' title='bbox 1649 1670 1699 1702; x_wconf 81' lang='grc' dir='ltr'>τὸ,</span> <span class='ocrx_word' id='word_1_739' title='bbox 1719 1681 1729 1695; x_wconf 79' lang='grc' dir='ltr'><strong>ι</strong></span> <span class='ocrx_word' id='word_1_740' title='bbox 1746 1671 1810 1699; x_wconf 65' lang='grc' dir='ltr'><strong>Κᾶν</strong></span> 
     </span>
    </p>
   </div>
   <div class='ocr_carea' id='block_1_98' title="bbox 1017 1713 1809 1752">
    <p class='ocr_par' dir='ltr' id='par_1_98' title="bbox 1017 1713 1809 1752">
     <span class='ocr_line' id='line_1_98' title="bbox 1017 1713 1809 1752; baseline 0.006 -12"><span class='ocrx_word' id='word_1_741' title='bbox 1017 1713 1057 1740; x_wconf 83' lang='grc' dir='ltr'>σοι</span> <span class='ocrx_word' id='word_1_742' title='bbox 1078 1722 1104 1740; x_wconf 91' lang='grc' dir='ltr'><strong>τι</strong></span> <span class='ocrx_word' id='word_1_743' title='bbox 1127 1713 1190 1749; x_wconf 85' lang='grc' dir='ltr'>δοκῇ</span> <span class='ocrx_word' id='word_1_744' title='bbox 1212 1714 1313 1746; x_wconf 76' lang='grc' dir='ltr'>κακὸν,</span> <span class='ocrx_word' id='word_1_745' title='bbox 1335 1714 1411 1740; x_wconf 75' lang='grc' dir='ltr'>οὔπω</span> <span class='ocrx_word' id='word_1_746' title='bbox 1429 1714 1508 1749; x_wconf 81' lang='grc' dir='ltr'>δῆλον</span> <span class='ocrx_word' id='word_1_747' title='bbox 1524 1716 1548 1741; x_wconf 86' lang='grc' dir='ltr'>εἰ</span> <span class='ocrx_word' id='word_1_748' title='bbox 1569 1715 1671 1742; x_wconf 83' lang='grc' dir='ltr'>κακόν·</span> <span class='ocrx_word' id='word_1_749' title='bbox 1695 1717 1727 1743; x_wconf 85' lang='grc' dir='ltr'><strong>οὐ</strong></span> <span class='ocrx_word' id='word_1_750' title='bbox 1750 1717 1809 1752; x_wconf 65' lang='grc' dir='ltr'><strong>γὰρ</strong></span> 
     </span>
    </p>
   </div>
   <div class='ocr_carea' id='block_1_99' title="bbox 1015 1756 1809 1799">
    <p class='ocr_par' dir='ltr' id='par_1_99' title="bbox 1015 1756 1809 1799">
     <span class='ocr_line' id='line_1_99' title="bbox 1015 1756 1809 1799; baseline 0.005 -14"><span class='ocrx_word' id='word_1_751' title='bbox 1015 1756 1103 1792; x_wconf 79' lang='grc' dir='ltr'>οἶσθα,</span> <span class='ocrx_word' id='word_1_752' title='bbox 1119 1760 1133 1786; x_wconf 85' lang='grc' dir='ltr'><strong><em>ὃ</em></strong></span> <span class='ocrx_word' id='word_1_753' title='bbox 1147 1759 1200 1794; x_wconf 84' lang='grc' dir='ltr'>τιῆ</span> <span class='ocrx_word' id='word_1_754' title='bbox 1214 1768 1254 1786; x_wconf 87' lang='grc' dir='ltr'><strong>σοι</strong></span> <span class='ocrx_word' id='word_1_755' title='bbox 1276 1760 1292 1795; x_wconf 85' lang='grc' dir='ltr'>ἦ</span> <span class='ocrx_word' id='word_1_756' title='bbox 1308 1759 1382 1794; x_wconf 79' lang='grc' dir='ltr'>ἄλλῳ</span> <span class='ocrx_word' id='word_1_757' title='bbox 1399 1761 1532 1796; x_wconf 68' lang='grc' dir='ltr'>συμφέρει</span> <span class='ocrx_word' id='word_1_758' title='bbox 1544 1769 1550 1776; x_wconf 90' lang='grc'><strong>·</strong></span> <span class='ocrx_word' id='word_1_759' title='bbox 1575 1771 1584 1787; x_wconf 79' lang='grc' dir='ltr'><strong>ι</strong></span> <span class='ocrx_word' id='word_1_760' title='bbox 1604 1762 1646 1788; x_wconf 81' lang='grc' dir='ltr'>ἵνα</span> <span class='ocrx_word' id='word_1_761' title='bbox 1664 1762 1702 1797; x_wconf 78' lang='grc' dir='ltr'>μὴ</span> <span class='ocrx_word' id='word_1_762' title='bbox 1715 1763 1809 1799; x_wconf 56' lang='grc' dir='ltr'>ἄφορα</span> 
     </span>
    </p>
   </div>
   <div class='ocr_carea' id='block_1_100' title="bbox 1018 1805 1810 1845">
    <p class='ocr_par' dir='ltr' id='par_1_100' title="bbox 1018 1805 1810 1845">
     <span class='ocr_line' id='line_1_100' title="bbox 1018 1805 1810 1845; baseline 0.008 -14"><span class='ocrx_word' id='word_1_763' title='bbox 1018 1805 1070 1841; x_wconf 84' lang='grc' dir='ltr'>μὴν</span> <span class='ocrx_word' id='word_1_764' title='bbox 1091 1805 1215 1842; x_wconf 76' lang='grc' dir='ltr'>λαμϐάνῃ</span> <span class='ocrx_word' id='word_1_765' title='bbox 1236 1815 1277 1838; x_wconf 88' lang='grc' dir='ltr'>τις</span> <span class='ocrx_word' id='word_1_766' title='bbox 1299 1807 1331 1832; x_wconf 82' lang='grc' dir='ltr'>ὲκ</span> <span class='ocrx_word' id='word_1_767' title='bbox 1350 1806 1403 1833; x_wconf 84' lang='grc' dir='ltr'>τῶν</span> <span class='ocrx_word' id='word_1_768' title='bbox 1422 1807 1492 1833; x_wconf 77' lang='grc' dir='ltr'>κατὰ</span> <span class='ocrx_word' id='word_1_769' title='bbox 1509 1807 1554 1833; x_wconf 81' lang='grc' dir='ltr'><strong>τὸν</strong></span> <span class='ocrx_word' id='word_1_770' title='bbox 1573 1808 1654 1835; x_wconf 79' lang='grc' dir='ltr'>τόπον</span> <span class='ocrx_word' id='word_1_771' title='bbox 1679 1810 1750 1845; x_wconf 74' lang='grc' dir='ltr'>πρὸς</span> <span class='ocrx_word' id='word_1_772' title='bbox 1775 1811 1810 1837; x_wconf 83' lang='grc' dir='ltr'>τὸ</span> 
     </span>
    </p>
   </div>
   <div class='ocr_carea' id='block_1_101' title="bbox 1016 1852 1809 1891">
    <p class='ocr_par' dir='ltr' id='par_1_101' title="bbox 1016 1852 1809 1891">
     <span class='ocr_line' id='line_1_101' title="bbox 1016 1852 1809 1891; baseline 0.004 -12"><span class='ocrx_word' id='word_1_773' title='bbox 1016 1852 1197 1888; x_wconf 81' lang='grc' dir='ltr'>ἁμαρτάνειν,</span> <span class='ocrx_word' id='word_1_774' title='bbox 1220 1852 1258 1884; x_wconf 83' lang='grc' dir='ltr'>ὡς</span> <span class='ocrx_word' id='word_1_775' title='bbox 1272 1853 1403 1888; x_wconf 77' lang='grc' dir='ltr'>χρήσιμος</span> <span class='ocrx_word' id='word_1_776' title='bbox 1417 1852 1456 1888; x_wconf 80' lang='grc' dir='ltr'>τῷ</span> <span class='ocrx_word' id='word_1_777' title='bbox 1477 1853 1530 1888; x_wconf 78' lang='grc' dir='ltr'><strong>ὅλῳ</strong></span> <span class='ocrx_word' id='word_1_778' title='bbox 1543 1853 1587 1881; x_wconf 73' lang='grc' dir='ltr'><strong>διὰ</strong></span> <span class='ocrx_word' id='word_1_779' title='bbox 1599 1854 1648 1890; x_wconf 74' lang='grc' dir='ltr'><strong>τὴν</strong></span> <span class='ocrx_word' id='word_1_780' title='bbox 1663 1855 1809 1891; x_wconf 76' lang='grc' dir='ltr'>ἁμαρτίαν</span> 
     </span>
    </p>
   </div>
   <div class='ocr_carea' id='block_1_102' title="bbox 1016 1898 1534 1933">
    <p class='ocr_par' dir='ltr' id='par_1_102' title="bbox 1016 1898 1534 1933">
     <span class='ocr_line' id='line_1_102' title="bbox 1016 1898 1534 1933; baseline 0.01 -10"><span class='ocrx_word' id='word_1_781' title='bbox 1016 1898 1153 1933; x_wconf 77' lang='grc' dir='ltr'><strong>ἐσόμενος.</strong></span> <span class='ocrx_word' id='word_1_782' title='bbox 1531 1920 1534 1923; x_wconf 91' lang='grc'><strong>-</strong></span> 
     </span>
    </p>
   </div>
   <div class='ocr_carea' id='block_1_103' title="bbox 1057 1944 1808 1983">
    <p class='ocr_par' dir='ltr' id='par_1_103' title="bbox 1057 1944 1808 1983">
     <span class='ocr_line' id='line_1_103' title="bbox 1057 1944 1808 1983; baseline 0.007 -13"><span class='ocrx_word' id='word_1_783' title='bbox 1057 1945 1132 1971; x_wconf 80' lang='grc' dir='ltr'>Ἐπεὶ</span> <span class='ocrx_word' id='word_1_784' title='bbox 1152 1945 1180 1971; x_wconf 84' lang='grc' dir='ltr'><strong>δὲ</strong></span> <span class='ocrx_word' id='word_1_785' title='bbox 1209 1944 1277 1980; x_wconf 80' lang='grc' dir='ltr'>μετὰ</span> <span class='ocrx_word' id='word_1_786' title='bbox 1297 1945 1384 1972; x_wconf 72' lang='grc' dir='ltr'>ταῦτα</span> <span class='ocrx_word' id='word_1_787' title='bbox 1404 1946 1440 1981; x_wconf 83' lang='grc' dir='ltr'><strong>μὴ</strong></span> <span class='ocrx_word' id='word_1_788' title='bbox 1463 1946 1560 1981; x_wconf 81' lang='grc' dir='ltr'>νοήσας</span> <span class='ocrx_word' id='word_1_789' title='bbox 1581 1947 1630 1978; x_wconf 73' lang='grc' dir='ltr'>τὰς</span> <span class='ocrx_word' id='word_1_790' title='bbox 1650 1948 1716 1983; x_wconf 75' lang='grc' dir='ltr'>περὶ</span> <span class='ocrx_word' id='word_1_791' title='bbox 1737 1948 1808 1975; x_wconf 73' lang='grc' dir='ltr'>Θεοῦ</span> 
     </span>
    </p>
   </div>
   <div class='ocr_carea' id='block_1_104' title="bbox 1015 1991 1808 2030">
    <p class='ocr_par' dir='ltr' id='par_1_104' title="bbox 1015 1991 1808 2030">
     <span class='ocr_line' id='line_1_104' title="bbox 1015 1991 1808 2030; baseline 0.005 -13"><span class='ocrx_word' id='word_1_792' title='bbox 1015 1991 1052 2022; x_wconf 80' lang='grc' dir='ltr'><strong>ὡς</strong></span> <span class='ocrx_word' id='word_1_793' title='bbox 1066 1991 1292 2027; x_wconf 81' lang='grc' dir='ltr'>ἁνθρωποπαϐοῠς</span> <span class='ocrx_word' id='word_1_794' title='bbox 1305 1992 1332 2017; x_wconf 81' lang='grc' dir='ltr'><strong>ὲν</strong></span> <span class='ocrx_word' id='word_1_795' title='bbox 1345 1993 1406 2024; x_wconf 87' lang='grc' dir='ltr'>ταῖς</span> <span class='ocrx_word' id='word_1_796' title='bbox 1417 1992 1536 2028; x_wconf 84' lang='grc' dir='ltr'>Γραφαῖς</span> <span class='ocrx_word' id='word_1_797' title='bbox 1547 1992 1635 2025; x_wconf 76' lang='grc' dir='ltr'>λέξεις</span> <span class='ocrx_word' id='word_1_798' title='bbox 1649 1993 1778 2030; x_wconf 68' lang='grc' dir='ltr'>διασύρει</span> <span class='ocrx_word' id='word_1_799' title='bbox 1792 1996 1808 2022; x_wconf 79' lang='grc' dir='ltr'><strong>ὁ</strong></span> 
     </span>
    </p>
   </div>
   <div class='ocr_carea' id='block_1_105' title="bbox 1015 2033 1808 2073">
    <p class='ocr_par' dir='ltr' id='par_1_105' title="bbox 1015 2033 1808 2073">
     <span class='ocr_line' id='line_1_105' title="bbox 1015 2033 1808 2073; baseline 0.004 -11"><span class='ocrx_word' id='word_1_800' title='bbox 1015 2036 1126 2068; x_wconf 79' lang='grc' dir='ltr'>Κέλσος,</span> <span class='ocrx_word' id='word_1_801' title='bbox 1142 2037 1170 2063; x_wconf 79' lang='grc' dir='ltr'>ὲν</span> <span class='ocrx_word' id='word_1_802' title='bbox 1183 2033 1227 2068; x_wconf 75' lang='grc' dir='ltr'><strong>αἷς</strong></span> <span class='ocrx_word' id='word_1_803' title='bbox 1239 2036 1323 2072; x_wconf 84' lang='grc' dir='ltr'>ὀργῆς</span> <span class='ocrx_word' id='word_1_804' title='bbox 1337 2036 1460 2071; x_wconf 80' lang='grc' dir='ltr'>λέγονται</span> <span class='ocrx_word' id='word_1_805' title='bbox 1474 2037 1544 2064; x_wconf 75' lang='grc' dir='ltr'>κατὰ</span> <span class='ocrx_word' id='word_1_806' title='bbox 1557 2037 1610 2063; x_wconf 87' lang='grc' dir='ltr'><strong>τῶν</strong></span> <span class='ocrx_word' id='word_1_807' title='bbox 1623 2038 1733 2064; x_wconf 70' lang='grc' dir='ltr'>ἀσεϐῶν</span> <span class='ocrx_word' id='word_1_808' title='bbox 1750 2048 1808 2073; x_wconf 65' lang='grc' dir='ltr'><strong>φω-</strong></span> 
     </span>
    </p>
   </div>
   <div class='ocr_carea' id='block_1_106' title="bbox 1015 2082 1808 2120">
    <p class='ocr_par' dir='ltr' id='par_1_106' title="bbox 1015 2082 1808 2120">
     <span class='ocr_line' id='line_1_106' title="bbox 1015 2082 1808 2120; baseline 0.003 -11"><span class='ocrx_word' id='word_1_809' title='bbox 1015 2083 1067 2115; x_wconf 73' lang='grc' dir='ltr'>ναὶ,</span> <span class='ocrx_word' id='word_1_810' title='bbox 1079 2083 1126 2110; x_wconf 76' lang='grc' dir='ltr'>καὶ</span> <span class='ocrx_word' id='word_1_811' title='bbox 1134 2083 1241 2110; x_wconf 76' lang='grc' dir='ltr'>ἀπειλαὶ</span> <span class='ocrx_word' id='word_1_812' title='bbox 1251 2082 1319 2110; x_wconf 75' lang='grc' dir='ltr'>κατὰ</span> <span class='ocrx_word' id='word_1_813' title='bbox 1329 2083 1381 2109; x_wconf 85' lang='grc' dir='ltr'><strong>τῶν</strong></span> <span class='ocrx_word' id='word_1_814' title='bbox 1392 2084 1586 2120; x_wconf 82' lang='grc' dir='ltr'>ἡμαρτηκότων</span> <span class='ocrx_word' id='word_1_815' title='bbox 1595 2092 1601 2098; x_wconf 92' lang='grc'>·</span> <span class='ocrx_word' id='word_1_816' title='bbox 1616 2083 1739 2117; x_wconf 77' lang='grc' dir='ltr'>λεκτέον,</span> <span class='ocrx_word' id='word_1_817' title='bbox 1753 2086 1808 2116; x_wconf 73' lang='grc' dir='ltr'>ὃτι,</span> 
     </span>
    </p>
   </div>
   <div class='ocr_carea' id='block_1_107' title="bbox 1015 2131 1807 2168">
    <p class='ocr_par' dir='ltr' id='par_1_107' title="bbox 1015 2131 1807 2168">
     <span class='ocr_line' id='line_1_107' title="bbox 1015 2131 1807 2168; baseline 0.001 -11"><span class='ocrx_word' id='word_1_818' title='bbox 1015 2131 1109 2167; x_wconf 73' lang='grc' dir='ltr'>ὥσπερ</span> <span class='ocrx_word' id='word_1_819' title='bbox 1131 2132 1224 2167; x_wconf 80' lang='grc' dir='ltr'>ἡμεῖς,</span> <span class='ocrx_word' id='word_1_820' title='bbox 1238 2134 1293 2164; x_wconf 80' lang='grc' dir='ltr'>τοῖς</span> <span class='ocrx_word' id='word_1_821' title='bbox 1313 2132 1409 2168; x_wconf 81' lang='grc' dir='ltr'>κομιδῆ</span> <span class='ocrx_word' id='word_1_822' title='bbox 1427 2132 1531 2167; x_wconf 78' lang='grc' dir='ltr'>νηπίοις</span> <span class='ocrx_word' id='word_1_823' title='bbox 1545 2132 1733 2167; x_wconf 79' lang='grc' dir='ltr'>διαλεγόμενοι</span> <span class='ocrx_word' id='word_1_824' title='bbox 1744 2153 1752 2164; x_wconf 88' lang='grc'><strong>,</strong></span> <span class='ocrx_word' id='word_1_825' title='bbox 1774 2134 1807 2159; x_wconf 75' lang='grc' dir='ltr'>οὗ</span> 
     </span>
    </p>
   </div>
   <div class='ocr_carea' id='block_1_108' title="bbox 1014 2177 1807 2215">
    <p class='ocr_par' dir='ltr' id='par_1_108' title="bbox 1014 2177 1807 2215">
     <span class='ocr_line' id='line_1_108' title="bbox 1014 2177 1807 2215; baseline 0.003 -11"><span class='ocrx_word' id='word_1_826' title='bbox 1014 2177 1061 2204; x_wconf 74' lang='grc' dir='ltr'>τοῦ</span> <span class='ocrx_word' id='word_1_827' title='bbox 1069 2178 1172 2204; x_wconf 76' lang='grc' dir='ltr'>ἑαυτῶν</span> <span class='ocrx_word' id='word_1_828' title='bbox 1179 2179 1207 2204; x_wconf 82' lang='grc' dir='ltr'>ἐν</span> <span class='ocrx_word' id='word_1_829' title='bbox 1215 2177 1253 2213; x_wconf 84' lang='grc' dir='ltr'><strong>τῷ</strong></span> <span class='ocrx_word' id='word_1_830' title='bbox 1259 2178 1347 2212; x_wconf 83' lang='grc' dir='ltr'>λέγειν</span> <span class='ocrx_word' id='word_1_831' title='bbox 1357 2177 1537 2213; x_wconf 78' lang='grc' dir='ltr'>στοχαζόμεθα</span> <span class='ocrx_word' id='word_1_832' title='bbox 1545 2178 1659 2205; x_wconf 74' lang='grc' dir='ltr'>δυνατοῦ</span> <span class='ocrx_word' id='word_1_833' title='bbox 1669 2179 1739 2215; x_wconf 77' lang='grc'><strong>(57),</strong></span> <span class='ocrx_word' id='word_1_834' title='bbox 1748 2178 1807 2206; x_wconf 77' lang='grc' dir='ltr'>ἀλλ’</span> 
     </span>
    </p>
   </div>
   <div class='ocr_carea' id='block_1_109' title="bbox 978 2223 1808 2260">
    <p class='ocr_par' dir='ltr' id='par_1_109' title="bbox 978 2223 1808 2260">
     <span class='ocr_line' id='line_1_109' title="bbox 978 2223 1808 2260; baseline -0.001 -9"><span class='ocrx_word' id='word_1_835' title='bbox 978 2226 1001 2254; x_wconf 91' lang='lat' dir='ltr'><strong>D</strong></span> <span class='ocrx_word' id='word_1_836' title='bbox 1016 2224 1194 2260; x_wconf 78' lang='grc' dir='ltr'>ἁρμοζόμενοι</span> <span class='ocrx_word' id='word_1_837' title='bbox 1209 2224 1276 2259; x_wconf 84' lang='grc' dir='ltr'>πρὸς</span> <span class='ocrx_word' id='word_1_838' title='bbox 1296 2223 1326 2250; x_wconf 86' lang='grc' dir='ltr'>τὺ</span> <span class='ocrx_word' id='word_1_839' title='bbox 1339 2223 1449 2255; x_wconf 73' lang='grc' dir='ltr'>ἀσθενὲς</span> <span class='ocrx_word' id='word_1_840' title='bbox 1462 2224 1515 2251; x_wconf 86' lang='grc' dir='ltr'><strong>τῶν</strong></span> <span class='ocrx_word' id='word_1_841' title='bbox 1531 2225 1732 2259; x_wconf 81' lang='grc' dir='ltr'>ὑποκειμένων,</span> <span class='ocrx_word' id='word_1_842' title='bbox 1753 2234 1808 2259; x_wconf 75' lang='grc' dir='ltr'><strong>ςα-</strong></span> 
     </span>
    </p>
   </div>
   <div class='ocr_carea' id='block_1_110' title="bbox 1018 2270 1809 2306">
    <p class='ocr_par' dir='ltr' id='par_1_110' title="bbox 1018 2270 1809 2306">
     <span class='ocr_line' id='line_1_110' title="bbox 1018 2270 1809 2306; baseline 0.003 -10"><span class='ocrx_word' id='word_1_843' title='bbox 1018 2271 1067 2305; x_wconf 80' lang='grc' dir='ltr'>μὲν</span> <span class='ocrx_word' id='word_1_844' title='bbox 1083 2270 1170 2297; x_wconf 74' lang='grc' dir='ltr'>ταῦτα</span> <span class='ocrx_word' id='word_1_845' title='bbox 1185 2291 1193 2303; x_wconf 89' lang='grc'><strong>,</strong></span> <span class='ocrx_word' id='word_1_846' title='bbox 1217 2270 1283 2298; x_wconf 76' lang='grc' dir='ltr'>ἀλλὰ</span> <span class='ocrx_word' id='word_1_847' title='bbox 1309 2271 1356 2298; x_wconf 73' lang='grc' dir='ltr'><strong>καὶ</strong></span> <span class='ocrx_word' id='word_1_848' title='bbox 1383 2271 1512 2306; x_wconf 73' lang='grc' dir='ltr'>ποιοῦμεν</span> <span class='ocrx_word' id='word_1_849' title='bbox 1537 2270 1555 2297; x_wconf 80' lang='grc' dir='ltr'>ἃ</span> <span class='ocrx_word' id='word_1_850' title='bbox 1584 2271 1708 2304; x_wconf 75' lang='grc' dir='ltr'>φαίνεται</span> <span class='ocrx_word' id='word_1_851' title='bbox 1738 2273 1809 2306; x_wconf 76' lang='grc' dir='ltr'>ἡμῖν</span> 
     </span>
    </p>
   </div>
   <div class='ocr_carea' id='block_1_111' title="bbox 1016 2317 1810 2353">
    <p class='ocr_par' dir='ltr' id='par_1_111' title="bbox 1016 2317 1810 2353">
     <span class='ocr_line' id='line_1_111' title="bbox 1016 2317 1810 2353; baseline 0.001 -10"><span class='ocrx_word' id='word_1_852' title='bbox 1016 2319 1138 2353; x_wconf 81' lang='grc' dir='ltr'>χρήσιμα</span> <span class='ocrx_word' id='word_1_853' title='bbox 1155 2317 1194 2348; x_wconf 79' lang='grc' dir='ltr'><strong>εἰς</strong></span> <span class='ocrx_word' id='word_1_854' title='bbox 1213 2317 1261 2353; x_wconf 84' lang='grc' dir='ltr'><strong>τὴν</strong></span> <span class='ocrx_word' id='word_1_855' title='bbox 1274 2317 1327 2344; x_wconf 83' lang='grc' dir='ltr'>τῶν</span> <span class='ocrx_word' id='word_1_856' title='bbox 1352 2317 1464 2349; x_wconf 82' lang='grc' dir='ltr'>παίδων,</span> <span class='ocrx_word' id='word_1_857' title='bbox 1476 2317 1513 2348; x_wconf 83' lang='grc' dir='ltr'><strong>ὡς</strong></span> <span class='ocrx_word' id='word_1_858' title='bbox 1531 2317 1646 2349; x_wconf 80' lang='grc' dir='ltr'>παίδων,</span> <span class='ocrx_word' id='word_1_859' title='bbox 1675 2319 1810 2352; x_wconf 78' lang='grc' dir='ltr'>ἐπιστρο-</span> 
     </span>
    </p>
   </div>
   <div class='ocr_carea' id='block_1_112' title="bbox 1017 2361 1809 2397">
    <p class='ocr_par' dir='ltr' id='par_1_112' title="bbox 1017 2361 1809 2397">
     <span class='ocr_line' id='line_1_112' title="bbox 1017 2361 1809 2397; baseline 0.001 -9"><span class='ocrx_word' id='word_1_860' title='bbox 1017 2362 1069 2397; x_wconf 77' lang='grc' dir='ltr'><strong>φὴν</strong></span> <span class='ocrx_word' id='word_1_861' title='bbox 1084 2362 1129 2388; x_wconf 82' lang='grc' dir='ltr'><strong>καὶ</strong></span> <span class='ocrx_word' id='word_1_862' title='bbox 1144 2361 1296 2397; x_wconf 83' lang='grc' dir='ltr'>διόρθωσιν,</span> <span class='ocrx_word' id='word_1_863' title='bbox 1317 2361 1402 2394; x_wconf 73' lang='grc' dir='ltr'>οὕτως</span> <span class='ocrx_word' id='word_1_864' title='bbox 1419 2362 1504 2388; x_wconf 77' lang='grc' dir='ltr'>ἔοικεν</span> <span class='ocrx_word' id='word_1_865' title='bbox 1529 2363 1542 2388; x_wconf 86' lang='grc' dir='ltr'>ὀ</span> <span class='ocrx_word' id='word_1_866' title='bbox 1566 2362 1612 2388; x_wconf 78' lang='grc' dir='ltr'>τοῦ</span> <span class='ocrx_word' id='word_1_867' title='bbox 1627 2362 1695 2389; x_wconf 78' lang='grc' dir='ltr'>Θεοῦ</span> <span class='ocrx_word' id='word_1_868' title='bbox 1718 2364 1809 2397; x_wconf 78' lang='grc' dir='ltr'>Λόγος</span> 
     </span>
    </p>
   </div>
   <div class='ocr_carea' id='block_1_113' title="bbox 1016 2407 1807 2444">
    <p class='ocr_par' dir='ltr' id='par_1_113' title="bbox 1016 2407 1807 2444">
     <span class='ocr_line' id='line_1_113' title="bbox 1016 2407 1807 2444; baseline 0.003 -11"><span class='ocrx_word' id='word_1_869' title='bbox 1016 2407 1216 2443; x_wconf 75' lang='grc' dir='ltr'>ιξικονομηκέναι</span> <span class='ocrx_word' id='word_1_870' title='bbox 1233 2407 1266 2434; x_wconf 73' lang='grc' dir='ltr'>τὰ</span> <span class='ocrx_word' id='word_1_871' title='bbox 1288 2407 1529 2444; x_wconf 73' lang='grc' dir='ltr'>ἀναγεγραμμένα,</span> <span class='ocrx_word' id='word_1_872' title='bbox 1549 2408 1689 2443; x_wconf 74' lang='grc' dir='ltr'>μετρήσας</span> <span class='ocrx_word' id='word_1_873' title='bbox 1708 2410 1746 2444; x_wconf 77' lang='grc' dir='ltr'>τῇ</span> <span class='ocrx_word' id='word_1_874' title='bbox 1759 2409 1807 2435; x_wconf 82' lang='grc' dir='ltr'><strong>δυ-</strong></span> 
     </span>
    </p>
   </div>
   <div class='ocr_carea' id='block_1_114' title="bbox 1016 2453 1808 2489">
    <p class='ocr_par' dir='ltr' id='par_1_114' title="bbox 1016 2453 1808 2489">
     <span class='ocr_line' id='line_1_114' title="bbox 1016 2453 1808 2489; baseline 0.001 -10"><span class='ocrx_word' id='word_1_875' title='bbox 1016 2453 1096 2488; x_wconf 75' lang='grc' dir='ltr'>νάμει.</span> <span class='ocrx_word' id='word_1_876' title='bbox 1112 2453 1165 2479; x_wconf 87' lang='grc' dir='ltr'><strong>τῶν</strong></span> <span class='ocrx_word' id='word_1_877' title='bbox 1178 2454 1327 2480; x_wconf 81' lang='grc' dir='ltr'>ἀκουόντων</span> <span class='ocrx_word' id='word_1_878' title='bbox 1347 2454 1394 2480; x_wconf 70' lang='grc' dir='ltr'><strong>καὶ</strong></span> <span class='ocrx_word' id='word_1_879' title='bbox 1468 2454 1536 2489; x_wconf 72' lang='grc' dir='ltr'>πρὸς</span> <span class='ocrx_word' id='word_1_880' title='bbox 1557 2453 1657 2485; x_wconf 66' lang='grc' dir='ltr'>αὐτοὺς</span> <span class='ocrx_word' id='word_1_881' title='bbox 1673 2455 1808 2489; x_wconf 70' lang='grc' dir='ltr'>χρησίμῳ</span> 
     </span>
    </p>
   </div>
   <div class='ocr_carea' id='block_1_115' title="bbox 1015 2497 1806 2533">
    <p class='ocr_par' dir='ltr' id='par_1_115' title="bbox 1015 2497 1806 2533">
     <span class='ocr_line' id='line_1_115' title="bbox 1015 2497 1806 2533; baseline 0.004 -10"><span class='ocrx_word' id='word_1_882' title='bbox 1015 2497 1045 2523; x_wconf 81' lang='grc' dir='ltr'><strong>τὸ</strong></span> <span class='ocrx_word' id='word_1_883' title='bbox 1060 2498 1088 2523; x_wconf 79' lang='grc' dir='ltr'>ἐν</span> <span class='ocrx_word' id='word_1_884' title='bbox 1107 2499 1140 2533; x_wconf 77' lang='grc' dir='ltr'>τῇ</span> <span class='ocrx_word' id='word_1_885' title='bbox 1165 2497 1316 2533; x_wconf 70' lang='grc' dir='ltr'>ἀπαγγελίᾳ</span> <span class='ocrx_word' id='word_1_886' title='bbox 1345 2497 1399 2532; x_wconf 75' lang='grc'><strong>(58)</strong></span> <span class='ocrx_word' id='word_1_887' title='bbox 1423 2498 1536 2533; x_wconf 78' lang='grc' dir='ltr'>πρέπον.</span> <span class='ocrx_word' id='word_1_888' title='bbox 1559 2499 1616 2524; x_wconf 79' lang='grc' dir='ltr'><strong>Καὶ</strong></span> <span class='ocrx_word' id='word_1_889' title='bbox 1637 2499 1756 2526; x_wconf 80' lang='grc' dir='ltr'>καθόλου</span> <span class='ocrx_word' id='word_1_890' title='bbox 1774 2508 1806 2533; x_wconf 75' lang='grc' dir='ltr'><strong>γε</strong></span> 
     </span>
    </p>
   </div>
   <div class='ocr_carea' id='block_1_116' title="bbox 1015 2543 1808 2581">
    <p class='ocr_par' dir='ltr' id='par_1_116' title="bbox 1015 2543 1808 2581">
     <span class='ocr_line' id='line_1_116' title="bbox 1015 2543 1808 2581; baseline 0.003 -12"><span class='ocrx_word' id='word_1_891' title='bbox 1015 2543 1139 2578; x_wconf 77' lang='grc' dir='ltr'>περὶτοῦ</span> <span class='ocrx_word' id='word_1_892' title='bbox 1154 2544 1272 2570; x_wconf 82' lang='grc' dir='ltr'>τοιούτου</span> <span class='ocrx_word' id='word_1_893' title='bbox 1291 2544 1390 2580; x_wconf 81' lang='grc' dir='ltr'>τρόπου</span> <span class='ocrx_word' id='word_1_894' title='bbox 1408 2544 1455 2579; x_wconf 84' lang='grc' dir='ltr'><strong>τῆς</strong></span> <span class='ocrx_word' id='word_1_895' title='bbox 1476 2545 1644 2578; x_wconf 81' lang='grc' dir='ltr'>ἀπαγγελίας</span> <span class='ocrx_word' id='word_1_896' title='bbox 1668 2545 1724 2571; x_wconf 81' lang='grc' dir='ltr'>τῶν</span> <span class='ocrx_word' id='word_1_897' title='bbox 1743 2547 1808 2581; x_wconf 76' lang='grc' dir='ltr'>περὶ</span> 
     </span>
    </p>
   </div>
   <div class='ocr_carea' id='block_1_117' title="bbox 1015 2587 1807 2626">
    <p class='ocr_par' dir='ltr' id='par_1_117' title="bbox 1015 2587 1807 2626">
     <span class='ocr_line' id='line_1_117' title="bbox 1015 2587 1807 2626; baseline 0.006 -13"><span class='ocrx_word' id='word_1_898' title='bbox 1015 2587 1081 2614; x_wconf 78' lang='grc' dir='ltr'>Θεοῦ</span> <span class='ocrx_word' id='word_1_899' title='bbox 1097 2588 1124 2614; x_wconf 76' lang='grc' dir='ltr'><strong>ὲν</strong></span> <span class='ocrx_word' id='word_1_900' title='bbox 1140 2588 1178 2623; x_wconf 80' lang='grc' dir='ltr'><strong>τῷ</strong></span> <span class='ocrx_word' id='word_1_901' title='bbox 1192 2589 1389 2624; x_wconf 77' lang='grc' dir='ltr'>Δευτερονομίῳ</span> <span class='ocrx_word' id='word_1_902' title='bbox 1404 2588 1475 2614; x_wconf 67' lang='grc' dir='ltr'>οὕτω</span> <span class='ocrx_word' id='word_1_903' title='bbox 1487 2589 1622 2616; x_wconf 79' lang='grc' dir='ltr'>).έλεκται”</span> <span class='ocrx_word' id='word_1_904' title='bbox 1641 2600 1649 2615; x_wconf 84' lang='grc' dir='ltr'><strong>ι</strong></span> <span class='ocrx_word' id='word_1_905' title='bbox 1675 2591 1807 2626; x_wconf 75' lang='grc' dir='ltr'>Ἐτροπο·</span> 
     </span>
    </p>
   </div>
   <div class='ocr_carea' id='block_1_118' title="bbox 1048 2692 1807 2732">
    <p class='ocr_par' dir='ltr' id='par_1_118' title="bbox 1048 2692 1807 2732">
     <span class='ocr_line' id='line_1_118' title="bbox 1048 2692 1807 2732; baseline 0.007 -14"><span class='ocrx_word' id='word_1_906' title='bbox 1048 2692 1112 2732; x_wconf 70' lang='lat'><strong>(57)_</strong></span> <span class='ocrx_word' id='word_1_907' title='bbox 1120 2692 1197 2732; x_wconf 48' lang='lat' dir='ltr'><strong>.Llliil.</strong></span> <span class='ocrx_word' id='word_1_908' title='bbox 1214 2694 1279 2732; x_wconf 54' lang='lat' dir='ltr'><strong>editi</strong></span> <span class='ocrx_word' id='word_1_909' title='bbox 1296 2695 1328 2732; x_wconf 81' lang='lat' dir='ltr'><strong>ad</strong></span> <span class='ocrx_word' id='word_1_910' title='bbox 1345 2703 1432 2724; x_wconf 89' lang='lat' dir='ltr'><strong>oram.</strong></span> <span class='ocrx_word' id='word_1_911' title='bbox 1451 2696 1480 2721; x_wconf 70' lang='grc' dir='ltr'>τὸ</span> <span class='ocrx_word' id='word_1_912' title='bbox 1496 2696 1600 2722; x_wconf 76' lang='grc' dir='ltr'>ἑαυτῶν</span> <span class='ocrx_word' id='word_1_913' title='bbox 1613 2698 1643 2723; x_wconf 80' lang='grc' dir='ltr'>ἐν</span> <span class='ocrx_word' id='word_1_914' title='bbox 1659 2698 1698 2732; x_wconf 79' lang='grc' dir='ltr'><strong>τῷ</strong></span> <span class='ocrx_word' id='word_1_915' title='bbox 1713 2697 1807 2730; x_wconf 78' lang='grc' dir='ltr'>λέγειν</span> 
     </span>
    </p>
   </div>
   <div class='ocr_carea' id='block_1_119' title="bbox 1014 2727 1332 2763">
    <p class='ocr_par' dir='ltr' id='par_1_119' title="bbox 1014 2727 1332 2763">
     <span class='ocr_line' id='line_1_119' title="bbox 1014 2727 1332 2763; baseline 0.009 -10"><span class='ocrx_word' id='word_1_916' title='bbox 1014 2727 1197 2763; x_wconf 73' lang='grc' dir='ltr'>στοχαζόμεθα</span> <span class='ocrx_word' id='word_1_917' title='bbox 1212 2729 1332 2756; x_wconf 80' lang='grc' dir='ltr'>δυνατόν.</span> 
     </span>
    </p>
   </div>
   <div class='ocr_carea' id='block_1_120' title="bbox 1049 2764 1806 2800">
    <p class='ocr_par' dir='ltr' id='par_1_120' title="bbox 1049 2764 1806 2800">
     <span class='ocr_line' id='line_1_120' title="bbox 1049 2764 1806 2800; baseline 0.007 -12"><span class='ocrx_word' id='word_1_918' title='bbox 1049 2764 1308 2800; x_wconf 49' lang='grc' dir='ltr'><strong>ςὸὸλ-Ἀπιιγγελίῃ,</strong></span> <span class='ocrx_word' id='word_1_919' title='bbox 1319 2771 1343 2791; x_wconf 89' lang='lat' dir='ltr'><strong>et</strong></span> <span class='ocrx_word' id='word_1_920' title='bbox 1355 2764 1434 2800; x_wconf 80' lang='lat' dir='ltr'><strong>paulo</strong></span> <span class='ocrx_word' id='word_1_921' title='bbox 1449 2769 1519 2797; x_wconf 82' lang='lat' dir='ltr'><strong>post,</strong></span> <span class='ocrx_word' id='word_1_922' title='bbox 1531 2766 1717 2800; x_wconf 77' lang='grc' dir='ltr'>ἀπαγγελίας,</span> <span class='ocrx_word' id='word_1_923' title='bbox 1733 2772 1806 2793; x_wconf 71' lang='lat' dir='ltr'><strong>recte</strong></span> 
     </span>
    </p>
   </div>
   <div class='ocr_carea' id='block_1_121' title="bbox 1012 2797 1805 2840">
    <p class='ocr_par' dir='ltr' id='par_1_121' title="bbox 1012 2797 1805 2840">
     <span class='ocr_line' id='line_1_121' title="bbox 1012 2797 1805 2840; baseline 0.008 -18"><span class='ocrx_word' id='word_1_924' title='bbox 1012 2797 1093 2838; x_wconf 77' lang='lat' dir='ltr'><strong>liabet</strong></span> <span class='ocrx_word' id='word_1_925' title='bbox 1107 2798 1287 2840; x_wconf 55' lang='lat' dir='ltr'><strong>litesclielius,</strong></span> <span class='ocrx_word' id='word_1_926' title='bbox 1300 2801 1342 2826; x_wconf 91' lang='lat' dir='ltr'><strong>ubi</strong></span> <span class='ocrx_word' id='word_1_927' title='bbox 1355 2797 1427 2827; x_wconf 67' lang='lat' dir='ltr'><strong>iuuit:</strong></span> <span class='ocrx_word' id='word_1_928' title='bbox 1444 2797 1765 2838; x_wconf 54' lang='lat' dir='ltr'><strong>SpenceruSE‘zuyfsM;</strong></span> <span class='ocrx_word' id='word_1_929' title='bbox 1775 2806 1805 2828; x_wconf 78' lang='lat' dir='ltr'><strong>et.</strong></span> 
     </span>
    </p>
   </div>
   <div class='ocr_carea' id='block_1_122' title="bbox 1012 2841 1183 2866">
    <p class='ocr_par' dir='ltr' id='par_1_122' title="bbox 1012 2841 1183 2866">
     <span class='ocr_line' id='line_1_122' title="bbox 1012 2841 1183 2866; baseline 0 -8"><span class='ocrx_word' id='word_1_930' title='bbox 1012 2841 1183 2866; x_wconf 71' lang='grc' dir='ltr'>επαγγελιας.</span> 
     </span>
    </p>
   </div>
  </div>
