1908 3099
15 170 92 199 1145

622 165 761 196 CONTRA
778 162 915 193 CELSUM
934 162 998 189 LIB.
1018 161 1064 189 1V.

1575 161 1644 189 1140

14 229 96 261 πλῶς
110 227 159 264 τὴν
176 228 286 264 λογικὴν
311 227 402 264 φύσιν,
423 227 530 255 πάντων
547 227 600 254 τῶν
622 227 725 262 ἀλόγων
736 235 742 241 ·
762 225 804 252 κα)

860 227 886 250 et
905 219 1111 257 propter'illam
1134 219 1304 255 potissimum
1328 220 1417 248 omnia
1443 219 1641 249 Providentiam

12 275 62 302 διὰ
88 274 188 310 ταύτην
210 275 341 310 λεγόντων
369 275 581 311 προηγουμένως
604 275 652 310 τὴν
675 274 805 310 Πρόνοιαν

15 321 109 347 πάντα
123 322 300 357 πεποιηκέναι
317 321 382 359 (66).
408 323 463 349 Καὶ
483 322 561 356 λόγον
579 321 627 357 μὲν
645 321 700 357 ἔχει
713 320 746 347 τὰ
760 320 804 346 λο-

14 367 96 401 γικὰ,
113 367 183 403 ἆπερ
201 368 258 395 ἐστὶ
273 368 475 404 προηγούμενα,
492 368 595 395 παίδων
611 367 802 402 γεννωμένων·

14 414 52 440 τὰ
68 414 91 440 δ’
107 413 191 448 ἄλογα
206 415 252 440 καὶ
267 413 301 442 τὰ
314 414 405 450 ἄψυχα
415 415 513 450 χωρίου
531 414 741 449 συγκτιζομένου
751 413 804 448 (67)

14 459 57 494 τῷ
74 459 181 494 παιδίῳ.
198 460 253 487 Καὶ
267 459 385 496 ἡγοῦμαί
408 469 450 494 γε,
467 460 518 491 ὅτι,
537 460 629 495 ὥσπερ
641 461 669 486 ὲν
684 461 744 491 ταῖς
757 459 806 486 πό-

14 505 94 532 λεσιν
110 507 133 532 οἱ
149 505 339 541 προνοούμενοι
350 507 403 533 τῶν
421 507 509 533 ὠνίων
531 506 578 532 καὶ
591 506 641 540 τῆς
657 506 758 541 ἀγορᾶς
772 505 804 532 δι’

14 551 94 578 οὐδὲν
105 551 168 578 ἄλλο
183 551 357 588 προνοοῦνται
373 552 388 588 ἢ
406 553 449 579 διὰ
467 552 528 583 τοὺς
536 551 703 588 ἀνθρώπους,
722 561 806 587 παρα-

14 597 165 624 πολαύουσι
179 597 207 624 δὲ
223 598 272 633 τῆς
285 598 423 632 δαψιλείας
439 598 484 625 καὶ
502 598 581 629 κύνες
599 599 644 624 καὶ
667 598 733 625 ἄλλα
752 598 805 625 τῶν

14 642 135 677 ἀλόγων,
145 643 231 675 οὕτως
245 645 260 680 ἡ
277 645 391 680 Πρόνοια
405 645 458 671 τῶν
473 646 521 680 μὲν
535 644 651 680 λογικῶν
669 653 803 680 προηγου-

15 688 109 723 μένως
120 691 237 724 προνοεῖ,
247 690 447 726 ἐπηκολούθησε
465 691 493 718 δὲ
505 691 534 717 τὸ
551 691 597 717 καὶ
612 691 644 717 τὰ
656 691 739 725 ἄλογα
750 691 803 726 (68)

13 735 164 762 ἀπολαύειν
179 735 232 762 τῶν
246 736 279 762 δι’
296 737 454 772 ἀνθρώπους
470 737 627 772 γινομένων.
645 737 699 763 Καὶ
711 737 805 772 ὥσπερ

12 782 170 816 ἁμαρτάνει
189 783 203 808 ὁ
219 782 305 816 λέγων
327 783 390 814 τοὺς
412 784 598 819 ἀγορανόμους
624 785 748 818 προνοεῖν
774 783 803 809 οὐ

14 827 118 862 μᾶλλον
143 827 197 854 τῶν
214 828 406 865 ἀνθρώπων,ἢ
431 829 484 855 τῶν
508 829 607 861 κυνῶν,
626 829 686 855 ἐπεὶ
712 830 757 855 καὶ
780 830 804 855 οἱ

12 873 97 905 κύνες
115 875 337 910 παραπολαύουσι
353 877 401 911 τῆς
414 876 553 911 δαψιλείας
567 875 620 903 τῶν
631 877 718 902 ὠνίων
728 885 734 892 ·
759 875 804 902 ού-

11 927 54 945 τω
71 920 161 955 πολλῷ
178 920 276 955 μᾶλλον
292 921 404 954 Κέλσος,
423 922 468 949 καὶ
481 923 505 948 οἱ
518 922 551 949 τὰ
563 922 631 949 αὐτὰ
646 922 806 958 φρονοῦντες

13 966 102 1002 αὐτῷ,
129 967 270 994 ἀσεϐοῦσιν
295 969 332 999 εἰς
358 968 404 994 τὸν
427 969 589 1005 προνοοῦντα
615 969 667 995 τῶν
691 967 806 1003 λογικῶν

12 1013 93 1045 Θεὸν,
107 1015 267 1048 φάσκοντες,
282 1015 318 1050 μὴ
335 1011 433 1050 μᾶλλον
449 1016 503 1051 (69)
515 1015 667 1052 ἀνθρώποις
685 1015 805 1049 γίνεσθαι

11 1058 102 1086 ταῦτα
126 1061 194 1096 πρὸς
216 1061 317 1097 τροφὴν
333 1061 349 1096 ἢ
367 1063 423 1094 τοῖς
446 1063 548 1097 φυτοῖς,
567 1061 684 1097 δένδροις
701 1070 741 1092 τε,
759 1061 805 1088 καὶ

12 1105 107 1137 ττὸαις,
123 1106 168 1132 καὶ
179 1106 321 1138 ἀκάνθαις.

49 1150 145 1178 Οἵεται
171 1151 224 1186 γὰρ
248 1151 354 1187 πρῶτον
372 1152 420 1187 μὲν
443 1162 452 1177 ι
483 1152 519 1188 μὴ
546 1151 613 1188 ἔργα
638 1152 705 1179 Θεοῦ
723 1150 805 1180 -εἷναι

10 1194 142 1231 βροντὰς,
159 1196 205 1222 καὶ
220 1196 371 1231 ἀστραπὰς,
389 1197 435 1223 καὶ
450 1197 543 1228 ὑετούς
555 1205 562 1212 ·
585 1207 594 1223 ›
613 1197 662 1233 ἤδη
676 1197 805 1232 σαφέστε-

10 1249 61 1276 ρον
82 1242 296 1277 Ἐπικουρίζων’
321 1242 444 1278 δεύτερον
458 1242 485 1269 δέ
508 1251 598 1278 φησιν,
621 1243 671 1274 ὅτι,
691 1252 700 1268 ι
722 1244 745 1269 εἰ
759 1243 805 1269 κα).

6 1287 98 1323 διδοίη
120 1296 162 1319 τις
177 1288 262 1314 ταῦτα
278 1287 345 1324 ἔργα
361 1287 430 1315 εἶναι
455 1288 533 1320 Θεοῦ,
557 1289 587 1314 οὐ
615 1289 713 1324 μᾶλλον
739 1290 805 1325 ἡμῖν

7 1334 70 1365 τοῖς
86 1332 241 1369 ἀνθρώποις
256 1334 342 1361 ταῦτα
366 1334 469 1369 γίνεται
489 1334 557 1370 πρὸς
579 1334 690 1371 τροφὴν,
711 1334 727 1370 ἢ
749 1337 805 1367 τοῖς

11 1380 119 1413 φυτοῖς,
135 1379 254 1415 δένδροις
267 1389 306 1412 τε,
324 1381 370 1408 καὶ
383 1381 472 1413 πόαις,
489 1381 535 1407 καὶ
546 1381 693 1413 ἀκάνθαις·
718 1391 726 1406 ι
744 1390 805 1407 συν-

9 1425 134 1461 τυχικῶς
158 1426 244 1458 διδοὺς
262 1428 309 1453 καὶ
333 1428 362 1453 οὺ
380 1427 451 1454 κατὰ
474 1427 613 1463 Πρόνοιαν,
636 1427 674 1459 ὡς
699 1427 805 1464 ἀληθῶς

17 1471 216 1507 Ἐπικούρειος,
238 1472 322 1499 ταῦτα
343 1473 511 1508 συμϐαίνειν.
530 1474 561 1499 Εἰ
583 1474 637 1508 γὰρ
658 1474 687 1499 ού
707 1473 805 1509 μᾶλλον

9 1519 79 1553 ἡμῖν
95 1518 112 1553 ἦ
129 1521 232 1553 φυτοῖς,
245 1519 291 1545 καὶ
308 1519 435 1555 δένδροις,
452 1519 499 1546 καὶ
507 1519 650 1550 nonam!
663 1519 803 1552 ἀκάνθαις,

8 1565 89 1592 ταῦτ’
108 1564 166 1591 ἔστι
195 1566 325 1601 χρήσιμα,
351 1566 439 1602 δῆλον,
458 1566 497 1592 ὅτι
520 1566 574 1592 οὐδ’
596 1566 649 1592 ἀπὸ
676 1566 839 1611 Προνοίαςο

7 1611 89 1637 ταῦτ’
108 1611 233 1647 ἔρχεται·
250 1613 265 1647 ἢ
281 1613 334 1639 ἀπὸ
351 1613 481 1648 Προνοίας
496 1613 525 1638 οὐ
538 1612 636 1647 μᾶλλον
649 1612 726 1648 ἡμῶν
742 1621 805 1648 προ-

7 1657 161 1693 νοουμένης
176 1658 192 1693 ἣ
209 1658 333 1694 δένδρων.
352 1659 398 1685 καὶ
414 1659 491 1690 πόας,
509 1659 555 1685 καὶ
574 1658 703 1694 ἀκάνθης.
723 1658 803 1684 Ἐκά-

7 1712 91 1739 τερον
103 1703 124 1730 δ’
141 1703 253 1731 αὐτόθεν
274 1705 370 1736 ἀσεϐές
383 1713 388 1719 -
411 1706 458 1731 κα).
472 1705 501 1731 τὸ
515 1706 570 1737 τοῖς
586 1704 715 1736 τοιούτοις
731 1705 804 1731 ἀντι-

7 1749 113 1784 λέγειν,
127 1751 269 1786 ἱστάμενον
287 1751 354 1787 πρὺς
374 1752 419 1778 τὸν
435 1751 560 1778 ἀσέϐειαν
576 1752 640 1786 ἡμῖν
659 1749 805 1785 ἐγκαλοῦν-

7 1805 44 1823 τα
60 1796 131 1832 (70),
144 1796 250 1832 εὖηθες.
266 1797 350 1824 Παντὶ
363 1797 417 1832 γὰρ
436 1797 514 1832 δῆλον
529 1799 561 1824 ὲκ
577 1796 630 1824 τῶν
640 1797 803 1832 εἰρημένων,

6 1843 53 1875 τίς
67 1844 82 1869 ὁ
97 1843 209 1878 ἀσεϐής.
224 1841 291 1869 Εἶτά
304 1852 394 1877 φησιν,
410 1843 449 1869 ὅτι
468 1852 477 1868 ‹
497 1843 557 1869 Κᾶν
570 1841 654 1869 ταῦτα
669 1841 750 1876 λέγῃς
763 1842 806 1868 ἁν-

7 1889 135 1925 θρώποις
148 1889 261 1924 φύεσθαι
277 1889 406 1925 (δηλονότι
422 1889 456 1916 τὰ
473 1889 553 1923 φυτὰ,
571 1889 617 1916 καὶ
636 1889 741 1923 δένδρα,
758 1889 805 1915 καὶ

8 1937 93 1967 πόας,
109 1936 156 1962 καὶ
165 1935 309 1971 ἀκάνθας),
322 1936 348 1962 τί
363 1936 536 1971 μᾶλλοναύτὰ
549 1934 702 1970 ἀνθρώποις
710 1935 805 1970 φήσεις

8 1983 130 2018 φύεσθαι
157 1983 173 2018 ἢ
195 1984 251 2014 τοῖς
270 1982 378 2017 ἀλόγοις
400 1983 479 2015 ζώοις
502 1984 557 2014 τοῖς
581 1982 776 2018 ἅγριωτάτοις;
794 1991 802 2007 ι

8 2028 112 2062 Σαφῶς
125 2026 171 2054 οὖν
187 2028 287 2062 λεγέτω
303 2030 316 2055 ὁ
336 2029 448 2060 Κέλσος,
467 2029 507 2054 ὃτι
523 2029 539 2063 ὴ
553 2028 670 2063 τοσαύτη
684 2027 737 2054 τῶν
759 2027 805 2054 ἐπὶ

7 2075 65 2109 γῆς
92 2074 234 2109 φυομένων
257 2074 372 2110 διαφορὰ
397 2075 427 2100 οὐ
454 2074 584 2109 Προνοίας
612 2073 685 2100 ἐστὶν
707 2073 803 2109 ἔργον⁸

9 2121 82 2149 ἀλλά
112 2121 241 2156 συντυχία
266 2129 307 2152 τις
331 2121 439 2155 ἀτόμων
466 2119 516 2151 τὰς
541 2120 673 2151 τοσαύτας
694 2119 805 2154 ποιότη-

8 2177 62 2200 τας
75 2168 132 2203 (71)
145 2168 277 2203 πεποίηκε
287 2176 293 2182 ’
311 2167 358 2194 καὶ
371 2167 440 2193 κατὰ
456 2167 597 2201 συντυχίαν
614 2166 730 2193 τοσαῦτα
747 2166 804 2201 εἰδη
816 2181 821 2184 -

10 2214 121 2249 φυτῶν,
143 2214 187 2240 καὶ
208 2213 332 2249 δένδρων,
359 2213 406 2239 καὶ
427 2213 505 2244 πόας,
533 2211 710 2248 παραπλήσιά
731 2212 804 2238 ἐστιν

857 269 964 296 fecisse.
994 267 1088 301 itaque
1117 266 1244 293 animalia
1273 267 1379 294 ratione
1402 268 1525 302 prmdita,
1551 274 1642 304 utpote

857 315 1006 350 praecipua,
1037 318 1163 348 tanquam
1195 313 1300 348 parvuli
1323 319 1401 346 sunt;
1425 315 1531 342 ratione
1551 320 1641 342 autem

856 362 974 396 privata,
991 359 1157 387 membrana:
1183 359 1268 387 fetum
1285 360 1445 388 involventis
1469 361 1643 389 Iocodneun-

858 413 911 435 tur.
924 408 963 434 Ac
986 414 1044 433 mea
1061 406 1169 441 quidem
1195 406 1234 432 sic
1257 410 1298 432 est
1322 407 1400 437 ratio,
1417 408 1640 441 quemadmodum

857 455 883 482 in
901 454 1013 480 urbibus
1040 453 1084 488 qni
1114 453 1194 479 rebus
1218 452 1358 480 venalibus
1387 453 1497 488 foroque
1521 455 1639 488 praefecti

856 505 930 531 sunt,
948 501 964 527 ii
995 504 1102 534 propter
1127 499 1198 526 solos
1216 499 1342 526 homines
1367 499 1501 533 laborant,
1532 501 1639 527 tametsi

856 554 940 574 canes
959 546 1069 581 aliaque
1083 546 1164 573 bruta
1177 545 1328 572 animantia
1340 554 1453 573 annona:
1466 548 1542 582 copia
1550 553 1576 574 et
1590 549 1639 582 ipsi

857 593 1005 626 fruantur;
1027 593 1067 620 sic
1086 594 1192 618 ratione
1215 592 1335 626 praeditis
1349 593 1483 626 prmcipne
1498 593 1642 620 consulere

855 637 1067 670 Providentiam,
1080 637 1124 664 sed
1142 637 1204 664 ltinc
1218 637 1318 664 factum
1329 645 1398 671 esse,
1412 643 1439 664 ut
1455 639 1534 664 etiam
1557 639 1641 665 bruta:

855 683 1008 710 animantes
1023 683 1101 710 rebus
1116 682 1142 708 in
1165 681 1302 708 hominum
1328 690 1404 708 nsum
1421 683 1522 717 paratis
1537 682 1642 717 potian—

857 735 911 757 tur.
938 729 1071 756 Pecearet
1093 728 1138 755 ille
1165 733 1265 760 tamen,
1283 728 1339 762 qtti,
1367 729 1436 762 quod
1453 736 1533 756 canes
1551 737 1640 755 rerum

856 775 991 803 venalium
1019 775 1094 810 copia
1125 774 1259 806 fruantur,
1285 775 1345 802 ideo
1371 776 1475 802 diceret
1499 775 1642 809 praefectos

858 822 919 849 foro
939 830 991 849 non
1019 822 1106 857 magis
1131 822 1283 848 hominibus
1306 829 1386 856 quant
1414 822 1526 849 canibus
1549 823 1641 856 provi-

857 869 950 900 disse;
969 868 1053 895 multo
1072 868 1158 903 magis
1172 868 1253 903 igitur
1272 866 1374 897 Celsus,
1390 872 1414 894 et
1427 869 1471 901 qui
1489 869 1582 895 eadem
1599 872 1626 894 at.

857 921 910 949 que
931 914 975 941 ille
987 914 1118 946 sentiunt,
1136 914 1161 940 in
1180 914 1262 941 Deum
1280 914 1382 941 naturis
1398 914 1502 941 ratione
1519 914 1642 948 praeditis

856 961 1056 995 providentem,
1069 961 1144 995 impii
1163 967 1235 992 sunt,
1250 961 1293 995 qni
1322 966 1421 995 negant
1442 962 1566 988 alimenta
1592 962 1641 989 ho-

857 1007 975 1033 minibus
999 1007 1088 1041 potius
1113 1014 1182 1037 esse,
1205 1014 1287 1041 quam
1317 1007 1456 1041 stirpibus,
1485 1008 1639 1040 arboribus,

856 1053 949 1080 herbis
964 1057 990 1080 et
1006 1053 1090 1088 spinis
1103 1059 1271 1087 comparata.

894 1152 938 1179 75.
952 1151 1015 1178 Nam
1041 1152 1156 1185 primutn
1171 1155 1248 1185 putat
1267 1159 1275 1175 ι
1295 1151 1424 1182 tonitrua,
1447 1150 1563 1185 fulgura,
1581 1151 1641 1185 plu-

856 1198 914 1224 vias
924 1206 976 1224 non
989 1205 1050 1224 esse
1065 1197 1110 1224 Dei
1126 1205 1226 1231 opera;
1245 1206 1253 1222 ι
1269 1197 1385 1231 quoiam
1400 1203 1454 1223 tum
1470 1202 1563 1232 aperte
1579 1197 1641 1232 Epi-

856 1245 985 1272 Curissat.
1002 1244 1105 1270 Deinde
1123 1252 1129 1270 :
1148 1253 1157 1270 ‹
1177 1243 1231 1270 Etsi
1255 1244 1375 1276 daretur,
1393 1244 1488 1278 inquit,
1512 1244 1569 1270 haec
1592 1244 1640 1271 Dei

855 1297 937 1324 opera
960 1297 1031 1321 esse,
1053 1297 1105 1316 non
1128 1289 1211 1324 magis
1237 1289 1315 1316 nobis
1349 1289 1505 1317 hominibus
1533 1289 1638 1316 alendis

855 1334 925 1362 facta
956 1340 1030 1367 sunt,
1053 1342 1135 1369 quam
1161 1334 1301 1368 stirpibus,
1325 1335 1478 1367 arboribus,
1499 1336 1590 1362 herbis
1614 1340 1642 1363 et

855 1381 951 1416 spinis.
973 1391 982 1406 ι
998 1382 1063 1414 Quae
1077 1382 1186 1416 qnidEm
1208 1386 1271 1408 sunt
1288 1381 1343 1408 veri
1365 1381 1494 1416 Epicurei
1509 1381 1567 1408 haec
1583 1389 1641 1407 ont-

856 1430 900 1455 nia
913 1437 964 1455 non
980 1427 1167 1460 Providentia,
1181 1428 1229 1454 sed
1244 1428 1357 1454 fortuito
1367 1435 1430 1454 casn
1439 1428 1561 1455 accidere
1575 1436 1641 1455 cort-

857 1475 968 1502 litentis.
983 1474 1028 1501 Illa
1046 1475 1118 1501 enirn
1141 1474 1163 1501 si
1187 1482 1239 1501 non
1257 1475 1343 1510 magis
1364 1475 1389 1501 in
1417 1478 1537 1500 nostrnnt
1561 1482 1639 1501 usutn

856 1528 1000 1559 procurata
1015 1527 1089 1555 sunt,
1102 1530 1182 1556 quant
1198 1522 1334 1557 stirpium,
1347 1521 1486 1553 arborum,
1495 1521 1640 1548 herbarum

857 1575 884 1597 et
900 1570 1058 1604 spinarum;
1079 1574 1152 1596 certe
1179 1573 1225 1595 aut
1239 1577 1291 1595 tton
1318 1577 1332 1594 a
1355 1568 1541 1600 Providentia,
1557 1572 1602 1594 aut
1626 1575 1641 1593 a

858 1616 1030 1644 Providentia
1049 1615 1169 1650 profecta
1195 1619 1267 1646 sunt,
1294 1622 1353 1648 quae
1375 1622 1428 1640 non
1453 1615 1530 1641 nobis
1557 1614 1642 1649 magis

856 1671 945 1698 quam.
956 1662 1097 1696 stirpibus,
1114 1661 1268 1692 arboribus,
1289 1660 1381 1688 herbis
1398 1665 1426 1687 et
1439 1660 1526 1694 spinis
1541 1667 1641 1686 consu«

857 1709 898 1736 lit.
918 1709 1071 1744 Utrumque
1099 1713 1190 1736 autent
1224 1708 1369 1734 manifeste
1399 1707 1510 1741 impium
1535 1712 1594 1738 est;
1614 1711 1642 1732 et

857 1755 958 1782 stultus
976 1762 1076 1785 essent.
1090 1755 1112 1781 si
1135 1754 1321 1781 adversarium
1338 1761 1389 1780 nos
1409 1753 1506 1779 talibus
1532 1752 1644 1778 rationi-

857 1802 908 1830 bus
926 1801 1073 1836 intpietatis
1097 1805 1273 1827 accusantem
1303 1798 1426 1826 refellere
1450 1804 1576 1824 conarer.
1604 1796 1642 1822 Ει

858 1848 939 1875 dictis
957 1848 1030 1874 enim
1057 1847 1167 1873 evidens
1189 1851 1242 1878 est,
1257 1851 1316 1872 uter
1339 1845 1374 1871 sit
1397 1843 1544 1877 impietatis
1570 1850 1641 1868 reus.

859 1893 926 1921 Tum
945 1893 990 1920 ille
1007 1902 1014 1920 :
1032 1902 1040 1918 ι
1061 1892 1173 1919 Etiamsi
1189 1892 1289 1918 dixeris
1313 1890 1356 1916 illa
1369 1889 1507 1925 (videlicet
1521 1888 1641 1919 arbores,

857 1940 966 1974 stirpes.
983 1939 1080 1965 herbas
1094 1943 1121 1964 et
1137 1936 1241 1972 spinas)
1256 1935 1413 1962 heminibns
1429 1940 1490 1961 nata
1505 1941 1578 1964 esse,
1594 1940 1643 1959 cur

859 1986 933 2013 dices
1046 1993 1076 2011 ea
1092 1984 1177 2018 magis
1188 1983 1344 2010 hominibus
1361 1981 1446 2012 nasci,
1464 1988 1543 2014 quam
1563 1978 1641 2004 feris-

858 2032 934 2059 simis
948 2031 1136 2058 animantibus
1150 2029 1255 2056 ratione
1273 2026 1406 2063 privatis?
1424 2036 1433 2052 ι
1459 2025 1542 2060 Neget
1561 2024 1644 2057 igitur

858 2079 946 2112 palam
963 2077 1058 2104 Celsus
1074 2081 1174 2102 tantam
1191 2075 1262 2101 illam
1286 2082 1375 2101 reruut
1395 2080 1455 2107 qua:
1469 2079 1483 2098 e
1505 2076 1580 2097 terra
1595 2079 1643 2096 na-

859 2123 1161 2152 scutttttrdiversitatem
1172 2121 1218 2148 Dei
1234 2129 1293 2148 esse
1308 2129 1385 2155 opus.
1402 2124 1428 2146 et
1445 2123 1484 2145 tot
1497 2118 1642 2152 qualitates

859 2171 976 2198 fortuita:
990 2175 1140 2197 atomorum
1158 2168 1331 2196 concursioni
1353 2167 1461 2196 tribuat,
1478 2165 1548 2191 sicut
1560 2168 1589 2189 et
1605 2168 1643 2189 tot

843 2217 993 2250 \stirpium,
1012 2216 1140 2242 arborum
1166 2219 1192 2240 et
1211 2213 1356 2240 herbarum
1374 2212 1487 2246 species,
1511 2218 1570 2245 qua:
1589 2210 1644 2236 sint.

11 2260 158 2296 ἀλληλοις·
176 2261 222 2286 καὶ
246 2260 286 2286 ὅτι
307 2260 394 2291 οὐδεὶς
419 2259 497 2293 λόγος
513 2258 636 2294 τεχνικὸς
655 2258 804 2293 ὑπέπτηξεν

860 2264 929 2291 inter
942 2271 971 2290 se
987 2262 1106 2294 similes;
1123 2261 1291 2295 negetullatn
1307 2260 1332 2286 itt
1349 2260 1381 2286 iis
1395 2259 1573 2293 quaerendam,
1583 2265 1644 2283 esse

11 2307 96 2336 αὐτὰ,
115 2306 168 2333 οὐδ’
185 2306 237 2333 ἀπὸ
251 2306 296 2332 νοῦ
310 2306 366 2341 ἔχει
378 2306 427 2341 τὴν
441 2305 526 2340 ἀρχὴν
539 2305 626 2331 πάντα
646 2303 806 2339 θαυμασμὸν

11 2353 244 2389 ὑπερϐεϐηκότος.
266 2353 334 2378 Ἀλλ’
355 2353 445 2387 ¹ἡμεῖς,
468 2353 492 2378 οἱ
520 2351 557 2386 τῷ
577 2350 664 2376 ταῦτα
685 2350 807 2377 κτίσαντι

14 2399 92 2434 μόνῳ
114 2398 173 2432 Θεῷ
197 2398 369 2433 ἀνακείμενοι
384 2397 550 2430 Χριστιανοὶ,
567 2397 613 2423 καὶ
639 2395 685 2422 ἐπὶ
705 2395 808 2427 τούτοις

13 2444 97 2480 χάριν
121 2444 230 2479 οἴδαμεν
245 2443 283 2479 τῷ
300 2443 346 2470 καὶ
370 2446 471 2470 τούτων
497 2441 664 2477 δημιουργῷ,
681 2442 720 2467 ὅτι
743 2442 807 2476 ἡμῖν

12 2489 182 2525 τηλικαύτην
199 2491 290 2516 ἑστίαν
305 2489 451 2525 ηὑτρέπισε
470 2488 536 2521 (72),
555 2488 602 2514 καὶ
621 2487 653 2513 δι’
670 2488 742 2522 ἡμᾶς
753 2489 807 2518 τοῖς

12 2536 186 2563 δουλεύουσιν
208 2537 274 2571 ἡμῖν
295 2535 386 2568 ζώοις·
415 2545 424 2560 t
449 2535 476 2562 '0
507 2533 688 2567 ἐξανατέλλων
713 2534 807 2569 χόρτον

51 2631 110 2669 (66)
127 2635 289 2663 Philocalia.
307 2636 410 2667 ποιεῖν,
428 2639 455 2661 et
471 2634 550 2668 paulo
579 2638 648 2668 post,
671 2632 808 2668 προηγού-

52 2680 86 2697 να
99 2671 197 2706 παιδίῳ
214 2670 384 2706 γεννωμένῳ.

53 2707 113 2741 (67)
130 2706 289 2734 Philot-alin.
311 2705 404 2741 χωρίῳ
421 2705 636 2741 συγκτιξομένῳ,
659 2705 704 2730 sed
725 2705 805 2730 codd.

12 2739 119 2781 Regius
136 2747 163 2768 et
183 2739 358 2774 Busileensis,
382 2739 481 2778 χωρίου
509 2739 733 2775 συγκτιξομένου,
763 2749 806 2766 re—

14 2782 100 2805 thus.

52 2812 110 2847 (68)
125 2811 286 2847 Philoealia,
310 2811 344 2837 τὰ
371 2810 464 2845 ἄλογα.
484 2810 653 2838 llmschelius
673 2815 700 2837 et
720 2811 805 2845 Spen-

13 2855 108 2876 certIS.
125 2848 159 2874 τὰ
175 2847 242 2874 ἄλλα
258 2846 351 2880 ἄλογα.

51 2883 107 2917 (ϋΩ)
123 2883 171 2915 Μὴ
184 2881 315 2917 μᾶλλον.
339 2882 383 2909 Sic
399 2881 560 2917 Philocalia,
577 2881 745 2917 lluzsehelius
758 2888 806 2906 au-

15 2922 70 2946 tem
82 2924 109 2947 ct
122 2920 288 2951 Spencetus,
303 2917 329 2944 τί
345 2917 453 2951 μᾶλλον.
473 2916 557 2944 Paulo
571 2921 629 2950 post
645 2916 804 2947 l'hilocalia.

859 2311 925 2337 artis
938 2310 1088 2341 solertiam,
1102 2313 1130 2334 et
1151 2307 1197 2334 illa
1215 2307 1350 2340 originem
1379 2309 1517 2339 acceptam
1540 2304 1643 2331 reierre

860 2356 1042 2391 intelligentia:
1067 2362 1128 2389 quae
1163 2361 1271 2381 omnem
1300 2353 1507 2378 admirationem
1524 2355 1642 2384 superat.

859 2404 912 2430 Sed
929 2411 977 2430 nos
991 2402 1040 2429 soli
1069 2402 1125 2428 Deo
1143 2408 1234 2427 rerum
1264 2399 1370 2425 illarum
1386 2398 1518 2425 conditori
1544 2397 1642 2423 addicti

859 2449 1019 2480 Christiani,
1035 2449 1138 2482 gratias
1152 2447 1190 2473 illi
1210 2446 1352 2477 habemus,
1370 2444 1440 2479 quod
1456 2444 1533 2471 nobis
1544 2448 1571 2470 et
1583 2451 1645 2478 pro-

860 2501 919 2531 pter
932 2503 981 2522 nos
1000 2495 1166 2521 animalibus
1180 2501 1238 2528 qua!
1254 2493 1331 2519 nobis
1346 2492 1478 2522 serviunt,
1491 2490 1543 2516 tale
1559 2489 1645 2516 domi-

859 2543 949 2570 cilium
967 2541 1141 2568 adornaverit
1156 2549 1163 2566 :
1184 2549 1194 2565 t
1210 2539 1270 2574 Ipse
1286 2539 1409 2573 producit
1424 2537 1524 2564 [certum
1538 2537 1645 2572 jumen-

858 2633 909 2668 ἤδη
927 2632 1019 2666 σαφῶς
1032 2631 1221 2666 ὲπικουρίζων.

895 2661 950 2703 (70)
967 2661 1136 2694 lltesebnlius
1151 2661 1178 2692 et
1192 2667 1356 2700 Speneerus,
1371 2663 1449 2699 ἡμῶν
1466 2661 1646 2698 κατηγοροῦν-

859 2712 903 2735 τα,
919 2705 965 2729 διιιι
984 2702 1131 2729 l’hilot-ulia
1149 2707 1177 2727 ut
1193 2702 1219 2727 in
1240 2706 1332 2726 nostro
1347 2706 1432 2727 textu.

895 2732 951 2773 (71)
967 2738 1142 2770 ιΙοιότητας.
1171 2737 1254 2763 llcete
1266 2737 1378 2762 omnino
1394 2734 1555 2773 Philoealia,
1574 2732 1644 2759 male

859 2769 950 2800 autem
969 2773 1138 2801 Ilcesebelzus
1148 2777 1176 2798 et
1193 2772 1346 2806 Spencerns
1358 2769 1511 2805 συντυχίας,
1525 2776 1584 2804 qua:
1594 2775 1644 2795 vox

860 2809 962 2835 nullnnt
980 2811 1023 2836 hie
1037 2809 1123 2835 locum
1141 2808 1231 2834 habet.

895 2844 950 2879 (7-,!)
981 2844 1150 2879 lloeschelius
1173 2847 1200 2869 et
1223 2843 1390 2877 Spencerus,
1416 2839 1569 2877 εὐτρέπιζε,
1596 2839 1646 2867 sed

858 2878 1179 2915 Pltiloeuliamﬁrpémae.
