1908 3099
65 164 138 193 1119

671 152 811 192 CONTRA
829 164 967 193 CELSUM
981 165 1045 194 LIB.
1063 165 1107 193 1v.

1628 165 1698 193 H50

65 222 83 249 τί
117 222 226 257 μᾶλλον
254 223 318 258 ἡμῖν
338 222 354 258 ἢ
377 224 433 255 τοῖς
452 223 573 259 μύρμηξι
599 222 644 250 καὶ¹
673 224 733 254 ταῖς
757 223 847 258 μυίαις

918 231 967 251 cur
982 224 1058 252 nobis
1073 231 1169 258 magis.
1183 231 1262 258 quam
1280 224 1400 252 formicis
1411 229 1437 251 et
1453 224 1573 251 muscis?
1589 224 1655 251 Nam
1672 230 1699 252 et

65 269 120 295 ἰαὶ
136 268 198 304 γὰρ
213 269 327 302 ἐκείνοις
338 271 355 305 ἡ
370 269 419 305 μὲν
431 269 479 302 νὺξ
494 269 597 304 γίνεται
614 269 682 306 πρὸς
699 269 861 301 ἀνάπαυσιν,

65 322 71 349 ι
94 314 129 341 δὲ
155 315 250 351 ἡμέρα
270 315 338 351 πρὸς
355 315 386 342 τὸ
401 316 466 351 όρᾷν
482 324 511 342 τε
528 315 574 342 καὶ
595 316 724 352 ἐνεργεῖν.
746 325 755 340 ι
775 315 863 350 Σαφὲς

65 359 104 395 ἰὴ,
124 360 169 386 ὅτι
188 360 219 386 οὒ
238 360 317 395 μόνον
342 361 475 388 Ἰουδαίων
491 361 537 388 καὶ
554 360 723 397 Χριστιανῶν
742 369 812 391 τινες
825 361 862 387 εἱ-

65 405 190 440 )ήκασιν
200 405 265 441 ἡμῖν
279 406 414 433 δουλεύειν
426 407 500 441 ἥλιον
516 407 564 434 καὶ
576 406 609 432 τὰ
623 407 651 433 ὲν
666 405 782 442 οὐρανῷ,
796 405 863 432 ἀλλὰ

65 451 112 477 καὶ
130 453 146 478 ὁ
160 451 234 479 κατά
246 461 321 484 τινας
333 453 480 486 Σκηνικὸς
495 454 659 488 φιλόσοφος
675 453 740 488 (79),
755 452 800 479 καὶ
813 462 862 487 φυ-

65 496 206 531 διολογίας
235 497 285 531 τῆς
322 497 501 533 Ἀναξαγόρου
529 497 674 532 γενόμενος
706 497 859 532 ἀκροατής·

65 541 143 573 επις
162 541 219 568 ἀπὸ
235 542 293 574 ἑνὸς
308 542 416 577 λογικοῦ
437 542 484 570 τοῦ
501 543 643 579 ἀνθρώπου
666 542 861 578 συνεκδοχικῶς

65 588 134 614 πᾶσι
151 589 210 620 τοῖς
226 588 343 623 λογικοῖς
356 590 512 625 τεταγμένα.
522 590 576 624 (80)
593 591 621 616 ὲν
637 589 676 624 τῷ
694 590 774 615 παντί
795 597 861 624 φησι

65 631 215 665 Βουλεύειν,
228 632 378 668 δηλούμενα
393 633 472 660 πάλιν
489 634 684 669 συνεκδοχικῶς
699 635 730 661 ὲκ
743 634 803 661 τοῦ·

139 764 249 797 ’Ἰὶλιος
259 764 318 798 μὲν
333 765 391 798 νύξ
404 774 436 792 τε
451 766 586 794 δουλεύει
599 766 729 801 βροτοῖς.

65 809 101 836 Ἦ
118 810 193 844 τάχα
211 809 258 836 καὶ
269 811 283 837 ὁ
296 812 426 846 τραγικὸς
442 812 496 839 ἀπὸ
507 813 554 839 τοῦ
576 814 713 846 ποιοῦντος
726 815 775 850 τὴν
792 815 860 850 ἡμέ-

65 864 117 890 ραν
141 855 222 890 ἡλίου
243 856 367 891 ὠνόμασε
391 858 439 893 τὴν
460 859 574 894 ἡμέραν,
597 859 740 893 διδάσκων,
765 861 804 887 ὃτι
824 861 859 887 τὰ

916 270 970 298 illis
994 278 1047 297 nox
1076 269 1232 305 quiescendi
1252 275 1355 304 tempus
1378 275 1430 303 est,
1446 275 1473 297 et
1497 270 1553 297 dies
1575 271 1699 297 exoritur

917 317 950 344 ad
967 316 1111 344 videndum
1125 321 1153 343 et
1166 316 1344 351 Operandum.
1357 325 1366 342 ι
1384 316 1453 343 llinc
1465 322 1538 351 patet
1553 317 1621 343 hanc
1635 324 1697 344 sen-

917 362 1046 394 tentiam.
1065 361 1148 389 solem
1165 361 1271 396 aliaque
1288 368 1404 396 corpora
1421 362 1499 389 nobis
1513 363 1628 394 servire,
1643 371 1697 389 non

916 406 1094 440 quorumdam
1119 406 1252 433 duntaxat
1268 413 1328 433 esse
1347 406 1540 442 Judmorum‘et
1565 408 1697 434 Christia-

916 459 1024 484 norum,
1038 452 1084 479 sed
1099 451 1181 478 etiam
1197 451 1279 484 illius,
1291 459 1372 486 quem
1385 453 1493 487 quidam
1506 458 1601 480 vocant
1615 453 1698 479 Thea-

918 498 953 524 tri
974 497 1158 532 philosophum
1173 518 1180 528 ,
1199 498 1301 531 quique
1323 498 1461 533 physicam
1477 498 1511 525 ab
1535 500 1696 534 Anaxagora

915 543 1011 570 doctus
1028 543 1128 570 fuerat.
1148 542 1172 570 ls
1189 548 1280 570 autem
1297 551 1356 570 cum
1382 544 1420 570 ait
1436 544 1537 571 homini
1558 553 1599 572 res
1617 546 1697 580 hujus

915 587 1033 615 universi
1048 587 1163 620 servire,
1179 592 1256 622 parte
1272 595 1320 622 pro
1339 592 1395 615 toto
1411 594 1528 624 sumpta,
1542 598 1635 618 omnes
1650 599 1697 617 na-

915 637 990 658 turas
1012 633 1125 659 rationis
1140 632 1286 668 participes
1309 633 1451 668 intelligit;
1469 635 1695 668 quemadmodum

914 678 1007 705 eodem
1024 678 1151 705 dictionis
1169 682 1267 706 ornatu
1286 686 1329 706 res
1352 679 1431 713 hujus
1453 680 1571 707 universi
1592 682 1696 716 signiti.

913 727 957 750 cat
973 731 1033 751 cum
1048 725 1102 750 ait:

1002 769 1078 807 lSol,
1097 779 1159 802 nox,
1175 777 1279 805 uterque
1295 771 1409 798 serviunt
1425 771 1589 799 mortalibus.

913 815 1043 843 Fortasse
1060 817 1141 844 etiam
1164 817 1281 851 tragicus
1297 817 1342 844 ille
1362 822 1441 850 poeta
1460 817 1525 844 solis
1546 825 1610 844 voce
1625 818 1694 844 dicm

912 865 1073 900 designavit,
1083 866 1146 900 quia
1163 865 1202 892 sol
1216 866 1286 893 diem
1302 865 1400 899 eilicit;
1417 871 1445 892 ut
1463 866 1595 893 indicaret
1608 867 1650 894 die
1663 875 1696 894 ac

65 902 190 936 μάλιστα
213 902 347 939 χρῄζοντα
363 904 469 940 ἡμέρας
485 905 532 931 καὶ
552 905 648 937 νυκτὸς
665 906 697 933 τὰ
714 906 765 932 ὑπὸ
783 906 854 942 asini-

914 917 993 939 n0cte
1017 912 1136 939 maxime
1160 920 1227 946 opus
1253 913 1354 939 habere
1377 920 1436 947 quae
1458 913 1508 940 sub
1531 913 1593 939 luna
1611 920 1695 946 sunt;

65 956 114 983 νην
131 948 210 974 ἐστι·
230 948 276 974 καὶ
298 948 347 983 οὐχ
361 948 446 981 οὕτως
462 950 538 982 ἄλλα,
553 951 590 983 ὡς
611 952 645 978 τὰ
658 952 703 978 ἐπὶ
719 953 770 988 γῆς
792 952 858 988 (81).

67 994 185 1029 Ἡμέρα
202 992 248 1021 οὖν
265 995 311 1021 καὶ
327 995 375 1027 νὺξ
391 995 508 1022 δουλεύει
524 996 628 1032 βροτοῖς
638 1018 645 1030 ,
660 998 803 1033 γενόμεναι
817 999 860 1026 διὰ

65 1040 97 1066 τὰ
109 1039 221 1074 λογικά.
236 1041 268 1067 Εἰ
280 1041 307 1066 δὲ
322 1041 549 1076 παραπολαύουσι
558 1043 701 1079 μύρμηκες
713 1045 759 1071 καὶ
772 1047 858 1080 μυῖαι,

65 1086 244 1122 ἐνεργοῦντες
262 1087 311 1121 μὲν
335 1087 450 1123 ἡμέρας,
469 1089 563 1121 νυκτὸς
579 1089 607 1115 δὲ
622 1090 858 1126 διαναπαυόμενοι,

65 1133 119 1158 τῶν
136 1131 172 1158 δι’
194 1132 354 1168 ἀνθρώπους
369 1135 574 1169 γεγενημένων·
591 1136 650 1170 οὐχὶ
667 1137 714 1163 καὶ
729 1136 771 1163 διὰ
790 1137 859 1173 μύρ-

65 1187 162 1214 μηκας
178 1179 225 1205 καὶ
238 1179 320 1214 μυίας
334 1179 442 1206 λεκτέον
453 1180 558 1216 ἡμέραν
571 1181 692 1215 γίνεσθαι
702 1183 748 1209 καὶ
759 1182 843 1209 νύκτα
853 1193 859 1199 ’

65 1224 126 1251 οὐδὲ
139 1224 175 1251 δι’
184 1225 269 1257 οὐδὲν,
280 1224 349 1252 ἀλλὰ
359 1226 430 1252 κατὰ
439 1226 580 1261 Πρόνοιαν,
596 1227 745 1263 ἀνθρώπων
757 1228 859 1263 ἕνεκεν,

65 1271 154 1298 ταῦτα
170 1271 223 1307 χρὴ
239 1270 358 1307 νομίζειν
374 1272 526 1306 γεγονέναι.

106 1371 189 1407 Ἑξῆς
211 1371 239 1398 δὲ
260 1372 364 1405 τούτοις
388 1373 442 1409 (8'2)
463 1373 552 1410 ἑαυτῷ
563 1374 745 1411 ἀνθυποφέρει
764 1377 798 1404 τὰ
822 1377 858 1409 ὡς

65 1418 139 1454 ὑπὲρ
156 1417 308 1454 ἀνθρώπων
326 1419 470 1456 λεγόμενα,
488 1421 529 1448 ὅτι
554 1421 586 1448 δι’
606 1422 704 1454 αὐτοὺς
719 1423 753 1449 τὰ
775 1423 860 1457 ἄλογα

65 1464 124 1497 ζῶα
141 1465 382 1502 δεδημιούργηται,
401 1467 447 1494 καί
462 1476 555 1502 φησιν,
572 1468 622 1500 ὅτι,
646 1478 655 1494 ι
676 1469 710 1495 Εῖ
729 1479 770 1501 τις
786 1471 859 1506 ἡμᾶς

65 1512 141 1546 λέγοι
161 1511 293 1548 ἄρχοντας
310 1513 364 1540 τῶν
383 1513 470 1546 ζώων,
489 1515 550 1541 ἐπεὶ
568 1515 646 1550 ἡμεῖς
667 1515 700 1542 τὰ
721 1516 786 1543 ἄλλα
801 1517 859 1549 ζῶα

65 1559 198 1594 θηρῶμέν
211 1559 267 1594 (83)
289 1569 319 1586 τε
335 1561 382 1587 καὶ
396 1560 563 1596 δαινύμεθα·
581 1562 713 1597 φήσομεν,
731 1563 771 1589 ὃτι
787 1563 820 1590 Τί
837 1563 858 1589 δ’

65 1605 129 1640 οὐχὶ
153 1605 252 1640 μᾶλλον
270 1605 326 1641 (84)
342 1607 421 1642 ἡμεῖς
444 1607 478 1634 δι’
500 1608 591 1634 ἐκεῖνα
613 1608 774 1645 γεγόναμεν,
797 1610 857 1637 ἐπεὶ

65 1652 162 1678 ἐκεῖνα
173 1651 290 1687 θηρᾶται
303 1653 376 1688 ἡμᾶς
386 1653 432 1680 καὶ
448 1653 550 1687 ὲσθίει;
571 1654 650 1682 Ἀλλὰ
664 1656 710 1682 καὶ
728 1657 793 1691 ἡμῖν
810 1657 858 1692 μὲν

65 1697 179 1734 ἀρκύων
194 1699 240 1725 καὶ
251 1698 341 1726 ὅπλων
355 1699 404 1732 δεῖ,
422 1700 469 1726 καὶ
484 1699 636 1736 ἀνθρώπων
652 1701 781 1728 πλειόνων
798 1702 858 1738 βοη-

65 1744 134 1775 Θῶν,
153 1744 200 1770 καὶ
215 1744 315 1777 κυνῶν,
335 1745 406 1772 κατά
416 1745 470 1772 τῶν
487 1746 689 1782 θηρευομένων·
708 1748 820 1780 ἐκείνοις
834 1749 857 1775 δ’

66 1790 170 1817 αὐτίκα
186 1791 233 1817 καὶ
245 1791 305 1818 καθ’
321 1791 390 1818 αὑτὰ
401 1792 417 1828 ἡ
431 1793 510 1826 φύσις
521 1793 590 1820 ὅπλα
602 1793 727 1827 δέδωκεν,
739 1795 857 1830 εὐχερῶς

65 1836 144 1871 ἡμᾶς
156 1837 294 1870 ὑπάγουσα
310 1838 434 1870 ἐκείνοις.
455 1848 464 1864 ι
479 1839 533 1865 Καὶ
544 1839 658 1866 ἐνταῦθα
672 1839 699 1866 δὲ
713 1841 788 1876 ὁρᾷς,
798 1840 858 1867 τίνα

65 1881 192 1917 τρόπονὴ
204 1881 311 1914 σύνεσις
321 1883 391 1918 μέγα
404 1882 528 1919 βοήθημα
540 1884 606 1919 ἡμῖν
614 1883 727 1915 δέδοται,
737 1885 784 1911 καὶ
793 1893 858 1912 παν-

66 1928 115 1959 τὸς
121 1927 203 1954 ὅπλου
214 1930 344 1964 κρεῖττον,
354 1925 384 1955 οἶ)
390 1929 461 1956 δοκεῖ
469 1929 540 1965 ἔχειν
547 1930 579 1957 τὰ
589 1930 679 1966 θηρία.
693 1931 785 1966 Ἡμεῖς
793 1931 857 1965 γοῦν

65 1974 93 2000 οἱ
118 1973 207 2009 πολλῷ
228 1974 267 2010 τῷ
293 1974 397 2010 σώματι
421 1976 474 2002 τῶν
491 1975 567 2007 ζώων
584 1976 637 2012 (85)
659 1977 855 2013 ἀσθενέστεροι,

67 2020 152 2047 τινῶν
175 2020 202 2047 δὲ
218 2022 266 2047 καὶ
283 2022 322 2053 είς
343 2021 495 2058 ὑπερϐολὴν
517 2022 687 2059 βραχύτεροι,
705 2023 857 2059 κρατοῦμεν

67 2066 116 2093 διὰ
131 2067 180 2103 τὴν
196 2067 302 2093 σύνεσιν
322 2068 376 2095 τῶν
398 2068 509 2104 θηρίων,
535 2070 581 2095 καὶ
601 2070 664 2101 τοὺς
684 2070 857 2106 τηλικούτους

68 2113 219 2147 ἐλέφαντας
237 2113 396 2150 θηρεύομεν,
422 2114 455 2141 τὰ
471 2115 519 2150 μὲν
536 2116 677 2150 πεφυκότα
699 2116 858 2142 τιθασσεύε-

70 2157 134 2184 σθαι
156 2158 350 2191 ὑποτάσσοντες
364 2161 395 2195 τῇ
415 2161 538 2195 ἡμετέρᾳ
557 2161 721 2196 ἡμερότητι’
738 2161 808 2188 κατὰ
830 2161 857 2188 δὲ

68 2203 126 2230 τῶν
141 2203 177 2239 μὴ
191 2205 384 2240 πεφυκότων,ἢ
401 2206 437 2241 μὴ
451 2206 598 2233 δοκούντων
610 2208 675 2243 ἡμῖν
690 2208 782 2243 χρείαν
790 2216 858 2244 παρ-

912 963 1008 986 ρωιοτο
1024 966 1076 985 non
1095 966 1170 993 atque
1185 967 1216 985 ac
1230 966 1261 985 ea
1277 966 1336 992 qum
1353 965 1415 985 sunt
1430 959 1455 985 in
1469 964 1549 986 terra.
1565 959 1628 987 Dies
1645 959 1693 994 igi-

912 1009 954 1032 tur
975 1009 1003 1032 et
1029 1012 1082 1032 nox
1113 1006 1273 1032 mortalibus
1302 1007 1444 1036 serviunt.
1467 1009 1580 1040 uterque
1606 1005 1695 1032 factus

912 1056 1023 1086 propter
1034 1055 1147 1078 naturas
1166 1051 1274 1077 ratione
1287 1051 1425 1085 praeditas.
1440 1051 1466 1078 Si
1482 1056 1569 1078 autem
1582 1055 1694 1086 uterque

911 1096 1152 1132 propterhomines
1164 1102 1270 1124 creatus
1286 1098 1395 1132 prodest
1411 1096 1532 1125 formicis
1544 1102 1570 1124 ct
1583 1099 1692 1132 muscis,

911 1151 971 1178 quae
996 1150 1044 1176 per
1071 1143 1140 1170 diem
1159 1142 1285 1169 laborant
1309 1148 1442 1177 noctuque
1471 1143 1691 1177 conquiescunt:

911 1197 964 1217 non
989 1189 1090 1216 idcirco
1104 1188 1195 1216 dicere
1218 1194 1324 1223 oportet
1348 1188 1522 1215 formicarum
1539 1193 1566 1215 ct
1585 1197 1692 1216 musca-

912 1244 970 1263 rum
985 1242 1067 1262 causa
1094 1233 1166 1261 facta
1182 1242 1243 1262 esse
1257 1235 1328 1262 diem
1344 1242 1377 1261 ac
1400 1239 1506 1261 noctem
1520 1255 1527 1267 ,
1545 1240 1592 1261 aut
1615 1235 1640 1261 in
1661 1235 1693 1261 iis

910 1284 1035 1312 creandis
1060 1283 1113 1311 alio
1139 1287 1276 1318 spectasse
1300 1282 1526 1314 Providentiam,
1551 1289 1631 1316 quam
1658 1282 1692 1309 ad

910 1331 1044 1358 homines.

946 1377 990 1403 78.
1006 1375 1109 1403 Deinde
1130 1376 1180 1403 sibi
1203 1375 1297 1410 objicit
1313 1375 1385 1410 quod
1403 1383 1451 1410 pro
1471 1375 1626 1403 hominibus
1649 1375 1691 1402 di-

910 1424 991 1456 citur,
1007 1424 1084 1450 bruta
1103 1430 1199 1457 nempe
1215 1423 1342 1449 animalia
1358 1422 1464 1449 illorum
1481 1430 1562 1449 causa
1579 1430 1639 1450 esse
1652 1422 1692 1449 fa-

901 1465 964 1500 ‘cta,
985 1473 1013 1494 et
1030 1468 1085 1494 ait:
1109 1476 1117 1492 ι
1134 1466 1162 1494 Si
1189 1468 1249 1501 quis
1264 1475 1313 1494 nos
1337 1474 1412 1501 reges
1430 1467 1608 1494 animantium
1631 1475 1693 1496 esse

909 1514 991 1545 dicat,
1004 1515 1074 1547 quod
1090 1514 1130 1540 eis
1148 1514 1174 1540 in
1188 1513 1311 1540 venando
1322 1514 1408 1548 captis
1419 1513 1512 1547 epulas
1524 1513 1691 1546 instruimus,

912 1561 1078 1594 respondebo
1099 1569 1106 1587 :
1123 1560 1178 1587 Cur
1192 1568 1244 1586 non
1261 1560 1351 1594 potius
1364 1567 1413 1587 nos
1431 1564 1543 1594 propter
1558 1559 1617 1586 illas
1635 1560 1692 1586 nati

911 1613 1023 1638 sumus,
1040 1605 1258 1640 quandoquidem
1277 1605 1328 1632 illac
1342 1613 1392 1633 nos
1406 1611 1432 1632 et
1450 1609 1584 1632 venantur
1603 1609 1631 1632 et
1647 1605 1693 1632 dc-

909 1654 1027 1681 vorant?
1041 1653 1195 1681 Praesertim
1213 1661 1274 1680 cum
1289 1657 1383 1680 contra
1397 1651 1458 1679 illas
1474 1651 1552 1679 nobis
1568 1652 1670 1679 retibus
1683 1672 1691 1683 .

909 1700 1002 1732 armis,
1020 1699 1199 1734 complurium
1215 1699 1353 1726 hominum
1370 1697 1483 1732 auxilio,
1500 1698 1612 1725 canibus
1624 1705 1692 1732 opus

908 1745 963 1778 sit;
982 1745 1036 1771 illis
1049 1750 1139 1772 autem
1153 1749 1249 1778 sponte
1262 1748 1358 1771 natura
1373 1751 1447 1770 arma
1465 1744 1578 1775 dederit,
1594 1743 1692 1778 quibus
1735 1766 1737 1769 ,

908 1799 957 1818 nos
968 1791 1018 1818 sibi
1031 1790 1103 1818 facili
1119 1789 1200 1826 562
1214 1791 1320 1825 negotio
1332 1789 1489 1823 subjiciam.
1500 1799 1509 1815 ι
1523 1790 1612 1823 Atque
1625 1789 1691 1816 hinc

908 1837 982 1864 vides
1000 1836 1160 1876 industriam
1179 1835 1258 1862 nobis
1275 1842 1334 1862 esse
1351 1843 1476 1870 magnum
1492 1834 1634 1865 auxilium,
1652 1834 1692 1860 id-

908 1890 959 1917 que
973 1883 1146 1917 praestantius
1159 1881 1243 1908 armis
1258 1888 1318 1915 quae
1331 1881 1396 1908 leris
1408 1881 1496 1907 inesse
1509 1879 1645 1907 videntur.
1660 1879 1692 1905 Et

907 1929 1028 1963 quidem,
1045 1927 1152 1955 etiamsi
1177 1927 1282 1954 viribus
1299 1927 1424 1961 corporis
1441 1934 1490 1953 nos
1507 1925 1591 1953 multo
1607 1933 1691 1960 supe-

909 1979 970 2002 rent
985 1975 1147 2006 animantes.
1161 1978 1188 2000 et
1203 1973 1363 2008 quibusdam
1375 1972 1562 2007 magnitudine
1577 1972 1691 1998 immen-

908 2029 967 2049 sum
991 2021 1119 2049 cedamus
1131 2040 1138 2053 ,
1163 2019 1224 2048 illas
1241 2025 1329 2047 tamen
1352 2020 1378 2046 in
1393 2023 1514 2046 nostram
1529 2022 1690 2052 potestatem

909 2072 1002 2095 nostra
1022 2067 1120 2102 redigit
1136 2065 1206 2094 ratio
1222 2071 1303 2100 atque
1318 2065 1439 2092 solertia.
1456 2064 1619 2099 Elephantes
1630 2071 1692 2091 cor-

907 2115 981 2151 poris
998 2114 1069 2142 mole
1087 2118 1176 2142 tantos
1192 2113 1315 2140 venando
1331 2113 1530 2144 nanciscimur;
1546 2119 1605 2146 qua:
1616 2111 1691 2138 cicu-

909 2162 961 2189 rari
975 2165 1098 2195 possunt,
1121 2168 1168 2188 eas
1185 2165 1277 2188 nostra
1304 2159 1511 2186 mansuetudine
1533 2158 1611 2185 nobis
1628 2157 1692 2185 sub-

909 2209 1008 2235 dimus.
1025 2207 1089 2241 Qua-
1111 2206 1282 2234 mansueﬁeri
1292 2205 1692 2240 nequeunt.autmansuel‘actw

71 2250 145 2284 ἐχειν
174 2251 205 2276 ἐκ
228 2250 275 2285 τῆς
293 2250 458 2283 τιθασσείας,
482 2251 551 2277 οὕτω
570 2252 637 2287 μετά
656 2252 706 2286 τῆς
721 2253 854 2288 ἡμετέρας

914 2254 973 2280 nulli
999 2254 1077 2281 nobis
1095 2253 1154 2280 usui
1175 2258 1287 2286 essent,
1317 2253 1354 2280 ita
1378 2260 1428 2279 nos
1452 2253 1486 2279 ab
1507 2253 1560 2280 illis
1581 2260 1691 2280 securos

72 2294 204 2329 ἰττάμεθα
218 2295 375 2329 ἀσφαλείας,
391 2296 471 2329 ὥστε,
489 2296 533 2322 ὅτε
552 2296 600 2331 μὲν
622 2296 779 2331 βουλόμεθα,
799 2296 857 2332 ἕχο-

75 2350 124 2376 μεν
140 2341 172 2368 τὰ
193 2341 341 2377 τηλικαῦτα
364 2342 444 2378 θηρία
466 2342 731 2378 κατακεκλεισμένα·
762 2343 806 2369 ὅτε
830 2343 857 2370 δὲ

73 2387 208 2424 χρῄζομεν
220 2388 322 2428 τροφῇς
337 2388 386 2423 τῆς
400 2388 453 2415 ἀπὸ
473 2388 526 2414 τῶν
548 2388 681 2423 σωμάτων
697 2388 795 2420 αὐτῶν,
811 2388 857 2414 οὗ-

73 2441 128 2463 te);
142 2433 208 2459 αὐτὰ
221 2433 396 2469 ὰναιροῦμεν,
409 2434 446 2466 ὡς
458 2433 548 2460 καὶτὰ
561 2433 596 2469 μὴ
610 2434 691 2469 ἄγρια
705 2434 758 2460 τῶν
770 2434 856 2466 ζώων.

75 2478 159 2505 Δοῦλα
175 2476 220 2505 οὖν
235 2479 322 2505 πάντα
336 2479 382 2506 τοῦ
398 2479 507 2513 λογικοῦ
524 2479 593 2511 ζώου
607 2480 653 2506 καὶ
671 2480 720 2514 τῆς
741 2480 858 2514 φυσικῆς

76 2524 155 2551 αὑτοῦ
171 2525 302 2557 συνέσεως
316 2526 514 2555 κατεσκεύασεν
534 2526 548 2551 ὁ
560 2526 734 2562 δημιουργός.
748 2526 802 2552 Καὶ
817 2528 857 2559 εἰς

79 2629 85 2631 “
96 2660 102 2663 _
111 2625 165 2663 (i9)
176 2627 323 2660 Σκηνικὸς
334 2628 511 2662 φιλόσοφος.
524 2627 664 2662 Euripides
693 2635 788 2663 nempe
811 2629 856 2662 qui

80 2660 112 2687 ab
123 2661 249 2688 Athenaeo
267 2667 293 2688 et
316 2660 452 2690 Clcmenté
480 2660 674 2694 Alexandrino,
690 2660 856 2696 Slrohtatfv,

81 2700 191 2733 vocatur
208 2697 222 2722 ὁ
248 2697 294 2723 ἐπὶ
312 2697 488 2733 τῆςνσκηνῆς
516 2697 668 2732 φιλόσοφος.
703 2697 800 2725 Suidas
831 2700 857 2724 in

79 2730 351 2772 ΕἰΈιπίδΑΔιὴκουσε
365 2732 393 2759 δὲ
420 2730 472 2760 καῖ’
489 2730 667 2768 Ἀναξαγόρου
680 2732 727 2759 τοῦ
753 2733 857 2765 Κλαζο-

81 2773 176 2800 μενιου.

114 2800 166 2838 (80)
180 2800 356 2838 Τεταγμένα.
374 2802 553 2830 Scribendum
566 2802 637 2838 forte
646 2802 680 2828 τὰ
693 2803 854 2838 τεταγμένα.

82 2835 117 2874 uti
136 2837 254 2874 θοαί]ἰοίιᾷ
271 2835 399 2874 Quietus.
418 2838 489 2864 Infra
516 2838 604 2874 Vcodex
626 2835 858 2874 Ιοιὶιιιιυεξῆλιος

101 2870 128 2909 ὲν
142 2871 188 2909 νύξ
201 2880 230 2909 τε
242 2872 361 2909 δουλεύει
375 2873 490 2908 βροτοῖς.
513 2873 542 2901 ιιι
560 2878 638 2901 antea
664 2873 743 2902 editis
769 2870 856 2909 deest,

122 2905 189 2933 λεύει
204 2906 319 2942 βροτοῖς.

909 2301 1047 2327 reddimus
1059 2320 1066 2332 ,
1086 2306 1115 2326 ut
1129 2299 1199 2329 illas.
1215 2299 1322 2333 quando
1336 2299 1410 2326 lubet
1421 2319 1428 2331 ,
1445 2299 1561 2326 inclusas
1575 2300 1686 2327 retinea-

909 2354 987 2377 mus;
1001 2354 1063 2373 cum
1079 2351 1168 2372 autem
1183 2345 1288 2372 illarum
1306 2345 1465 2379 corporibus
1479 2346 1512 2371 ad
1528 2346 1690 2372 vescendum

909 2401 977 2427 opus
986 2398 1120 2428 est,a:que
1137 2393 1216 2420 facile
1232 2393 1292 2419 illas
1305 2392 1455 2420 occidimus
1471 2400 1503 2418 ac
1517 2380 1690 2418 domesticas.

908 2439 1041 2466 Animalis
1060 2440 1143 2474 igitur
1171 2440 1277 2466 ratione
1299 2437 1404 2474 praediti
1432 2437 1547 2464 naturali
1572 2437 1691 2463 solertia;

908 2484 1038 2513 Conditor
1054 2485 1145 2512 omnia
1169 2485 1296 2511 animalia
1317 2483 1446 2511 subdidit.
1467 2484 1555 2516 Atque
1573 2483 1636 2509 hinc
1650 2487 1692 2510 est

908 2531 978 2566 Quod
987 2532 1100 2559 canibus
1109 2532 1222 2566 exempli
1232 2539 1313 2558 causa
1324 2531 1356 2557 ad
1365 2538 1485 2566 gregum,
1495 2534 1690 2560 armentorum.

945 2628 1000 2664 (81)
1015 2628 1116 2655 Vitiose
1132 2629 1157 2654 in
1172 2624 1252 2664 ante'a
1266 2627 1462 2663 editislegitur,
1472 2627 1520 2653 καὶ
1531 2626 1581 2662 οὐχ
1595 2625 1690 2657 οὕτως,

908 2663 975 2691 ἀλλὰ
991 2665 1028 2696 ὡς
1043 2663 1077 2689 τὰ
1090 2663 1135 2689 ἐπὶ
1151 2663 1212 2698 γῆς.

944 2699 1001 2734 (8'2)
1024 2699 1109 2732 Ἑξῆς
1123 2698 1157 2724 δὲ
1170 2699 1295 2730 τούτοις,
1313 2704 1473 2732 etc.,usquc
1489 2698 1522 2724 ad
1542 2697 1601 2733 ista,
1617 2697 1692 2732 δεδη-

910 2734 1245 2770 μιούργηταιιώιψμιοιιγιυι·
1261 2743 1276 2760 e
1294 2734 1448 2761 l’hilocalia.

944 2768 1000 2803 (85)
1018 2768 1117 2797 Eadem
1140 2769 1307 2801 ,PllllOCHlla,
1342 2770 1474 2804 ἄρχοντας
1500 2768 1554 2795 τῶν
1575 2769 1691 2802 ἀλόγων,

908 2806 968 2833 ἐπεὶ
981 2806 1060 2840 ἡμεῖς
1074 2807 1107 2832 τα
1124 2804 1209 2838 ἄλογα
1226 2804 1363 2840 θηρῶμεν.

943 2841 999 2874 ist)
1017 2841 1186 2868 llmschelius
1199 2846 1226 2866 et
1240 2841 1404 2875 Spencerus,
1425 2841 1466 2868 6m.
1480 2841 1538 2876 οὐχῖ
1553 2840 1662 2875 μᾶλλον.

892 2908 899 2915 ³
943 2876 1000 2912 (85)
1015 2876 1172 2910 l’hilocalia,
1187 2876 1298 2911 θηριων.
