1908 3099
230 105 298 131 1155

948 103 1111 132 ORICENIS

1788 105 1855 132 H56

225 162 362 190 mantibus
380 161 524 196 quamdam
536 162 612 196 quasi
633 162 776 197 imaginem
789 162 903 190 rationis
915 162 998 197 largit:

1062 162 1102 195 ξιν
1132 160 1341 198 ὲργατικώτεροι
1367 163 1509 197 γίνωνται,
1533 163 1581 189 καὶ
1607 163 1855 199 ταμιευτικὼπτεροι

224 215 282 241 est,
301 209 382 242 idque
403 209 517 236 fortasse
537 209 570 235 ad
589 208 770 236 iucutiendum
787 209 941 236 hominibus
957 217 1008 243 pu-

224 256 336 286 dorem;
355 260 384 282 ut
403 255 533 282 formicas
545 255 637 282 intuiti
655 260 682 281 et
695 255 888 282 laboriosiores
901 255 1007 287 fierent,

223 307 250 328 et
264 309 353 328 rerum
368 302 418 328 sibi
432 301 537 327 utilium
555 301 712 334 parciores;
729 308 793 335 apes
807 308 872 327 vero
887 304 1009 327 contem-

1061 207 1115 234 τῶν
1139 208 1243 239 ἑαυτοῖς
1270 207 1422 244 χρησίμων,
1448 209 1641 241 κατανοοῦντές
1669 218 1700 235 τε
1727 210 1855 244 μελίσσας

1062 253 1208 280 πείθωνται
1222 253 1271 289 μὲν
1284 254 1395 289 ἡγεμόνι
1411 255 1458 290 (5),
1471 255 1627 291 διαιρῶνται
1641 255 1671 282 δὲ
1685 255 1721 281 τὰ
1733 257 1855 291 χρήσιμα

1061 299 1110 334 τῆς
1125 299 1260 332 πολιτείας
1278 300 1345 336 ἔργα
1359 300 1426 335 πρὸς
1442 300 1578 335 σωτηρίαν
1593 301 1649 327 τῶν
1666 300 1786 327 πόλεων.

224 348 286 382 plati
307 347 369 374 inde
383 346 520 374 discerent
542 350 569 373 et
595 340 775 379 potestatibus
799 353 896 381 parere
909 365 916 377 ,
933 350 960 373 et
979 345 1006 371 in
1024 349 1127 379 partem
1149 353 1260 380 operum
1277 346 1370 372 venire
1386 346 1493 380 quaa'ail
1507 346 1647 373 civitatum
1663 347 1853 375 conservatio-

223 403 284 423 nem
298 402 406 422 necessu
412 394 449 420 I'iil
464 397 523 420 sunt
529 413 536 419 .

259 442 305 470 82.
332 441 456 468 Fortasse
489 440 570 467 etiam
597 440 654 466 haec
677 439 765 474 imago
791 438 922 466 bellorum
949 445 1008 472 quat

222 491 323 522 gerunt
341 493 404 520 apes
417 505 424 517 ,
442 486 519 512 nobis
534 485 696 511 documento
713 489 765 516 Cal,
782 485 919 518 quomodo
936 483 1008 517 juste

222 538 250 560 et
265 533 388 560 ordinate
402 533 519 566 gerenda
545 531 614 558 bella
629 531 699 563 sint,
717 531 853 566 siquando
874 531 945 558 inter
961 531 1009 558 ho-

224 579 311 606 mines
326 579 381 614 geri
404 586 470 612 opus
490 583 542 605 est.
563 577 656 612 Neque
678 583 741 604 sunt
760 578 831 612 apud
848 578 906 605 illas
928 579 1008 605 nrch

222 629 249 651 et
262 624 407 656 suburbia;
425 624 472 650 sed
486 623 604 649 alvearia
621 643 628 654 ,
643 623 793 656 hexangula
811 630 890 657 opera
907 622 1007 657 quibus

224 678 271 704 per
286 670 358 697 vices
374 670 552 697 incumbunt:
570 669 628 696 haec
641 669 730 696 omnia
744 675 856 704 propter
870 669 1005 703 homines,

221 717 319 751 quibus
331 716 381 743 mel
397 716 486 743 varias
503 716 636 742 utilitates
653 716 734 750 parit,
751 716 830 742 modo
844 715 1004 750 corporibus

220 763 329 798 aegrotis
344 763 473 793 remedia,
490 761 569 789 modo
583 769 679 796 purum
698 761 855 789 alimentum
869 762 1003 797 prmbens.

220 807 313 842 Neque
335 815 428 834 earum
450 807 476 834 in
497 806 571 834 fucos
591 808 793 835 animadversio
825 807 1004 841 comparanda

220 858 262 880 est
281 861 342 880 cum
357 853 483 887 iudiciis,
505 860 565 887 quae
582 852 608 879 in
625 853 737 881 urbibus
759 854 961 881 constituuntur
973 854 1006 881 de

220 900 324 935 ignavis
337 908 368 927 ac
385 899 473 931 malis,
490 908 538 927 nec
551 908 611 927 cum
629 900 717 935 pomis
731 901 829 934 quibus
843 899 1004 932 afﬁciuntur;

220 946 268 972 sed
285 946 312 972 in
331 945 383 973 illis
402 945 573 978 admiranda,
589 950 618 972 ut
639 945 695 980 jam
713 945 786 978 dixi,
801 945 931 972 Divinitas
946 949 1004 976 est;

218 999 267 1018 sua
286 991 344 1018 laus
368 996 458 1018 autent
481 991 584 1018 homini
605 991 768 1022 tribuenda,
791 991 838 1025 qui
858 996 949 1018 mente
966 995 1005 1018 tot

219 1036 359 1069 centiplecti
374 1035 459 1070 potuit
473 1041 500 1063 et
514 1036 660 1068 moderari,
677 1041 706 1062 ut
723 1035 904 1063 Providentia:
922 1037 1004 1064 mini‘

218 1087 285 1116 ster,
299 1089 385 1117 aeque
397 1082 480 1108 solius
492 1081 669 1109 Providentiae
680 1082 778 1110 divina:
790 1090 870 1118 opera
882 1083 1004 1119 exsequi-

219 1134 273 1164 tur,
288 1130 335 1156 sed
353 1134 381 1156 et
397 1137 428 1156 ea
447 1137 507 1164 qua:
521 1130 579 1164 ipse
593 1129 721 1165 providit.

253 1220 299 1247 85.
319 1219 467 1255 Postquam
495 1220 589 1247 Celsus
615 1220 695 1247 finem
721 1221 753 1248 de
778 1221 873 1256 apibus
897 1221 1001 1248 dicendi

218 1266 303 1300 fecit,
326 1275 400 1302 quo,
433 1272 562 1302 quantum
588 1267 614 1294 in
642 1275 672 1294 se
699 1271 761 1300 est,
788 1276 841 1295 non
865 1267 1001 1295 Christia-

219 1321 314 1340 norum
354 1313 455 1346 modo,
494 1313 540 1340 sed
582 1314 663 1340 etiam
706 1314 824 1340 omnium
863 1314 1001 1341 hominum

217 1359 297 1394 565
313 1358 404 1391 urbes,
429 1367 519 1386 rerum
534 1359 701 1393 publicarum
725 1359 837 1392 formas,
856 1359 1002 1395 magistra-

217 1411 272 1436 tus,
295 1405 408 1440 imperia
438 1410 464 1432 et
481 1405 554 1432 bella
579 1413 629 1440 pro
644 1406 732 1440 patria
757 1411 833 1441 gesta
857 1406 999 1441 deprimat.

216 1451 315 1478 transit
338 1452 371 1478 ad
398 1451 579 1478 laudationem
606 1451 794 1478 formicarum.
820 1451 876 1479 Hoc
903 1460 1000 1487 nempe

1022 824 1042 851 Β

1093 435 1169 470 Τάχα
1179 435 1206 462 δὲ
1223 435 1270 461 καὶ
1285 436 1309 461 oi
1328 435 1409 462 οἱονεὶ
1429 435 1540 470 πόλεμοι
1555 435 1608 462 τῶν
1626 436 1766 472 μελισσῶν
1781 437 1852 464 διδα-

1057 480 1154 507 σκαλία
1171 480 1291 515 ἔγκειται
1315 481 1383 516 πρὸς
1407 481 1436 508 τὸ
1457 482 1576 513 δικαίους
1593 482 1642 509 καὶ,
1663 484 1851 518 τεταγμένους

1056 527 1202 562 πολέμους,
1220 527 1323 554 εἴποτε
1339 527 1402 559 δέοι,
1416 528 1556 562 γίγνεσθαι
1571 528 1600 554 ἐν
1615 528 1784 564 ἀνθρώποις.
1800 531 1853 556 Καὶ

1056 574 1086 600 οὺ
1105 573 1196 604 πόλεις
1212 574 1260 608 μὲν
1274 574 1320 600 καὶ
1336 574 1481 609 προπόλεις
1493 574 1529 609 (4)
1542 575 1571 600 ἔν
1586 575 1740 609 μελίσσαις,
1830 578 1852 602 oi

1060 619 1177 655 σίμϐλοι,
1195 621 1242 646 καὶ
1257 620 1291 647 τά
1306 621 1429 654 ἑξάγωνα
1444 620 1498 647 τῶν
1522 621 1657 656 μελισσῶν
1674 621 1756 658 ἔργα,
1774 622 1822 649 καὶ
1835 624 1850 658 ἡ

1060 667 1124 702 παρ’
1137 667 1254 698 ἐκείναις
1269 666 1378 702 διαδοχὴ
1391 667 1490 699 αὐτῶν,
1503 666 1546 694 διὰ
1556 668 1620 699 τοὺς
1633 667 1801 704 ἀνθρώπους
1815 670 1852 701 είς

1059 711 1144 738 πολλὰ
1154 712 1200 738 τοῦ
1219 712 1326 747 μέλιτος
1339 712 1497 748 χρῄζοντας,
1511 713 1659 749 θεραπείας
1671 723 1702 740 τε
1716 715 1800 750 χάριν
1814 716 1849 751 (5)

1059 757 1192 792 σωμάτων
1209 757 1390 789 πεπονθότων,
1407 758 1453 784 καὶ
1466 759 1568 794 τροφὴν
1581 759 1726 795 καθάριον.
1743 761 1782 787 0-5
1800 770 1848 788 πα-

1058 803 1204 839 ραδλητέον
1220 804 1248 830 δὲ
1263 803 1297 830 τὰ
1312 803 1382 830 κατὰ
1395 803 1449 830 τῶν
1468 805 1596 839 κηφήνων
1611 805 1664 831 ὑπὸ
1679 805 1737 832 τῶν
1756 806 1847 840 μελισ-

1057 848 1110 874 σῶν
1121 848 1324 884 ἐπιτελούμενα,
1340 851 1400 881 ταῖς
1417 850 1486 876 κατὰ
1499 850 1553 876 τῶν
1566 851 1665 886 ἀργῶν
1678 851 1709 877 ὲν
1724 853 1786 884 ταῖς
1804 853 1847 878 πό-

1055 894 1112 921 λεσι
1135 895 1181 921 καὶ
1196 895 1320 930 πονηρῶν
1335 895 1433 927 δίκαις.
1447 896 1494 922 καὶ
1506 897 1566 928 ταῖς
1581 897 1642 922 κατ’
1658 897 1752 923 αὐτῶν
1768 898 1844 924 κολά-

1056 948 1147 968 σεσιν*
1163 941 1231 973 ἀλλ’,
1248 941 1285 973 ὡς
1304 943 1444 977 προεῖπον,
1460 942 1508 978 τὴν
1533 943 1581 978 μὲν
1601 943 1678 970 θείαν
1703 943 1788 977 φύσιν
1811 944 1845 978 (6)

1054 988 1083 1015 ὲν
1099 988 1201 1021 τούτοις
1219 988 1397 1024 θαυμαστέον,
1412 989 1457 1015 τὸν
1472 989 1494 1015 δ’
1516 989 1671 1025 ἄνθρωπον,
1689 990 1847 1024 ἐπιλογίσα-

1055 1034 1115 1061 σθαι
1135 1035 1170 1062 τὰ
1193 1035 1255 1071 περ).
1274 1035 1380 1061 πάντων
1404 1035 1550 1070 δυνάμενον
1578 1036 1626 1063 xit
1650 1036 1793 1072 κοσμῆσαι
1813 1036 1845 1064 τά

1054 1081 1162 1108 πάντων
1187 1081 1244 1116 (an;
1267 1081 1446 1116 συνεργοῦντα
1469 1082 1507 1117 (7)
1529 1083 1727 1119 στῇ-προνοίᾳ),
1750 1084 1844 1110 ἀποδε-

1053 1127 1129 1154 κτέον
1138 1136 1144 1143 ·
1163 1127 1209 1154 καὶ
1224 1127 1254 1154 οὐ
1269 1127 1350 1163 μόνης
1362 1127 1489 1163 προνοίας
1499 1127 1565 1154 Θεοῦ
1578 1128 1646 1164 ἔργα
1656 1129 1843 1160 ἐπιτελοῦντα,

1052 1172 1119 1199 ἀλλὰ
1136 1174 1182 1200 καὶ
1195 1173 1245 1208 τῆς
1259 1173 1366 1200 ἑαυτοῦ.

1087 1217 1178 1244 Εἰπὼν
1194 1218 1216 1244 δ⁴
1240 1219 1254 1244 ὁ
1274 1218 1377 1250 Κέλσος
1392 1218 1456 1254 περὶ
1479 1218 1533 1245 τῶν
1551 1218 1697 1253 μελισσῶν,
1723 1218 1770 1245 ina.
1797 1219 1842 1254 (τὸ

1052 1263 1112 1290 ὅσον
1126 1264 1168 1299 ἐφ’
1183 1263 1293 1300 ὲαυτῷ,)
1308 1264 1463 1301 ὲξευτελίσῃ
1476 1265 1554 1301 ἡμῶν
1568 1265 1606 1301 (8)
1623 1265 1653 1292 οὒ
1668 1266 1844 1301 Χριστιανῶν

1053 1310 1142 1345 μόνον,
1157 1310 1224 1336 ἀλλὰ
1242 1311 1288 1337 καὶ
1309 1311 1417 1337 πάντων
1433 1311 1584 1347 ἀνθρώπων
1603 1312 1653 1344 τὰς
1668 1312 1776 1345 πόλεις,
1795 1315 1839 1340 καὶ

1051 1356 1099 1387 τὰς
1115 1356 1261 1388 πολιτείας,
1283 1357 1330 1383 καὶ
1351 1357 1400 1388 τὰς
1420 1357 1517 1394 ἀρχὰς,
1539 1358 1587 1385 καὶ
1607 1358 1657 1390 τὰς
1673 1359 1837 1395 ἡγεμονίας,

1051 1402 1097 1428 καὶ
1111 1403 1173 1434 τοὺς
1187 1402 1257 1439 ὑπὲρ
1274 1402 1328 1429 τῶν
1348 1403 1483 1439 πατρίδιον
1500 1403 1644 1439 πολέμους,
1661 1405 1728 1440 ἑξῆς
1744 1406 1840 1441 ἐπιφέ-

1053 1457 1103 1484 ρει,
1118 1448 1221 1481 διεξιὼν
1234 1450 1385 1485 μυρμήκων
1395 1449 1531 1485 ἐγκώμιον
1541 1458 1548 1465 ’
1562 1451 1636 1482 ὅπως
1647 1451 1687 1487 τῷ
1698 1453 1768 1488 περὶ
1775 1453 1842 1479 ὲκεί-

218 1497 346 1529 consilio,
366 1502 394 1524 ut
411 1505 493 1532 quam
508 1497 543 1524 de
560 1497 633 1524 victu
657 1505 752 1524 curam
770 1497 900 1525 adhibent
913 1498 998 1524 homi-

1053 1504 1103 1521 νων
1127 1495 1256 1530 ἐγκωμίῳ
1279 1495 1307 1521 τὸ
1329 1495 1384 1522 τῶν
1410 1494 1559 1531 ἀνθρώπων
1582 1497 1647 1533 περὶ
1667 1497 1719 1533 τὴν
1738 1498 1840 1534 τροφὴν

219 1550 278 1573 nes.
301 1550 362 1569 cum
381 1542 556 1569 formicarum
581 1543 677 1577 agcmli
701 1543 806 1570 ratione
825 1542 956 1576 conferat,
973 1547 1000 1570 et

218 1589 318 1616 hiemis
337 1589 766 1624 futurzeprovisionemextenuet
780 1593 808 1616 ut
820 1589 905 1616 nihilo
931 1597 998 1624 prte-

215 1634 372 1662 stantiorem
384 1635 426 1662 illa
442 1642 521 1669 quam
537 1636 618 1661 etiam
632 1635 658 1661 in
677 1634 797 1662 formicis
823 1636 927 1662 ratione
942 1636 1000 1670 pri-

216 1680 288 1707 vatis
306 1680 396 1708 inesse
411 1685 489 1716 putat
513 1680 680 1716 provisione.
703 1680 820 1715 Ecquem
835 1688 931 1709 eorum
954 1682 998 1716 qui

215 1735 272 1760 pne
285 1727 460 1761 simplicitate
475 1727 502 1753 in
523 1734 612 1754 rerum
633 1727 752 1754 omnium
776 1731 899 1754 naturam
919 1736 999 1762 pene-

217 1779 291 1801 trare
308 1781 361 1801 non
378 1779 503 1808 possunt,
518 1782 570 1800 non
587 1779 693 1801 avertat
706 1773 812 1806 Celsus,
830 1779 957 1809 quantum
971 1775 996 1802 in

216 1827 245 1847 sc
258 1825 311 1851 est,
329 1827 344 1846 a
362 1820 474 1847 ferendo
490 1820 592 1854 pressis
614 1827 697 1847 onere
714 1820 826 1853 auxilio,
845 1826 872 1848 et
887 1830 900 1847 a
921 1827 998 1855 parte

213 1865 316 1893 laboris
326 1865 477 1898 subeunda,
493 1873 553 1892 cum
575 1866 706 1893 formicas
719 1867 787 1894 dicit
808 1876 818 1892 ι
837 1868 920 1894 sociis
936 1876 997 1895 suc-

213 1917 338 1942 currere,
354 1910 399 1937 ubi
421 1910 483 1937 illas
498 1911 589 1937 vident
607 1910 753 1945 fatigatas?
773 1921 782 1937 ι
800 1911 874 1938 Dicet
887 1912 957 1938 enim
975 1913 996 1940 is

212 1955 258 1990 qui
278 1955 358 1983 bonis
375 1963 513 1990 nunquam
537 1956 688 1990 disciplinis
703 1957 823 1984 imbutus
840 1957 931 1989 fuerit.
949 1958 995 1993 qui

212 2008 305 2028 easne
316 2001 392 2028 audit
406 2002 533 2035 quidem;
547 2002 655 2036 quando
669 2002 756 2029 nihilo
768 2002 890 2030 formicis
905 2004 996 2030 melio-

214 2055 260 2074 res
276 2055 374 2074 sumus
394 2047 437 2075 vel
457 2055 518 2074 cum
541 2048 701 2082 gravissimo
722 2056 804 2076 onere
821 2050 995 2077 sublevamns

212 2100 370 2127 oppressos,
384 2100 513 2127 quorsum
536 2093 563 2120 id
578 2092 678 2120 (rustra
699 2093 834 2121 facimus?
848 2095 886 2121 Ac
903 2094 995 2122 formi-

211 2139 251 2166 cis
271 2138 379 2172 quidem
397 2143 490 2173 ulpote
505 2138 611 2166 ratione
625 2139 761 2167 destitutis
777 2148 830 2166 non
843 2140 993 2175 periculum

210 2189 253 2210 est
272 2192 304 2210 ne
320 2191 445 2219 magnam
470 2184 505 2211 de
524 2192 554 2211 se
573 2185 727 2220 opinionem
747 2184 850 2219 injiciat
874 2187 993 2220 ipsarum

210 2238 271 2257 cum
286 2231 442 2257 hominibus
467 2238 579 2265 operum
601 2232 786 2266 comparatio;
805 2232 850 2258 sed
870 2232 993 2260 homines

209 2275 254 2310 qui
272 2283 321 2311 pro
339 2283 388 2303 sua
414 2276 518 2303 ratione
543 2277 658 2304 audiunt
678 2285 759 2312 quam
784 2277 860 2304 nihili
878 2273 992 2306 ducatur

210 2328 305 2349 eorum
320 2321 346 2348 in
363 2322 432 2348 alios
449 2329 537 2354 amor,
553 2330 607 2349 non
622 2327 677 2350 stat
693 2331 740 2357 per
753 2323 871 2358 Celsum,
887 2326 992 2359 quomi-

210 2375 262 2394 nus
277 2367 336 2401 ejus
353 2367 446 2395 verbis
467 2367 616 2401 laedantur;
633 2376 682 2396 nec
696 2369 770 2396 videt
786 2377 825 2402 se,
848 2371 911 2397 dum
928 2378 991 2398 suos

243 2422 281 2458 (5)
298 2421 456 2458 Philocalia,
472 2422 594 2458 ἡγεμόνι.
608 2422 774 2450 Ηωεεῐιοιίιις
787 2427 813 2449 et
827 2422 989 2455 Spencerus.

207 2457 541 2497 ﬁyepgoftztg._Patllo_post
555 2458 710 2497 Pliilocalia.
721 2457 878 2497 6t6ae’xa)._£3t
888 2458 990 2497 ἐκκεινς

207 2491 344 2535 τάιίγίιιο
357 2491 546 2535 υιΙιιοιιὲροιιεε
560 2494 593 2520 ad
614 2494 661 2520 lib.
682 2501 740 2526 νιιι,
756 2501 828 2520 num.
843 2493 887 2524 75,
904 2494 948 2526 74,
963 2498 991 2521 et

207 2529 241 2555 ad
255 2527 302 2555 lib.
319 2535 343 2559 ν,
358 2535 430 2554 num.
444 2527 490 2555 55.

244 2563 282 2598 (1)
294 2562 333 2589 Ita
351 2562 506 2589 Philocalia.
532 2562 698 2590 Hmschelius
719 2568 808 2590 autem
827 2568 854 2590 et
871 2562 989 2597 Spence—

206 2606 264 2629 rus,
276 2598 307 2624 οὐ
322 2598 398 2629 πόλις
411 2598 458 2632 μὲν
471 2598 517 2624 κα)⁵
528 2598 668 2633 πρόπολις.
687 2598 720 2624 Ει
732 2606 793 2625 ιιιος
811 2599 837 2624 in
857 2599 986 2631 margine,

207 2633 321 2674 σύμὸλοι
335 2641 382 2674 ι)ιο
396 2633 513 2674 σίμβλοι.
531 2635 628 2674 Ibid-em
648 2633 845 2674 cetlti.~iiegitts
860 2638 886 2674 et
912 2633 988 2674 Basi-

204 2667 312 2699 leehsis,
323 2669 368 2695 καὶ
381 2668 415 2695 τὰ
424 2668 547 2703 ἑξάγωνα
559 2669 612 2695 τῶν
624 2668 757 2704 μελισσῶν
771 2668 848 2703 ἔργα.
861 2667 988 2694 ilmscbe-

206 2703 257 2730 lius
269 2709 295 2729 et
312 2704 475 2731 Snencerus.
487 2704 534 2730 καὶ
547 2704 580 2730 τὰ
595 2704 717 2731 ἑξάγωνα
727 2704 774 2730 καὶ
785 2704 838 2729 τῶν
854 2702 986 2731 μελισσῶν

206 2711 257 2730 nus
269 2711 295 2729 et
312 2711 475 2736 bpettcet'us,
487 2713 534 2730 και
547 2711 580 2730 τα
595 2711 717 2737 εζαγωνα
727 2712 774 2730 και
785 2712 838 2729 των
854 2711 984 2737 μελισσων

203 2738 410 2780 ἐργασιξςιξιοοειὶ
411 2747 439 2780 _a_,
444 2739 530 2766 καὶτὰ
537 2739 658 2773 ἑξάγωνα
664 2739 712 2765 καὶ
721 2738 760 2780 τὰ.
766 2738 900 2780 μελισσῶν
906 2737 984 2780 ἔργα,

239 2773 278 2806 (5)
290 2773 389 2806 Χάριν.
411 2774 473 2801 llam
501 2781 552 2801 vox
575 2782 636 2809 quae
662 2774 733 2807 apud
753 2773 934 2801 llteschclium
959 2778 987 2800 et

205 2805 370 2843 Spenccrum
393 2809 477 2843 deest,
507 2809 645 2843 suppletur
668 2817 684 2835 e
718 2807 876 2835 Philocalia.
895 2806 985 2843 VPanlo

206 2846 265 2875 post
279 2842 370 2868 eadem
391 2842 623 2871 Philocalia'rectc
653 2844 743 2877 habet,
774 2843 807 2870 τὰ
836 2842 907 2870 κατὰ
931 2843 985 2870 τῶν

1050 1541 1218 1576 οἰκονομικὸν
1241 1541 1385 1577 παραϐάλῃ
1400 1541 1435 1576 (9)
1450 1542 1489 1577 τῷ
1508 1542 1580 1578 λόγῳ
1603 1543 1672 1579 πρὸς
1688 1545 1756 1576 τοὺς
1776 1545 1842 1580 μύρ-

1052 1594 1149 1622 μηκας·
1163 1586 1208 1612 καὶ
1217 1586 1247 1613 τὸ
1256 1587 1309 1613 τῶν
1322 1588 1469 1623 χειμαδίων
1479 1589 1655 1624 προνοητικὸν
1669 1591 1840 1627 καταῤῥὶψῃ,

1049 1632 1086 1664 ὡς
1101 1632 1175 1659 οὐδὲν
1198 1633 1277 1659 πλέον
1294 1633 1354 1669 ἔχον
1377 1634 1427 1669 τῆς
1449 1634 1545 1669 ἀλόγου
1570 1635 1624 1662 τῶν
1643 1637 1803 1672 μυρμήκων
1815 1638 1840 1663 ὲν

1049 1675 1090 1709 οἷς
1111 1679 1213 1710 ἐκεῖνος
1226 1679 1329 1714 νομίζει
1353 1679 1489 1716 προνοίας.
1515 1681 1582 1708 Τίνα
1608 1681 1631 1708 δ’
1654 1682 1708 1708 οὐκ
1730 1683 1765 1709 ἂν
1789 1683 1839 1709 τῶν

1049 1724 1238 1760 ἁπλουστέρων
1251 1725 1410 1762 ἀνθρώπων,
1429 1727 1476 1753 καὶ
1496 1727 1546 1754 οὐκ
1569 1728 1763 1763 ἐπισταμένων
1787 1730 1839 1755 ἑνο-

1051 1771 1099 1806 ρᾷν
1114 1772 1146 1807 τῇ
1163 1771 1242 1806 φύσει
1257 1771 1365 1798 πάντων
1382 1773 1552 1808 πραγμάτων
1569 1774 1760 1809 ἀποτρέψαιτο
1774 1775 1836 1810 (1ο),

1047 1816 1078 1842 τὸ
1091 1817 1151 1843 ὅσον
1162 1818 1203 1852 ἐφ’
1215 1817 1312 1852 ἐαυτῷ,
1326 1818 1340 1844 6
1355 1818 1457 1850 Κέλσος
1470 1819 1523 1845 ἀπὸ
1533 1820 1580 1845 τοῦ
1592 1821 1648 1851 τοῖς
1659 1819 1838 1856 βαρουμένοις

1048 1861 1100 1888 ὑπὸ
1113 1861 1230 1898 φορτίων
1241 1862 1356 1898 βοηθεῖν,
1371 1864 1418 1890 καὶ
1434 1866 1570 1890 κοινωνεῖν
1585 1865 1703 1897 ἐκείνοις
1719 1866 1777 1892 τῶν
1792 1875 1838 1892 u-

1049 1907 1150 1942 μάτων,
1165 1907 1250 1941 λέγων
1267 1909 1331 1944 περὶ
1347 1910 1507 1944 μυρμήκων,
1517 1909 1555 1941 ὡς
1570 1919 1579 1935 ι
1596 1910 1628 1937 ἂν
1643 1911 1773 1946 ἀλλήλοις
1787 1912 1837 1938 τῶν

1048 1953 1174 1988 φορτίων,
1191 1954 1299 1981 ἐπειδάν
1320 1963 1380 1981 τινα
1402 1954 1540 1990 κάμνοντα
1561 1955 1662 1989 ἴδωσιν,
1682 1957 1835 1993 ἐπιλαμϐά-

1046 2006 1163 2031 νωνται;
1189 2008 1198 2025 ›
1219 2000 1291 2035 Ἐρεῖ
1306 1999 1360 2036 γὰρ
1377 2000 1430 2036 (11)
1445 2001 1459 2027 ὀ
1472 2001 1596 2036 δεόμενος
1620 2002 1670 2037 τῆς
1694 2002 1739 2029 διὰ
1761 2003 1835 2037 λόγου

1047 2046 1221 2079 παιδεύσεως,
1237 2048 1284 2074 καὶ
1300 2047 1430 2082 μηδαμῶς
1445 2048 1549 2074 ὲπαῖων
1565 2048 1666 2083 αὐτῆς·
1689 2049 1771 2076 Ἐπεὶ
1784 2050 1835 2076 τοξ-

1046 2100 1093 2118 νυν
1118 2092 1199 2127 μηδὲν
1216 2092 1377 2127 διαφέρομεν
1403 2094 1553 2128 μυρμήκων
1572 2094 1621 2120 καὶ
1639 2094 1683 2120 ὅτε
1701 2096 1761 2126 τοῖς
1787 2095 1833 2121 κά-

1049 2145 1143 2172 μνουσι
1156 2137 1199 2164 διὰ
1211 2138 1241 2164 τὸ
1256 2138 1348 2173 φέρειν
1364 2138 1501 2172 βαρύτατα
1515 2138 1614 2173 φορτία
1629 2139 1795 2175 βοηθοῦμεν,
1810 2141 1834 2167 τί

1050 2183 1137 2218 μάτην
1151 2183 1181 2209 τὸ
1200 2184 1317 2210 τοιοῦτον
1332 2184 1477 2219 ποιοῦμενς
1498 2185 1553 2211 Καὶ
1565 2185 1591 2211 οὶ
1608 2186 1657 2221 μὲν
1678 2185 1832 2222 μύρμηκες.

1048 2229 1095 2256 an
1110 2229 1194 2263 ἄλογα
1207 2228 1263 2261 ζῶα
1278 2230 1465 2264 τυγχάνοντες,
1479 2230 1529 2257 οὐκ
1544 2230 1577 2257 ἂν
1598 2231 1748 2266 ὲπαρθεῖεν
1770 2233 1832 2267 πρὸς

1045 2273 1076 2300 τὸ
1089 2274 1160 2309 μέγα
1169 2274 1310 2310 φρονῆσαι,
1324 2274 1368 2301 διὰ
1382 2274 1413 2300 τὸ
1427 2274 1647 2310 παραϐάλλεσθαι
1658 2276 1716 2310 (12)
1732 2276 1831 2312 ἀνθρὼ-

1046 2329 1107 2352 ποις
1124 2319 1158 2346 τὰ
1173 2320 1241 2355 ἔργα
1263 2320 1368 2347 αὐτῶν·
1391 2321 1416 2347 οἱ
1436 2321 1458 2347 δ’
1473 2320 1611 2356 ἄνθρωποι
1630 2321 1676 2348 διὰ
1694 2322 1742 2348 τὸν
1758 2322 1831 2356 λόγον

1044 2365 1159 2392 ἀκοῦσαι
1172 2366 1329 2401 δυνηθέντες
1341 2360 1400 2392 τίνᾶ
1409 2366 1508 2402 τρόπον
1520 2365 1689 2397 εὑτελίζεται
1702 2367 1794 2394 αὐτῶν
1803 2368 1830 2393 τὺ

1044 2423 1183 2465 κηφήνων.
1207 2423 1237 2465 in
1263 2423 1406 2451 Heschelii
1435 2427 1463 2450 et
1508 2421 1638 2457 Spenccri
1665 2424 1828 2451 cditiooibus

1044 2457 1130 2489 deest,
1147 2458 1226 2486 κατά.

1079 2492 1118 2527 (6)
1133 2492 1303 2520 Hmschelitts
1318 2498 1346 2519 et
1360 2493 1528 2527 Spencerus,
1554 2492 1604 2527 τὴν
1623 2492 1674 2528 μὲν
1689 2493 1766 2520 θείαν
1783 2494 1827 2528 φύ-

1044 2535 1096 2554 σιν.
1112 2527 1259 2555 Philocalia
1277 2528 1378 2555 omittit
1395 2528 1481 2554 θείαν.

1090 2562 1116 2606 Z)
1131 2563 1290 2606 fbiiocalia,
1308 2563 1496 2606 συναιροῦντα.

1078 2598 1115 2633 (8)
1131 2599 1295 2633 Spencerus,
1308 2599 1392 2634 ἡμᾶς.

1077 2633 1116 2669 (9)
1130 2634 1169 2660 Ad
1182 2641 1258 2660 oram
1286 2633 1351 2661 libb.
1377 2633 1510 2660 editorum
1540 2633 1650 2669 legitur,
1667 2633 1821 2669 audiit].

1041 2667 1179 2704 Moxque
1190 2673 1349 2702 sequuntur,
1362 2668 1400 2703 τῷ
1415 2668 1486 2703 λόγῳ
1500 2667 1577 2704 πρὸξ
1585 2669 1650 2700 τοὺς
1667 2667 1821 2704 μύρμηκαζ,

1040 2703 1161 2730 addititia
1178 2703 1302 2730 vitientur
1313 2708 1339 2730 et
1355 2704 1508 2731 recidenda.

1075 2737 1130 2773 (10)
1146 2738 1316 2779 Ηῳροὴθῌιιε
1331 2739 1357 2764 in
1371 2743 1456 2766 textu.
1467 2738 1635 2799 αλιιοιτρέιέαιε

1076 2773 1131 2799 (111
1146 2773 1304 2799 Phtlocaha.
1317 2773 1561 2799 ὲπιλααόάνοιντοε
1593 2782 1634 2799 aer.

1076 2773 1131 2809 (11)
1144 2773 1304 2809 Ριιίιοιῖιιίὶθ,
1317 2773 1562 2809 ὲπιλαμόάνοιντολς
1575 2773 1635 2809 ὲρεῖ
1651 2773 1713 2808 μέν.

1075 2807 1130 2842 (12)
1144 2808 1300 2841 Philocalia,
1317 2809 1386 2835 ἐπὰν
1401 2807 1638 2843 παραϐάλλωνται.
1654 2807 1818 2836 iltrschelins

1039 2847 1066 2871 et
1077 2844 1230 2878 Spencerus
1241 2843 1268 2871 in
1281 2845 1411 2879 margine,
1427 2843 1472 2870 διὰ
1482 2844 1513 2870 τὸ
1529 2843 1746 2880 παραϐαλέσθαι.
