1908 3099
80 157 149 186 1157

677 156 817 184 CONTRA
833 157 970 186 CELSUM
988 159 1051 186 LIB.
1071 159 1115 187 IV.

1625 161 1693 190 1158

79 217 246 248 κοινωνικὸν,
266 216 388 251 βλαϐεῖεν
408 217 451 248 ἂν,
467 216 497 243 τδ
510 217 570 243 ὅσον
588 216 633 242 ἐπὶ
646 215 684 250 τῷ
698 215 805 250 Κέλσῳ,
820 216 856 242 κα

919 216 1035 243 lectores
1051 223 1065 242 a
1086 215 1294 244 Christianismo
1308 214 1365 243 vult
1386 223 1513 249 avocare,
1542 217 1622 244 etiam
1637 226 1696 252 eos,

77 265 134 296 τοῖς
149 263 239 298 λόγοις
251 263 342 289 αὐτοῦ·
359 263 408 290 οὐκ
426 263 505 289 ἰδόντι
517 262 571 297 (15)
585 262 635 294 ὃτι,
653 260 864 297 Χριστιανισμοῦ

77 309 230 344 ἀποτρέψαι
240 309 322 335 θέλων
330 309 393 340 τοὺς
403 309 615 343 ἐντυγχάνοντας
626 307 708 334 αὑτοῦ
717 309 750 342 τῇ
760 308 863 343 γραφῇ,

79 350 228 392 ἀποτρέπει
247 356 294 382 καὶ
307 355 360 382 τῶν
375 355 405 381 οὺ
424 354 594 390 Χριστιανῶν
610 353 640 380 τὸ
655 353 723 388 πρὸς
737 353 800 384 τοὺς
817 353 864 387 φέ-

80 411 176 438 ροντας
189 402 223 428 τὰ
237 401 374 437 βαρύτατα
387 401 441 426 τῶν
456 400 572 436 φορτίων
590 399 740 435 συμπαθές.
765 399 864 434 Ἐχρῆν

77 447 98 474 δ’
109 447 142 474 ἂν
157 447 246 479 αὑτὸν,
259 446 338 482 εἴπερ
353 443 386 481 ἦν
397 446 442 472 καὶ
456 445 599 480 φιλόσοφος
612 444 803 479 αἰσθανόμενος
817 444 863 471 τοῦ

78 493 246 526 κοινωνικοῦ,
260 492 328 528 πρὸς
344 492 383 527 τῷ
403 492 439 527 μὴ
462 492 630 526 συναναιρεῖν
653 490 691 526 τῷ
709 491 863 525 Χριστιανι-

79 539 142 575 σμῷ
160 539 227 574 (14),
242 538 277 564 τὰ
290 539 412 574 χρήσιμα
419 537 474 564 τῶν
488 538 516 563 ὲν
530 536 692 572 ἀνθρώποις,
708 537 754 563 καί
768 544 863 571 συνερ-

77 587 137 620 γεῖν
153 586 193 621 (εἰ
212 583 266 612 οἶόν
289 585 311 611 τ’
333 583 396 620 ἧν,)
412 585 468 615 τοῖς
494 576 592 614 κοῖνοῖς
608 583 637 609 ὲν
658 582 863 618 Χριστιανισμῷ

77 632 145 668 πρὸς
168 632 231 664 τοὺς
247 631 341 663 ἄλλους
357 629 514 666 ἀνθρώπους
536 629 638 661 καλοῖς.
657 629 687 655 Εἰ
705 629 734 655 δὲ
749 628 862 655 καὶτῶν

75 677 278 713 ἀποτιθεμένων
295 676 408 712 καρπῶν
423 675 472 708 τὰς
489 675 617 710 ἐκφύσεις
632 674 824 701 ἀπεκτιθέασιν
837 674 862 700 οἰ

77 723 234 760 μύρμηκες,
255 723 298 750 ἶνα
321 723 360 758 μὴ
385 721 540 758 σπαργῷεν,
565 721 669 756 μένοιεν
691 720 719 747 δὲ
734 720 767 746 δι’
786 719 862 751 ἔτους

75 769 170 801 αὐτοῖς
189 770 229 801 εἰς
250 769 368 805 τροφήν·
393 768 423 794 οὐ
445 767 574 802 λογισμὸν
596 763 665 793 εἴναι
686 765 715 792 ὲν
739 764 861 801 μύρμηξι

73 814 178 842 τούτων
187 814 270 841 αἴτιον
283 813 455 849 ὕπονοητέον,
471 812 538 840 ἀλλὰ
547 812 597 847 τὴν
609 820 647 838 πα
651 811 776 847 μμήτορα
782 811 862 845 φύσιν

72 861 125 897 τὴν
142 860 189 887 καὶ
205 860 238 887 τὰ
250 860 333 894 ἄλογα
348 860 534 894 κοσμήσασαν,
549 858 586 890 ὼς
603 857 670 893 μηδὲ
685 856 860 891 τούλάχιστον

916 261 961 295 qui
979 261 1126 288 Christiani
1144 268 1196 288 non
1221 267 1295 294 Sunt,
1313 262 1462 296 deterrere,
1478 263 1623 296 quominus
1635 271 1699 298 gra-

915 306 1036 334 vissimis
1061 305 1194 333 oneribus
1208 313 1353 341 oppressos
1373 307 1553 340 miserentur;
1570 315 1631 335 cum
1647 309 1697 336 de—

915 351 1014 385 buerit,
1030 352 1052 378 si
1068 352 1176 386 quidem
1189 352 1363 387 philosophus
1373 358 1444 381 esset
1459 358 1487 381 et
1504 358 1598 382 mutua
1610 355 1698 382 socie-

916 397 979 424 tatis
1002 397 1090 425 ollicia
1112 398 1233 431 calleret,
1263 406 1316 426 non
1341 399 1420 426 modo
1448 407 1500 426 non
1517 400 1613 428 tollere
1633 408 1696 428 cum

899 443 1123 471 'Christianismo
1146 451 1178 471 ea
1200 452 1259 479 quae
1284 444 1310 471 iii
1343 445 1498 472 hominibus
1521 446 1597 474 utilia
1623 451 1696 480 sunt,

917 489 965 516 sed
981 493 1007 516 et
1026 489 1202 523 patrocinari,
1217 490 1239 516 si
1253 488 1310 517 fieri
1323 494 1425 523 posset,
1439 490 1471 517 iis
1488 497 1548 524 qua:
1562 492 1693 526 praeclare

914 535 983 568 apud
1001 535 1121 570 reliquos
1132 535 1257 562 homines
1267 535 1380 570 perinde
1394 543 1426 563 ac
1440 537 1510 570 apud
1525 537 1697 566 Christianos

913 581 1106 609 observantur.
1124 581 1201 614 Quod
1226 581 1250 608 si
1265 585 1292 608 et
1317 582 1520 609 reconditorum
1552 590 1567 609 a
1589 591 1619 611 se
1643 585 1696 611 fru-

915 630 1008 653 ctuum
1025 626 1144 653 formicae
1154 631 1287 659 seponunt
1302 634 1349 654 eos
1360 627 1404 662 qui
1417 629 1580 662 germinant,
1595 636 1629 656 ne
1641 636 1706 662 cae:

914 673 981 700 teris
996 679 1104 707 quoque
1124 673 1354 707 germinationem
1378 680 1537 709 procurent,
1553 679 1580 702 et
1598 680 1628 702 ut
1643 675 1697 703 illis

913 727 961 754 per
974 727 1075 746 annum
1092 724 1256 751 vescantur;
1272 720 1351 755 hujus
1366 721 1405 748 rei
1419 728 1471 748 non
1486 721 1695 749 existimandum

912 769 954 792 est
968 773 1078 792 causam
1094 766 1120 792 in
1133 765 1258 793 formicis
1273 773 1333 794 esse
1349 767 1497 799 rationem,
1510 767 1556 794 sed
1572 767 1696 802 omnipa-

914 816 1018 839 reiitein
1037 816 1175 845 naturain,
1192 820 1252 847 quae
1270 812 1352 839 etiam
1371 812 1465 840 brutas
1483 813 1637 840 animantes
1655 813 1696 841 sic

911 858 1064 890 exornavit,
1095 862 1129 890 ut,
1149 865 1183 885 ne
1210 858 1320 885 minima
1345 858 1456 892 quidem
1481 858 1575 886 relicta
1600 859 1694 892 fuerit,

72 907 246 938 καταλιπεῖν,
262 905 393 942 μηδαμῶς
409 904 492 940 φέρον
509 903 581 939 τχνος
596 903 643 929 τοῦ
667 902 721 929 ἀπὸ
743 902 792 938 τῆς
809 901 856 936 φύ-

912 910 972 937 quae
985 903 1115 938 impressa
1129 910 1145 930 a
1159 907 1254 930 natura
1273 911 1326 931 non
1343 903 1428 931 ferret
1439 904 1553 931 rationis
1567 905 1692 939 vestigia.

73 960 147 984 σεως
161 952 250 986 λόγου.
275 952 306 978 Εἰ
330 950 367 986 μὴ
383 951 437 985 ἄρα
461 949 504 976 διὰ
519 948 622 975 τούτων
635 947 783 983 λεληθότως
798 947 860 982 βού-

71 998 150 1025 λεται
171 999 186 1024 ό
206 997 307 1028 Κέλσος
333 996 397 1032 (καὶ
422 995 475 1031 γὰρ
499 996 528 1021 ὲν
550 994 656 1026 πολλοῖς
680 993 860 1025 Πλατωνίξειν

72 1043 164 1077 θέλει)
187 1043 294 1079 ὁμοειδῆ
311 1042 367 1077 (15)
392 1039 460 1068 εἶναι
483 1042 572 1067 πᾶσαν
589 1039 687 1075 ψυχὴν,
706 1039 751 1066 καὶ
779 1039 861 1075 μηδὲν

70 1089 213 1125 διαφέρειν
225 1089 273 1125 τὴν
289 1087 335 1114 τοῦ
350 1086 491 1123 ἀνθρώπου
507 1086 557 1121 τῆς
571 1085 625 1113 τῶν
649 1085 800 1121 μυρμήκων
814 1085 861 1111 καὶ

69 1135 129 1162 τῶν
147 1134 294 1171 μελισσῶν·
311 1134 379 1169 ὅπερ
393 1132 557 1166 κατάγοντός
571 1133 628 1158 ἐστι
643 1131 691 1167 τὴν
704 1130 792 1166 ψυχὴν
807 1130 861 1157 ἀπὸ

70 1179 128 1206 τῶν
139 1179 239 1214 ἀψίδων
251 1178 298 1205 τοῦ
309 1177 433 1214 οὐρανοῦ,
445 1177 494 1203 οὐκ
503 1177 551 1203 ἐπὶ
559 1176 589 1202 τὺ
600 1175 768 1211 ἀνθρώπινον
781 1175 860 1211 σῶμα

73 1225 167 1260 μόνον,
184 1224 250 1252 ἀλλὰ
266 1224 312 1251 καὶ
326 1224 372 1250 ἐπὶ
385 1223 419 1250 τὰ
440 1222 531 1249 λοιπά.
548 1222 658 1254 Τούτοις
672 1222 693 1248 δ’
706 1222 736 1248 οὐ
751 1222 858 1249 πείσον-

69 1279 118 1298 ται
135 1271 302 1306 Χριστιανοὶ,
317 1269 562 1305 προκατειληφότες
575 1269 605 1295 τὸ
627 1269 688 1295 κατ’
703 1269 794 1295 εἰκόνα
814 1277 860 1303 γε-

69 1317 180 1351 γονέναι
190 1316 257 1343 Θεοῦ
268 1317 317 1352 τὴν
325 1316 496 1352 ἀνθρωπίνην
505 1315 603 1350 ψυχὴν,
615 1315 661 1341 καὶ
668 1315 783 1350 ὁρῶντες
792 1315 846 1351 (16)
853 1336 860 1348 ,

69 1362 113 1389 ὅτι
131 1355 269 1398 ἀμήχανόν
283 1363 341 1388 ἐστι
359 1361 408 1397 τὴν
427 1361 488 1387 κατ’
510 1359 602 1386 εἰκόνα
618 1359 686 1386 Θεοῦ
702 1360 860 1396 δεδημιουρ-

70 1407 196 1443 γημένην
218 1407 297 1442 φύσιν
320 1407 407 1443 πάντη
429 1404 577 1440 ἀπαλεῖψαι
599 1405 662 1437 τοὺς
684 1405 860 1441 χαρακτῆρας

70 1454 170 1489 αὐτῆς,
187 1454 233 1480 καὶ
246 1453 340 1485 ἄλλους
355 1452 499 1480 ἀναλαϐεῖν
519 1453 569 1479 οὐκ
588 1449 647 1478 οἶδα
670 1452 731 1478 κατ’
753 1452 859 1484 εἰκόνας

69 1499 154 1526 τίνων
168 1499 364 1535 γεγενημένους
378 1498 433 1533 (17)
450 1499 478 1524 ὲν
491 1499 548 1530 τοῖς
561 1498 677 1532 ἀλόγοις.

129 1545 204 1571 Ἐπεὶ
224 1544 252 1570 δὲ
276 1543 322 1570 καὶ
346 1553 355 1569 t
381 1545 437 1575 τοῖς
466 1542 666 1578 ἀποθνήσκουσι
692 1541 815 1578 μύρμηξι
846 1551 855 1567 ι

911 948 964 976 Sed
985 949 1103 976 fortasse
1127 949 1232 983 Celsus,
1260 950 1308 984 qui
1334 949 1477 977 Platonem
1501 950 1528 978 in
1557 951 1694 986 plerisque

911 995 1011 1023 imitari
1029 1000 1114 1029 amat,
1129 1003 1176 1030 per
1187 996 1246 1023 haec
1261 997 1377 1025 obscure
1388 998 1504 1030 indicat,
1517 998 1621 1026 similes
1632 1006 1694 1027 esse

911 1048 1008 1069 omnes
1023 1041 1140 1075 animas,
1156 1050 1208 1070 nec
1223 1042 1368 1070 humanam
1382 1043 1454 1071 inter
1474 1049 1501 1072 et
1518 1044 1693 1072 formicarum

910 1093 956 1114 aut
964 1095 1043 1123 apum
1052 1089 1168 1116 animam
1176 1089 1258 1117 ullum
1266 1097 1325 1118 esse
1331 1090 1484 1119 discrimen.
1495 1091 1570 1125 Quod
1583 1092 1693 1128 quidem

911 1137 952 1160 est
966 1133 1122 1162 deducentis
1134 1135 1275 1162 animama
1285 1136 1346 1164 coeli
1364 1136 1477 1171 fornice,
1496 1145 1549 1166 non
1567 1139 1652 1166 solum
1665 1140 1692 1167 in

910 1178 991 1215 566
1012 1181 1138 1213 humana,
1167 1181 1215 1208 sed
1244 1182 1328 1210 etiam
1352 1183 1378 1210 in
1403 1183 1567 1218 reliquorum
1587 1185 1694 1213 anima-

913 1226 977 1252 lium
993 1233 1118 1260 corpora.
1132 1227 1161 1254 ld
1175 1234 1239 1255 vero
1252 1227 1399 1256 Christiani
1417 1229 1490 1256 nullo
1505 1230 1586 1258 modo
1600 1238 1693 1258 assen—

913 1271 1026 1300 tientur.
1043 1272 1148 1307 Quippe
1158 1273 1203 1306 qui
1219 1273 1374 1301 didicerunt
1389 1274 1506 1303 hominis
1521 1276 1637 1303 animam
1657 1276 1691 1304 ad

912 1318 1059 1353 imaginem
1073 1318 1120 1345 Dei
1132 1318 1232 1346 factam
1246 1326 1319 1352 esse,
1336 1324 1363 1347 et
1375 1320 1463 1348 sciunt
1477 1329 1529 1348 non
1544 1329 1623 1357 posse
1634 1322 1692 1350 fieri

910 1370 940 1393 ut
952 1371 1047 1393 natura
1065 1366 1099 1393 ad
1117 1366 1262 1401 imaginem
1279 1365 1328 1394 Dei
1342 1367 1462 1400 condita,
1474 1367 1569 1395 deletis
1578 1368 1690 1396 omnino

910 1411 969 1446 ejus
987 1411 1168 1445 lineamentis,
1187 1412 1240 1439 alia
1262 1412 1358 1440 induat
1382 1414 1409 1441 in
1425 1414 1519 1442 bestiis
1539 1415 1573 1441 ad
1595 1415 1691 1443 nescio

909 1464 1024 1492 quorum
1039 1458 1170 1494 imagines
1181 1457 1264 1486 facta.

945 1545 991 1573 84.
1004 1545 1049 1573 Ait
1065 1551 1196 1581 praeterea
1216 1555 1225 1572 ι
1248 1546 1363 1574 mortuis
1380 1546 1502 1574 formicis
1519 1546 1594 1574 vivas
1608 1554 1691 1582 pecu—

71 1592 141 1626 φησὶ
159 1600 168 1616 (
186 1590 248 1621 τοὺς
263 1589 365 1622 ζῶντας
381 1589 444 1616 ἴδιόν
467 1598 493 1615 τι
508 1589 665 1624 ἀποκρίνειν
683 1588 791 1623 χωρίον,
809 1589 856 1614 κὰ-

912 1590 1006 1617 liarem
1023 1591 1165 1625 quemdam
1185 1590 1274 1617 locum
1290 1597 1443 1622 secernere,
1459 1591 1589 1626 illumque
1604 1592 1637 1619 ab
1650 1592 1692 1620 eis

70 1636 147 1662 κεῖνο
163 1635 253 1666 αὐτοῖς
275 1633 343 1662 εἷναι
360 1635 460 1670 πάτρια
484 1636 622 1671 μνήματα·
643 1644 652 1660 ι
679 1634 799 1668 λεκτέον,
816 1635 856 1662 ὃτι

68 1682 129 1716 ὅσῳ
145 1681 254 1708 πλείονα
271 1681 343 1715 λέγει
358 1682 411 1708 τῶν
434 1681 537 1716 ἀλόγων
562 1680 638 1712 ζώων
657 1680 791 1716 ἐγκώμια,
815 1688 857 1706 το-

71 1726 162 1761 σούτῳ
176 1727 265 1753 πλεῖον
279 1727 343 1761 (κᾶν
358 1727 394 1763 μὴ
411 1727 490 1762 θέλῃ)
510 1726 584 1758 αὔξει
603 1726 633 1753 τὸ
646 1726 693 1753 τοῦ
712 1726 799 1752 πάντα
812 1735 856 1752 κο-

71 1772 228 1807 σμήσαντος
242 1772 326 1807 Λόγου
340 1772 418 1808 ἔργον
428 1780 434 1787 ·
453 1772 499 1798 καὶ
512 1771 630 1798 δείκνυσι
646 1771 695 1806 τὴν
711 1772 739 1797 ὲν
755 1771 858 1807 ἀνθρώ-

69 1826 135 1848 me;
149 1817 301 1853 έντρέχειαν
318 1818 470 1854 δυναμένην
489 1819 600 1853 κοσμεῖν
618 1817 656 1852 τῷ
676 1817 746 1852 λόγῳ
762 1818 808 1844 καὶ
823 1817 857 1844 τὰ

68 1862 296 1898 πλεονεκτήματα
311 1863 359 1898 τῆς
374 1863 479 1897 φύσεως
491 1863 544 1889 τῶν
557 1863 661 1896 ἀλόγων
673 1870 680 1877 ·
700 1862 726 1888 τί
743 1862 770 1888 δὲ
787 1862 857 1897 λέγω

68 1907 129 1934 τῶν
144 1907 247 1942 ἀλόγων
267 1907 332 1943 (18),
347 1908 407 1934 ἐπεὶ
421 1907 517 1942 Κέλσῳ
528 1907 601 1934 δοκεῖ
615 1907 674 1942 μηδ’
688 1907 774 1941 ἄλογα
786 1905 855 1933 εἶναι

67 1954 105 1980 τὰ
135 1953 205 1981 κατὰ
226 1953 275 1986 τὰς
298 1954 389 1986 κοινὰς
409 1953 517 1981 πάντων
534 1953 637 1985 ἐννοίας
654 1953 739 1987 ἄλογα
761 1953 858 1980 καλού-

70 2008 144 2035 μενα
153 2008 160 2031 ;
169 2001 236 2027 Θὺδὲ
251 2001 313 2032 τοὺς
322 2001 469 2037 μύρμηκας
478 2000 543 2034 γοῦν
555 2000 640 2027 οἴεται
654 1998 721 2026 εἶναι
733 1999 855 2033 ἀλόγους,

67 2046 215 2082 ὸπερὶτῆς
236 2046 299 2082 ὅλης
322 2046 429 2080 φύσεως
450 2046 682 2080 ἐπαγγειλάμενος
696 2045 794 2080 λέγειν,
810 2045 856 2072 καὶ

68 2090 123 2126 τὴν
141 2090 266 2126 ἀλήθειαν
287 2091 316 2117 ὲν
332 2091 364 2126 τῇ
384 2091 522 2126 ἐπιγραφῇ
542 2089 588 2116 τοῦ
610 2090 711 2125 βιϐλίου
724 2091 854 2126 αὺχήσας.

67 2136 144 2172 (Ρη-εὶ
156 2137 209 2172 γὰρ
228 2136 291 2172 περ)¹
306 2135 360 2162 τῶν
374 2137 525 2172 μυρμήκων
546 2136 583 2168 ὡς
597 2135 794 2171 διαλεγομένων
807 2135 853 2162 ἁλ-

67 2182 166 2218 λήλοις
180 2181 290 2210 τοιαῦτα
304 2191 310 2198 ·
335 2191 343 2208 ι
360 2182 416 2209 Καὶ
434 2181 483 2217 μὲν
506 2181 537 2217 δὴ
552 2182 598 2208 καὶ
612 2181 784 2213 ἀπαντῶντες
800 2181 855 2217 (19)

125 2304 168 2338 15)
179 2303 295 2334 Philam.
311 2303 361 2330 οὐκ
377 2303 468 2331 εἰδότι.

125 2340 169 2374 14)
182 2339 228 2366 Sic
245 2338 389 2374 Philocalia
403 2347 410 2369 ;
431 2338 597 2374 Hoesclielius
610 2342 751 2374 autemet
765 2338 852 2373 Spen-

69 2371 284 2418 ceifus,"EXpﬁv
296 2374 318 2400 δ’
331 2373 421 2416 αὑτὸν,
430 2374 513 2418 εἴπερ
532 2371 566 2408 ἦν
584 2373 634 2418 κᾶν
655 2371 798 2418 φιλόσοφος

68 2409 190 2447 πρὸς
257 2408 392 2447 συναιρεῖν
400 2409 456 2447 τοῖς
462 2408 693 2447 ’Χριστιαν-ιςμοῦ.

105 2445 165 2479 (15)
176 2442 181 2445 ⁷
193 2442 350 2479 Ρίιίιοοειίεί.
373 2442 523 2479 λεληθότως
541 2444 562 2476 ,ό
585 2442 687 2479 Κέλσος
699 2444 736 2479 ὲν.
746 2443 852 2475 πολλοῖς

69 2477 254 2511 Πλατωνίζειν
272 2478 402 2505 θέλεικαί
419 2478 541 2513 βούλεται
562 2478 683 2513 ὁμοειδῆ.
715 2477 852 2513 Nusquam

69 2515 183 2543 invenio
196 2513 264 2548 apud
285 2514 422 2540 Platonem
438 2513 544 2539 animas
559 2514 620 2540 aliis
641 2513 709 2541 alias
737 2517 797 2540 ortu
824 2517 852 2539 et

68 2549 179 2584 origine
192 2549 414 2584 praestantiores:
431 2554 481 2575 nec
493 2548 574 2584 scio,
589 2556 623 2575 an
651 2548 739 2584 ullibir
752 2548 852 2574 dixerit

67 2582 216 2613 briiloruin
229 2584 334 2610 animas
347 2582 492 2618 perituras,
508 2588 554 2610 aut
569 2583 596 2609 in
607 2591 720 2617 corpora
733 2583 850 2618 humana

67 2618 333 2655 migraturas;licet
360 2619 395 2644 de
415 2617 539 2655 humanis
565 2618 665 2655 passim
693 2617 848 2655 asseruerit,

67 2652 162 2682 eas'in
186 2654 328 2681 brutorum
355 2659 467 2686 corpora
498 2653 688 2680 detriidenilas.
714 2652 848 2686 Quoniam

67 2697 138 2716 vero
169 2696 184 2715 e
210 2687 402 2723 secretioribus
429 2686 586 2722 Pythagorae
610 2692 636 2714 ct
662 2687 848 2723 (Egyptiorum

66 2723 223 2758 disciplinis
240 2724 309 2750 hanc
323 2722 477 2758 opinionem
491 2726 628 2749 mutuatus
641 2728 695 2756 est;
710 2722 790 2749 facile
807 2722 848 2748 iii-

66 2760 132 2786 duct
143 2756 266 2792 possum,
281 2763 311 2784 ut
322 2756 428 2784 credam
442 2756 581 2792 Platonem
610 2758 678 2784 idem
698 2758 731 2784 de
755 2758 848 2784 bruto-

67 2802 130 2820 rum
143 2791 285 2820 animabus
303 2792 439 2820 statuisse.
457 2791 580 2819 Lactant.
602 2792 649 2819 lib.
666 2800 714 2825 vii,
730 2799 790 2826 cap.
810 2792 851 2824 ὃς

66 2828 249 2864 Pythagoras,
273 2828 344 2863 apud
365 2827 506 2860 Ovidium,
530 2827 576 2854 lib.
603 2835 638 2854 xv
662 2827 849 2862 Metamorph.,

67 2865 124 2891 lat).
142 2864 169 2890 5.

107 2899 203 2926 Omnia
217 2902 354 2926 mutantur
366 2905 375 2924 :
387 2896 452 2924 nihil
463 2897 548 2925 interit
559 2905 569 2930 ;
581 2902 662 2933 errat,
674 2901 698 2924 et
709 2897 782 2924 illinc

909 1644 958 1671 pro
971 1637 1157 1664 monumentis
1172 1637 1267 1672 patriis
1281 1637 1384 1663 haberi.
1402 1646 1412 1663 ι
1429 1637 1482 1664 Sed
1493 1643 1594 1672 quanio
1607 1638 1692 1672 pluri-

907 1683 957 1709 bus
974 1683 1068 1710 brutus
1081 1683 1234 1710 animantes
1251 1683 1377 1710 laudibus
1396 1682 1486 1716 ell‘ert,
1501 1689 1577 1711 tanto
1589 1685 1689 1719 magis.

908 1728 974 1755 velit
993 1729 1070 1762 nolit,
1096 1729 1187 1760 Verbi,
1209 1728 1280 1763 quod
1304 1729 1395 1756 omnia
1424 1729 1569 1764 disposuit,
1585 1729 1690 1757 extollit

907 1782 994 1809 opus;
1024 1779 1052 1802 et
1078 1774 1218 1802 hominum
1243 1774 1411 1802 demonstrat
1430 1774 1603 1808 industriam,
1629 1783 1690 1810 quin

908 1820 979 1848 dona
998 1821 1086 1848 brutis
1105 1820 1315 1848 aniniaiitibiisa
1328 1826 1424 1847 natura
1442 1821 1539 1848 collata
1557 1829 1691 1850 exornare

907 1866 1034 1900 potuerit.
1065 1866 1136 1899 Quid
1165 1867 1225 1894 dico
1250 1871 1340 1894 autem
1368 1866 1456 1893 brutis
1485 1867 1688 1900 animantibus,

907 1910 1123 1945 quandoquidem
1138 1911 1223 1938 bruta:
1240 1919 1293 1938 non
1317 1916 1390 1944 sunt,
1405 1911 1474 1938 Celsi
1492 1911 1606 1946 judicio,
1628 1920 1689 1947 quae

907 1963 959 1982 una
972 1956 1092 1983 omnium
1109 1963 1175 1983 voce
1195 1956 1281 1984 bruta:
1298 1958 1452 1984 vocantur?
1472 1957 1538 1984 Nam
1561 1957 1688 1986 formicas

907 2001 1012 2028 ratione
1029 2008 1091 2028 esse
1104 2001 1228 2036 privatas
1242 2010 1295 2030 non
1305 2002 1411 2037 judicat
1434 2003 1489 2035 ille,
1511 2004 1556 2038 qui
1572 2005 1605 2030 de
1624 2003 1686 2031 uni-

905 2054 983 2073 versa
999 2052 1094 2074 natura
1111 2048 1201 2076 dicere
1222 2048 1358 2083 pollicitus
1376 2053 1427 2083 est,
1443 2049 1543 2084 quique
1568 2049 1609 2076 vel
1628 2049 1687 2077 uelo

905 2091 967 2118 libri
986 2091 1062 2118 titulo
1085 2093 1230 2120 veritatem
1252 2093 1404 2128 iactitabat.
1430 2093 1476 2121 Sic
1497 2094 1569 2121 enim
1589 2093 1632 2121 ille
1653 2094 1686 2121 de

905 2134 1027 2163 formicis
1037 2135 1168 2170 loquitur,
1182 2144 1214 2164 ac
1226 2138 1248 2165 si
1264 2138 1335 2165 inter
1347 2146 1377 2165 se
1388 2138 1521 2173 colloquia
1536 2138 1684 2165 baberent:

908 2192 917 2208 ι
944 2182 1010 2210 Cum
1035 2183 1135 2216 obviis,
1162 2183 1261 2218 inquit,
1282 2183 1494 2220 colloquuntur:
1519 2186 1589 2212 unde
1613 2192 1684 2212 nun-

868 2288 891 2315 Β
942 2301 1002 2337 (lui:
1014 2302 1093 2333 venit,
1103 2301 1163 2328 liinc
1175 2301 1248 2334 illuc,
1262 2306 1285 2328 et
1294 2302 1420 2336 quoslibet
1433 2308 1542 2337 occupat
1557 2308 1633 2331 artus

941 2336 1058 2371 Spiritus
1072 2345 1081 2363 :
1097 2344 1159 2371 eque
1173 2337 1234 2370 [erit
1249 2337 1364 2363 humana
1378 2339 1405 2364 in
1420 2336 1530 2371 corpora
1545 2339 1666 2371 transit,‘

940 2370 1024 2406 Inque
1037 2372 1106 2406 [eras
1118 2370 1213 2403 noster,
1234 2379 1279 2398 nec
1292 2376 1404 2403 tempore
1416 2370 1515 2406 deperit
1532 2373 1596 2400 ulla.

909 2405 938 2433 In
955 2405 1048 2433 eodem
1065 2407 1145 2433 etiam
1168 2410 1273 2433 cratere
1296 2413 1402 2433 omnem
1417 2408 1535 2433 animam
1565 2408 1684 2440 misceri.

908 2441 1105 2481 teinperarique
1114 2441 1205 2468 tradit.
1216 2441 1282 2469 Vide
1294 2440 1340 2469 lib.
1352 2449 1359 2467 l
1375 2447 1465 2481 contra
1475 2440 1590 2473 Celsum,
1608 2451 1683 2473 num,

904 2476 950 2504 5‘2.
971 2475 1015 2504 55;
1027 2476 1072 2503 lib.
1087 2483 1123 2504 iv.
1136 2484 1210 2503 num.
1224 2476 1269 2504 54.
1287 2476 1331 2504 56.
1344 2481 1371 2503 et
1387 2476 1433 2503 lib.
1449 2482 1477 2504 τ.
1494 2484 1568 2502 num.
1579 2477 1682 2504 20.2l.

905 2483 950 2506 οε,
971 2483 1015 2508 oo;
1027 2483 1072 2503 im.
1087 2483 1123 2508 iv,
1136 2484 1210 2503 num.
1224 2483 1269 2508 at,
1287 2483 1331 2507 ou,
1344 2483 1371 2503 et
1387 2483 1433 2503 im.
1449 2483 1477 2508 γ,
1494 2484 1568 2502 num.
1579 2483 1682 2508 κομι.

905 2496 1072 2537 ἴίῖἷιεζᾶἲὰὶῖί
1087 2496 1272 2538 βιὶίἵπίἒῖηνῖιῖ
1287 2496 1568 2545 lassasset
1579 2496 1683 2544 ὅέἰῖὲἱ

905 2545 931 2572 in
945 2545 1057 2581 fungo.
1074 2554 1133 2581 pag.
1150 2546 1185 2573 90
1197 2551 1224 2573 et
1236 2546 1281 2581 9i.
1294 2547 1425 2573 SPENCER.

940 2579 996 2641 (16)
1010 2579 1179 2620 Hmselielius
1190 2587 1216 2607 et
1233 2580 1395 2622 $peucerus,
1412 2581 1458 2607 καὶ
1480 2581 1541 2608 ὅσον
1554 2579 1671 2623 ὁρῶντες

965 2615 1089 2641 hilocalia
1105 2621 1293 2641 recte'omittit
1308 2624 1378 2641 οσον.
1407 2615 1480 2641 Infra
1498 2617 1592 2641 eadem
1616 2616 1671 2641 Plii-

905 2620 932 2642 at
943 2615 1089 2642 Philocalia
1105 2617 1293 2643 recte'omittit
1308 2616 1378 2641 ὅσον.
1407 2615 1480 2642 Infra
1498 2615 1592 2643 eadem
1616 2616 1682 2643 Phi-

903 2650 1009 2688 localia3
1031 2650 1117 2688 πάντη
1144 2650 1290 2688 απρλείψαι
1317 2651 1380 2681 τοὺς
1405 2651 1581 2687 χαρακτῆρας
1599 2651 1684 2688 αὐτῆς

903 2685 950 2712 καὶ
963 2684 1076 2718 ἀλόγους
1093 2684 1243 2712 ἀναλαϐεῖν.

940 2720 995 2756 (l7)
1008 2719 1175 2758 ligasclielius
1186 2726 1213 2748 et
1226 2721 1379 2758 _S_pencerus
1391 2721 1417 2758 in
1430 2721 1560 2758 margine,
1568 2729 1684 2758 γεγενη-

905 2754 1002 2790 μένων.
1020 2754 1080 2781 Mox
1092 2754 1208 2786 Pliiloc.,
1227 2755 1302 2781 Ἐπεὶ
1314 2756 1342 2782 δὲ
1359 2755 1406 2783 καὶ
1425 2754 1502 2788 τοῐςξ
1511 2754 1682 2785 Ησεεοίἰοιίιίε

904 2795 931 2817 et
946 2790 1212 2825 Spenceriis,¢1tsi6i}
1224 2791 1270 2816 καὶ
1285 2793 1351 2822 τοῖς.

939 2823 996 2861 (18)
1016 2825 1046 2851 Τί
1059 2823 1093 2852 δὲ
1100 2824 1178 2861 λέγω
1193 2823 1252 2861 τῷν
1262 2825 1388 2860 ἀλόγων.
1400 2825 1500 2860 ch,in
1520 2831 1597 2854 antea
1615 2827 1681 2855 edit.

904 2860 1013 2891 omissa,
1030 2860 1185 2894 supplentur
1199 2867 1214 2887 e
1230 2860 1297 2886 Phil.

941 2894 995 2931 (l9)
1009 2895 1086 2923 Libb.
1106 2895 1170 2924 editi
1183 2896 1209 2922 in
1223 2895 1354 2931 margine,
1366 2895 1575 2930 διαπαντῶντες.
