1908 3099
219 109 292 139 Ηθδ

944 104 1105 134 ORIGENIS

1788 108 1862 135 ΗΝ

220 176 281 197 cum
294 169 350 204 jam
363 175 416 194 non
433 167 459 194 in
477 165 629 201 proverbiis
653 164 749 200 loquar
773 163 851 192 vobis
867 164 899 190 δι.
919 173 928 190 ι
947 163 1002 191 Non

1059 172 1068 188 ι
1088 162 1170 190 Ταῦτ’
1189 163 1218 189 ἐν
1240 163 1401 199 παροιμίαις
1418 163 1555 199 λελάκηκα
1577 164 1653 199 ὖμῖν.
1671 162 1730 189 ἀλλ’
1748 162 1863 198 ἔρχεται

221 215 303 248 igitur
316 212 493 247 aspectabiles
509 212 552 239 lue
571 211 692 238 l'onnicte
701 215 766 238 sunt
778 210 947 246 sapientibus
962 217 1006 237 sa-

220 257 443 294 pientiores;-sed
458 264 527 291 quas
546 256 588 283 illa
609 256 815 290 proverbiorum
841 255 946 290 species
961 256 1006 281 de-

219 305 309 339 signat
324 311 332 332 :
349 303 421 337 quod
440 303 509 330 idem
528 302 669 329 ferendum
696 301 730 328 de
750 301 858 328 caeteris
882 301 1007 327 animau-

218 351 292 377 tibus
306 349 453 383 judicium.
470 347 524 376 Sed
535 347 630 375 Celsus
645 351 722 381 putat
734 346 933 380 simplicissime
945 345 1005 372 nul-

218 396 299 431 laque
312 394 445 430 sapientia
461 395 579 428 scriptos
591 400 653 420 esse
667 392 823 420 Judzeorum
836 396 862 419 et
872 391 1005 419 Christia-

218 450 315 471 norum
339 442 422 469 libros
437 445 465 468 et
475 441 528 467 vim
547 439 636 467 σθ’εηί
667 440 832 474 scriptorum
855 439 1004 473 proposito.

217 497 280 516 eum
304 488 452 522 allegorice
481 486 664 521 explicantur.
689 485 736 512 llis
762 486 856 520 itaque
881 484 1006 511 refutatae

218 534 320 561 fuerint
333 533 428 560 inanes
445 531 504 566 ejus
516 531 677 563 calumnim;
704 531 855 557 refutatum
882 529 963 556 fuerit
977 534 1006 556 et

217 580 246 606 id
272 579 343 614 quod
371 579 404 606 de
427 578 600 611 serpentibus
624 581 652 603 et
675 575 774 610 aquilis
797 575 983 610 pronuntiavit
997 593 1005 606 ,

218 629 348 659 utrosque
366 622 521 650 hominibus
535 629 595 649 esse
610 621 803 656 sapientiores.

251 711 297 740 88.
313 711 404 739 Multis
415 714 546 746 praeterea
568 710 685 745 probare
701 710 798 737 nititur
821 717 875 736 non
908 709 1005 737 melius

217 758 341 785 homines
356 758 388 784 de
406 757 460 784 Deo
484 756 615 791 cogitare,
637 763 717 790 quam
733 760 831 784 extera
860 755 1003 789 mortalia;

215 809 244 832 et
263 804 393 838 quasdam
419 811 435 830 e
459 802 549 830 brutis
574 802 761 830 animantibus
801 802 847 829 Dei
878 802 1002 829 notitiam

216 849 319 878 habere
337 858 345 877 :
361 849 394 876 de
409 855 462 883 quo
478 853 567 876 tamen
582 853 637 875 tam
653 848 736 875 variat
749 852 859 883 tamque
871 849 1005 876 dissiden-
1022 839 1044 867 Β

217 901 260 924 tes
275 901 336 923 sunt
355 896 498 923 sententiae
511 895 632 921 omnium
655 895 794 922 hominum
812 900 866 923 tam
892 896 1004 922 Graeco-

215 950 277 970 rum
306 949 387 976 quam
412 941 603 969 barbarorum.
633 941 696 968 Haec
725 946 789 969 sunt
813 941 872 975 ejus
900 943 1002 969 verba:

219 999 228 1015 ι
246 989 293 1016 Sin
309 993 399 1016 autem
413 989 503 1020 homo.
519 989 583 1023 quia
593 988 699 1016 divinas
712 988 795 1016 habet
817 988 952 1020 notiones.
972 996 1004 1016 ea

215 1042 300 1062 causa
324 1042 354 1062 se
391 1039 467 1069 putat
495 1034 603 1062 caeteris
634 1034 821 1062 animantibus
857 1039 1002 1069 praestare;

215 1081 312 1114 sciant,
326 1081 372 1116 qui
388 1081 439 1108 hoc
455 1082 559 1113 dicunt,
575 1082 675 1108 multas
695 1088 755 1108 esse
772 1088 833 1116 quae
851 1081 877 1108 id
895 1089 1005 1116 quoque

214 1128 280 1154 boni
304 1128 356 1155 sibi
379 1127 529 1155 vindicent.
559 1127 615 1155 Nec
638 1127 776 1154 immerito
802 1135 809 1153 :
840 1127 905 1161 quid
931 1127 1004 1154 enim

215 1173 346 1205 divinius,
375 1180 454 1207 quam
483 1180 526 1200 res
550 1173 654 1200 futuras
683 1179 856 1207 prrenoscere
877 1177 905 1199 et
933 1180 1004 1207 prte-

216 1219 362 1246 nuutiare?
377 1210 459 1254 Atqul
476 1219 549 1246 istud
563 1219 597 1246 ab
614 1218 674 1245 aliis
691 1219 876 1246 animantibus
892 1223 920 1245 et
933 1226 1004 1253 pra:-

215 1265 312 1292 sertim
329 1265 363 1292 ab
373 1264 468 1292 avibus
477 1265 584 1292 discunt
595 1264 735 1297 homines;
751 1269 781 1290 ut
795 1271 840 1291 ars
849 1265 1003 1291 divinorum

216 1311 299 1347 539
318 1315 372 1338 tota
404 1311 431 1338 in
456 1310 636 1338 observandis
663 1317 758 1336 earum
781 1310 1003 1344 prtedictionibus

214 1359 303 1392 posita
320 1357 366 1384 sit.
384 1355 413 1384 Si
429 1363 493 1384 vero
510 1363 575 1383 aves
591 1356 701 1389 aliaque
726 1356 854 1382 animalia
871 1356 906 1383 ad
929 1356 1002 1383 divi-

215 1404 354 1431 nationem
384 1408 446 1438 apta
476 1410 527 1430 nos
557 1403 718 1437 quibusdam
749 1402 833 1437 signis
857 1402 957 1430 docent
972 1409 1003 1429 ea

214 1456 276 1484 qua:
296 1449 362 1483 ipsis
381 1449 452 1476 Deus
472 1449 587 1481 retexit;
606 1455 671 1482 ergo
694 1448 841 1475 arctiorem
868 1455 930 1475 cum
947 1448 1004 1476 Deo

1060 209 1129 244 ὢρα,
1144 209 1187 235 ὅτε
1201 209 1292 236 οὐκέτι
1303 210 1332 235 ὲν
1347 210 1505 245 παροιμίαις
1519 210 1628 244 λαλήσω
1640 210 1716 244 ὑμῖν.
1734 219 1744 234 ι
1760 210 1822 245 Οὐχ
1837 211 1862 236 οι

1060 254 1183 290 αἰσθητοὶ
1197 255 1287 281 τοίνυν
1307 254 1452 290 μύρμηκες
1468 245 1616 291 σοφώτεροι
1632 255 1681 281 καὶ
1694 254 1750 281 τῶν
1767 255 1862 290 σοφῶν

1060 301 1139 332 είσιν,
1166 301 1223 327 ἀλλ’
1246 302 1271 327 οζ
1294 301 1453 337 δηλούμενοι
1477 301 1514 333 ὡς
1539 302 1567 327 ὲν
1594 301 1660 327 εῐδει
1686 301 1861 336 παροιμιῶν.

1060 346 1138 373 Οὕτω
1153 347 1182 374 δὲ
1197 347 1305 374 λεκτέον
1325 347 1372 374 καὶ
1390 347 1454 382 περὶ
1470 347 1524 373 τῶν
1542 347 1644 373 λοιπῶν
1662 346 1753 379 ζώων.
1777 347 1862 373 Ἀλλὰ

1060 393 1132 419 πάνυ
1146 393 1321 420 ἁπλούστατα
1331 393 1436 428 νομίζει
1449 392 1517 419 εἶναι
1530 394 1577 419 καὶ
1592 393 1715 419 ἰδιωτικὰ
1725 393 1739 418 ὸ
1752 393 1861 424 Κέλσος

1060 439 1094 466 τὰ
1113 439 1245 466 Ἰουδαίων
1261 441 1306 467 καὶ
1320 440 1489 475 Χριστιανῶν
1511 439 1610 475 βιϐλία,
1623 441 1672 467 καὶ
1686 440 1775 466 οἴεται
1796 441 1861 471 τοὺς

1059 484 1276 521 ἀλληγοροῦντας
1299 485 1379 517 αὐτὰ,
1405 485 1581 520 βιαζομένους
1600 487 1630 512 τὺ
1652 486 1781 521 βούλημα
1803 487 1859 512 τῶν

1059 531 1231 568 γραψάντων,
1247 531 1326 558 τοῦτο
1341 533 1439 558 ποιεῖν.
1468 532 1642 567 Ἐληλέγχθω
1664 531 1711 559 οὖν
1743 533 1790 558 καὶ
1815 533 1857 559 διὰ

1059 578 1161 604 τούτων
1179 578 1193 603 ό
1208 577 1311 609 Κέλσος
1329 577 1416 613 μάτην
1434 578 1508 612 ἡμᾶς
1522 577 1683 608 διαϐάλλων,
1699 576 1857 612 ὲληλέγχθω

1058 625 1086 650 δὲ
1102 624 1183 651 αὑτοῦ
1198 624 1245 650 κοιλ⁸
1260 625 1274 650 ό
1290 624 1353 658 περὶ
1366 624 1453 658 ὄφεων
1468 624 1515 650 καὶ
1535 623 1621 649 ἀετῶν
1637 624 1728 657 λόγος,
1746 625 1855 659 ἀποφη-

1060 670 1174 705 νάμενος
1189 667 1257 696 εἶναι
1271 669 1383 700 τούτους
1396 669 1546 704 ἀνθρώπων
1562 670 1748 705 σοφωτέρους.

1093 725 1183 752 Θέλων
1198 726 1220 752 δ’
1243 725 1282 752 ἔτι
1300 726 1357 760 (35)
1372 725 1416 752 διὰ
1431 725 1561 752 πλειόνων
1578 721 1713 761 μηδὲ’τας
1727 727 1793 761 περὶ
1808 726 1854 752 τοῦ

1058 773 1137 800 Θείου
1153 773 1257 804 ἐννοίας
1270 773 1424 808 ἐξαιρέτους
1439 770 1509 799 εἶναι
1523 773 1599 807 παρὰ
1613 773 1648 799 τὰ
1662 772 1750 808 θνητὰ
1766 774 1855 799 πάντα

1059 820 1088 846 ὲν
1102 819 1141 855 τῷ
1156 819 1228 853 γένει
1252 820 1305 845 τῶν
1329 818 1490 854 ἀνθρώπιον,
1517 818 1584 845 ἀλλὰ
1605 818 1651 845 καὶ
1677 819 1733 845 τῶν
1748 819 1853 853 ἀλόγων

1057 864 1135 896 ζώων
1149 865 1210 892 τινὰ
1223 865 1361 899 ἀποφῆναι
1381 864 1522 890 ἐννοοῦντα
1539 865 1603 900 περ).
1624 864 1671 890 τοῦ
1691 865 1774 895 Θεοῦ,
1791 866 1852 900 περὶ

1055 908 1086 938 οὗ
1106 911 1227 938 τοιαῦται
1240 910 1384 944 διαφωνίαι
1400 910 1454 945 (54)
1470 910 1597 944 γεγόνασι
1615 911 1663 937 καὶ
1685 912 1744 942 τοῖς
1760 910 1849 942 ὀξυτέ-

1057 965 1113 992 ροις
1133 957 1187 984 τῶν
1212 956 1347 991 πανταχοῦ
1371 956 1533 991 ἀνθρώπων,
1561 956 1694 992 Ἑλλήνων
1714 957 1764 983 καὶ
1787 957 1850 991 βαρ-

1056 1003 1158 1038 ϐάρων,
1174 1002 1256 1038 φησίν
1267 1011 1273 1017 ·
1290 1012 1299 1028 ‹
1316 1003 1346 1028 El
1362 1001 1399 1033 δ’,
1414 1002 1455 1028 ὅτι
1475 1002 1522 1028 καὶ
1538 1001 1613 1033 θείας
1627 1002 1733 1033 ἐννοίας
1748 1002 1851 1038 ἄνθρω-

1056 1057 1106 1080 πος
1129 1048 1301 1083 ἐπείληπται,
1328 1047 1468 1083 νομίζεται
1494 1047 1638 1083 ὑπερέχειν
1665 1047 1722 1073 τῶν
1750 1047 1850 1074 λοιπῶν

1056 1093 1143 1127 ζώων,
1159 1094 1276 1122 ἴστωσαν
1296 1095 1321 1121 οἱ
1343 1094 1420 1121 τοῦτο
1438 1095 1598 1129 φάσκοντες,
1620 1095 1659 1121 ὅτι
1683 1095 1732 1122 καὶ
1757 1095 1851 1122 τούτου

1056 1141 1142 1168 πολλὰ
1164 1141 1217 1168 τῶν
1241 1141 1328 1168 ἄλλων
1344 1140 1420 1172 ζώων
1441 1141 1681 1176 ἁντιποιηθήσεται
1704 1141 1771 1175 (55).
1796 1141 1851 1168 Καὶ

1057 1186 1129 1220 μάλα
1141 1186 1261 1217 εἰκότως·
1277 1186 1302 1212 τί
1326 1185 1380 1221 γὰρ
1396 1185 1428 1212 ἂν
1452 1185 1518 1219 φαίη
1536 1194 1578 1217 τις
1597 1185 1734 1221 θειότερον
1754 1185 1800 1212 τοῦ
1816 1186 1849 1212 τὰ

1056 1232 1187 1267 μέλλοντα
1210 1231 1426 1268 προγιγνώσκειν
1448 1240 1477 1258 τε
1499 1233 1546 1258 καὶ
1568 1231 1734 1267 προδηλοῦν;
1762 1232 1847 1258 Τοῦτο

1053 1277 1143 1303 τοίνυν
1154 1277 1292 1313 ἄνθρωποι
1308 1277 1382 1312 παρὰ
1398 1277 1451 1303 τῶν
1462 1277 1550 1304 ἄλλων
1563 1276 1651 1308 ζώων,
1665 1278 1713 1304 καὶ
1730 1277 1846 1313 μάλιστα

1054 1325 1119 1357 παρ’
1145 1323 1268 1358 ὀρνίθων,
1302 1322 1477 1358 μανθάνουσν
1500 1323 1548 1349 καὶ
1573 1323 1630 1349 ὅσοι
1656 1323 1708 1358 τῆς
1735 1323 1846 1349 ἐκείνων

1054 1368 1192 1401 ἐνδείξεως
1217 1369 1369 1400 ἐπαΐουσιν,
1391 1365 1464 1395 οὗτοι
1488 1368 1621 1403 μαντικοί.
1644 1369 1676 1395 Εἰ
1698 1369 1721 1395 δ’
1736 1369 1841 1405 ὄρνιθες

1053 1414 1117 1450 ἄρα,
1133 1414 1180 1440 καὶ
1195 1415 1246 1440 ὅσα
1268 1414 1334 1441 ἄλλα
1349 1414 1405 1449 (56)
1420 1414 1477 1446 ξῶα
1498 1414 1616 1449 μαντικὰ
1638 1415 1672 1441 ὲκ
1687 1414 1757 1441 Θεοῦ
1780 1422 1845 1450 πρίν

1053 1460 1232 1494 γινώσκοντα,
1250 1460 1294 1487 διὰ
1313 1461 1453 1496 συμϐόλων
1471 1461 1544 1496 ἡμᾶς
1563 1461 1696 1492 διδάσκει,
1714 1460 1843 1487 τοσοῦτον

215 1495 374 1522 societatem
400 1494 513 1526 habent.
528 1494 693 1528 sapientiora
719 1499 793 1526 sunt.
806 1498 832 1521 et
851 1494 906 1521 Deo
924 1501 1002 1521 acce-

1056 1505 1144 1532 ἔοικεν
1160 1506 1213 1541 (57)
1233 1494 1372 1542 ἐγγυτέρω
1401 1506 1451 1541 τῆς
1472 1494 1547 1538 θείας
1563 1506 1670 1542 ὁμιλίας
1692 1507 1784 1533 ἐκεῖνα
1800 1515 1846 1532 πε-

215 1541 314 1574 ptiora.
331 1539 414 1566 Aiunt
428 1544 559 1574 pneterea
574 1539 775 1573 prudentiores,
784 1539 886 1566 bestias
901 1539 1002 1567 habere

215 1585 289 1612 inter
312 1592 342 1612 sc
365 1585 512 1620 colloquia.
529 1593 616 1621 eaque
641 1586 742 1613 nostris
763 1593 824 1613 esse
849 1587 1000 1615 sanctiora:

216 1638 278 1666 quae
291 1631 401 1665 quidem
418 1631 468 1666 ipsi
485 1631 641 1666 intelligunt
656 1636 683 1658 et
696 1632 734 1658 ita
750 1639 810 1659 esse
827 1633 1002 1666 persuadent,

215 1686 290 1710 cum.
306 1681 448 1713 postquam
466 1685 514 1705 nos
534 1682 756 1711 prmmonuerunt
772 1684 836 1705 aves
853 1678 955 1706 dixisse
975 1686 1004 1707 se

215 1723 310 1758 aliqua
323 1724 443 1751 abituras
456 1727 501 1750 aut
520 1723 573 1750 hoe
594 1722 693 1750 illudve
708 1723 845 1757 facturas;
858 1731 905 1751 eas
924 1725 1003 1751 nobis

214 1770 364 1797 ostendunt
392 1769 438 1797 illo
463 1769 681 1804 proﬁciscentes.
709 1774 756 1796 aut
781 1769 915 1797 facientes
943 1779 1003 1805 qua:

215 1820 279 1843 ante
299 1816 438 1843 dixerunt.
467 1815 626 1850 Elephantis
649 1820 740 1842 autem
765 1817 831 1843 nihil
852 1817 1002 1850 jurameuti

216 1863 347 1894 tenacius,
365 1861 462 1889 divinis
481 1862 562 1888 rebus
575 1862 711 1889 addictius
726 1862 793 1888 nihil
805 1870 865 1889 esse
882 1863 1001 1896 videtur;

215 1910 298 1943 idque
311 1916 343 1936 ea
357 1916 438 1935 causa
452 1909 511 1935 sine
525 1908 617 1940 dubio,
628 1908 699 1942 quod
712 1907 796 1934 Deum
806 1913 998 1942 cognoscanta

216 1955 266 1982 llic
282 1955 344 1982 vide
358 1959 424 1990 quot
441 1959 574 1989 congerat
589 1959 616 1981 et
632 1961 680 1988 pro
701 1954 833 1981 confessis
853 1959 951 1985 sumat.
969 1954 1003 1981 de

215 2002 315 2036 quibus
343 2007 431 2027 tamen
456 2001 567 2027 minime
586 2000 714 2027 convenit
741 2000 810 2027 inter
827 2000 1002 2034 philosophos

216 2051 270 2072 tam
291 2046 447 2072 Grterorum
463 2053 544 2079 quant
562 2045 750 2076 barbarorum,
766 2046 811 2079 qui
829 2046 869 2071 vel
892 2045 1001 2072 invene-

215 2097 279 2118 runt
301 2092 341 2118 vel
365 2099 380 2117 a
401 2091 541 2118 daemoniis
557 2091 716 2124 quibusdam
739 2084 936 2118 doctihl‘uerunt
959 2099 1000 2123 ea,

214 2144 278 2172 qua:
295 2138 328 2164 ad
342 2144 405 2163 aves
427 2137 534 2170 aliaque
554 2135 682 2162 animalia
707 2137 856 2170 pertinent,
870 2144 884 2163 a
900 2137 1000 2170 quibus

218 2183 345 2211 homines
373 2182 568 2210 divinationem
596 2182 725 2209 didicisse
749 2183 937 2216 perhibentur.
960 2183 1001 2210 Ac

216 2229 334 2264 primum
363 2228 472 2262 quidem
500 2228 654 2262 disputatur
678 2228 714 2254 sit
741 2235 787 2255 ars
814 2228 954 2262 auguralis
976 2233 1003 2256 et

216 2273 367 2307 generatim
394 2272 527 2299 divinatio
553 2279 601 2307 per
625 2272 765 2305 animalia,
783 2280 880 2300 necne.
899 2273 1002 2301 Deinde

216 2320 289 2346 inter
305 2326 363 2352 eos,
382 2318 427 2352 qui
450 2318 646 2346 divinationem
674 2325 722 2352 per
749 2326 814 2346 aves
845 2319 1002 2352 admittunt,

217 2371 270 2390 non
285 2367 393 2390 constat
410 2363 481 2390 unde
503 2369 587 2390 causa
604 2362 782 2390 divinationis
798 2364 942 2397 repetenda
955 2364 1001 2393 sit.

216 2408 269 2435 Alii
285 2408 379 2435 dicunt
399 2407 528 2434 animalia
549 2411 596 2434 aut
611 2414 625 2433 a
640 2407 804 2441 quibusdam
819 2408 1001 2441 dzemonibus,

215 2458 262 2481 aut
276 2462 292 2480 a
305 2453 358 2480 diis
375 2460 466 2480 rerum
480 2452 633 2480 futurarum
646 2453 797 2480 scientibus
807 2454 924 2485 moveri.
936 2462 1003 2482 aves

216 2500 325 2536 quidem
352 2500 386 2526 ad
415 2499 562 2527 volandum
588 2499 696 2526 diverse
718 2499 898 2534 diversosque
921 2507 1003 2528 sonos

215 2545 389 2577 emittendus,
405 2545 509 2580 reliqua
525 2551 588 2572 vero
601 2544 728 2572 animalia
745 2544 788 2571 his
801 2549 848 2571 aut
863 2545 917 2572 illis
933 2546 999 2574 cieri

249 2614 272 2630 "
289 2613 367 2642 Joan.
382 2621 439 2646 xvr,
451 2613 497 2640 25.

245 2661 302 2696 (55)
317 2661 396 2689 Lihb.
409 2660 472 2688 editi
489 2660 614 2696 intexta.
629 2661 714 2688 θέλων
737 2662 765 2688 δέ
781 2671 818 2690 τιι

248 2696 305 2731 (54)
320 2696 435 2731 Philum,
447 2695 576 2722 τοσαῦται
590 2697 743 2731 διαφωνίαι.

246 2729 302 2767 (ΞΒ)
319 2729 433 2767 ΡΙιίΙοςι.Ξ
446 2729 658 2767 ἀντιποιήσεται.

249 2765 305 2805 ($6)
324 2765 471 2805 Vest-inut,-
487 2766 512 2792 iu
525 2765 606 2792 antea
622 2767 701 2794 editis
727 2767 908 2801 desideratur,
930 2777 995 2805 sup-

213 2799 302 2833 pletur
314 2807 328 2826 e
343 2799 500 2826 Philucalia.

249 2833 305 2869 (ΞΠ)
321 2833 392 2868 Lego
406 2841 467 2861 cum
481 2835 633 2869 Buhercllo,
648 2837 775 2863 τοσούτου
790 2837 887 2865 ἔοικεν.

1055 1551 1179 1586 φυκέναι,
1196 1552 1241 1578 καὶ
1257 1550 1324 1578 εἶναι
1340 1551 1494 1588 σοφώτερα,
1504 1553 1552 1579 καὶ
1569 1552 1762 1587 θεοφιλέστερα
1779 1553 1844 1588 (58).

1054 1597 1122 1624 Φασὶ
1133 1598 1161 1623 δὲ
1178 1597 1231 1624 τῶν
1255 1597 1408 1634 ἀνθρώπιον
1421 1599 1445 1624 οἱ
1461 1598 1566 1624 συνετοὶ
1586 1599 1632 1625 καὶ
1648 1598 1760 1633 ὁμιλίας
1773 1599 1843 1625 ἐκεί-

1054 1651 1109 1674 νοις
1130 1642 1214 1674 εἴναι,
1233 1643 1352 1679 δηλονότι
1375 1643 1429 1670 τῶν
1450 1644 1593 1679 ἡμετέρων
1614 1644 1783 1680 ῐερωτέρας,
1800 1645 1844 1670 καὶ

1055 1689 1130 1715 αὐτοί
1142 1697 1193 1715 που
1204 1689 1346 1724 γνωρίζειν
1358 1689 1392 1715 τὰ
1403 1689 1546 1724 λεγόμενα,
1560 1689 1606 1716 καὶ
1617 1690 1692 1725 ἔργῳ
1702 1690 1846 1721 δεικνύειν,

1055 1735 1095 1761 ὅτι
1120 1735 1314 1770 γνωρίζουσιν,
1336 1736 1400 1762 ὅταν
1417 1736 1608 1771 προειπόντες,
1633 1736 1674 1762 ὅτι
1697 1736 1803 1770 ἔφασαν
1821 1737 1844 1762 οι

1055 1780 1160 1815 δρνιθες
1181 1780 1219 1811 ὡς
1234 1781 1330 1807 ἀπίασί
1353 1789 1408 1813 ποι,
1430 1782 1476 1808 καὶ
1495 1782 1637 1816 ποιήσουσι
1657 1781 1717 1808 τόδε
1738 1782 1754 1816 ἢ
1776 1782 1843 1811 τόδε,

1054 1826 1211 1853 δεικνύωσιν
1237 1826 1402 1858 ἀπελθόντας
1426 1827 1499 1859 ἐκεῖ,
1529 1828 1576 1854 καὶ
1600 1827 1747 1858 ποιοῦντας
1774 1827 1792 1854 ἃ
1815 1828 1843 1863 δὴ

1055 1872 1195 1906 προεῖπον.
1222 1870 1389 1905 Ἐλεφάντων
1418 1871 1445 1898 δὲ
1472 1872 1548 1898 οὐδὲν
1572 1873 1762 1908 εὐορκότερον,
1787 1873 1842 1899 055s

1055 1916 1122 1950 πρὸς
1136 1916 1169 1942 τὰ
1188 1916 1246 1942 θεῖα
1262 1916 1422 1952 πιστότερον
1436 1915 1506 1944 εἶναι
1521 1918 1604 1948 δοκεῖ,
1621 1918 1733 1949 πάντως
1749 1918 1842 1953 δήπου.

1053 1962 1119 1988 διότι
1130 1962 1229 1996 γνῶσιν
1244 1962 1326 1989 αὑτοῦ
1344 1963 1449 1997 ἔχουσιν
1461 1963 1524 1998 (59).
1541 1973 1550 1989 ι
1566 1963 1638 1998 Ὅρα
1652 1963 1681 1989 δὲ
1699 1965 1729 1990 ἐν
1743 1963 1842 1994 τούτοις

1053 2007 1102 2034 ὅσα
1124 2007 1277 2043 ζητούμενα
1299 2008 1374 2043 παρὰ
1397 2009 1452 2039 τοῖς
1478 2008 1670 2042 φιλοσοφοῦσιν
1702 2008 1745 2042 (οὐ
1768 2009 1843 2044 μόνον

1060 2053 1203 2088 Ἑλλήνων,
1221 2054 1289 2080 ἀλλὰ
1311 2054 1357 2080 καὶ
1379 2053 1433 2079 τῶν
1459 2054 1487 2079 ὲν
1511 2053 1670 2089 βαρϐάροις,
1689 2054 1740 2080 εἴθ’
1753 2055 1840 2088 εὗρόν-

1053 2107 1118 2131 των,
1135 2099 1189 2125 εἴτε
1214 2099 1290 2135 παρά
1301 2108 1381 2126 τινων
1394 2099 1529 2134 δαιμόνων
1557 2099 1698 2134 μαθόντων
1728 2100 1761 2126 τὰ
1783 2101 1839 2135 περὶ

1053 2145 1155 2171 οἰωνῶν
1170 2145 1216 2171 καὶ
1232 2146 1285 2171 τῶν
1308 2145 1394 2173 ἄλλων
1408 2145 1494 2177 ζώων,
1511 2145 1557 2180 ἀφ’
1573 2142 1610 2172 ὧν
1630 2147 1758 2180 μαντεῖαί
1773 2154 1838 2176 τινες

1053 2190 1206 2225 ἀνθρώποις
1221 2190 1343 2224 γίνεσθαι
1367 2190 1508 2225 λέγονται)
1534 2190 1716 2225 συναρπάζει,
1740 2192 1785 2217 καὶ
1806 2191 1838 2222 ὡς

1051 2235 1252 2270 ὁμολογούμενα
1271 2235 1416 2262 ἐκτίθεται.
1434 2235 1544 2272 Πρῶτον
1562 2237 1610 2270 μὲν
1626 2236 1682 2271 γὰρ
1697 2237 1832 2272 ἐζήτηται,

1052 2280 1165 2314 πότερόν
1182 2281 1239 2307 ἐστί
1260 2289 1301 2312 τις
1322 2281 1402 2316 τέχνη
1417 2282 1584 2317 οἰωνιστικὴ,
1604 2282 1650 2308 καὶ
1676 2282 1837 2314 ἁπαξαπλῶς

1052 2328 1069 2361 ὴ
1083 2327 1126 2353 διὰ
1142 2326 1218 2358 ζώων
1240 2327 1368 2362 μαντικὴ,
1388 2327 1404 2362 ἦ
1425 2327 1474 2353 οὐκ
1498 2327 1570 2353 ἐστι·
1586 2327 1711 2362 δεύτερον
1731 2329 1758 2354 δὲ
1769 2329 1836 2363 παρὰ

1051 2374 1108 2404 τοῖς
1123 2372 1357 2411 παραδεξαμένοις
1373 2371 1441 2399 εἶναι
1457 2373 1506 2408 τὴν
1520 2373 1553 2400 δι’
1567 2373 1682 2409 ὀρνίθων
1700 2373 1834 2408 μαντικὴν,

1052 2419 1083 2444 οὐ
1099 2419 1314 2454 συμπεφώνηται
1329 2419 1345 2454 ὴ
1362 2419 1435 2445 αἰτία
1451 2418 1499 2445 τοῦ
1513 2419 1614 2455 τρόπου
1631 2419 1682 2454 τῆς
1698 2421 1833 2455 μαντείας·

1052 2465 1200 2500 ἐπειδήπερ
1214 2466 1238 2491 οἱ
1256 2465 1304 2500 μὲν
1319 2465 1372 2491 ἀπό
1385 2474 1464 2492 τινων
1480 2465 1614 2500 δαιμόνων
1624 2465 1641 2500 ἢ
1661 2466 1732 2492 θεῶν
1749 2474 1833 2501 μαντι-

1052 2510 1108 2537 κῶν
1126 2519 1191 2544 φασι
1212 2510 1352 2544 γίγνεσθαι
1366 2511 1414 2541 τὰς
1431 2511 1552 2546 κινήσεις
1566 2512 1623 2542 τοῖς
1639 2511 1730 2543 ζώοις,
1754 2512 1830 2546 ὄρνισι

1053 2555 1101 2590 μὲν
1114 2557 1153 2587 εἰς
1168 2556 1312 2591 διαφόρους
1328 2556 1441 2591 πτήσεις
1458 2556 1507 2582 καὶ
1521 2557 1560 2587 είς
1573 2556 1721 2592 διαφόρους
1739 2558 1828 2592 φωνὰς,
1845 2547 1848 2551 ’

1091 2669 1146 2704 (58)
1176 2668 1341 2704 Philocaiia,
1369 2668 1571 2704 θεοφιλέστερα.
1604 2667 1777 2704 ιιωεςιιοιῖυε
1808 2673 1828 2694 et
1858 2656 1859 2673 ³

1055 2703 1220 2738 Spencerus,
1239 2703 1444 2737 θεοφιλέστατα.
1474 2703 1556 2730 Paulo

1054 2739 1196 2774 γνωρίζειν
1210 2738 1244 2765 τὰ
1260 2738 1402 2773 λεγόμενα.
1426 2738 1598 2766 Hceschelius

1048 2774 1236 2817 γνφμιέξεεγξά
1248 2774 1387 2817 γιγόμενα-

1085 2807 1140 2844 (59)
1155 2809 1312 2842 Philoealia,
1325 2809 1402 2835 αὐτοὶ
1419 2807 1525 2843 ἔχουσιν

1623 2744 1651 2766 et
1679 2739 1826 2772 Spencerus.

1858 2759 1861 2793 1|

1587 2709 1649 2738 post
1683 2703 1826 2731 Philucalia.
1861 2715 1862 2731 ι
