1908 3099
67 169 136 198 “65

662 167 802 196 CONTRA
818 166 956 195 CELSUM
974 167 1038 196 LIB.
1055 168 1099 196 IV.

1612 172 1684 201 1166

68 229 122 258 τοῖς
144 227 173 253 δὲ
193 226 295 258 λοιποῖς
314 227 354 258 εἰς
375 227 424 259 τὰς
447 228 552 255 τοιάσδε
571 227 718 262 κινῄσειςῆ
732 226 847 254 τοιασδί·

904 227 1033 255 motibus.
1048 227 1101 254 Alii
1122 233 1234 255 censent
1255 229 1361 257 animas
1374 237 1469 258 eorum
1486 237 1547 259 esse
1563 231 1684 259 divinio-

67 272 139 300 ἄλλοι
158 272 186 298 δὲ
211 271 348 307 θειοτέρας
370 273 470 304 αὐτῶν,
498 273 544 299 καὶ
569 272 637 306 πρὸς
660 271 732 298 τοῦτ’
756 273 849 307 ἐπιτη-

67 318 153 349 δείους
175 317 231 353 (ιιῦ)
253 316 321 344 εἶναι
344 317 393 350 τὰς
421 318 522 353 ψυχάς·
536 319 604 354 ὅπερ
625 318 697 344 ἐστὶν
712 317 849 344 ἀπιθανώ-

67 370 155 390 τατον.

107 407 206 442 Ἐχρῆν
231 404 277 433 οὖν
295 408 341 434 τὸν
368 407 487 439 Κέλσον,
516 407 558 434 διὰ
582 408 635 434 τῶν
665 408 850 443 προκειμένων

69 452 225 488 βουλόμενον
253 453 375 488 θειότερα
408 454 454 480 καὶ
485 453 625 489 σοφώτερα
654 454 791 486 ἀποδεῖξαι
816 453 850 480 τὰ

71 498 154 532 ἄλογα
171 497 227 530 ζῶα
242 498 296 525 τῶν
312 498 471 534 ἀνθρώπων,
485 499 687 526 κατασκευάσαι
699 499 742 526 διὰ
759 499 850 526 πλειό-

69 552 130 574 νων,
145 543 183 575 ὡς
197 544 372 580 ὑπάρχουσαν
390 544 439 579 τὴν
456 544 560 571 τοιάνδε
574 546 722 580 μαντικήν”
740 545 785 571 καὶ
800 544 850 580 τὴν

68 588 213 622 ἀπολογίαν
231 589 299 624 μετὰ
324 589 395 616 τοῦτ’
411 590 613 625 ὲνεργεστέρως
627 591 680 625 (41)
696 590 848 622 ἀποδεῖξαι·

69 634 113 660 καὶ
127 635 324 667 ἀποδεικτικῶς
340 636 539 671 ἀποδοκιμάσαι
559 637 606 671 μὲν
616 637 678 668 τοὺς
691 637 785 670 λόγους
797 637 850 662 τῶν

69 681 249 715 ἀναιρούντων
268 681 318 712 τὰς
335 681 441 708 τοιάσδε
460 682 597 716 μαντείας,
611 682 806 713 ἀποδεικτικῶς
828 681 850 708 δ’

69 726 215 761 ἀνατρέψαι
243 725 289 752 καὶ
311 727 375 757 τοὺς
395 727 491 760 λόγους
512 727 565 754 τῶν
579 727 710 753 εἰπόντων
724 727 777 754 ἀπὸ
794 727 851 754 δαι-

69 771 155 806 μόνων
170 771 186 805 ἢ
197 771 266 797 θεῶν
273 771 413 806 γίγνεσθαι
431 772 480 804 τὰς
491 773 611 808 κινήσεις
626 774 681 804 τοῖς
695 772 773 805 ζώοις
784 773 851 808 πρὸς

67 816 96 842 τὺ
123 817 339 851 μαντεύσασθαι·
368 818 414 844 καὶ
445 818 514 853 μετὰ
536 818 622 844 ταῦτα
648 819 850 846 κατασκευάσαι

68 862 130 896 περὶ
158 862 208 897 τῆς
231 862 284 888 τῶν
309 863 413 896 ἀλόγων
433 863 509 894 ζώων
535 863 675 898 ψυχῆςὼς
701 864 849 899 θειοτέρας.

69 906 145 932 Οὕτω
162 907 217 942 γὰρ
232 906 264 933 ἂν
278 908 345 943 πρὸς
357 909 390 934 τὰ
404 908 505 935 πιθανὰ
528 909 621 940 αὐτοῦ,
648 909 849 945 ἐπιδειξαμένου

69 952 210 986 φιλόσοφον
226 954 289 988 περὶ
303 953 355 980 τῶν
365 954 529 988 τηλικούτων
543 954 608 987 ἕξιν,
618 955 688 981 κατὰ
698 955 727 981 τὸ
741 955 851 982 δυνατὸν

68 998 131 1032 ἡμῖν
144 998 307 1033 ἐνέστημεν·
324 999 521 1034 ἀνατρέποντες
543 1000 591 1034 μὲν
606 1000 636 1025 τὸ
649 1000 690 1026 ὅτι
711 1000 852 1036 σοφώτερα

68 1043 101 1068 τὰ
113 1043 196 1077 ἄλογα
209 1043 266 1075 ζῶα
280 1044 333 1070 τῶν
350 1045 510 1080 ἀνθρώπων,
525 1045 748 1080 ψευδοποιοῦντες
761 1046 789 1073 δὲ
805 1047 852 1073 καὶ¹

69 1089 108 1114 δτι
127 1089 232 1120 ἐννοίας
261 1089 381 1124 ἔχειτοῦ
409 1090 486 1116 Θείου
514 1091 662 1126 ίερωτέρας
691 1091 767 1126 ἡμῶν
783 1091 850 1126 (42),

69 1135 114 1160 καὶ
128 1135 169 1161 ὄτι
185 1134 290 1170 ὁμιλίας
304 1135 361 1169 ἔχει
374 1136 442 1171 πρὸς
459 1136 559 1171 ἄλληλα
577 1136 652 1171 ἱεράς
674 1145 760 1168 τινας,
782 1137 852 1163 Νυνὶ

69 1177 90 1203 δ’
107 1179 120 1205 ὁ
144 1179 267 1212 ἐγκαλῶν
292 1180 357 1214 ἡμῖν
375 1199 381 1211 ,
407 1180 448 1206 ὅτι
472 1180 635 1216 πιστεύομεν
658 1182 698 1216 τῷ
716 1182 762 1207 ἐπὶ
786 1183 851 1209 πᾶσι

69 1223 135 1259 Θεῷ,
149 1224 221 1255 ἀξιοί
237 1225 308 1259 ἡμᾶς
322 1225 469 1258 πιστεύειν,
491 1226 530 1252 ὅτι
542 1228 568 1252 αἱ
583 1227 666 1261 ψυχαὶ
678 1227 730 1253 τῶν
740 1227 852 1262 ὀρνίθων

69 1268 206 1305 θειοτέρας
219 1270 325 1305 ἔχουσιν
351 1271 455 1302 ἐννοίας
476 1272 522 1298 καὶ
555 1273 717 1308 τρανοτέρας
746 1273 851 1309 ἀνθρώ-

70 1323 135 1341 πων.
153 1315 241 1350 Ὅπερ
258 1316 282 1341 εἰ
295 1315 393 1351 ἀληθές
408 1317 493 1347 ἐστιν,
510 1317 615 1352 ὄρνιθες
631 1317 732 1352 μᾶλλον
747 1326 829 1353 τρανο
841 1333 851 1337 -

69 1360 149 1395 τέρας
167 1360 222 1396 (45)
238 1361 342 1388 Κέλσου
358 1361 449 1397 ἔχουσι
463 1363 526 1398 περὶ
544 1362 611 1389 Θεοῦ
625 1363 738 1394 ἑννοίας.
754 1364 808 1390 Καὶ
821 1363 851 1389 οὐ

69 1404 223 1440 θαυμαστὸν
238 1407 261 1433 εἰ
277 1407 391 1438 Κέλσου,
407 1407 452 1433 τοῦ
465 1408 511 1434 ἐπὶ
522 1407 647 1434 τοσοῦτον
658 1408 702 1434 τὸν
713 1408 853 1444 ἄνθρωπον

70 1451 288 1484 ὲξευτελίζοντος.
311 1452 391 1479 Ἀλλὰ
409 1453 472 1488 γὰρ,
490 1454 552 1479 ὅσον
565 1454 610 1479 ἐπὶ
625 1453 730 1488 Κέλσῳ,
744 1455 768 1479 οἰ
783 1454 853 1488 ὅρνι-

70 1495 113 1527 θες
129 1497 255 1531 μείζονας
270 1498 315 1524 καὶ
330 1498 467 1533 Θειοτέρας
481 1498 586 1533 ἔχουσιν
607 1499 720 1531 ἐννοίας,
738 1500 767 1525 οὐ
783 1499 853 1534 λέγω

70 1542 146 1576 ήμῶν
173 1543 342 1577 Χριστιανῶν
359 1544 375 1578 ἢ
390 1543 443 1570 τῶν
459 1545 519 1575 ταῖς
534 1545 628 1575 αὑταῖς
642 1546 707 1580 ἡμῖν
732 1545 852 1580 Γραφαῖς
866 1560 887 1588 C

70 1588 216 1623 χρωμένων
239 1589 382 1622 Ἰουδαίων,
405 1589 471 1615 ἀλλὰ
495 1589 550 1625 γὰρ
575 1590 690 1617 καὶτῶν
711 1592 774 1626 παρ’
788 1591 852 1617 Ἕλ-

69 1633 128 1668 λησι
157 1634 298 1668 θεολόγων,
320 1634 457 1670 ἄνθρωποι
482 1635 536 1671 γὰρ
558 1633 639 1671 ἦσαν.
664 1637 770 1663 Μᾶλλον
796 1635 852 1670 οὖν,

70 1679 137 1705 κατά
155 1679 267 1711 Κέλσον,
283 1681 431 1715 κατείληφε
445 1681 494 1716 τὴν
509 1681 556 1707 τοῦ
571 1681 649 1708 Θείου
665 1682 744 1716 φύσιν
759 1682 788 1708 τὸ
799 1682 853 1709 τῶν

69 1724 145 1758 δῇθεν
174 1725 310 1759 μαντικῶν
334 1725 447 1760 ὀρνίθων
473 1726 560 1760 γένος,
583 1727 599 1762 ἢ
622 1727 783 1762 Φερεκύδης,
806 1728 853 1754 καὶ

70 1769 244 1805 Πυθαγόρας,
261 1771 307 1797 καὶ
321 1772 478 1807 Σωκράτης,
497 1773 544 1798 καὶ
566 1772 687 1800 Πλάτων.
704 1774 758 1799 Καὶ
771 1773 853 1808 ἐχρῆν

68 1823 98 1848 γε
116 1816 190 1850 ἡμᾶς
204 1816 272 1850 πρὸς
295 1817 357 1847 τοὺς
370 1817 478 1851 ὄρνιθας
495 1818 588 1853 φοιτᾷν
600 1818 773 1850 διδασκάλους
783 1838 789 1850 ,
804 1818 850 1851 ἵν’,

68 1859 163 1895 ὥσπερ
181 1861 249 1887 κατὰ
274 1862 322 1897 τὴν
349 1861 395 1888 τοῦ
413 1862 515 1888 Κέλσου
532 1863 662 1898 ὑπόληψιν
685 1863 852 1890 διδάσκουσιν

68 1907 141 1940 ἡμᾶς
158 1907 296 1941 μαντικῶς
312 1907 346 1933 τὰ
361 1907 476 1942 ἐσόμενα
486 1929 493 1940 ,
509 1908 581 1934 οὕτω
596 1909 643 1935 καὶ
656 1909 719 1943 περὶ
730 1908 777 1934 τοῦ
797 1909 850 1943 ἁμ-

68 1951 206 1984 φιϐάλλειν
228 1954 292 1987 περὶ
313 1953 360 1979 τοῦ
386 1953 463 1980 Θείου
487 1953 660 1986 ἀπαλλάξωσι
674 1955 736 1986 τοὺς
750 1954 853 1989 ἀνθρώ-

67 2005 143 2028 πους,
162 1997 196 2032 ἣν
225 1997 404 2033 κατειλήφασι
429 1999 530 2034 τρανὴν
551 1999 615 2034 περὶ
641 1999 722 2026 αὑτοῦ
750 1999 853 2026 ἔννοιαν

69 2043 270 2077 παραδιδόντες,
292 2044 387 2080 Κέλσῳ
406 2045 454 2079 μὲν
472 2043 517 2072 οὖν
533 2045 682 2076 ἀκολουοεῖ,
703 2045 741 2080 τῷ
763 2045 853 2080 διαφέ-

69 2101 124 2127 ρειν
150 2093 294 2129 ἡγουμένῳ
307 2094 361 2128 (44)
376 2094 429 2121 τῶν
457 2093 609 2130 ἀνθρώπων
637 2095 700 2125 τοὺς
732 2094 851 2130 ὄρνιθας,

68 2137 236 2170 διδασκάλοις
264 2139 343 2165 αύτδν
365 2139 482 2174 χρῆσθαι
510 2141 566 2171 τοῖς
588 2140 684 2175 ὖρνισι,
700 2140 746 2166 καὶ
760 2140 853 2175 μηδενὶ⁴

69 2183 139 2218 ἄλλῳ
152 2184 209 2210 τῶν
220 2185 453 2219 φιλοσοφησάντων
465 2186 528 2220 παρ’
542 2185 676 2220 Ἕλλησιν.

902 281 947 300 res
962 279 989 301 et
1014 273 1047 300 ad
1071 274 1096 300 id
1115 275 1234 301 muneris
1253 280 1331 310 aptas
1351 275 1522 312 habilesque;
1537 277 1609 313 quod
1624 279 1686 314 qui.

902 320 962 346 dem
977 326 1089 354 prorsus
1105 324 1146 346 est
1162 320 1331 348 incredibile.

938 405 984 433 89.
1005 405 1103 432 Debuit
1118 405 1200 440 igitur
1223 405 1329 438 Celsus.
1347 407 1456 441 quando
1477 408 1586 436 volebat
1599 416 1683 443 supra

901 451 980 478 dictis
997 451 1142 478 ostendere
1169 451 1265 478 brutas
1281 452 1435 480 animantes
1453 453 1607 482 hominibus
1624 462 1685 482 esse

901 501 928 524 et
945 497 1089 524 diviniores
1105 502 1130 523 et
1146 497 1345 531 sapientiores;
1362 498 1467 531 debuit,
1486 500 1607 535 inquam,
1624 501 1682 534 pri-

901 551 975 570 mum
992 542 1051 569 fuse
1068 542 1182 577 probare
1196 542 1268 569 illam
1284 542 1481 570 divinationem
1494 552 1587 572 revera
1604 553 1683 580 esse;

903 587 999 614 deinde
1013 587 1087 614 illam
1109 587 1194 614 solide
1213 587 1248 614 ab
1268 588 1342 614 omni
1366 595 1434 615 noxa
1456 589 1613 624 vindicare;
1626 595 1683 618 ttun

902 634 1021 661 rationes
1036 640 1129 660 eorum
1146 633 1251 660 diluere
1264 633 1310 668 qui
1325 633 1457 668 ejusmodi
1472 634 1654 663 divinationes
1668 644 1684 664 e

902 679 990 706 medio
1014 678 1125 711 tollunt;
1142 683 1235 713 postea
1261 685 1411 706 occurrere
1427 679 1471 711 iis,
1489 680 1534 714 qui
1553 680 1682 708 animalia

901 724 994 751 volunt
1021 725 1054 750 ad
1086 724 1262 751 divinandum
1288 725 1391 752 moveri
1418 729 1465 752 aut
1482 733 1497 752 a
1515 726 1685 754 daemonibus

901 775 975 798 auta
990 770 1056 802 diis;
1074 770 1192 804 denique
1215 770 1383 803 argumentis
1408 771 1562 805 approbare
1587 771 1686 799 bestia-

902 823 961 843 rum
990 815 1106 843 animam
1127 822 1188 842 esse
1215 815 1387 842 diviniorem.
1406 816 1470 849 Qua:
1483 816 1506 843 si
1530 817 1639 844 fecisset
1658 822 1686 845 et

903 863 956 889 hac
969 862 995 889 in
1015 869 1044 888 re
1061 861 1251 895 philosophum
1267 868 1295 888 se
1309 862 1479 896 praebuisset,
1492 862 1550 896 ejus
1566 863 1686 891 rationes

901 915 951 942 pro
970 907 1073 934 viribus
1098 905 1220 933 refellere
1245 911 1357 933 conatus
1372 915 1472 935 essem.
1501 908 1569 936 Ante
1592 909 1683 936 omnia

901 952 1092 979 convenissem
1113 951 1197 984 istud,
1210 952 1366 980 hominibus
1381 953 1482 980 besuas
1498 961 1559 981 esse
1573 955 1685 989 sapien.

903 999 1006 1026 tiores:
1025 998 1086 1025 falsi
1106 1005 1212 1032 quoque
1232 998 1382 1032 arguissem
1408 1000 1478 1033 qttod
1505 999 1552 1031 ait,
1572 999 1632 1027 illas
1649 1001 1684 1027 do

901 1044 957 1071 Deo
973 1044 1124 1078 religiosius
1140 1044 1217 1070 nobis
1243 1043 1358 1076 sentire,
1385 1048 1413 1071 et
1439 1049 1531 1071 sancta
1560 1045 1683 1079 quaedam

903 1090 972 1116 inter
986 1097 1015 1116 se
1031 1089 1131 1116 habere
1156 1089 1302 1124 colloquia.
1317 1089 1396 1116 Nunc
1421 1095 1522 1123 autem,
1543 1091 1589 1124 qui
1607 1091 1684 1118 nobis

902 1135 966 1161 vitio
982 1135 1027 1161 dat
1045 1135 1116 1169 quod
1133 1142 1238 1162 summo
1262 1135 1315 1161 Deo
1339 1134 1419 1162 ﬁdem
1441 1135 1597 1168 habeamus,
1612 1137 1683 1164 idem

903 1180 947 1208 ille
964 1180 1082 1214 postulat
1101 1188 1115 1206 a
1129 1180 1207 1207 nobis
1238 1185 1267 1207 ut
1282 1180 1425 1207 credamus
1438 1181 1580 1209 animabus
1593 1174 1694 1209 avium.

903 1226 991 1252 inesse
1006 1225 1050 1252 Dei
1064 1225 1187 1253 notiones
1199 1226 1346 1253 diviniores
1359 1226 1499 1261 magisque
1526 1227 1684 1261 perspicuas

903 1266 984 1306 570
998 1279 1078 1305 quam
1105 1272 1272 1298 hominibus.
1290 1271 1368 1305 Quod
1384 1272 1407 1298 si
1425 1279 1518 1298 verum
1543 1277 1595 1305 est,
1617 1279 1684 1307 ergo

903 1323 966 1343 aves
979 1316 1136 1348 clariorem,
1152 1324 1232 1351 quam
1243 1316 1348 1349 Celsus,
1362 1316 1409 1344 Dei
1422 1317 1522 1344 habent
1534 1317 1683 1345 notionem.

904 1361 930 1388 ld
942 1367 1032 1389 autem
1051 1362 1088 1389 ita
1103 1369 1164 1390 esse
1178 1362 1212 1389 de
1221 1362 1310 1394 Celso,
1321 1370 1374 1390 non
1390 1363 1503 1390 mirarer
1518 1363 1683 1395 admodum;

903 1415 964 1435 cum
985 1408 1121 1435 hominem
1147 1412 1289 1442 tantopere
1314 1407 1460 1442 deprimat.
1479 1407 1537 1435 Non
1549 1409 1620 1435 enim
1636 1416 1685 1443 per

905 1453 978 1480 illum
1009 1457 1073 1485 stat,
1095 1454 1238 1488 quominus
1265 1460 1328 1481 aves
1356 1453 1474 1480 habeant
1504 1454 1680 1481 sublimiores

904 1499 1104 1532 divinioresque
1130 1498 1267 1530 notiones,
1286 1506 1338 1525 non
1359 1499 1420 1526 dico
1442 1506 1522 1533 quam
1538 1507 1586 1527 nos
1604 1497 1686 1526 Citri-

904 1545 984 1572 stiani
1002 1549 1047 1571 aut
1059 1543 1143 1571 Judaei
1157 1544 1201 1578 qui
1216 1544 1318 1571 eisdem
1334 1551 1366 1570 ac
1378 1551 1427 1571 nos
1440 1544 1589 1578 Seripturis
1604 1549 1684 1572 utun-

904 1595 958 1623 tur,
979 1591 1026 1618 sed
1047 1598 1130 1625 quam
1157 1590 1311 1617 Graecorum
1341 1589 1467 1624 theologi.
1495 1589 1581 1617 Erant
1611 1591 1684 1618 enim

904 1638 1037 1664 homines.
1061 1636 1170 1663 Planius
1199 1636 1290 1671 igitur,
1317 1636 1398 1663 Celso
1417 1636 1525 1670 judice,
1557 1641 1681 1665 naturam

905 1685 1057 1712 Divinitatis
1069 1684 1261 1711 intellexerunt
1273 1690 1337 1710 ares
1352 1684 1385 1710 ad
1402 1683 1592 1711 divinationem
1604 1688 1684 1720 aptae,

904 1737 984 1764 quam
997 1729 1178 1764 Pherecydes,
1192 1736 1272 1762 quam
1286 1728 1464 1763 Pythagoras,
1478 1736 1559 1763 quant
1585 1729 1686 1757 Socra-

905 1781 955 1807 tes,
973 1783 1054 1809 quam
1068 1775 1155 1802 Plato.
1173 1774 1219 1801 Nte
1232 1781 1281 1801 nos
1294 1782 1342 1808 par
1357 1774 1408 1801 fuit
1425 1774 1570 1809 magistras
1589 1774 1685 1802 audire

904 1827 978 1852 aves,
993 1823 1022 1846 ut
1038 1819 1275 1853 quemadmodum,
1292 1818 1314 1845 si
1328 1818 1406 1846 Celso
1420 1819 1497 1851 ﬁdes,
1519 1826 1568 1846 nos
1587 1820 1687 1847 docent

904 1872 948 1892 res
961 1864 1068 1891 futuras
1083 1864 1225 1896 divinare;
1243 1864 1280 1891 ita
1306 1864 1383 1891 nobis
1398 1864 1500 1890 claram
1515 1864 1588 1891 illam
1603 1872 1684 1899 quam

905 1910 994 1937 animo
1019 1910 1241 1943 comprehensam
1261 1909 1363 1936 habent
1378 1909 1531 1936 Divinitatis
1546 1910 1685 1937 notionem

904 1955 1085 1989 impertirent,
1102 1955 1194 1989 sicque
1217 1955 1251 1981 de
1277 1955 1321 1981 illo
1345 1954 1469 1981 homines
1485 1955 1557 1981 omni
1577 1954 1686 1982 dubita-

903 2002 978 2028 tione
1006 2000 1163 2027 libe-farent.
1190 1999 1243 2027 Sed
1269 1999 1347 2027 Celso
1365 2001 1531 2034 praesertim,
1552 2001 1598 2035 qui
1620 2008 1685 2030 aves

904 2046 1058 2073 hominibus
1081 2045 1187 2071 anteire
1210 2049 1296 2079 putat,
1315 2050 1528 2072 consentaneum
1553 2050 1616 2072 erat
1653 2051 1685 2074 ut

904 2091 957 2118 illis
968 2095 1091 2118 uteretur
1108 2091 1256 2125 magistris,
1267 2097 1370 2125 easque
1385 2090 1511 2118 omnibus
1527 2091 1684 2119 Graecorum

904 2137 1075 2173 philosophis
1093 2140 1281 2171 anteponeret.

107 2229 189 2264 Ἡμῖν
205 2229 226 2255 δ’
241 2230 317 2263 ὀλίγα
336 2231 403 2265 πρὸς
422 2230 457 2257 τὰ
480 2231 647 2266 προκείμενα
674 2230 727 2257 ἀπὸ
749 2230 851 2257 πολλῶν

939 2226 984 2254 90.
1005 2225 1093 2252 Pauca
1109 2232 1123 2251 e
1140 2224 1232 2251 multis
1260 2224 1400 2256 addamus,
1426 2225 1524 2260 quibus
1546 2229 1685 2253 evertatur

68 2274 187 2307 λεκτέον,
202 2275 366 2310 διελέγχουσι
380 2276 429 2311 τὴν
443 2276 591 2311 ἀχάριστον
604 2275 774 2310 ψευδοδοξίαν
787 2275 855 2311 πρὸς

68 2321 111 2347 τὸν
124 2322 291 2356 πεποιηκότα
306 2322 384 2348 αὐτόν
394 2330 400 2336 ·
421 2331 430 2346 ι
441 2321 600 2357 ἄνθρωπος»
617 2321 671 2356 γὰρ
691 2322 738 2348 καὶ
753 2321 855 2352 Κέλσος

69 2365 114 2396 ὢν,
132 2375 141 2391 ι
157 2367 188 2392 ἐν
205 2367 269 2401 τιμῇ
282 2366 320 2392 ὢν
330 2367 360 2392 ού
370 2366 482 2400 συνῆκε·
500 2376 508 2391 ι
526 2366 565 2392 διὸ
579 2366 638 2392 οὐδὲ
648 2367 854 2402 παρασυνεὸλή-

69 2410 100 2447 οη
126 2413 183 2443 τοῖς
207 2412 304 2447 ὄρνισι,
322 2413 368 2439 καὶ
383 2414 438 2443 τοῖς
454 2412 543 2443 ἄλλοις
569 2412 676 2446 ἀλόγοις
689 2412 745 2447 (45)
762 2412 851 2445 ζώοις,

104 2492 126 2507 ¹⁶²
144 2491 216 2519 Psal.
233 2499 325 2524 xum,
343 2493 385 2519 15.

102 2574 159 2612 (ιο)
174 2574 342 2612 lloeschelins
353 2580 389 2612 _et
416 2576 568 2612 Spencerus
597 2581 658 2612 post
681 2575 850 2612 ἐπιτηδείους

71 2609 280 2650 adduntuvoeem
295 2610 394 2643 αὐτῶν,
413 2609 492 2645 quam
508 2611 568 2645 jure
580 2609 685 2647 respuit
701 2609 849 2638 Philocalia

68 2644 415 2716 υιζῗῖςυξίὲργιεστέρως.
432 2680 512 2707 Forte
537 2681 708 2708 scribendum
735 2680 848 2716 ἐναργε-

68 2713 180 2749 στέρως.
193 2713 324 2742 Caeterum
347 2713 367 2742 'e
389 2716 537 2742 Philocalia
563 2715 640 2742 abest
657 2723 706 2742 vox
732 2713 849 2749 sequens

67 2747 207 2780 ἀποδεῖξαι
222 2755 249 2776 ιιι
262 2755 289 2777 et
307 2751 492 2786 przecedcntes
502 2751 550 2786 τὴν
563 2747 851 2786 ἀπολογίαν,-ιιὶξόεςθ-

69 2789 120 2818 que
135 2790 258 2818 possunt,
275 2785 349 2812 salva
366 2786 511 2812 sententia.
530 2784 625 2812 'Paulo
649 2790 708 2818 post
727 2784 851 2811 Philoca-

68 2816 113 2860 lia,
126 2816 233 2846 τοιάσδε
251 2820 388 2856 μαντείας.
405 2819 482 2847 Lihb.
500 2820 582 2852 editi,
598 2816 725 2851 τοιαύτας
739 2819 770 2854 δὴ
784 2827 852 2854 μαν-

67 2858 94 2876 τε
98 2858 151 2879 ιαε.

98 2861 157 2923 ῗὶἷ)
175 2888 237 2918 Post
259 2897 351 2918 vocent
377 2889 454 2925 ἡμῶν
481 2890 557 2918 addit
584 2889 742 2921 Philocalia,
758 2889 774 2924 ἢ
792 2888 851 2915 οὐδὲ

904 2273 970 2300 falsa
987 2272 1047 2306 ejus
1072 2274 1099 2298 et
1123 2270 1230 2305 ingrata
1244 2270 1271 2297 in
1289 2277 1370 2297 suum
1385 2270 1556 2298 Conditorem
1579 2272 1683 2306 opinio.

904 2319 969 2346 Nam
983 2317 1078 2345 Celsus
1100 2325 1109 2341 ι
1125 2323 1185 2343 eum
1201 2315 1291 2348 homo,
1309 2325 1319 2341 ι
1337 2321 1417 2350 atque
1429 2317 1497 2343 adeo
1515 2325 1524 2342 ι
1536 2317 1562 2344 in
1580 2317 1685 2345 honore

903 2368 985 2395 esset,
1004 2370 1057 2389 non
1085 2361 1268 2388 intellexit“:
1284 2370 1294 2386 ι
1319 2368 1405 2395 quare
1431 2369 1483 2388 non
1511 2367 1685 2396 comparatus

903 2414 945 2437 est
959 2408 1057 2435 avibus
1076 2407 1191 2442 aliisque
1206 2406 1312 2439 bestiis,
1327 2413 1395 2440 quas
1413 2406 1519 2434 divinas
1542 2415 1604 2434 esse
1626 2407 1685 2435 exi-

903 2572 1135 2643 ὄλιξῗὸξῖῗᾶλλον
1151 2601 1337 2643 τρανορέρας.
1358 2599 1497 2643 Gentiinati
1507 2599 1683 2643 comparativi

904 2634 1027 2683 exempla
1059 2641 1146 2683 habes)
1164 2634 1299 2683 'passini,“
1315 2634 1519 2683 (pne-pluria)?

904 2668 1099 2714 fauhnlannus
1114 2674 1146 2700 ad
1158 2668 1236 2714 fers.
1266 2672 1301 2699 78
1322 2668 1431 2698 Culicis.
1445 2669 1513 2696 Vide
1529 2668 1611 2696 Marc.
1633 2676 1683 2699 νη,

903 2713 938 2740 56
953 2715 980 2738 et
996 2710 1110 2744 Philipp.
1126 2716 1146 2740 ι,
1157 2707 1201 2734 25.

939 2747 996 2782 (44)
1013 2742 1231 2782 llmschelius‘jn
1259 2745 1345 2782 testu,
1362 2739 1393 2782 τδ
1407 2736 1685 2782 διαφέρειινυήγουμέ-

905 2773 967 2809 νων.
985 2773 1067 2808 l’anlo
1090 2783 1150 2813 post
1171 2776 1406 2813 Ριιίιικῑιιιίίιηκοι).Δ
1415 2774 1509 2813 μηδενὶ
1525 2773 1596 2813 ἄλλῳ
1617 2773 1683 2800 τῶν.

906 2815 1073 2851 llceschelins
1085 2808 1112 2840 ἐι
1123 2812 1286 2851 Spepcerus,
1299 2811 1346 2837 καὶ
1356 2808 1450 2851 mea;
1458 2808 1611 2851 ρῦτωπῷν.

943 2850 998 2886 (45)
1019 2843 1157 2886 Ἆλόγοιςζ
1176 2843 1440 2886 Desideratuﬂapnd
1457 2843 1641 2886 llmschelium
1657 2847 1684 2869 ct

908 2879 1151 2926 Speneerumj‘sed‘
1163 2882 1304 2917 suppletur
1321 2889 1336 2909 e
1349 2879 1508 2908 Philocalia.
