1908 3099
179 154 244 182 ΙΓΗ

918 138 1080 168 ORIGENIS

1741 134 1813 162 “TI

171 198 269 225 harum
297 205 386 225 rerum
411 197 507 233 peritis
521 197 696 225 observatum
711 201 764 231 est,
785 198 899 226 clariora
930 199 962 226 ab

1045 207 1103 230 ννεις
1130 198 1176 224 καὶ
1188 197 1251 228 τοὺς
1264 196 1424 232 δράκοντας,
1439 196 1479 222 ἔτι
1493 197 1514 222 δ’
1534 195 1683 226 ἀλώπεκας
1700 194 1751 221 καὶ
1765 194 1811 220 λύ-

172 245 234 272 istis
252 245 437 272 animantibus
455 244 516 279 capi
535 244 668 279 prmsagia
684 253 690 271 ε
708 251 769 272 cum
792 245 819 271 in
838 253 965 272 mansue-

173 291 257 318 tiores
282 298 334 318 non
362 294 467 317 tantum
498 290 641 325 potestatis
667 290 787 318 habeant
816 291 963 323 daamones,

172 339 302 370 quantum
320 335 384 370 ipsis
408 335 435 362 in
464 335 532 362 alias
551 335 595 362 dat
620 334 741 362 afﬁnitas
767 335 886 368 malitiae,
905 344 964 370 qua;

170 384 261 408 tamen
275 381 301 408 in
313 380 367 408 illis
384 381 569 408 animantibus
586 380 690 407 malitia
707 388 759 408 non
775 385 826 414 est,
839 382 885 409 sed
897 382 962 416 quid

171 425 269 453 simile.

1015 253 1089 276 κους.
1113 244 1166 271 Καὶ
1182 243 1235 278 γὰρ
1261 243 1483 278 παρατετήρηται
1503 243 1558 273 τοῖς
1571 241 1637 277 περὶ
1652 240 1744 267 ταῦτα
1761 240 1810 266 δει-

1013 291 1078 322 νοῖς,
1094 290 1135 316 ὅτι
1152 291 1179 316 αἱ
1193 291 1381 326 ὲνεργέστεραι
1405 290 1460 323 (60)
1487 287 1658 324 πραγνώσεις
1685 285 1734 312 διὰ
1757 285 1811 312 τῶν

1012 335 1141 362 τοιούτων
1152 335 1228 367 ζώων
1239 337 1388 370 γίγνονται-
1405 335 1451 362 ᾶτε
1465 333 1501 369 μὴ
1514 333 1673 368 δυναμένων
1686 331 1744 358 τῶν
1754 331 1812 357 δαι-

1013 382 1100 416 μόνων
1113 382 1142 408 ἐν
1155 383 1210 413 τοῖς
1227 381 1412 417 ἡμερωτέροις
1426 379 1480 406 τῶν
1497 379 1575 411 ζώων
1590 377 1734 409 τοσοῦτον,
1750 377 1810 403 ὅσον

1010 427 1136 454 δύνανται
1152 427 1196 453 διὰ
1209 427 1240 453 τὸ
1256 427 1446 462 παραπλήσιον
1461 426 1510 461 τῆς
1525 425 1634 458 κακίας,
1649 425 1699 451 καὶ
1717 425 1749 450 σὺ
1761 433 1810 451 κα-

171 471 234 498 κίαν
247 471 305 507 μὲν,
321 472 397 498 oiove‘
416 471 443 498 δὲ
461 472 557 498 κακίαν
569 469 651 498 οὖσαν
669 472 697 497 ὲν
711 471 766 502 τοῖς
782 471 891 498 τοιοισδὶ
907 471 960 498 τῶν
977 472 1063 506 ζώων,
1081 472 1226 507 ἐνεργῆσαι
1239 472 1301 499 τάδε
1314 473 1348 499 τὰ
1361 472 1417 504 ζῶα
1434 471 1499 507 (61).

204 561 249 589 95.
265 561 344 589 Unde
370 561 393 588 si
410 560 474 595 quid
489 560 560 588 aliud
588 559 688 595 Moysis
709 559 858 587 admiratus
886 567 957 594 sum,

169 607 222 635 hoc
240 607 266 634 in
297 607 393 641 primis
421 607 603 634 admiratione
625 606 736 641 dignum
760 604 820 633 esse
840 606 956 640 afﬁrmo,

168 650 253 683 quod,
283 650 463 677 consideratis
488 650 666 676 animantium
695 649 810 677 diversis
840 650 958 682 naturis,

169 695 226 721 sive
241 702 301 729 qua:
322 695 355 722 ad
369 702 417 722 eas
427 695 615 728 dazmonesque
630 694 744 729 singulis
762 694 858 722 afl'ines
879 700 959 729 atque

169 744 298 774 cognatos
307 740 456 774 pertinent,
467 747 480 766 a
491 739 545 767 Deo
553 740 698 774 acceperit,
707 740 764 767 sive
770 748 818 768 sua
826 741 959 774 sapientia

168 785 226 820 ipse
237 786 379 818 invenerit,
389 785 416 812 in
432 793 480 812 suo
488 786 521 813 de
532 785 694 813 animalibus
707 786 796 814 edicto
808 787 832 802 "'
846 787 959 814 immun-

169 831 203 859 da
215 831 260 858 illa
273 831 364 859 omnia
382 831 507 866 appellet,
524 839 585 866 qua:
596 831 718 867 [Egyptii
744 833 892 868 caaterique
908 833 959 860 ho-

169 878 257 905 mines
273 877 385 905 fatidica
405 885 466 905 esse
483 882 590 912 putant,
612 885 682 912 pura
705 885 771 906 vero
789 878 892 913 reliqua
905 879 961 907 fere

169 923 272 951 omnia.
302 923 348 951 Sic
368 924 438 958 apud
468 923 622 959 Moysemin
633 924 778 952 immundis
797 925 959 960 suutlupus,

168 969 274 1002 vulpes,
285 969 379 1001 draco,
390 969 495 1004 aquila,
507 969 648 1003 acripiter,
665 975 691 997 et
706 970 739 997 iis
761 970 876 998 similia:
890 976 917 998 et
931 975 962 998 ιιι

168 1015 314 1049 plurimum
333 1023 387 1042 non
403 1015 490 1043 solum
504 1015 531 1042 in
547 1015 616 1050 lege,
627 1015 673 1042 sed
685 1016 767 1042 etiam
783 1016 810 1043 in
823 1017 962 1051 prophetis

170 1059 252 1095 573
267 1060 390 1087 invenias
406 1061 457 1087 hoc
474 1067 574 1094 genere
591 1061 749 1088 animalium
764 1062 958 1096 repratsentari

169 1113 200 1134 ea
228 1113 289 1140 qua:
303 1106 425 1133 omnium
442 1107 563 1140 pessima
579 1112 655 1139 sunt,
673 1114 724 1134 nec
741 1115 861 1141 unquam
877 1108 903 1134 in
917 1108 962 1135 bo-

169 1159 234 1180 nam
251 1157 356 1187 partem
374 1153 460 1186 accipi
478 1152 533 1187 lupi
552 1157 598 1179 aut
613 1152 701 1186 vulpis
724 1153 847 1181 nomina.
863 1153 960 1180 Credi-

171 1199 259 1226 derint
283 1199 366 1234 igitur
384 1199 508 1233 singulas
530 1198 681 1225 daemonum
704 1198 810 1232 species
827 1206 889 1225 cum
904 1199 962 1225 sin-

170 1244 243 1279 gulis
258 1244 417 1271 animalium
433 1243 576 1278 speciebus
592 1244 740 1278 quamdam
758 1244 859 1270 habere
875 1243 961 1270 amni-

169 1294 254 1317 tatem
271 1299 278 1317 :
299 1295 324 1317 et
337 1291 568 1324 quemadmodum
584 1290 710 1317 homines
733 1290 844 1324 quidam
858 1310 865 1322 ,
886 1281 962 1317 nulla

170 1342 278 1362 morum
289 1335 383 1362 habita
401 1336 518 1367 ratione,
543 1338 608 1362 sunt
622 1334 682 1361 aliis
705 1335 862 1362 hominibus
880 1335 962 1362 robu-

171 1381 282 1414 stiores,
298 1381 335 1408 ita
349 1380 504 1408 daturonum
518 1381 544 1408 in
566 1382 647 1408 rebus
666 1381 886 1409 iudill'ereutibus
903 1388 961 1407 tua-

169 1427 256 1462 iorem
278 1434 340 1454 esse
359 1432 532 1461 potestatem,
549 1435 631 1462 quam
655 1427 771 1454 aliorum
787 1428 961 1461 daamonunu;

171 1476 200 1500 et
217 1473 351 1507 quosdam
366 1473 488 1507 quidem,
502 1480 552 1507 pro
568 1479 633 1500 nutu
647 1473 707 1507 ejus
720 1480 799 1507 quem
814 1474 962 1508 Scriptura:

170 1523 272 1544 nostra:
287 1522 386 1544 vocant
402 1526 411 1543 ι
427 1518 576 1552 principem
591 1518 672 1552 hujus
683 1519 775 1545 sznculi
789 1519 961 1553 ‘7,»quibus-
975 1536 996 1564 ο

172 1563 235 1590 dam
261 1563 426 1590 animalibus
452 1563 486 1590 ad
512 1563 645 1591 fallendos
674 1565 799 1592 homines
814 1565 868 1596 uti;
893 1563 961 1591 alios

171 1616 241 1636 vero
268 1616 316 1643 per
344 1608 425 1635 aliam
455 1608 614 1635 animalium
643 1609 762 1643 speciem
787 1609 877 1636 futura
896 1617 966 1643 prte-

175 1654 314 1681 uuntiare.
340 1654 379 1681 Ac
414 1654 476 1681 vide
502 1662 557 1689 quo
597 1655 761 1689 processerit
794 1655 966 1682 immunditia

174 1699 356 1731 dmmouum,
401 1706 518 1734 quorum
562 1700 673 1735 quidam
718 1700 800 1727 etiam
837 1701 966 1728 mustelas

175 1746 352 1773 adhibuerim.
365 1746 399 1774 ad
421 1754 514 1774 rerum
540 1746 693 1774 futurarum
710 1747 940 1781 significationem
957 1757 963 1774 :

175 1795 204 1818 et
223 1796 314 1819 tecum
337 1793 394 1827 ipse
418 1797 527 1827 reputa.
546 1798 607 1820 utra
636 1793 771 1820 sententia
797 1793 831 1819 sit
861 1793 960 1827 potior,

175 1844 244 1864 eane
260 1845 320 1871 qua:
344 1837 444 1864 statuit
470 1838 590 1865 motibus
618 1837 772 1865 futurorum
805 1838 962 1872 praenuntiis

175 1889 238 1909 aves
261 1883 436 1917 reliquasque
459 1884 611 1911 animantes
630 1883 726 1918 agitari
750 1891 763 1909 a
781 1883 836 1910 Deo
856 1891 963 1910 summo

173 1927 286 1962 ejusque
302 1928 388 1961 Filio;
405 1936 439 1955 an
455 1937 486 1956 ea
520 1937 580 1964 qu:e
600 1930 626 1956 id
641 1933 782 1963 acceptum
809 1928 892 1955 refert
907 1929 962 1955 da:-

176 1975 314 2007 monibus,
330 1975 423 2010 pravis
441 1975 494 2003 illis
513 1980 551 2008 et,
568 1980 597 2002 ut
609 1975 756 2009 loquuntur
771 1974 920 2009 Scriptura:
929 1975 962 2007 ⁸⁸,

177 2020 291 2056 impuris
303 2021 453 2056 spiritibus,
471 2021 529 2056 qui,
551 2021 614 2049 licet
635 2021 791 2049 hominibus
814 2021 1005 2055 pmsentibus,

180 2069 256 2093 vent.

1049 560 1140 591 Ὅθεν,
1159 560 1238 596 είπερ
1255 560 1317 588 ἄλλο
1331 569 1356 586 τι
1371 559 1510 590 Μωῦσέως
1525 559 1701 594 τεθαύμακα,
1718 558 1767 584 καὶ
1781 557 1810 584 τὸ

1011 606 1130 633 τοιοῦτον
1145 603 1282 641 θαύματος
1297 605 1487 640 ἀποφανοῦμαι
1503 604 1578 636 ἄξιον
1591 603 1673 634 εἶναι,
1693 604 1736 629 ὅτι
1760 603 1811 637 φύ-

1012 660 1068 684 σεις
1085 653 1255 688 κατανοήσας
1282 652 1358 684 ζώων
1379 651 1532 687 διαφόρους,
1556 651 1603 677 καὶ
1621 651 1672 676 εἴτ’
1694 649 1750 676 ἀπὸ
1764 649 1810 675 τοῦ

1011 698 1090 724 Θείου
1110 697 1203 734 μαθὼν
1222 699 1256 734 τὰ
1271 699 1334 734 περὶ
1359 698 1460 730 αὐτῶν,
1478 697 1525 723 καὶ
1540 696 1595 722 τῶν
1619 696 1731 730 ἑκάστῳ
1749 694 1812 728 ζώῳ

1013 743 1152 777 συγγενῶν
1159 743 1304 778 δαιμόνων,
1314 744 1367 770 εἴτε
1376 744 1423 769 καὶ
1431 743 1511 774 αὐτὸς
1519 742 1674 768 ἀναϐαίνων
1686 743 1720 776 τῇ
1731 742 1812 775 σοφίᾳ

1012 789 1100 825 εὑρὼν
1109 789 1175 825 (62),
1189 790 1217 816 ὲν
1229 791 1262 824 τῇ
1278 789 1342 824 περὶ
1354 787 1431 820 ζώων
1443 787 1572 820 διατάξει,
1583 787 1673 814 πάντα
1683 786 1733 821 μὲν
1745 786 1813 812 ἀκά-

1012 835 1098 870 θαρτα
1108 835 1209 870 ἔφησεν
1217 833 1285 861 εἶναι
1297 834 1332 861 τὰ
1340 834 1505 869 νομιζόμενα
1518 834 1584 868 παρ’
1592 833 1756 866 Αἰγυπτίοις
1766 832 1812 858 καὶ

1011 881 1066 912 τοῖς
1074 880 1177 912 λοιποῖς
1184 879 1238 906 τῶν
1246 879 1395 915 ἀνθρώπων
1407 877 1474 905 εἶναι
1485 878 1614 913 μαντικὰ,
1623 878 1661 909 ὡς
1670 878 1775 904 ἐπίπαν
1783 877 1814 903 δὲ

1011 924 1080 952 εἶναι
1096 925 1203 961 καθαρὰ
1216 925 1251 952 τὰ
1268 925 1305 960 μὴ
1320 924 1441 951 τοιαῦτα.
1458 924 1512 950 Καὶ
1525 924 1554 950 ἐν
1567 923 1737 958 ἀκαθάρτοις
1758 931 1813 948 πα-

1013 971 1047 1007 ρὰ
1062 971 1167 1006 Μωῡσῇ
1184 972 1240 997 ἐστι
1256 970 1346 1002 λύκος,
1359 971 1407 997 καὶ
1423 969 1546 1004 ἀλώπηξ,
1562 969 1610 996 καὶ
1625 969 1747 1004 δράκων,
1766 969 1814 994 ἀε-

1010 1017 1055 1049 τός
1070 1025 1099 1043 τε
1114 1017 1161 1044 καὶ
1180 1017 1267 1053 ἱέραξ,
1289 1017 1336 1043 καὶ
1352 1016 1387 1043 τὰ
1401 1017 1481 1052 ὃμοια
1495 1015 1611 1046 τούτοις·
1630 1016 1679 1041 καὶ
1697 1014 1737 1045 ὡς
1751 1014 1816 1039 ἐπι-

1011 1071 1066 1089 παν
1081 1063 1112 1089 οὐ
1131 1063 1210 1097 μόνον
1226 1063 1254 1089 ὲν
1267 1062 1305 1097 τῷ
1313 1063 1396 1097 νόμῳ,
1409 1061 1476 1088 ἀλλὰ
1492 1063 1538 1088 καὶ
1552 1062 1580 1088 ἐν
1589 1063 1646 1093 τοῖς
1654 1061 1817 1096 προφήταις

1013 1108 1104 1143 εὕροις
1116 1108 1148 1134 ἂν
1163 1108 1249 1134 ταῦτα
1266 1108 1299 1134 τὰ
1316 1107 1372 1140 ζῶα
1389 1108 1428 1139 είς
1451 1107 1628 1142 παράδειγμα
1648 1106 1704 1133 τῶν
1723 1106 1811 1133 κακί-

1014 1163 1083 1181 στων
1110 1154 1396 1190 παραλαμϐανόμενα,
1420 1153 1548 1180 οὐδέποτε
1573 1153 1601 1179 δὲ
1625 1154 1666 1184 εἰς
1689 1153 1817 1188 χρηστὸν

1015 1201 1132 1235 πρᾶγμα
1140 1200 1341 1235 ὀνομαζόμενον
1355 1199 1436 1226 λύκον
1453 1198 1618 1235 ἢὰλώπεκα.
1636 1199 1750 1225 Ἔοικεν
1765 1197 1817 1225 οὖν

1012 1253 1054 1276 τις
1069 1243 1137 1270 εἶναι
1154 1245 1262 1279 ἑκάστῳ
1277 1244 1411 1279 δαιμόνων
1432 1244 1497 1270 εἴδει
1515 1244 1642 1270 κοινωνία
1659 1244 1730 1279 πρὸς
1747 1244 1819 1270 ’ἐκα-

1014 1298 1075 1316 στον
1089 1288 1159 1320 εἶδος
1175 1289 1262 1322 ζὼωψ
1279 1289 1326 1316 καὶ
1342 1289 1435 1324 ὥσπερ
1451 1290 1480 1315 ὲν
1488 1288 1643 1324 ἀνθρώποις
1657 1288 1819 1324 ἀνθρώπιον

1014 1335 1152 1370 ἄνθρωποι
1171 1333 1341 1369 ἰσχυρότεροι
1354 1334 1426 1365 τινές
1440 1335 1507 1360 εἰσιν
1518 1353 1525 1364 ,
1543 1334 1574 1360 οὐ
1592 1333 1702 1365 πάντως
1722 1334 1771 1360 διὰ
1783 1334 1820 1359 τδ

1011 1378 1087 1416 ἦθος,
1103 1380 1149 1407 τὸν
1166 1380 1248 1407 αὑτὸν
1268 1380 1368 1416 τρόπον
1391 1379 1516 1414 δαίμονες
1539 1379 1676 1414 δαιμόνων
1701 1377 1820 1406 εἷενᾶν

1013 1428 1041 1454 ἐν
1056 1426 1149 1461 μέσοις
1165 1425 1352 1461 δυνατώτεροι·
1371 1425 1417 1452 καὶ
1429 1425 1482 1451 οἵδε
1495 1425 1543 1458 μὲν
1558 1424 1647 1451 τοῖσδε
1659 1425 1717 1455 τοῖς
1730 1424 1820 1456 ζώοις

1012 1472 1149 1508 χρώμενοι
1175 1472 1214 1503 εἰς
1230 1471 1339 1506 ἀπάτην
1355 1470 1409 1497 τῶν
1430 1471 1592 1506 ἀνθρώπων,
1609 1470 1682 1497 κατὰ
1697 1471 1730 1498 τὸ
1749 1470 1820 1506 βού-

1013 1518 1088 1554 λημα
1104 1518 1150 1544 τοῦ
1167 1517 1334 1552 καλουμένου
1351 1518 1379 1543 ὲν
1398 1518 1454 1547 τοῖς
1470 1516 1559 1548 λόγοις
1576 1516 1655 1551 ἡμῶν
1680 1525 1689 1542 ι
1710 1516 1822 1552 ἄρχον.

1014 1572 1061 1596 τος
1075 1564 1122 1590 τοῦ
1138 1563 1235 1595 αἰῶνος
1250 1563 1344 1589 τούτου
1363 1562 1430 1597 (65),
1447 1572 1456 1588 ι
1474 1563 1563 1598 ἕτεροι
1580 1562 1609 1588 δὲ
1626 1562 1660 1589 δι’
1673 1561 1756 1588 ἄλλου
1775 1562 1823 1588 εει

1017 1610 1078 1641 δους
1093 1609 1300 1645 προδηλοῦντες.
1318 1608 1375 1635 Καὶ
1385 1608 1436 1644 ὅρα
1451 1609 1494 1642 ἐφ’
1512 1607 1573 1634 ὅσον
1585 1607 1654 1633 εἰσὶν
1671 1607 1697 1633 οἱ
1714 1607 1824 1642 δαίμο-

1018 1665 1062 1687 νες
1080 1656 1181 1691 μιαροὶ,
1195 1656 1232 1687 ὡς
1249 1655 1295 1681 καὶ
1310 1654 1396 1688 γαλᾶς
1421 1653 1473 1680 ὑπό
1494 1662 1575 1680 τινων
1592 1653 1822 1688 παραλαμϐάνε-

1019 1702 1079 1728 σθαι
1096 1701 1162 1736 πρὸς
1178 1701 1208 1727 τὺ
1229 1700 1326 1736 δηλοῦν
1342 1699 1377 1726 τὰ
1393 1699 1532 1735 μέλλοντα·
1558 1699 1605 1725 καὶ
1630 1699 1662 1725 σὺ
1687 1699 1716 1725 δὲ
1738 1700 1823 1735 παρὰ

1019 1746 1109 1781 σαυτῷ
1131 1748 1223 1782 κρῖνον
1242 1745 1371 1781 ὁπότερόν
1393 1746 1452 1771 ἐστι
1471 1745 1574 1780 βέλτιον
1594 1744 1821 1780 παραδέξασθαι,

1016 1793 1057 1819 ὅτι
1073 1793 1087 1819 ὁ
1101 1792 1146 1819 ἐπὶ
1163 1793 1231 1818 πᾶσι
1247 1791 1312 1822 Θεὸς
1329 1791 1376 1817 καὶ
1391 1790 1487 1816 τούτου
1509 1792 1524 1818 ὁ
1542 1791 1606 1822 Υἱὸς
1628 1790 1739 1817 κινοῦσι
1752 1791 1824 1822 τοὺς

1015 1839 1124 1875 ὄρνιθας
1136 1837 1228 1864 καὶτὰ
1239 1837 1320 1863 λοιπὰ
1335 1836 1393 1868 ζῶα
1408 1837 1447 1868 εἰς
1463 1837 1608 1872 μαντικὴν,
1625 1837 1641 1872 ἢ
1660 1837 1685 1862 οἱ
1708 1836 1823 1862 κινοῧν-

1014 1893 1059 1917 τες
1074 1885 1107 1911 τὰ
1117 1885 1203 1911 τοιαδὶ
1220 1883 1273 1910 τῶν
1290 1882 1376 1914 ζώων,
1394 1883 1441 1909 καὶ
1456 1883 1507 1909 οὐκ
1529 1882 1693 1918 ἀνθρώπους
1711 1882 1822 1917 παρόν-

1014 1939 1068 1957 των
1089 1929 1249 1965 ἁηθρώπων,
1263 1927 1387 1963 δαίμονές
1402 1929 1454 1954 εἰσι
1465 1928 1627 1962 φαῦλοι,καὶ
1639 1928 1679 1959 ὼς
1688 1927 1822 1962 ὠνόμασε

1015 1975 1049 2002 τὰ
1067 1974 1128 2010 ἱερὰ
1139 1973 1217 2010 ἡμῶν
1233 1973 1382 2009 γράμματα
1393 1991 1400 2004 ,
1418 1972 1579 2008 ἀκάθαρτοι.

1025 2029 1077 2048 non
1103 2021 1229 2048 homines
1265 2023 1376 2050 tamen,
1402 2018 1451 2045 sed
1478 2019 1599 2053 qumdam
1616 2018 1750 2046 animalia
1761 2025 1823 2046 mu-

211 2111 257 2139 94.
278 2111 381 2140 Praeter
394 2113 463 2145 hmc,
480 2113 502 2140 si
517 2113 607 2140 divina
625 2113 715 2140 avium
728 2113 790 2141 ideo
806 2117 849 2141 est
862 2113 962 2146 anima,

1053 2111 1140 2148 Εἴπερ
1155 2112 1184 2138 δὲ
1201 2112 1260 2139 Θεία
1273 2113 1347 2140 ἐστὶν
1359 2115 1375 2149 ὴ
1387 2113 1442 2140 τῶν
1454 2111 1569 2148 ὀρνίθων
1585 2111 1659 2146 ψυχὴ
1680 2111 1726 2138 διὰ
1743 2111 1774 2138 τὸ
1783 2105 1821 2138 δι’

176 2158 241 2191 quia
261 2157 313 2184 ill-.e
330 2158 422 2185 l'utura
436 2160 639 2193 przenuntiant;
664 2165 767 2194 quanto
781 2160 870 2194 magis
880 2179 887 2192 ,
901 2167 964 2187 cum

177 2203 212 2230 ab
227 2202 384 2231 hominibus
403 2205 494 2231 omina
521 2205 705 2240 accipiuntur,
724 2205 846 2232 divinam
871 2205 966 2232 dicen-

178 2249 242 2275 dum
261 2253 334 2275 esset
344 2255 438 2276 eorum
451 2257 511 2277 esse
526 2251 643 2276 animam
664 2257 713 2284 per
724 2256 793 2284 quos
813 2249 903 2276 omina
920 2256 968 2275 au-

179 2293 312 2320 diuntur?
335 2293 407 2329 Ergo
431 2302 464 2322 ex
483 2295 536 2322 illis
548 2295 638 2322 divina
661 2295 742 2322 fuerit
768 2294 812 2321 illa
836 2295 966 2328 molitrix,

177 2346 239 2374 quae
256 2340 328 2374 apud
344 2339 490 2368 Homerum
507 2342 542 2369 de
555 2341 646 2375 procis
658 2340 766 2368 dicebat
784 2348 791 2366 :

270 2396 367 2424 Ultima
386 2402 409 2424 et
425 2402 553 2431 postremo
566 2405 633 2424 nunc
648 2397 789 2423 hicccenent
801 2395 824 2412 "
842 2403 850 2428 ;

176 2443 237 2477 illa,
251 2444 374 2478 inquam,
388 2443 480 2471 divina
495 2443 594 2476 fuerit;
613 2443 725 2470 minime
748 2449 814 2470 vero
847 2441 967 2476 Ulysscs,

214 2502 239 2518 ³⁸
254 2501 339 2530 Levit.
354 2511 394 2529 ιιι.
429 2502 452 2519 ⁵¹
465 2502 542 2530 Joan.
557 2510 604 2534 xu,
621 2502 668 2531 l5;
686 2501 706 2528 ll
720 2501 783 2528 Cor.
799 2509 835 2533 Iv,
851 2501 877 2528 4.

213 2548 272 2617 (60)
298 2549 398 2575 Mavult
426 2548 596 2587 therellus,
615 2549 642 2574 at!
660 2548 864 2583 ὲναργέστεραι.

214 2583 257 2617 (61
291 2584 362 2611 Τάδε
383 2585 418 2610 τὰ
429 2583 495 2613 (ma.
513 2583 611 2611 Guieto
632 2584 689 2610 haec
712 2584 835 2610 additilia
850 2591 863 2609 v

214 2583 270 2620 (61)
291 2584 362 2620 Idae
383 2585 418 2610 τὰ
429 2583 495 2613 ζῶα.
513 2583 611 2611 Guieto
632 2584 689 2610 haec
712 2584 835 2610 addititia
850 2584 975 2610 videntur

179 2623 207 2646 et
218 2619 369 2653 superﬂua.

216 2650 272 2697 (6'2)
288 2654 448 2687 Philocalia,
462 2650 551 2690 εὗρεν.
581 2652 752 2681 Hoeschelius
764 2657 792 2680 ct
809 2651 971 2687 Spencerus,

178 2697 278 2765 auggg).
305 2724 418 2767 Αῑῶγοε
436 2725 559 2767 ,τού-τοτὲ.
591 2723 669 2767 Jp_an.
700 2731 758 2763 3H,,
780 2723 810 2749 31
828 2722 969 2767 ...κοσμοιε

180 2757 294 2820 Euhoe,
311 2760 368 2819 ‘sed
398 2759 463 2791 Θεὸς
508 2759 556 2786 τοῦ
585 2758 684 2790 αἰῶνος
713 2757 809 2784 τούτου
840 2757 970 2785 dicitur!

205 2800 245 2818 or.
262 2801 298 2825 iv,
331 2813 337 2820 .

221 2825 279 2886 ἕως)
306 2827 548 2862 ’Υπ“ἀνθρώπων.
571 2829 608 2856 lta
626 2828 785 2869 Philocalia.
807 2827 880 2867 Alias
893 2848 899 2859 ,
920 2827 966 2854 ἀπ’

187 2861 219 2889 ἀν
240 2869 348 2896 ρωπων.
365 2862 448 2891 Paulo
465 2868 524 2898 post
540 2864 638 2893 Guieto
655 2865 762 2892 Videtur
776 2862 966 2895 scribendum,

933 2501 959 2516 "
970 2501 1065 2530 Matth.
1082 2510 1109 2534 Χ,
1133 2502 1158 2529 1.

1021 2157 1112 2184 αὐτῶν
1136 2158 1316 2193 προλέγεσθαι
1341 2159 1375 2186 τὰ
1397 2158 1538 2194 μέλλοντα,
1559 2157 1619 2188 πῶς
1635 2157 1698 2192 οὐχὶ
1714 2158 1818 2192 μᾶλλον

1022 2205 1087 2230 ὅπου
1103 2203 1231 2240 κλῃδόνες
1239 2204 1284 2230 ὑπ’
1297 2205 1448 2240 ἀνθρώπων
1460 2204 1515 2239 (64)
1526 2203 1725 2238 λαμϐάνονται,
1741 2204 1820 2230 θείαν

1022 2246 1091 2274 εἶναι
1108 2249 1230 2284 φήσομεν
1244 2248 1293 2284 τὴν
1309 2249 1398 2284 ψυχὴν
1406 2248 1524 2283 ἐκείνην,
1540 2247 1573 2273 δι’
1587 2244 1626 2274 ὧν
1640 2248 1668 2273 αἱ
1687 2247 1819 2282 κληδόνες

1023 2288 1183 2326 ἀκούόνται;
1198 2294 1263 2321 Θεία
1274 2293 1320 2321 οὖν
1329 2303 1370 2326 τις
1381 2292 1414 2329 ἦν
1425 2294 1495 2320 κατὰ
1505 2294 1567 2324 τοὺς
1577 2292 1701 2319 τοιούσδε
1715 2294 1731 2327 ἡ
1742 2293 1819 2327 παρὰ

1019 2339 1058 2374 τῷ
1077 2339 1188 2376 Ὁμήρῳ
1204 2340 1322 2376 ἀλετρὶς,
1342 2340 1405 2376 περὶ
1422 2339 1475 2366 τῶν
1494 2339 1657 2374 μνηστήρων
1675 2337 1794 2364 εἰποῦσα
1810 2347 1819 2352 -

1024 2397 1152 2424 "Fatum
1168 2398 1215 2424 καὶ
1227 2398 1347 2432 πύματα
1359 2396 1478 2432 (65)νῦν
1485 2395 1592 2422 ἐνθάδε
1606 2394 1818 2427 δειπνήσειαν·-

1023 2444 1136 2478 κάκείνη
1162 2443 1210 2478 μὲν
1234 2443 1293 2470 θεία
1308 2441 1351 2478 ἦν·
1373 2443 1416 2469 ὀδὲ
1437 2441 1596 2478 τηλικοῐτος
1616 2441 1786 2473 Ὀδυσσεὺς,
1806 2445 1821 2469 ὸ

1198 2501 1221 2517 ⁸⁹
1239 2499 1338 2536 Odyss.
1357 2500 1389 2530 Υ,
1406 2508 1432 2527 v.
1451 2498 1501 2526 “6
1515 2503 1542 2526 et
1555 2498 1616 2525 “9.

1027 2549 1076 2584 τὴν
1090 2549 1179 2584 ψυχὴν
1195 2549 1307 2575 ἐκείνων
1319 2544 1418 2584 off-5v.
1437 2546 1596 2574 Bolierellus
1617 2550 1712 2572 autem
1738 2545 1818 2580 legit.

1026 2580 1076 2619 τῆν
1196 2584 1302 2618 ἐκείνην
1315 2583 1347 2609 δι’
1363 2580 1407 2618 ἦς.

1065 2614 1287 2654 (6ἑὶ)ᾝύματιι.’
1298 2614 1549 2654 Alias:,_1rﬁpa-rg‘,
1577 2614 1662 2642 male.
1682 2614 1819 2642 Czeterum

1029 2651 1074 2681 hic
1092 2651 1190 2680 versus
1203 2653 1291 2688 qualis
1306 2651 1481 2688 abHOrigen'e
1495 2651 1628 2688 affertur,
1650 2657 1705 2676 non
1732 2655 1817 2676 estex

1025 2689 1118 2722 Odyss.
1128 2691 1160 2719 Υ,
1175 2686 1221 2715 sed
1238 2695 1271 2714 ex
1284 2690 1317 2718 A.
1332 2687 1394 2714 685.
1408 2687 1447 2713 Ex
1460 2686 1589 2712 memoria
1604 2686 1729 2722 citat._ut
1742 2692 1816 2722 ιιιοι.

1024 2724 1047 2750 δ’
1060 2720 1177 2758 ἔπταρεν
1202 2724 1369 2758 εὐχομένοιο,
1391 2721 1463 2758 quod
1487 2728 1540 2747 non
1558 2725 1652 2755 potest
1676 2720 1820 2753 Penelopa:

1022 2756 1182 2786 convenire.
1195 2756 1274 2792 Apud
1292 2761 1398 2792 poetam
1414 2756 1529 2792 legitur:

1077 2794 1128 2826 Ὣς
1149 2788 1233 2827 φάτο·
1258 2788 1428 2826 Τήλέμαχος
1441 2788 1479 2817 δὲ
1499 2789 1563 2825 μέγ’
1581 2790 1724 2861 ἕπταρῗέἓ

1072 2862 1259 2896 Σμερδαλέογ
1272 2861 1431 2895 κονάϐησε.
