1908 3099
28 167 90 197 H73

583 163 722 193 CONTRA
737 163 876 192 CELSUM
894 164 958 193 LIB.
979 164 1023 192 ιν.

1577 163 1646 190 1174

24 227 70 262 τῆς
92 224 241 261 Ὁμηρικῆς
263 224 378 259 Ἀθηνᾶς
396 224 471 259 φίλος
482 245 488 257 ,
503 224 553 251 οὐκ
568 221 602 260 ἦν
625 224 696 255 θεῖος
707 244 714 256 ,
743 223 810 252 ἀλλὰ

875 227 954 250 antus
974 222 1019 249 ille
1040 221 1080 248 vir
1103 225 1195 248 tamen
1212 225 1240 247 et
1259 219 1411 247 Homericae
1427 217 1554 245 Minervre
1581 220 1645 246 attri-

25 271 109 304 συνεὶς
124 271 177 298 τῶν
189 271 243 298 ἀπὸ
258 271 308 306 τῆς
324 270 399 302 θείας
415 270 553 307 ἀλετρίδος
577 271 728 306 εἰρημένων
746 270 810 306 κλῃ-

24 318 101 346 δόνων
117 316 236 352 ἔχαιρεν,
255 315 293 348 ὠς
309 316 323 342 ὁ
336 316 451 351 ποιητής
468 323 544 351 φησι·

164 406 272 441 Χαῖρεν
284 406 318 433 δὲ
329 406 471 441 κλεηδόνι
486 406 550 440 δῖος
568 406 739 439 Ὀδυσσεύς.

27 453 92 488 Ἤδη
106 453 133 478 δὲ
148 453 199 488 ὅρα
210 472 217 485 ,
236 453 314 487 εἴπερ
337 453 362 478 oi.
374 453 480 488 ὅρνιθες
505 453 579 479 θείαν
596 452 686 488 ἔχουσι
704 452 791 487 ψυχὴν
803 471 811 483 ,

25 497 249 524 καὶ-αἰσθάνονται
261 496 307 524 τοῦ
323 496 401 529 Θεοῦ,
419 498 435 533 ἢ
452 497 498 533 (ὼς
518 497 532 522 ὁ
545 498 649 529 Κέλσος
662 496 811 532 ὸνομὰζει,)

25 543 75 569 τῶν
87 542 166 573 θεῶν,
182 542 304 577 δηλονότι
319 541 365 568 καὶ
382 543 463 577 ἡμεῖς
480 543 503 568 οί
529 541 668 577 ἅνθρωποι
693 539 813 575 πταρνυ-

28 597 108 623 μενοι,
121 588 176 614 ἀπό
193 597 264 619 τινος
289 590 317 614 ὲν
339 589 405 623 ἡμῖν
429 587 512 622 οΰσης
531 587 668 622 Θειότητος
691 586 745 621 (66)
767 586 813 613 κα)⁴

27 634 155 669 μαντικῆς
175 635 239 670 περὶ
264 635 312 670 τὴν
335 634 424 670 ψυχὴν
447 634 526 669 ἡμῶν
548 632 735 668 πταρνύμεοα.
759 632 814 658 Καὶ

25 680 75 716 γὰρ
89 680 167 707 τοῦτο
186 682 364 717 μαρτυρεῖται
378 679 431 706 ὑπὸ
450 679 565 706 πολλῶν·
581 679 621 705 διὸ
638 678 684 705 καὶ
701 680 715 704 ὁ
738 686 815 713 ποιη-

27 726 72 761 τὴς
83 726 156 761 λέγει
169 727 210 760 τὺ,

161 773 191 798 -Ὀ
205 772 230 799 δ’
248 773 375 807 ἔπταρεν
391 772 575 808 εὐχομένοιο.

25 817 66 844 Διδ
78 818 149 853 καὶὴ
166 817 309 853 Πηνελόπη
324 819 416 853 φησίν

27 865 83 897 Οὐχ
94 863 196 897 ὁράᾳς,
208 863 224 890 ὅ
232 872 283 898 μοι
296 864 361 896 υἱὸς
369 863 517 896 ἐπέπταρε
525 861 619 889 πᾶσιν
629 862 737 888 ἔπεσσι
747 861 816 896 (67);

58 908 93 936 Τὸ
116 909 138 935 δ’
156 897 256 945 ἀληθές
277 910 352 936 Θεῐον
376 911 415 941 είς
431 909 481 944 τὴν
502 908 635 944 περὶτῶν
664 907 814 943 μελλόντων
831 897 852 926 Β

25 955 121 989 γνῶσιν
132 954 194 981 οὕτε
208 956 263 986 τοῖς
277 955 385 989 ἀλόγοις
398 955 496 990 χρῆται
513 953 601 986 ζώοις⁷
616 952 678 980 οὔτε
695 954 751 984 τοῖς
769 961 815 978 τυ-

27 999 102 1035 χοῦσι
122 1000 178 1035 (68)
199 1000 252 1027 τῶν
272 1000 441 1036 ἀνθρώπων,
457 999 525 1026 ἀλλὰ
544 999 644 1034 ψυχαῖς
663 998 816 1034 ἀνθρώπων

28 1045 186 1081 ίερωτάταις
209 1046 256 1072 καὶ
270 1045 490 1080 καθαρωτάταις,
508 1046 620 1077 ἅστινας
644 1044 771 1080 Θεοφορεῖ
785 1052 816 1071 τε

28 1091 70 1118 καὶ
81 1092 225 1127 προφήτας
234 1094 315 1119 ποιεῖ.
329 1092 441 1127 Διόπερ,
456 1091 515 1118 είτι
530 1091 593 1119 ἄλλο
607 1091 768 1126 θαυμασίως
778 1090 817 1117 εῐ-

29 1146 104 1173 ρηται
122 1139 150 1164 ὲν
162 1138 201 1173 τῷ
217 1138 357 1170 Μωῡσέως·
370 1139 445 1174 νόμῳ
454 1157 462 1170 ,
480 1138 526 1165 καὶ
543 1138 577 1164 τὰ
589 1137 701 1164 τοιαῦτα
714 1139 743 1164 ἐν
760 1137 816 1168 τοῖς

28 1183 155 1215 τοιούτοις
174 1184 367 1211 κατατακτέον·
389 1194 398 1210 ι
417 1185 473 1212 Οὐκ
492 1183 658 1215 οίωνιεῐσθε,
673 1183 727 1210 οὐδ’
743 1183 814 1218 ὀρνι-

28 1227 227 1265 θοσκοπήσεσθε
245 1229 309 1265 (69).
330 1240 338 1255 ι
361 1230 417 1256 Καὶ
430 1229 558 1264 ἀλλαχοῦ·
579 1239 588 1254 ι
610 1229 649 1256 Τὰ
671 1229 726 1265 γὰρ
741 1228 815 1264 ἔθνη,

28 1274 71 1307 οὓς
86 1275 189 1312 Κύριος
207 1276 221 1302 ὁ
241 1275 307 1307 Θεός
323 1285 368 1303 σου
392 1275 577 1311 ὲξολοθρεύσει
597 1274 651 1301 ἀπὸ
670 1273 817 1310 προσώπου

32 1329 85 1353 σου,
101 1318 174 1348 οὗτοι
191 1321 326 1358 κλῃδόνων
340 1322 387 1348 καὶ
406 1321 539 1357 μαντειῶν
553 1320 723 1347 ἀκούσονταν
739 1320 778 1346 σοὶ
790 1320 819 1346 δὲ

29 1363 75 1398 οὐχ
87 1364 173 1396 οὕτως
184 1365 267 1391 ἔδωκε
281 1365 383 1401 Κύριος
397 1367 411 1392 ὁ
424 1365 490 1397 Θεός
503 1373 560 1392 σου.
579 1374 587 1390 ι
599 1363 656 1391 Εἶθ’
667 1365 729 1400 ἑξῆς
740 1373 817 1400 φησι·

33 1419 41 1434 ι
55 1410 198 1446 Προφήτην
207 1412 353 1446 ἀναστήσει
371 1420 412 1438 σοι
425 1411 527 1447 Κύριος
541 1412 555 1437 ὁ
570 1411 636 1443 Θεὸς
647 1419 694 1437 σου
705 1412 736 1437 ὲκ
763 1410 818 1437 τῶν

30 1455 147 1490 ἀδελφῶν
166 1465 228 1483 σου.
249 1467 258 1482 ι
271 1457 416 1493 Βουληθεὶς
439 1458 467 1483 δέ
486 1466 550 1484 ποτε
565 1457 579 1483 ὁ
599 1457 664 1489 Θεὸς
679 1457 711 1484 δι’
727 1458 819 1484 οἰωνο-

31 1501 126 1529 σκόπου
144 1503 297 1538 ἀποτρέψαι
317 1504 371 1531 ἀπὸ
389 1503 441 1538 τῆς
467 1504 641 1539 οῑωνιστικῆς
655 1524 661 1535 ,
685 1504 820 1539 πεποίηκε

30 1545 138 1582 Πνεῦμα
159 1549 190 1574 ὲν
205 1548 243 1583 τῷ
267 1550 441 1584 οῑωνοσκόπῳ
460 1549 557 1576 εἰπεῖν·
587 1558 596 1574 ι
615 1549 652 1575 Οὐ
671 1549 725 1584 γάρ
747 1549 820 1575 ἐστιν

30 1592 170 1628 οἰωνισμὺς
183 1594 211 1620 ὲν
232 1594 338 1626 Ἰακὼϐ,
352 1595 411 1620 οὐδὲ
427 1594 540 1629 μαντεία
553 1596 582 1621 ὲν
603 1594 720 1631 Ἰσραήλ.
740 1595 818 1621 Κατὰ

31 1638 121 1673 καιρὸν
136 1638 287 1674 ῥηθήσεται
300 1639 339 1674 τῷ
360 1639 455 1666 Ἰακὼὸ
469 1640 515 1666 καὶ
529 1639 567 1674 τῷ
588 1635 708 1676 Ἰσρξιιὴλ,
724 1640 750 1666 τί
764 1641 820 1665 επι-

30 1683 130 1710 τελέσει
142 1684 156 1710 ὁ
169 1684 247 1716 Θεός.
264 1694 273 1711 ι
291 1684 385 1712 Ταῦτα
402 1685 434 1720 δὴ
450 1685 649 1720 γιγνώσκοντες
672 1686 754 1721 ἡμεῖς
771 1686 819 1712 καὶ

30 1727 63 1753 τὰ
78 1728 183 1760 τούτοις
196 1729 375 1764 παραπλήσια
385 1750 392 1761 ,
407 1730 501 1765 τηρεῖν
515 1729 666 1765 βουλόμεθα
681 1729 820 1765 μυστικῶς

31 1773 177 1810 εἰρημένην
202 1775 312 1810 ἐντολὴν
329 1775 378 1810 τὴν
390 1795 396 1806 ,
413 1783 423 1800 ι
445 1775 523 1812 Πάσῃ
546 1775 651 1810 φυλακῇ
674 1776 751 1811 τήρει
770 1775 820 1810 σὴν

32 1819 153 1853 καρδίαν·
173 1829 182 1846 ι
198 1820 242 1846 ἴνα
261 1819 297 1856 μὴ
314 1820 396 1856 ἐπιϐῇ
413 1820 506 1847 τιτῶν
518 1820 664 1856 δαιμονίων
675 1821 714 1855 τῷ
724 1822 821 1856 ἡγεμο-

33 1864 97 1899 νικῷ
109 1865 205 1900 ήμῶν,
228 1866 244 1901 ἣ
259 1865 369 1901 πνεῦμά
382 1874 408 1892 τι
424 1865 478 1892 τῶν
493 1866 621 1892 ἐναντίων
637 1865 705 1901 πρὸς
720 1866 739 1892 ἃ
758 1866 820 1901 βού-

32 1909 105 1937 λεται
121 1911 212 1946 τρέψῃ
222 1911 253 1937 τὸ
269 1911 449 1945 φανταστικὸν
460 1911 549 1946 ἡμῶν.
561 1908 704 1946 Εὺχόμεθα
716 1911 744 1937 δὲ
756 1911 822 1946 λάμ-

32 1955 79 1989 ψαι
92 1957 120 1983 ὲν
137 1958 198 1988 ταῖς
213 1957 335 1992 καρδίαις
349 1957 427 1993 ἡμῶν
443 1966 452 1982 ι
473 1956 518 1983 τὸν
533 1957 674 1992 φωτισμὸν
686 1956 734 1991 τῆς
751 1956 821 1990 γνώ-

34 2011 99 2035 σεως
119 2004 170 2039 τῆς
180 2003 260 2039 δόξης
277 2003 323 2030 τοῦ
336 2003 403 2030 Θεοῦ
414 2023 420 2034 ,
447 2013 456 2030 ι
472 2003 673 2038 ἐπιδημοῦντος
685 2003 763 2038 ἡμῶν
783 2002 822 2038 τῷ

34 2049 208 2085 φανταστικῷ
221 2049 378 2084 Πνεύματος
392 2049 459 2075 Θεοῦ
470 2069 477 2081 ,
490 2049 537 2076 καὶ
552 2048 732 2083 φαντάζοντος
749 2049 822 2084 ἡμᾶς

34 2093 66 2120 τὰ
87 2094 134 2121 τοῦ
151 2094 230 2121 Θεοῦ·
257 2095 319 2121 ἐπεὶ
336 2105 345 2120 ι
365 2096 421 2122 ὅσοι
444 2095 583 2130 Πνεῦματι
604 2094 670 2121 Θεοῦ
695 2095 822 2128 ἄγονται,

34 2136 102 2166 οὗτοι
115 2139 168 2165 υἱοί
182 2140 235 2166 εἰσι
252 2139 329 2166 Θεοῦ.
352 2149 361 2165 ι

66 2186 127 2221 Χρὴ
141 2186 165 2212 δ’
179 2186 288 2218 εἰδέναι,
306 2186 346 2212 ὅτι
361 2186 389 2212 τὸ
408 2185 440 2212 τὰ
456 2185 588 2220 μέλλοντα
608 2183 825 2220 προγιγνώσκειν

35 2231 63 2256 οὐ
79 2231 189 2262 πάντως
203 2231 274 2258 θεῖόν
288 2233 356 2258 ἐστι·
372 2231 432 2258 καθ’
446 2231 512 2257 αὐτὸ
526 2230 581 2265 γὰρ
595 2230 678 2265 μέσον
692 2230 763 2262 ἐστὶ,
778 2230 824 2257 καὶ

36 2273 132 2302 πίπτον
150 2276 192 2310 είς
206 2275 324 2310 φαύλους
343 2276 390 2302 καὶ
410 2275 544 2308 ἀστείους.
567 2275 622 2302 Καὶ
645 2275 731 2311 ἰατροὶ
758 2275 822 2309 γοῦν

36 2319 87 2346 ἀπὸ
105 2321 233 2356 ἰατρικῆς
248 2321 483 2357 προγιγνώσκουσί
508 2330 568 2348 τινα
579 2342 586 2353 ,
611 2321 660 2347 κᾶν
684 2321 779 2356 φαῦλοι
793 2321 823 2347 τὸ

35 2363 97 2400 ἦθος
110 2368 293 2403 τυγχάνωσιν.
309 2368 387 2394 Οὕτω
403 2368 431 2394 δὲ
447 2368 493 2395 καὶ
510 2367 674 2404 κυϐερνῆται
686 2387 693 2400 ,
711 2368 760 2395 κᾶν
779 2377 825 2403 μο-

37 2411 130 2448 χθηροὶ
140 2414 312 2448 τυγχάνωσιν
327 2414 414 2445 ὄντες,
427 2414 679 2450 προγιγνώσκουσιν
690 2415 770 2449 ὲπιση
776 2422 826 2449 μα-

38 2457 105 2492 σίας,
119 2459 168 2486 καὶ
185 2459 295 2494 ἀνέμων
312 2459 496 2495 σφοδρότητας
507 2479 514 2492 ,
531 2460 578 2486 καὶ
591 2459 694 2495 τροπὰς
716 2459 779 2494 περὶ
795 2459 825 2486 τὸ

37 2505 162 2540 περιέχον
180 2504 213 2530 ἐκ
223 2513 296 2537 τινος
307 2505 404 2540 πείρας
415 2505 462 2532 καὶ
473 2506 624 2541 τηρήσεως·
639 2505 685 2532 καὶ
699 2505 728 2531 οὐ
739 2505 826 2541 δήπου

37 2549 111 2584 παρὰ
126 2550 207 2576 τοῦτο
220 2550 308 2582 θείους
322 2559 363 2582 τις
377 2550 410 2578 ἂν
427 2551 525 2583 αὐτοὺς
539 2549 608 2578 εἷναι
626 2552 716 2588 φήσει,
731 2551 764 2578 ἂν
779 2552 827 2578 τύ-

861 277 927 302 cus;
954 267 1176 303 quandoquidem
1204 275 1267 295 eum
1280 271 1362 301 poeta
1391 266 1458 293 dicit
1481 265 1648 292 intellexisse

862 320 965 342 tantum
979 314 1052 350 quod
1069 321 1084 340 a
1101 313 1193 340 divina
1214 312 1350 340 molitrice
1372 312 1465 339 datum
1489 319 1569 339 orticn
1592 311 1650 339 fue-

862 366 913 393 rat,
929 367 956 388 et
971 359 1093 396 gavisum
1108 366 1169 386 esse
1183 365 1190 385 :

955 407 1073 436 Limatus
1087 410 1124 433 est
1139 411 1227 432 autem
1247 404 1332 431 omine
1343 403 1418 430 divus
1435 403 1541 438 Ulysses
1552 403 1585 432 ⁶⁰.

863 453 920 480 Hoc
933 453 1016 480 etiam
1033 452 1159 483 observa,
1178 451 1200 478 si
1215 450 1307 478 divina
1332 453 1429 476 natura
1451 454 1513 476 sunt
1531 456 1605 481 aves,
1623 452 1651 476 et

864 500 960 532 Deum,
980 507 1028 526 seu
1047 499 1123 530 deos,
1139 502 1168 525 ut
1182 497 1428 532 Celsusloquitur,
1443 497 1568 524 sensibus
1585 503 1649 531 per-

865 546 979 580 cipiunt,
992 552 1104 572 necesse
1134 551 1194 572 esse
1217 548 1264 576 ut,
1281 551 1342 570 cum
1365 551 1414 570 nos
1434 543 1557 570 homines
1579 548 1650 570 ster-

864 591 983 622 nuimus,
997 591 1075 625 hujus
1092 590 1128 617 rei
1145 597 1225 617 causa
1237 590 1273 616 sit
1287 589 1423 616 Divinitas
1444 590 1568 624 quredam
1592 597 1652 623 quau

865 641 967 664 nostra:
982 636 1080 663 anima:
1094 635 1159 663 insit
1172 636 1358 669 virtutemque
1366 634 1504 661 divinandi
1517 633 1650 661 conferat.

864 681 932 709 Nam
951 686 978 708 et
992 685 1239 709 sternutamentum
1258 680 1284 707 in
1299 679 1439 715 praesagiis
1451 687 1511 706 esse
1521 684 1653 707 testantur

865 728 953 755 multi.
970 727 1045 756 Unde
1057 732 1136 763 poeta
1151 735 1158 755 :

1027 772 1155 800 Precanti
1170 773 1280 800 sternuit
1295 780 1371 800 omen

865 821 900 849 Et
918 820 1052 854 Penelope
1070 827 1077 846 :

868 867 929 894 Non
943 867 1012 894 vides
1024 873 1107 893 meum
1119 865 1201 892 verbis
1213 865 1332 892 omnibus
1347 869 1510 892 summoue
1523 864 1609 898 ﬁlium
1620 863 1654 892 ".

901 912 945 940 95.
961 911 1014 940 Sed
1028 919 1109 939 verus
1122 911 1193 938 Deus
1215 911 1247 937 ad
1266 909 1461 944 signiticandas
1487 917 1531 936 res
1548 909 1656 936 l‘uturas

866 965 920 986 non
932 958 1022 985 brutis
1044 957 1235 983 animantibus
1248 955 1344 989 utitur,
1372 961 1407 982 ne
1422 955 1580 982 hominibus
1593 955 1656 989 qui»

866 1004 927 1031 dcm
941 1011 956 1031 e
971 1003 1063 1037 vulgo.
1081 1002 1163 1036 Eligit
1178 1001 1210 1028 ad
1227 1000 1298 1027 lianc
1322 1007 1378 1028 rem
1400 1001 1590 1028 sanctissimas
1607 1008 1656 1034 pu-

867 1050 1045 1083 rissimasqne
1059 1049 1174 1080 animas,
1188 1055 1256 1082 quas
1272 1046 1345 1074 alllat
1359 1054 1408 1074 suo
1424 1047 1535 1073 nurnine
1553 1051 1580 1073 et
1592 1046 1656 1073 fati-

867 1097 942 1125 dicas
957 1097 1054 1124 reddit.
1069 1096 1159 1129 Quare
1171 1096 1193 1123 si
1211 1095 1276 1130 quid
1294 1093 1369 1122 aliud
1380 1094 1406 1121 in
1424 1093 1526 1128 Moysis
1541 1093 1599 1128 lege
1616 1093 1657 1120 di-

867 1148 941 1171 ctum
967 1147 1008 1170 est
1032 1141 1241 1174 admirabiliter,
1269 1140 1393 1176 profecto
1416 1139 1498 1175 574¹
1521 1139 1654 1174 ejusmodi

869 1189 1030 1217 sunthaec:
1051 1198 1061 1215 ‹
1080 1187 1135 1216 Nec
1164 1195 1265 1223 augur,
1293 1193 1342 1214 nec
1371 1193 1488 1220 aruspex
1520 1185 1556 1212 sit
1584 1185 1655 1212 inter

867 1235 957 1262 vos“.
977 1244 986 1260 ι
1008 1234 1041 1262 Et
1055 1233 1141 1261 alibi:
1171 1242 1181 1259 ‹
1215 1232 1281 1260 Nam
1309 1236 1403 1267 gentes
1429 1237 1498 1265 quas
1526 1230 1658 1257 Dominus

869 1279 941 1306 Dens
959 1284 1020 1306 tuus
1037 1277 1139 1305 delebit
1153 1286 1168 1304 a
1187 1277 1256 1304 facie
1274 1282 1337 1308 tua,
1359 1276 1422 1310 ipsa:
1434 1276 1526 1304 omina
1544 1280 1571 1303 et
1587 1275 1658 1303 divi-

869 1324 992 1351 nationes
1011 1323 1143 1355 audient;
1163 1323 1209 1350 tibi
1222 1327 1311 1350 autem
1333 1330 1386 1350 non
1409 1323 1449 1350 sic
1466 1322 1541 1350 dedit
1565 1322 1657 1349 Domi-

870 1378 921 1397 nus
940 1370 1043 1397 tuus“.
1065 1379 1074 1395 ι
1093 1370 1125 1397 Et
1139 1369 1311 1396 continenter
1327 1377 1333 1396 :
1351 1378 1360 1395 ι
1381 1369 1546 1404 Propltetam
1566 1368 1657 1396 susci-

871 1415 938 1442 tabit
954 1415 1000 1443 tibi
1017 1415 1146 1443 Dominus
1162 1415 1234 1443 Deus
1252 1420 1315 1443 tuus
1329 1416 1362 1442 de
1377 1414 1506 1443 fratribus
1523 1416 1576 1443 tuis
1584 1415 1619 1443 “.
1642 1423 1654 1442 ι

871 1461 940 1495 Quin
956 1465 983 1488 et
997 1461 1092 1489 volens
1117 1461 1188 1489 Deus
1211 1465 1241 1488 ut
1264 1469 1351 1496 augur
1375 1462 1433 1496 ipse
1456 1461 1490 1488 ab
1507 1460 1657 1496 augurandi

872 1507 987 1534 scientia
1005 1512 1152 1539 averteret,
1169 1506 1236 1534 fecit
1253 1511 1283 1534 ut
1305 1507 1426 1542 Spiritus
1447 1507 1474 1541 in
1497 1514 1600 1541 augure
1618 1507 1659 1534 di-

871 1558 966 1580 ceret:
986 1562 996 1578 ι
1013 1552 1072 1579 Non
1088 1556 1128 1580 est
1145 1552 1288 1586 augurium
1307 1553 1333 1580 in
1349 1551 1444 1585 Jacob,
1463 1560 1514 1580 nec
1527 1552 1659 1579 divinatio

874 1600 899 1627 in
917 1599 1006 1627 Israel.
1027 1599 1207 1635 Temporibus
1219 1599 1275 1627 suis
1292 1599 1398 1626 dicetur
1412 1599 1496 1627 Jacob
1513 1604 1541 1627 et
1556 1599 1660 1632 Israeti,

874 1646 937 1680 quid
954 1645 1112 1680 operabitur
1126 1645 1235 1672 Deus“.
1255 1655 1264 1671 ι
1279 1645 1343 1673 llaec
1364 1649 1390 1673 et
1411 1645 1512 1673 similia
1530 1653 1591 1673 cum
1611 1652 1660 1673 c0-
1713 1656 1714 1659 η

873 1698 1047 1726 gnoscamus,
1056 1691 1181 1718 volumus
1193 1691 1256 1718 huic
1264 1693 1380 1727 mystico
1393 1696 1528 1727 praecepto
1543 1698 1639 1725 parere
1648 1709 1657 1718 .

876 1747 885 1763 ι
906 1737 985 1766 Omni
998 1737 1122 1765 custodia
1139 1745 1218 1764 serva
1236 1745 1286 1766 cor
1308 1742 1383 1765 tuum
1395 1738 1433 1771 “;
1456 1747 1465 1763 ι
1485 1741 1559 1764 utne
1574 1737 1660 1764 ullum

873 1784 1037 1811 daemonium
1054 1784 1080 1811 in
1097 1788 1218 1811 nostram
1236 1787 1356 1810 mentem
1376 1784 1497 1816 invadat,
1513 1787 1561 1810 aut
1577 1782 1661 1817 spiri-

876 1833 918 1857 tus
942 1829 1040 1864 aliquis
1072 1829 1198 1857 inimicus
1223 1829 1316 1857 ﬂectat
1336 1837 1391 1865 quo
1407 1829 1490 1856 vellet
1502 1829 1660 1856 facultatem

874 1880 997 1904 nostram
1033 1876 1183 1910 imaginum
1215 1876 1370 1909 artilicem,
1403 1881 1602 1909 precamurque
1630 1879 1661 1902 ut

875 1922 1047 1955 splendescat
1064 1921 1090 1947 in
1107 1921 1234 1948 cordibus
1246 1920 1348 1948 nostris
1363 1930 1372 1946 ι
1390 1919 1554 1947 illuminatio
1572 1920 1662 1948 scienv

876 1967 920 1993 tim
931 1966 1062 1993 claritatis
1080 1966 1124 1992 Dei
1135 1966 1168 1997 ⁸⁷,
1185 1974 1194 1991 ι
1211 1964 1326 1999 ejusque
1343 1964 1462 1999 Spiritus
1473 1971 1532 1991 eam
1547 1963 1663 1990 faculta-

877 2019 930 2039 tem
948 2019 1098 2045 occupans,
1114 2011 1139 2038 in
1154 2019 1185 2038 ea
1199 2018 1290 2039 rerum
1307 2011 1461 2038 divinarum
1479 2009 1610 2043 imagines
1622 2010 1662 2037 ef-

878 2058 987 2085 formet.
1011 2057 1077 2084 Nam
1108 2066 1118 2083 ι
1143 2058 1186 2092 qui
1213 2057 1318 2092 Spiritu
1347 2056 1394 2085 Dei
1410 2061 1539 2093 aguntur,
1561 2057 1578 2084 ii
1598 2061 1664 2085 sunt

877 2102 924 2130 lilii
943 2103 989 2130 Dei
999 2102 1032 2128 ⁸⁸³.
1051 2111 1060 2128 ι

913 2179 958 2207 96.
976 2179 1109 2206 Cmterum
1126 2179 1198 2206 scire
1213 2184 1320 2214 oportet
1336 2187 1428 2208 rerum
1447 2180 1597 2207 futurarum
1615 2187 1664 2207 no-

879 2227 968 2254 titiam
987 2234 1040 2253 non
1058 2234 1118 2254 esse
1146 2227 1300 2254 necessario
1318 2234 1374 2254 rem
1387 2226 1577 2254 divinam.Est
1590 2226 1664 2253 enim

877 2281 924 2308 per
938 2281 967 2300 se
983 2273 1046 2307 quid
1064 2272 1231 2305 indili‘erens,
1249 2272 1321 2306 quod
1337 2272 1363 2299 in
1381 2272 1466 2299 malos
1489 2279 1566 2306 asque
1590 2280 1622 2299 ac
1637 2273 1663 2299 in

877 2320 962 2347 bonos
976 2318 1058 2346 cadit.
1076 2317 1121 2345 Sic
1139 2317 1249 2350 medici,
1265 2317 1415 2352 quamlibet
1435 2317 1515 2347 malis
1531 2319 1662 2349 moribus,

878 2365 1002 2400 quaedam
1016 2368 1075 2391 arte
1094 2371 1141 2390 sua
1158 2367 1342 2398 prmnoscunt.
1374 2363 1440 2390 Item
1465 2364 1663 2398 gubernatores

879 2411 1046 2446 experientia
1062 2411 1180 2446 quadam
1199 2416 1226 2439 et
1238 2410 1478 2439 observationibus
1501 2411 1575 2438 docti
1587 2411 1664 2446 signa

880 2458 1030 2491 habent,“
1044 2458 1143 2493 quibus
1154 2463 1296 2486 ventorum
1309 2457 1426 2492 impetus
1435 2457 1580 2492 variasque
1591 2457 1665 2484 aeris

878 2503 1042 2531 mutationes
1068 2504 1242 2538 prtevideant.
1273 2503 1329 2532 Nec
1350 2511 1398 2532 eos
1431 2507 1575 2538 propterea
1604 2502 1666 2537 quis

882 2549 983 2577 dixerit
1001 2551 1109 2578 divinos
1124 2558 1194 2583 esse,
1214 2550 1237 2578 si
1266 2550 1335 2578 male
1355 2550 1455 2578 morati
1471 2551 1537 2576 sint.
1554 2547 1665 2576 Falsum

38 2603 102 2629 χωσι
116 2595 174 2631 (70)
190 2596 321 2631 μοχθηροὶ
335 2595 404 2623 εἶναι
420 2597 450 2623 τὸ
461 2594 535 2632 ἦθος.
548 2596 652 2628 Ψεῦδος
662 2595 745 2624 οὖντὸ
758 2605 819 2632 παρ(

884 2597 970 2631 igitur
1000 2596 1065 2624 illud
1089 2597 1181 2624 Celsi:
1204 2606 1213 2622 ι
1232 2596 1299 2630 Quis
1323 2597 1388 2632 quid
1414 2595 1515 2624 dixerit
1546 2594 1667 2622 divinius

74 2662 97 2681 θ’
113 2661 210 2695 Odyss.
226 2660 259 2691 Υ,
273 2669 299 2686 ν.
316 2659 376 2686 120.
415 2661 435 2675 ⁶¹
452 2659 544 2694 Odyss.
561 2660 591 2695 Ρ.
607 2668 632 2686 v.
647 2659 708 2695 545.
746 2659 768 2695 ff
784 2658 819 2695 με

883 2666 936 2689 xtx.
948 2658 991 2695 2Q.
1031 2657 1052 2674 ⁸⁸
1067 2657 1145 2685 Deut.
1161 2666 1236 2692 xvnt,
1251 2659 1293 2686 Μ.
1332 2658 1355 2675 ⁸⁵
1367 2658 1444 2691 ibid.,
1458 2659 1500 2686 15.
1540 2659 1562 2675 ⁸⁵
1577 2658 1659 2688 Num.

41 2703 118 2728 mu,
134 2692 182 2723 23.
220 2696 242 2711 °"
255 2695 334 2722 Prov.
352 2703 388 2726 tv,
402 2695 447 2722 25.
485 2692 506 2710 έτ
521 2695 543 2721 ll
557 2694 620 2722 Cor.
636 2701 671 2726 tv,
684 2693 709 2720 6.
748 2693 770 2709 “
784 2692 819 2719 Rc

877 2701 937 2724 vin,
955 2693 997 2720 M.

78 2739 135 2774 (66)
159 2739 309 2778 Philocalia
332 2747 422 2774 recte,
438 2741 585 2778 θειότητος.
610 2742 779 2771 Πωεοιιειίυε
804 2750 818 2770 e

885 2753 970 2775 νουσι.
987 2745 1067 2773 male.

44 2773 209 2811 Spengerus,
223 2775 373 2811 ποιότητος.

78 2807 136 2847 (6⁵1)
150 2808 253 2847 Πᾶσιν
274 2807 393 2847 ξπὲουονι.
413 2812 488 2846 Apud
507 2816 614 2846 poetam
632 2820 704 2839 nunc
722 2812 830 2847 legitur,

45 2843 126 2882 πᾶσιν
149 2844 256 2872 ἔπεσσι.
270 2846 312 2882 Min
335 2843 491 2882 [milite-alia:
508 2843 602 2874 ’σοῖσιν
628 2847 732 2875 ἔπεσσι.
750 2843 831 2882 Ἀιιιιιί

47 2879 216 2912 Spencerum
227 2885 253 2906 et
269 2880 450 2911 Hmscltclius.
463 2880 544 2908 οἷσιν.

82 2913 139 2950 (68)
158 2912 300 2949 Τυχοῦ-ονι.
318 2915 402 2945 Recte
428 2916 587 2946 Philocalia.
620 2917 709 2949 Alias.
729 2917 830 2949 τυγγά-

921 2781 977 2819 (ἕρ)
992 2780 1170 2819 ῇιιξεοιιοίξιιε
1183 2785 1209 2807 et
1226 2781 1379 2819 Spcncerus
1391 2801 1398 2814 ,
1412 2781 1671 2819 ῥρνιθοσκοπήσετε.

920 2815 976 2850 (70)
991 2815 1107 2853 Ρξιίιοιι.⁷
1124 2816 1212 2853 θείους
1229 2814 1270 2853 τις
1283 2817 1381 2848 αὐτοὺς
1399 2814 1468 2844 εἶναι
1479 2814 1603 2853 φήσειειί.
1621 2818 1670 2844 ἐὰν

884 2851 996 2886 τύχωσι.
1013 2850 1183 2886 lloeschclins
1198 2855 1225 2879 et.
1242 2852 1399 2886 Spencerus
1413 2853 1440 2882 in
1463 2850 1537 2882 textu
1549 2873 1556 2886 ,
1579 2852 1675 2886 θείους

884 2883 1034 2919 τιξαΰτοὺς
1047 2883 1115 2914 εἷναί
1131 2883 1270 2922 φησιν,
1286 2886 1398 2923 τύχωσι.
