1908 3099
183 136 252 164 “79

890 132 1051 161 OlthE‘NlS

1747 129 1818 156 “80

179 199 344 228 comparata}
358 198 421 220 sunt
437 198 465 219 ιιι
480 192 513 220 ad
529 200 559 220 se
573 193 701 225 invicem,
718 193 769 220 nisi
790 193 965 226 secundat-io,

1058 201 1068 218 ι
1082 191 1218 226 ἀλλήλων,
1237 190 1293 217 ἀλλ’
1312 191 1335 217 εἰ
1357 190 1394 226 μὴ
1419 191 1471 217 πᾶν
1489 189 1569 225 ἔργον
1587 189 1657 224 (87),
1683 187 1756 215 ἀλλὰ
1772 187 1818 215 τοῦ

179 241 228 267 sed
241 240 274 266 ad
291 240 447 266 universum
468 237 647 265 referrentur.
663 238 720 266 Hoc
736 239 894 266 universum
910 239 964 266 Dco

179 291 251 311 cura:
266 289 324 316 est;
339 283 403 310 illud
420 291 558 316 nunquam
572 283 742 317 providentia
759 284 877 317 deserit;
893 292 964 311 nun-

179 338 259 365 quam
283 331 312 357 lit
338 331 476 362 deterius;
503 330 569 356 illud
585 330 617 357 ad
642 337 671 357 se
691 338 744 357 non
768 337 877 358 revocat
896 331 966 359 Dens

179 377 272 411 elapso
284 376 401 410 quodam
420 380 558 409 tempore;
581 383 718 410 nunquam
734 376 890 404 hominibus
909 377 965 404 ira-

179 422 276 453 scitur,
294 427 323 448 ιιι
337 428 426 455 neque
450 420 550 453 simiis,
575 427 663 455 neque
680 422 801 455 muscis;
828 429 965 456 nunquam

179 468 232 495 illis
249 467 363 494 intendit
376 468 472 498 minas,
490 475 550 493 cum
566 475 734 501 unaquaeque
762 476 806 495 res
832 475 893 495 eum
908 475 966 496 ser-

178 518 222 539 vut
239 513 325 539 locum
349 512 375 538 in
390 519 444 545 quo
456 512 589 539 collocata
606 512 667 539 fuit.
690 523 698 538 ι
719 513 823 546 Quibus
837 521 968 540 occurra-

179 566 240 585 mus
250 558 355 592 paucis.
368 557 455 592 Supra
470 558 612 592 probatum
628 559 747 585 arbitror
756 558 846 584 omnia
857 562 967 593 propter

179 603 316 630 hominem
326 607 352 630 et
360 608 468 638 propter
475 611 568 631 omnes
577 608 689 630 naturas
700 603 812 630 rationis
823 604 968 638 participes

178 656 239 675 esse
254 648 337 676 facta.
347 649 376 676 Si
391 656 456 684 ergo
473 650 608 684 prmcipue
620 655 731 684 propter
745 650 845 676 animal
862 651 968 677 ratione

177 695 319 728 przcditum
332 695 422 722 omnia
437 701 526 723 creata
541 700 603 722 sunt
622 715 630 728 ,
650 701 731 730 neget
747 695 841 723 Celsus
863 696 967 723 homini

179 740 266 774 magis
295 748 375 774 quam
397 740 466 767 leoni
489 740 606 775 aliisque
622 740 656 767 ab
677 749 710 768 eo
728 742 895 768 enumeratis
910 741 969 768 ani-

180 787 317 814 mantibus
325 790 416 813 creata
428 793 500 819 esse;
511 794 559 814 nos
569 788 627 815 haec
635 787 813 822 ncgabimusa
824 787 969 815 Conditore

179 830 250 857 facta
263 838 323 858 esse
334 837 444 866 propter
460 833 577 865 leonem,
599 837 646 859 aut
661 832 789 867 aquilam,
799 837 846 859 aut
862 833 969 868 delphi-

1020 239 1091 265 ὅλου.
1109 238 1164 264 Καὶ
1182 237 1256 272 μέλει
1270 237 1309 272 τῷ
1323 236 1383 271 Θεῷ
1403 236 1449 262 τοῦ
1467 236 1540 267 ὅλου,
1563 235 1612 262 καὶ
1626 233 1702 261 τοῦτ’
1719 233 1818 260 οὔποτε

1021 284 1163 311 ἀπολείπει
1187 284 1316 318 πρόνοια,
1338 282 1396 309 οὐδὲ
1422 282 1516 308 κάκιον
1539 281 1656 314 γίνεται,
1681 280 1744 306 οὐδὲ
1774 279 1817 306 διὰ

1019 331 1115 366 χρόνου
1133 330 1201 367 πρὸς
1217 329 1281 356 αὐτὸ
1291 329 1366 363 (88)ὁ
1376 329 1442 360 Θεὸς
1455 328 1624 362 ἐπιστρέφει,
1640 327 1696 353 οὐδ’
1711 326 1819 361 ἀνθρὼ-

1022 385 1079 403 πων
1102 377 1185 403 ἓνεκα
1212 375 1366 411 ὀργίζεται,
1390 375 1485 409 ὥσπερ
1507 373 1568 400 οὐδὲ
1595 372 1738 408 πιθήκων,
1757 372 1817 398 οὐδὲ

1022 423 1110 457 μυιῶν
1120 431 1127 437 ο
1144 423 1204 448 οὐδὲ
1220 422 1324 452 τούτοις
1339 420 1456 452 ἀπειλεῖ,
1471 417 1508 446 ὧν
1524 420 1641 445 ἕκαστον
1661 420 1691 445 ὲν
1706 417 1746 452 τῷ
1768 418 1816 452 μέ-

1022 477 1062 505 ρει
1077 469 1126 504 τὴν
1146 467 1228 494 αὐτοῦ
1248 469 1343 503 μοῖραν
1359 467 1454 502 εἴληφε
1466 474 1472 480 ·
1494 475 1503 491 ›
1522 465 1598 500 φέρε,
1617 464 1671 490 κᾶν
1687 464 1730 490 διὰ
1749 463 1817 499 βρα-

1021 514 1091 548 χέων
1107 513 1175 549 πρὸς
1190 512 1265 539 ταῦτ’
1281 513 1481 546 ἁπαντὴσωμεν
1496 510 1562 545 (89).
1579 507 1664 544 Οἶμαι
1674 508 1706 543 δὴ
1719 509 1816 534 ἀποξε-

1020 559 1136 594 δειχέναι
1156 560 1187 585 ἐκ
1207 558 1260 584 τῶν
1282 557 1502 593 προειρημένων,
1528 555 1587 586 πῶς
1604 554 1743 590 ἀνθρώπῳ
1770 555 1816 580 11‘:

1023 605 1104 631 παντὶ
1131 604 1233 639 λογικῷ
1257 603 1291 630 τὰ
1319 603 1406 629 πάντα
1436 602 1601 636 πεποίηται’
1641 600 1816 635 προηγουμέ-

1021 659 1075 682 νως
1097 651 1152 685 (90)
1174 650 1228 685 γὰρ
1243 649 1288 676 διὰ
1307 649 1337 675 τὸ
1357 648 1464 682 λογικὸν
1481 647 1549 679 ζῶον
1567 647 1602 673 τὰ
1629 646 1718 672 πάντα
1740 646 1817 678 δεδη-

1024 696 1197 732 μιούργηται.
1212 695 1313 726 Κέλσος
1332 694 1380 729 μὲν
1399 692 1445 720 οὖν
1457 693 1559 727 λεγέτω
1568 713 1574 725 ,
1591 694 1633 719 ὃτι
1647 693 1698 718 οὐκ
1709 692 1816 727 ἀνθρώ-

1023 751 1076 777 πῳ,
1088 742 1126 773 ὡς
1142 741 1202 768 οὐδὲ
1217 741 1303 767 λέοντι
1319 740 1391 775 (91),
1408 740 1462 766 οὐδ’
1479 736 1520 771 οἷς
1540 739 1681 774 ὀνομάζει·
1697 740 1779 773 ἡμεῖς
1794 738 1815 764 δ’

1023 788 1151 823 ἐροῦμεν,
1171 787 1201 813 οὐ
1224 787 1309 813 λέοντι
1323 787 1337 813 ὁ
1351 785 1540 822 Δημιουργὸς,
1562 785 1622 811 οὑδὲ
1648 785 1740 819 ἀετῷ,

1022 834 1124 868 δελφῖνι
1141 833 1227 859 ταῦτα
1243 832 1409 867 πεποίηκεν·
1431 831 1498 858 ἀλλὰ
1522 831 1612 858 πάντα
1635 831 1680 857 διὰ
1695 831 1725 857 τὸ
1742 830 1816 864 λογι-

179 883 240 903 ncm
250 885 257 909 ;
269 877 390 905 dicemus
401 877 458 905 hmc
467 878 557 905 omnia
568 885 659 905 creata
669 886 729 905 esse
745 883 858 912 propter
868 879 967 906 animal

1058 888 1069 906 ν
1090 879 1168 910 ζῶον,
1188 879 1249 905 (καὶ
1271 877 1395 911 ὅπωςρν
1410 877 1452 903 ὅδε
1472 878 1486 904 ὁ
1505 878 1608 912 κόσμος
1628 876 1664 908 ὡς
1686 876 1720 902 ἂν
1747 876 1816 901 Θεοῦ

180 920 261 956 577
285 922 397 949 rationis
420 930 549 956 compos,
576 932 585 948 ι
599 927 669 950 etut
686 923 729 950 hic
753 923 879 954 mundus,
895 923 966 956 quod

178 974 248 1000 opus
273 966 321 993 Dei
345 972 402 1000 cst,
430 967 536 1003 integer
550 972 578 995 et
598 967 671 995 omni
690 975 722 994 ex
739 972 816 1002 parte
829 967 967 1002 perfectus

179 1016 264 1039 esset.
281 1022 291 1038 ι
309 1013 387 1040 Dicto
404 1013 475 1040 enim
492 1018 546 1040 tam
562 1013 677 1048 pulchro
697 1014 900 1041 assentiendum
915 1019 965 1042 est.

178 1056 259 1084 Curre
284 1061 374 1085 autent
399 1062 440 1085 est
464 1058 520 1086 Deo
549 1066 602 1086 non
626 1059 713 1086 solum
739 1059 912 1091 universum,
939 1065 968 1086 ut

179 1103 309 1136 opinalnr
335 1103 441 1136 Celsus,
470 1104 516 1131 scd
540 1112 594 1139 pra:
610 1106 738 1132 universo
755 1110 850 1131 natura
866 1106 968 1132 ratione

179 1148 304 1183 praedita.
334 1148 389 1176 Nec
411 1157 530 1184 unquam
555 1150 762 1177 universitatem
779 1151 880 1177 deserit
903 1151 967 1178 Pro-

179 1193 312 1224 videntia.
331 1193 398 1221 Nam
421 1195 472 1222 etsi
499 1195 590 1229 aliqua
612 1195 673 1229 ejus
696 1203 759 1229 pars
779 1197 900 1223 deterior
922 1197 969 1223 ﬁat

178 1243 290 1273 propter
306 1245 410 1266 natura?
429 1239 605 1274 intelligentia
629 1246 791 1274 peccatum,
820 1247 898 1268 curat
933 1247 960 1269 ut

180 1289 323 1319 purgetur,
342 1284 470 1320 Densque
487 1290 561 1312 ccrto
579 1290 640 1320 post
664 1291 785 1320 tcmpore
813 1286 968 1313 universum

179 1337 272 1357 secum
298 1330 404 1358 reducit
433 1331 459 1358 in
488 1331 616 1366 gratiam.
647 1329 741 1365 Neque
766 1331 851 1358 etiam
880 1331 969 1359 simiis

179 1376 315 1404 muscisve
340 1377 484 1410 irascitur;
505 1378 552 1404 sed
579 1376 677 1411 inﬂigit
698 1384 793 1411 poenas
815 1377 969 1405 hominibus

180 1422 227 1456 qui
246 1421 319 1457 leges
333 1427 436 1450 natura:
450 1422 566 1453 violant,
584 1422 691 1456 illisque
705 1430 753 1456 per
775 1423 922 1457 prophetas
942 1427 970 1450 et

180 1466 351 1494 Salvatorcm
369 1468 414 1502 qui
435 1467 509 1494 inter
523 1467 647 1494 homines
663 1468 756 1501 venit,
782 1469 899 1496 intentat
921 1469 969 1496 mi-

179 1519 231 1538 nas
245 1519 252 1543 ;
269 1512 348 1546 idque
365 1515 393 1550 ut
406 1511 452 1546 qui
468 1510 571 1537 dociles
582 1517 611 1538 se
624 1511 792 1545 praebebunt,
812 1511 924 1539 redeant
941 1512 968 1539 in

178 1557 270 1589 viam;
287 1558 332 1591 qui
349 1547 413 1584 vero
436 1561 612 1585 contemnent
628 1557 689 1585 illos
703 1557 825 1585 melioris
840 1558 903 1585 vitae
917 1558 967 1585 sti-
982 1545 1003 1574 Ω

178 1602 286 1634 mulos,
305 1602 322 1629 ii
345 1609 442 1636 pmnas
467 1602 675 1638 luant,quibus
700 1603 784 1630 Deum
803 1604 896 1637 decet,
921 1611 969 1638 pro

177 1655 228 1676 sua
246 1647 432 1675 universitatis
453 1647 526 1675 bono
543 1648 701 1676 consulendi
726 1649 882 1682 voluntate,
909 1649 971 1677 illos

181 1694 291 1721 allicere
307 1694 351 1728 qui
376 1698 449 1720 tanta
479 1699 589 1728 tamque
613 1694 748 1722 laboriosa
775 1695 918 1722 curatione
943 1700 971 1722 et

179 1741 351 1767 correcﬁone
372 1740 505 1774 indigent.
538 1739 591 1768 Sed
611 1739 690 1774 hujus
717 1741 808 1775 quarti
829 1740 890 1768 libri
912 1740 970 1774 jam

177 1785 252 1820 justa
264 1790 306 1813 cst
320 1785 417 1814 moles.
431 1786 527 1825 Quare
537 1786 617 1813 linem
630 1787 675 1814 hic
686 1787 752 1814 mihi
767 1786 873 1814 dicendi
888 1786 968 1814 facio.

178 1831 258 1859 Faxit
270 1832 339 1859 Deus
355 1839 403 1866 per
413 1839 491 1859 suum
506 1832 616 1865 Filium,
634 1833 680 1866 qui
695 1836 737 1860 est
755 1832 826 1860 Deus
840 1832 968 1864 Verbum,

179 1878 334 1912 sapientia,
353 1879 470 1910 veritas,
495 1878 602 1912 justitia
619 1879 643 1895 "°
663 1884 690 1906 et
713 1879 847 1914 quidquid
874 1886 969 1906 sacra-

179 1930 240 1950 rum
258 1923 460 1957 Scripturarum
482 1925 620 1959 theologia
638 1925 671 1952 dc
686 1925 730 1952 illo
749 1926 897 1959 praedicat,
924 1931 970 1958 ut,

180 1967 239 2002 ejus
253 1968 342 1995 Verbo
366 1975 487 1996 nostram
511 1970 629 1996 animam
646 1969 818 2003 illustrante,
845 1971 969 2005 quintum

179 2013 278 2041 librum
300 2015 441 2042 ordiamur
455 2021 483 2042 ct
501 2015 673 2043 absolvamus
697 2016 814 2044 feliciter
828 2021 855 2044 ct
876 2017 910 2044 ad
934 2017 973 2044 le-

181 2065 287 2087 ctorum
304 2061 448 2088 utilitatem
472 2062 686 2089 accommodate.

217 2194 240 2210 "°
256 2193 335 2222 Joan.
357 2202 376 2227 I,
395 2195 420 2226 1;
439 2202 494 2227 xtv,
509 2193 536 2226 6,
551 2200 576 2222 et
593 2195 676 2223 lCor.
693 2204 712 2228 !,
728 2195 772 2223 50.

1019 926 1099 961 ἔργον
1126 924 1270 960 ὁλόκληρον
1282 922 1331 949 καὶ
1352 923 1452 949 τέλειον
1469 922 1498 954 ἐξ
1521 922 1650 949 ἁπάντων
1661 922 1787 956 γένηται.
1805 932 1813 946 ι

1020 972 1114 1006 Τούτῳ
1141 971 1196 1006 γὰρ
1213 969 1428 1003 συγκαταθετέον
1453 969 1490 1000 ὡς
1521 969 1598 1003 (9‘2)
1623 968 1713 1000 καλῶς
1739 970 1816 1003 εξρη-

1020 1017 1101 1053 μένῳ.
1132 1016 1216 1043 Μέλει
1247 1015 1275 1040 δὲ
1302 1013 1342 1049 τῷ
1372 1013 1430 1048 Θεῴ
1454 1014 1522 1047 οὐχ,
1552 1013 1589 1045 ὼς
1622 1013 1726 1044 Κέλσος
1761 1014 1817 1038 οἶε-

1018 1070 1081 1094 ται,
1105 1061 1187 1096 μόνου
1204 1059 1250 1086 τοῦ
1270 1058 1331 1085 ὅλου
1342 1078 1350 1090 ,
1366 1057 1435 1084 ἀλλὰ
1450 1057 1527 1092 παρὰ
1541 1057 1572 1083 τὸ
1588 1057 1648 1083 ὅλον
1665 1056 1817 1092 ἐξαιρέτως

1020 1107 1120 1138 παντὸς
1132 1104 1251 1140 λογικοῦ.
1270 1104 1326 1130 Καὶ
1340 1103 1467 1130 οὐδέποτε
1492 1102 1635 1137 ἀπολείψει
1655 1102 1776 1137 Πρόνοια
1788 1102 1819 1128 τὺ

1020 1153 1093 1179 ὅλον·
1110 1152 1249 1186 οἰκονομεῖ
1261 1151 1315 1185 γὰρ
1332 1150 1395 1184 (κᾶν
1408 1149 1503 1176 κάκιον
1517 1149 1626 1184 γίνηται
1640 1149 1708 1183 (95),
1726 1148 1774 1175 διὰ
1787 1148 1820 1174 τὸ

1020 1198 1128 1232 λογικὸν
1145 1196 1312 1232 ἁμαρτάνον,
1332 1195 1415 1230 μέρος
1445 1204 1471 1221 τι
1500 1194 1548 1221 τοῦ
1565 1195 1638 1229 ὅλου)
1665 1194 1820 1229 καθάρσιον

1021 1242 1101 1269 αὑτοῦ
1122 1243 1220 1272 ποιεῖν,
1243 1241 1290 1268 καὶ
1311 1240 1356 1266 διὰ
1379 1241 1475 1276 χρόνου
1493 1240 1668 1275 ἐπιστρέφειν
1697 1240 1730 1266 τὸ
1759 1240 1819 1267 ὅλον

1021 1289 1088 1324 πρὸς
1111 1287 1216 1314 ἑαυτόν.
1242 1285 1312 1313 Ἀλλ’
1329 1286 1388 1312 οὐδὲ
1400 1286 1525 1321 πιθήκων
1541 1287 1589 1322 μὲν
1606 1287 1688 1313 ἕνεκα
1704 1286 1819 1322 ὀργίζε-

1020 1342 1064 1360 ται
1081 1333 1141 1360 οὐδὲ
1161 1333 1264 1368 μυιῶν·
1286 1330 1440 1367 ἀνθρώποις
1463 1332 1491 1358 δὲ
1510 1332 1624 1366 ἐπάγει,
1650 1333 1699 1359 ᾶτε
1724 1341 1821 1367 παρα-

1020 1378 1085 1405 ϐᾶσι
1102 1379 1151 1410 τὰς
1181 1377 1298 1413 φυσικὰς
1314 1378 1456 1414 ἀφορμὰς,
1471 1377 1548 1413 δίκην
1566 1377 1614 1404 καὶ
1630 1378 1758 1410 κόλασιν,
1771 1379 1822 1404 καὶ

1020 1424 1124 1455 τούτοις
1141 1424 1185 1451 διὰ
1206 1423 1353 1460 προφητῶν
1376 1423 1497 1455 ἀπειλεῖ,
1522 1422 1570 1450 καὶ
1593 1423 1638 1449 διὰ
1654 1423 1703 1450 τοῦ
1722 1423 1822 1458 ἐπιδη-

1022 1470 1158 1505 μήσαντος
1175 1468 1228 1504 ὅλῳ
1252 1469 1291 1504 τῷ
1316 1469 1390 1504 γένει
1417 1468 1470 1494 τῶν
1492 1467 1644 1504 ἀνθρώπων
1668 1469 1820 1504 Σωτῆρος·

1021 1514 1064 1541 ἴνα
1076 1514 1121 1540 διὰ
1133 1513 1182 1549 τῆς
1199 1513 1312 1548 ἀπειλῆς
1328 1513 1516 1549 ὲπιστραιρῶσι
1535 1514 1584 1548 μὲν
1599 1515 1623 1539 οἱ
1635 1513 1822 1546 ἀκούσαντες,

1020 1560 1044 1585 οἱ
1061 1559 1090 1585 δὲ
1106 1559 1293 1595 ἀμελήσαντες
1315 1558 1368 1584 τῶν
1390 1558 1608 1593 ὲπιστρεπτικῶν
1625 1558 1716 1592 λόγων
1741 1558 1823 1591 δίκας

1021 1605 1080 1630 κατ’
1098 1604 1176 1636 ἀξίαν
1191 1604 1312 1637 τίσωσιν,
1328 1604 1360 1636 ἃς
1375 1604 1479 1639 πρέπον
1497 1604 1562 1630 θεὸν
1575 1604 1731 1630 ἐπιτιθέναι
1750 1607 1825 1632 κατὰ

1021 1650 1052 1676 τὺ
1069 1649 1166 1677 ἑαυτοῦ
1181 1650 1235 1685 (94)
1253 1649 1447 1685 συμφερόντως
1465 1648 1501 1684 τῷ
1517 1649 1599 1676 παντὶ
1617 1649 1749 1685 βούλημα
1765 1653 1826 1682 mi;

1021 1695 1148 1731 τοιαύτης
1167 1696 1212 1722 καὶ
1237 1694 1323 1726 οὕτως
1348 1695 1475 1722 ἐπιπόνου
1500 1695 1637 1730 δεομένοις
1666 1695 1827 1730 θεραπείας

1023 1742 1070 1768 καὶ
1087 1741 1266 1778 διορθώσεως.
1288 1741 1368 1768 Ἀλλά
1383 1741 1438 1776 γὰρ
1455 1741 1502 1767 καὶ
1520 1741 1566 1767 τοῦ
1584 1741 1716 1776 τετάρτου
1735 1742 1825 1777 τόμοι)

1024 1786 1147 1822 αὐτάρκη
1170 1786 1343 1822 περιγραφὴν
1364 1785 1520 1821 εἰληφότος,
1543 1785 1627 1811 αὑτοῦ
1653 1794 1706 1811 που
1738 1794 1827 1812 κατα-

1024 1831 1174 1866 παύσωμεν
1183 1831 1239 1866 (95)
1256 1831 1302 1857 τὸν
1319 1831 1407 1864 λόγον.
1423 1831 1490 1862 Θεὸς
1503 1830 1532 1856 δὲ
1546 1830 1604 1866 δοίη
1623 1831 1668 1858 διὰ
1685 1831 1737 1858 τοῦ
1758 1832 1825 1858 Υἱοῦ

1024 1877 1117 1909 αὑτοῦ,
1134 1877 1163 1908 ὅς
1181 1877 1238 1903 ἐστι
1252 1876 1317 1908 Θεὸς
1331 1877 1417 1911 Λόγος
1427 1896 1433 1908 ,
1448 1876 1495 1903 καὶ
1516 1876 1612 1911 σοφία,
1630 1877 1679 1903 καὶ
1693 1877 1825 1913 ἀλήθεια,

1023 1923 1070 1950 καὶ
1086 1922 1253 1958 δικαιοσύνη,
1272 1923 1318 1949 καὶ
1332 1924 1386 1949 πᾶν
1402 1924 1416 1950 ὅ
1431 1931 1457 1949 τι
1474 1923 1540 1949 ποτὲ
1560 1922 1741 1956 θεολογοῦσαι
1759 1924 1825 1958 περὶ

1024 1969 1106 1996 αὑτοῦ
1130 1977 1212 2003 φασιν
1231 1970 1301 2004 ἱεραὶ
1318 1969 1427 2004 Γραφαὶ
1443 1968 1509 2004 (96),
1528 1968 1664 2004 ἄρξασθαι
1679 1970 1758 2004 ἡμᾶς
1775 1971 1824 1995 καὶ

1024 2014 1070 2041 τοῦ
1090 2014 1216 2050 πέμπτου
1233 2015 1327 2050 τόμον,
1345 2014 1388 2040 ἐπ’
1398 2014 1517 2049 ὠφελείᾳ
1531 2014 1587 2040 τῶν
1604 2014 1823 2049 ἐντευξομένων,

1025 2060 1072 2087 καὶ
1086 2060 1209 2087 διανῦσαι
1224 2061 1359 2092 κάκεῖνον,
1373 2060 1440 2095 μετά
1451 2060 1502 2095 τῆς
1519 2060 1566 2086 τοῦ
1576 2060 1666 2093 Λόγου
1681 2060 1767 2087 αὑτοῦ
1783 2062 1823 2092 εἰς

1025 2106 1074 2141 τὴν
1089 2107 1227 2142 ἡμετέραν
1243 2106 1332 2142 ψυχὴν
1349 2106 1494 2141 ἐπιδημίας
1504 2125 1512 2138 ,
1529 2105 1633 2137 καλῶς.

217 2273 273 2308 (87)
299 2272 373 2299 Ἀλλ’
391 2272 471 2307 εἰμὴ
486 2271 548 2300 πᾶν
556 2273 654 2307 ἔργον.
672 2272 733 2299 Hinc
756 2280 769 2298 ιι
782 2272 898 2308 tlelenio
917 2280 967 2299 non

1058 2272 1136 2308 ὼπῳ,
1151 2272 1210 2299 οὐδὲ
1224 2272 1321 2299 λέοντι.

182 2307 376 2343 agnoscuntur,
397 2308 535 2343 etGuieto
552 2310 678 2335 ridentur
692 2307 828 2341 superﬂua
842 2316 848 2340 ;
868 2308 969 2335 Bohcr.

180 2342 270 2370 alitem
286 2343 360 2378 legit,
380 2342 437 2368 ἀλλ’
455 2343 478 2378 εξ
497 2343 534 2378 μὴ
552 2343 699 2378 πάρεργον.

215 2377 271 2413 (88)
287 2377 366 2411 Πρὸς
374 2378 457 2404 αὑτό.
470 2376 538 2412 Lege
550 2376 610 2404 rum
627 2376 768 2413 Bohereilo
785 2376 854 2413 πρὸς
870 2377 951 2404 αὐτόν
961 2397 968 2410 ,

181 2411 224 2440 vel
236 2411 303 2448 πρὸς
319 2413 424 2445 ἑαυτόν,
442 2414 482 2439 sic
500 2411 572 2448 Enim
595 2413 662 2438 inl'ra
676 2412 802 2448 trahetur,
817 2411 860 2438 διὰ
874 2413 970 2448 χρόνου

178 2446 353 2483 ἐξπιστρέφειν
375 2448 404 2474 τὸ
427 2448 487 2474 ὅλον
499 2447 684 2483 πρὸςγὲαυτόν.
703 2446 969 2483 ἒιίυιιΡΙιίΙοοίιίἱξιηὸ

179 2482 246 2518 Θεὸς
262 2482 513 2518 ἐπιστρέψεικμοιι
528 2482 611 2509 multo
628 2486 700 2516 post,
717 2482 778 2508 οὐδὲ
795 2482 892 2518 μυιῷν,
909 2482 969 2518 οὐδὲ

179 2517 283 2548 τούτοις
305 2517 421 2543 ἀπειλεῖ.
444 2517 614 2544 Hmschelius
633 2518 658 2543 in
689 2522 784 2552 textu,
807 2517 868 2543 οὐδὲ
892 2517 968 2552 μυῶν

178 2553 239 2579 οὐδὲ
255 2552 356 2579 τούτων
367 2552 482 2579 ἀπειλεῖ.
502 2552 664 2587 Spencerus,
677 2551 738 2578 οὐδὲ
753 2552 827 2587 μυῶν
837 2552 898 2579 οὐδὲ
907 2552 969 2579 τού-

179 2595 236 2618 τοις
253 2587 369 2614 ἀπειλεῖ.

215 2622 271 2662 (89)
292 2621 472 2662 llmschel._in
497 2626 589 2662 testu,
610 2621 683 2648 τοῦτ’
697 2622 909 2658 ἀπαντήσωμεν.
935 2621 969 2649 Ει

179 2655 242 2684 mox
252 2655 401 2692 inﬁmargq
411 2655 487 2692 οἶμαι
504 2656 544 2683 δέ.

215 2691 272 2729 (99)
291 2691 508 2729 ([Ιοιιιίίιι-ιολιιι,
521 2693 741 2729 προειρημένως.

215 2725 273 2760 (9i)
294 2726 464 2755 Hmsdrclius
479 2732 506 2755 et
518 2725 686 2763 Spenccrns,
706 2729 747 2756 ὅτι
763 2727 848 2760 οὕτως
864 2727 914 2754 οὐκ
927 2727 969 2755 ἀν-

1025 2306 1117 2370 ᾐᾳῖἱὶ)
1136 2309 1163 2369 ΙΙιι
1179 2313 1258 2334 antea
1274 2306 1354 2335 editis
1370 2307 1465 2340 deest,
1482 2306 1536 2338 ὡς,
1553 2306 1628 2341 quod
1644 2306 1791 2342 suppletur
1807 2315 1823 2334 e

1057 2352 1074 2370 ιι
1087 2350 1137 2370 oca
1152 2351 1187 2369 m.

1057 2350 1187 2370 NlOCﬂIIlI.

1059 2378 1117 2413 (95)
1139 2377 1299 2409 l‘hilocalia,
1313 2377 1437 2413 γένηται.
1457 2376 1542 2404 Paulo
1554 2376 1627 2404 infra
1640 2376 1821 2405 ilteschel.et

1024 2413 1166 2451 Spartace;
1184 2412 1349 2451 0:35érr6w-
1370 2447 1383 2451 _
1491 2446 1501 2451 -
1646 2445 1695 2451 λ..

1059 2447 1114 2483 (94)
1132 2448 1212 2475 Κατὰ
1227 2445 1395 2483 ζῷ’ὲαυτοῦ,
1413 2446 1530 2483 etc._lta
1551 2451 1626 2474 recte
1646 2445 1820 2483 l’hilocalia.

1023 2481 1206 2510 ma‘le’autem
1228 2482 1398 2509 stchelius
1419 2487 1446 2508 et
1467 2481 1641 2515 Spencerus,
1667 2483 1743 2509 κατὰ
1766 2482 1822 2508 τῶν

1021 2518 1117 2544 ἑαυτοῦ
1135 2517 1328 2553 συμφερᾴντως
1340 2516 1385 2553 τῷγ
1393 2517 1475 2543 παντὶ
1492 2516 1653 2552 βουλήματι.

1058 2553 1115 2586 (95)
1136 2552 1308 2580 llmschelius
1323 2557 1350 2579 et
1370 2552 1534 2586 Spencerus,
1551 2552 1782 2587 καταπαύσομεν.

1057 2588 1112 2623 (96)
1132 2587 1330 2623 Θερλογοῦσαι
1343 2587 1407 2620 περὶ
1422 2587 1518 2623 aliter")
1534 2588 1725 2623 gactrjspul
1742 2588 1821 2620 Γρα-

1022 2621 1084 2657 φαῖ.
1103 2621 1152 2650 ’δίο
1165 2622 1325 2653 Philocalia.
1338 2628 1365 2649 et
1377 2622 1457 2649 codd.
1475 2621 1578 2657 Regius
1593 2626 1621 2657 et
1633 2621 1819 2649 Basileensis.

1024 2656 1194 2685 Hmschelius
1206 2662 1297 2684 autent
1310 2661 1337 2684 ct
1358 2656 1525 2692 Spenccrus,
1542 2656 1609 2692 περὶ
1625 2657 1709 2684 αὐτοῦ
1725 2657 1819 2684 θεολοσ

1022 2693 1114 2727 γοῦσιν
1129 2694 1156 2720 αι
1173 2692 1244 2724 ἱεραὶ
1257 2691 1373 2727 Γραφαί.
