1908 3099
216 129 284 160 “8'1

940 127 1103 156 ORIGENIS

1799 128 1855 157 “88

214 195 292 226 gnet,
304 190 350 218 sed
366 197 426 224 qua:
441 189 525 216 etiam
542 188 644 216 clarior
660 188 687 215 in
703 188 762 216 dies
780 188 1001 223 explanatiorque

1094 187 1121 223 pi.
1140 186 1222 213 αὐτοῦ
1243 186 1367 222 διαλήψει
1386 186 1440 213 τῶν
1461 187 1545 221 ἁγίων
1563 186 1713 221 ἀγγέλων,
1739 186 1799 213 ἀλλ’
1819 188 1853 215 ἐπ’

214 236 288 265 facta
300 236 334 263 ad
351 236 424 262 illam
440 234 571 262 accedere
588 234 745 262 contendat.
761 233 840 261 Unde
855 234 930 268 quod
944 233 1007 261 Cel-

215 289 263 310 sus
279 281 424 314 respondet
438 281 490 308 sibi
507 280 587 315 quasi
605 280 697 307 verbis
706 280 823 311 nostris,
844 287 853 305 ι
880 279 1004 314 angelos,

215 327 261 361 qui
278 324 310 352 ad
328 326 481 359 pragstamla
500 325 657 353 hominibus
673 325 807 353 beneﬁcia
824 325 1005 358 descendunt,

215 379 275 400 esse
289 372 399 407 aliquod
413 379 499 406 genus
515 371 655 399 diversum
672 379 687 398 a
705 371 769 404 diis,
788 379 890 406 eosque
911 372 1008 406 proba-

214 418 305 446 biliter
321 426 383 446 esse
398 418 545 451 daemones;
571 428 580 444 ι
600 419 625 445 id
641 418 760 446 hominis
778 422 821 445 est
844 419 888 451 qui
913 426 1007 446 sacras

214 469 324 492 nostras
348 465 504 499 Scripturas
525 472 578 492 non
597 464 670 499 legit.
689 463 745 491 Nec
762 465 835 491 videt
855 465 1006 491 daemonum

214 517 313 537 nomen
327 510 535 545 haudquaquam
547 517 608 538 esse
622 514 667 536 aut
680 509 849 542 indili'erens,
862 515 892 537 ut
905 514 948 537 est
959 510 1007 537 ho-

214 556 316 583 minum
335 556 404 583 inter
417 563 486 591 quos
503 556 565 583 boni
582 560 646 583 sunt
661 560 689 583 et
708 555 790 589 mali;
817 559 864 582 aut
886 556 1002 588 bonum,

214 602 294 636 quale
304 607 348 629 est
363 603 476 629 deorum
492 602 564 637 quod
585 609 634 629 nec
650 602 729 629 malis
747 602 914 630 daemonibus
926 622 933 634 ,
956 609 1006 629 nec

214 648 380 680 simulacris,
393 655 443 675 nec
456 647 620 674 animalibus
629 647 735 675 datura
750 655 838 675 rerum
849 647 1005 674 divinarum

213 695 319 728 peritis,
329 695 376 722 sed
385 694 489 722 naturis
504 701 568 721 vere
583 693 683 721 divinis
695 697 721 720 et
732 693 834 725 beatis;
853 693 903 720 hoc
916 698 1006 720 autent

213 740 365 767 dzL-monum
378 747 473 767 nomen
489 739 569 767 tribui
582 739 831 774 sempermalelicis
842 739 895 766 illis
912 745 1005 773 potes-

214 786 314 813 tatibus
322 786 570 820 crassioricorpore
579 785 676 813 solutis
687 792 746 820 qua:
759 785 884 812 homines
895 785 920 811 in
933 792 1008 812 erro-

216 839 273 859 rem
282 831 413 859 inducunt
425 836 560 866 aguntque
572 835 743 858 transversos
751 835 778 858 et
789 831 862 858 aDeo
871 830 1006 865 rebusque

213 878 369 905 caelestibus
384 883 512 905 avocalas
528 877 562 905 ad
585 877 644 904 haec
662 877 715 904 ima
732 877 896 911 deprimunt.
1020 872 1040 899 Β

1059 233 1165 268 ἐκείνην
1180 233 1315 268 ὁσημέραι
1327 234 1360 268 τῇ
1372 233 1515 268 τρανότητι
1533 234 1581 260 καὶ
1591 233 1768 269 διαρθρώσει
1786 235 1855 260 πύ-

1057 279 1149 306 δουσα.
1172 279 1215 310 Ὠς
1232 279 1269 314 μὴ
1284 279 1417 313 ἀναγνοὺς
1430 279 1459 306 δὲ
1472 279 1522 311 τὰς
1536 280 1612 316 ἱερὰς
1625 281 1711 316 ἡμῶν
1726 280 1854 315 Γραςάςὲ

1058 326 1160 357 Κέλσος
1171 326 1260 361 ἐαυτῷ
1275 326 1452 361 ἀποκρίνεται
1468 327 1506 358 ώς
1520 327 1568 362 ἀφ’
1580 326 1674 362 ἡμῶν,
1696 327 1741 353 ὅτι
1771 339 1780 352 ι
1800 327 1855 354 ἄλλα]

1057 381 1082 398 τι
1098 372 1175 406 γένος
1191 372 1267 408 παρὰ
1287 372 1354 399 Θεοῦ
1370 373 1425 409 (12)
1449 381 1539 408 φαμεν
1555 374 1620 404 τοὺς
1638 373 1855 405 καταϐαίνοντας

1057 418 1100 444 ἐπ’
1115 418 1258 454 εὐεργεσίᾳ
1276 418 1330 445 τῶν
1345 418 1496 454 ἀνθρώπων
1509 419 1655 453 ἀγγέλους,
1675 428 1686 445 ι
1706 419 1758 446 καί
1768 428 1854 455 φησιν,

1060 474 1070 489 ‹
1093 464 1131 496 ὡς
1144 464 1174 490 τὸ
1188 465 1271 496 εἰκὸς,
1288 464 1414 500 λεχθῆναι
1429 465 1462 492 ἂν
1478 465 1579 497 αὐτοὺς
1594 465 1640 498 ὑφ’
1656 465 1742 500 ἡμῶν
1766 466 1856 500 δαίμων

1057 518 1114 542 νας·
1139 519 1147 535 ι
1164 510 1213 545 οὺχ
1230 510 1311 545 ὁρῶν,
1331 511 1372 536 ὅτι
1397 510 1428 537 τὸ
1445 510 1499 537 τῶν
1521 511 1658 545 δαιμόνων
1687 511 1779 546 ὕνομα
1799 511 1856 538 οὐδὲ

1059 556 1140 591 μέσον
1158 556 1241 587 ἐστὶν,
1258 555 1296 586 ὡς
1309 555 1340 582 τὸ
1352 555 1406 582 τῶν
1419 555 1582 591 ἀνθρώπων,
1603 557 1633 582 ὲν
1649 553 1694 587 οἷς
1715 565 1792 588 τινες
1812 558 1855 592 μὲν

1057 602 1168 633 ἀστεῖοι,
1188 601 1260 632 τινὲς
1281 601 1308 627 δὲ
1324 601 1419 634 φαῦλοί
1442 602 1520 628 εἰσιν
1543 602 1599 628 οὔτ’
1618 603 1743 635 ἀστεῖον,
1769 602 1854 629 ὁποῖόν

1056 647 1113 673 ἐστι
1127 647 1158 673 τὸ
1170 647 1224 674 τῶν
1236 647 1314 679 Θεῶν,
1330 647 1496 682 τασσόμενον
1511 648 1563 674 οὐκ
1576 648 1623 674 ἐπὶ
1637 648 1756 682 φαύλων
1770 649 1857 682 δαιμο-

1056 692 1129 724 νίων,
1147 693 1162 728 ἢ
1179 693 1224 719 ἐπὶ
1239 693 1414 728 ἀγαλμάτων,
1428 693 1444 728 ἦ
1458 694 1504 719 ἐπὶ
1516 693 1605 726 ζώων,
1620 694 1680 720 ἀλλ’
1692 694 1749 720 ὑπὸ
1761 694 1814 720 τῶν
1825 695 1857 720 τὰ,

1056 739 1124 765 Θεοῦ
1141 739 1299 779 ἐγνωκότων
1315 739 1362 765 ἐπὶ
1376 739 1429 766 τῶν
1446 739 1554 774 ἀληθῶς
1578 740 1730 775 θειοτέρων
1745 741 1793 766 καὶ
1808 749 1856 775 μα-

1056 787 1169 822 καρίων·
1186 785 1230 812 ἀεὶ
1241 785 1262 811 δ’
1274 785 1319 812 ἐπὶ
1332 785 1386 811 τῶν
1398 785 1505 820 φαύλων
1516 785 1569 817 ἔξω
1579 786 1626 812 τοῦ
1637 786 1798 821 παχυτέρου
1811 787 1855 812 sth—

1059 841 1141 867 ματος
1164 831 1303 866 δυνάμεων
1327 831 1456 858 τάσσεται
1477 831 1508 857 τὸ
1526 831 1580 857 τῶν
1598 831 1742 866 δαιμόνων
1762 832 1852 866 ὄνομα.

1056 877 1218 904 πλανώντων
1230 878 1277 903 καὶ
1289 876 1484 911 περισπώντων
1494 877 1557 907 τοὺς
1567 875 1743 911 ἀνθρώπους,
1756 878 1804 903 καὶ
1813 887 1854 904 zu.

212 923 362 950 θελκόντων
379 924 434 950 ἀπὺ
447 923 494 950 τοῦ
510 923 578 949 Θεοῦ
594 923 642 949 καὶ
658 922 712 949 τῶν
734 923 939 958 ὑπερουρανίων
961 924 1007 950 ἐπὶ
1024 923 1057 950 τὰ
1071 924 1134 959 τῇδε
1153 924 1314 959 πράγματα.

248 971 276 997 6.
294 971 390 998 Postea
408 971 447 998 sic
460 970 494 998 de
509 970 610 998 Iudaeis
625 971 746 1005 loquitur
762 979 769 997 :
789 980 799 996 ‹
818 970 874 998 Hoc
885 971 1003 1005 primum

212 1017 246 1045 de
261 1016 362 1044 Judacis
382 1016 449 1043 mihi
466 1016 565 1043 mirum
578 1017 689 1048 accidit,
705 1017 788 1051 quod,
812 1017 935 1051 quamvis
951 1024 1005 1044 cce-

211 1063 266 1090 lum
283 1068 311 1090 et
322 1063 368 1098 qui
384 1063 410 1090 in
427 1062 472 1090 illo
489 1067 552 1090 sunt
578 1063 690 1097 angelos
712 1067 877 1090 venerentur
891 1082 899 1095 ,
920 1062 1003 1090 solem

213 1115 317 1143 tamen,
335 1109 428 1135 lunam
440 1109 563 1144 aliasque
576 1109 669 1136 stellas
682 1116 744 1136 cum
758 1108 825 1136 ﬁxas
841 1112 896 1135 tum
910 1116 1004 1135 erran-

212 1160 263 1189 tes,
279 1163 339 1190 qua:
358 1159 433 1182 certe
456 1159 520 1182 sunt
535 1155 738 1189 augustissimte
756 1159 784 1182 et
807 1154 1004 1189 potentissinm

211 1202 274 1228 (mh
301 1205 405 1236 partes,
422 1201 534 1228 minime
552 1200 665 1228 colenda
683 1207 743 1227 esse
762 1200 896 1235 judicent.
919 1199 1002 1232 Quasi

212 1247 270 1275 haec
277 1247 358 1275 simul
368 1248 507 1275 cohaerere
519 1247 599 1282 581
610 1251 733 1281 possent,
748 1250 835 1274 totum
844 1252 904 1273 esse
917 1245 1001 1273 Deum

211 1298 239 1321 et
256 1298 346 1327 partes
361 1293 445 1320 totius
462 1300 517 1320 non
541 1300 604 1320 esse
621 1292 727 1319 divinas
741 1298 748 1317 :
763 1291 841 1325 quasi
858 1290 901 1317 l‘as
927 1295 1002 1318 esset

212 1346 318 1366 summo
333 1339 437 1366 honore
449 1338 577 1374 prosequi
593 1345 651 1368 eos.
666 1338 712 1372 qui
725 1338 751 1364 in
764 1337 886 1365 tenebris
902 1336 1001 1363 alicubi

211 1384 237 1410 vi
256 1384 384 1419 improha:
396 1384 464 1410 artis
474 1383 587 1418 magicae
603 1383 755 1414 occaecatis,
767 1387 811 1409 aut
825 1390 873 1416 per
885 1382 1000 1409 obscura

212 1435 320 1465 speclra
339 1429 538 1457 somniantibus
550 1435 684 1463 apparere
699 1428 843 1461 dicuntur;
864 1428 922 1455 illos
938 1435 1001 1455 vero

212 1477 289 1504 nihili
306 1476 423 1510 pendere
438 1474 639 1502 illustrissimus
655 1481 746 1500 rerum
763 1481 844 1508 supra
862 1481 912 1500 nos
927 1474 1000 1508 posi-

214 1527 303 1548 tarum
322 1527 471 1554 praet-ones,
489 1519 550 1547 illos
573 1526 637 1546 vere
665 1519 790 1546 caelestes
817 1519 938 1553 angelos,
955 1519 1001 1553 qui

214 1571 268 1594 tam
293 1566 437 1601 perspicua
465 1565 603 1598 omnibus,
630 1570 684 1591 tam
710 1565 851 1599 splendida
869 1565 998 1592 vaticinia

212 1613 306 1643 edunt,
332 1610 377 1645 qui
403 1610 518 1644 pluvias,
547 1615 641 1642 aestus,
670 1610 795 1641 nebulas,
828 1609 946 1636 tonitrua
966 1605 1035 1637 abC

213 1657 280 1692 ipsis
301 1657 425 1688 adorata,
445 1655 570 1690 fulgura,
596 1655 712 1687 fructus,
741 1660 889 1690 proventus
907 1663 1002 1683 omnes

214 1702 419 1733 administrant,
443 1701 543 1734 quibus
558 1699 676 1734 denique
693 1699 739 1726 Dei
756 1700 939 1735 cognitionem
956 1701 1002 1726 de-

213 1749 309 1774 bent.»
330 1746 378 1774 llic
406 1747 471 1773 mihi
495 1745 590 1773 Celsus
614 1746 720 1772 videtur
741 1745 769 1772 in
796 1746 1002 1780 perturbatione

213 1798 336 1822 versatus
359 1794 502 1828 scripsisse
524 1801 584 1829 qua:
607 1792 757 1824 nesciebat,
783 1796 830 1818 aut
851 1799 912 1826 quae
933 1792 1002 1818 male

213 1839 396 1867 intellexerat.
409 1839 507 1873 Liquet
521 1838 594 1865 enim
608 1845 650 1865 res
662 1836 818 1864 Jutlasorum
835 1836 1000 1864 examinanti

212 1890 240 1912 ct
257 1892 318 1911 cum
335 1883 554 1910 Christianorum
573 1882 653 1909 rebus
669 1883 830 1913 confcreuti,
848 1881 915 1908 nihil
931 1881 1002 1908 aliud

213 1938 227 1956 a
258 1929 358 1956 Iudaeis
387 1929 497 1956 adorari
525 1933 623 1964 praeter
651 1928 735 1954 Deum
765 1928 827 1954 ραιιί
856 1934 1002 1961 rerumque

211 1975 333 2003 omnium
351 1975 532 2002 conditorem.
551 1974 656 2009 Quippe
680 1965 725 2007 qui
750 1972 836 2007 legem
853 1976 1002 2006 sequuntur

213 2031 228 2049 a
245 2023 301 2049 Deo
315 2022 446 2049 sancitum
460 2021 502 2048 his
517 2021 609 2048 verbis
626 2027 633 2046 :
651 2029 660 2046 ι
671 2019 729 2046 Non
745 2024 825 2046 erunt
840 2019 888 2045 tibi
903 2018 947 2045 alii
965 2018 1000 2045 dii

211 2072 311 2103 praeter
326 2074 389 2094 me:
403 2075 456 2094 non
475 2066 559 2093 facies
575 2066 622 2093 tibi
639 2065 774 2100 sculptile,
788 2073 875 2100 neque
891 2071 1000 2092 omnem

212 2113 428 2143 similitudinem,
447 2119 507 2146 quae
521 2111 602 2138 estin
621 2110 690 2137 ccelo
709 2111 835 2145 desuper,
855 2114 882 2136 et
899 2117 962 2144 qua:
974 2110 1000 2137 in

213 2162 286 2185 terra
305 2157 444 2189 deorsum,
469 2163 519 2183 nec
535 2163 631 2182 eorum
647 2162 707 2190 qua:
731 2160 793 2182 sunt
807 2155 834 2182 in
855 2155 933 2189 aquis
950 2155 1001 2182 sub

213 2209 298 2232 terra.
310 2202 369 2230 Non
388 2202 514 2230 adorabis
525 2209 566 2233 ea,
583 2208 670 2235 neque
686 2201 816 2227 coles”.i
836 2200 900 2227 inde
914 2205 1000 2235 patet,

213 2250 260 2284 qui
278 2257 312 2276 ex
338 2248 495 2282 praescripto
517 2247 584 2281 legis
601 2246 696 2272 vivunt
715 2250 742 2272 et
762 2245 919 2272 Creatorem
938 2244 1000 2271 caeli

213 2296 341 2326 adorant,
358 2294 392 2321 ab
415 2294 447 2320 iis
471 2293 564 2320 eodem
585 2292 611 2318 in
635 2292 737 2318 honore
762 2291 861 2318 cmlum
880 2297 932 2317 non
948 2290 1000 2317 ha-

214 2341 282 2369 beri.
299 2341 392 2375 Neque
412 2340 494 2367 etiam
511 2338 636 2373 angelos,
656 2337 702 2371 qui
718 2337 743 2363 in
767 2336 836 2364 coelo
854 2340 924 2366 sunt,
955 2336 1001 2363 ad-

214 2392 287 2420 orat,
302 2387 427 2421 quisquis
448 2385 594 2412 Mosaicam
613 2384 697 2417 legem
710 2383 846 2409 observat.
865 2381 998 2415 Quemad-

215 2433 324 2460 modum
340 2431 412 2458 enim
436 2430 520 2458 solem
535 2434 563 2456 et
577 2429 667 2455 lunam
687 2432 714 2454 et
728 2427 829 2458 stellas,
848 2426 939 2453 mundi
954 2433 999 2453 or-

214 2482 352 2510 namenta,
374 2485 427 2504 non
448 2476 577 2508 adorant;
600 2475 641 2502 sic
656 2474 725 2502 caelo
747 2478 773 2501 et
794 2473 898 2508 angelis
912 2472 1000 2507 quiin

214 2523 260 2551 illo
279 2527 351 2556 sunt,
374 2523 446 2550 illlllc
473 2523 602 2548 honorem
628 2520 729 2547 habere
749 2519 886 2554 refugiunt
901 2529 906 2546 :
920 2519 1000 2545 obsc—

214 2574 328 2605 quentes
344 2569 406 2596 huic
429 2568 481 2600 ieqi
494 2577 500 2593 :
513 2576 523 2593 ι
535 2566 573 2594 Ne
599 2566 712 2594 elevatis
728 2565 815 2594 oculis
839 2565 872 2592 ad
889 2564 998 2596 coelum,

1017 2274 1040 2303 Ι)

265 2662 288 2678 πε
307 2662 393 2689 Exod.
405 2670 451 2695 xx,
469 2662 495 2693 δ,
510 2661 538 2693 ι,
557 2661 582 2688 5.
600 2648 604 2649 ⁷

250 2743 308 2778 (μὶ)
324 2744 406 2777 Παρὰ
422 2739 508 2770 Gavii.-
523 2739 594 2777 Lege
611 2738 673 2770 cii—ni
689 2741 832 2769 Bohercllo
848 2740 875 2768 δι
889 2740 997 2772 Gnicto,

215 2778 291 2812 παρὰ
307 2779 383 2810 θεούς
397 2779 437 2805 vel
447 2778 522 2813 παρὰ
531 2778 605 2804 Θεόν.

253 2810 307 2846 (15)
320 2814 368 2843 Ὠ(-
376 2810 581 2846 ἑνδεχόίιενον.
589 2813 765 2840 Accusalivus
776 2819 864 2842 casus,
877 2810 1000 2838 absolute

218 2852 330 2881 positus,
349 2855 502 2882 quanquam
517 2848 612 2875 Guielo
630 2848 801 2875 scribendum
819 2846 925 2874 videtur
937 2865 945 2880 ε
961 2846 998 2879 ὡς

1091 973 1168 999 Μετά
1182 972 1269 999 ταῦτα
1283 972 1310 998 δὲ
1330 972 1458 1007 τοιαύτην
1472 971 1609 998 ἐκτίθεται
1630 972 1698 1007 περὶ
1720 972 1854 998 Ἰοώαἰων

1055 1017 1135 1049 λέξιν·
1152 1026 1160 1042 ι
1175 1016 1286 1052 Πρῶτον
1295 1015 1341 1043 οὖν
1352 1016 1405 1043 τῶν
1423 1016 1554 1042 Ἰουδαίων
1565 1016 1722 1052 θαυμάζειν
1735 1016 1822 1050 ἄξιον,
1834 1020 1854 1043 εὶ

1055 1064 1100 1090 τὸν
1113 1063 1162 1099 μὲν
1171 1063 1285 1098 οὐρανὸν
1296 1063 1343 1089 καὶ
1350 1063 1412 1094 τοὺς
1423 1063 1452 1089 ὲν
1461 1062 1529 1097 τῷδε
1539 1063 1675 1097 ἀγγέλους
1688 1063 1813 1094 σέϐουσι,
1826 1064 1856 1089 τα

1056 1109 1209 1144 σεμνότατα
1218 1108 1246 1135 δὲ
1260 1107 1342 1134 αὑτοῦ
1358 1108 1429 1143 μέρη
1444 1108 1491 1134 καὶ
1504 1107 1695 1139 δυνατώτατα,
1707 1109 1798 1144 ἥλιον,
1812 1105 1855 1134 κάξ

1055 1154 1181 1189 σελήνην,
1203 1153 1250 1180 καὶ
1268 1154 1330 1185 τοὺς
1352 1152 1447 1184 ἄλλους
1461 1153 1589 1188 ἀστέρας,
1607 1153 1744 1184 ἀπλανεῖς
1764 1162 1795 1180 τε
1812 1155 1855 1179 καὶ

1055 1198 1210 1233 πλανήτας,
1238 1198 1326 1225 ταῦτα
1355 1199 1604 1234 παραπέμπουσιν.
1633 1200 1680 1230 Ὧς
1707 1200 1853 1234 ἐνδεχόμε-

1054 1254 1097 1271 νον
1113 1244 1178 1280 (15),
1195 1244 1225 1271 τὸ
1242 1245 1290 1280 μὲν
1314 1244 1372 1270 ὅλον
1393 1243 1462 1271 εἶναι
1481 1244 1556 1275 Θεὸν⁷
1577 1244 1612 1271 τὰ
1627 1245 1656 1271 δὲ
1676 1245 1753 1281 μέρη
1774 1246 1855 1272 αὐτοὶ

1055 1290 1091 1325 μὴ
1112 1290 1180 1316 θεῖα·
1197 1290 1213 1325 ἢ
1231 1290 1294 1321 τοὺς
1315 1291 1363 1325 μὲν
1379 1291 1408 1316 ὲν
1424 1290 1511 1325 σκότῳ
1528 1298 1579 1316 που
1600 1291 1632 1317 ὲκ
1651 1292 1792 1326 γοητείας
1808 1293 1858 1319 οὐκ

1053 1336 1136 1371 ὀρθῆς
1146 1335 1354 1370 τυφλώττουσιν,
1364 1335 1421 1370 ἢδι”
1430 1336 1556 1371 ἀμυδρῶν
1568 1338 1722 1371 φασμάτων
1734 1338 1857 1374 ὀνειρώτ-

1053 1390 1144 1408 τουσιν
1160 1382 1339 1418 ὲγχρίμπτειν
1354 1381 1525 1417 λεγομένους,
1540 1380 1569 1408 εὖ
1586 1383 1659 1417 μάλα
1677 1383 1855 1418 θρησκεύειν*

1054 1427 1117 1457 τοὺς
1137 1427 1160 1453 δ’
1177 1427 1297 1463 ἐναργῶς
1320 1427 1391 1453 οὕτω
1412 1428 1458 1454 καὶ
1479 1427 1615 1464 λαμπρῶς
1637 1429 1728 1455 ᾰπασι
1751 1437 1858 1466 προφη-

1054 1472 1191 1505 τεύοντας,
1205 1473 1238 1499 δι’
1252 1470 1289 1499 ὧν
1312 1473 1405 1504 ὑετούς
1419 1482 1449 1500 τε
1463 1474 1508 1500 καὶ
1525 1474 1627 1510 θάλπη,
1644 1475 1695 1501 καὶ
1709 1475 1796 1511 νέφη,
1814 1477 1856 1502 καὶ

1055 1519 1168 1555 βροντὰς
1191 1519 1234 1554 (ἃς
1255 1519 1458 1556 προσκυνοῦσι,)
1475 1521 1521 1547 καὶ
1537 1521 1694 1555 ἀστραπὰς,
1714 1522 1770 1548 καὶ
1793 1531 1857 1558 καρ

1055 1566 1131 1597 ποὺς,
1154 1565 1201 1592 καὶ
1222 1565 1302 1599 γονὰς
1323 1566 1431 1598 ἁπάσας
1453 1566 1633 1601 ταμιεύεσθαι
1661 1567 1734 1602 (114),
1760 1568 1796 1594 δι’
1824 1565 1857 1594 (In

1052 1611 1143 1643 αὐτοῖς
1158 1611 1394 1638 ἀνακαλύπτεσθαι
1410 1612 1455 1638 τὸν
1469 1612 1546 1643 Θεὸν,
1559 1614 1623 1644 τοὺς
1639 1614 1858 1648 φανερωτάτους

1053 1656 1107 1683 τῶν
1122 1657 1177 1683 ἄνω
1197 1658 1330 1692 κήρυκας,
1347 1658 1409 1689 τοὺς
1425 1658 1462 1690 ώς
1478 1659 1585 1694 ἀληθῶς
1607 1659 1758 1694 οὐρανίους
1776 1661 1858 1694 ἀγγέ-

1054 1702 1126 1733 λους,
1145 1702 1256 1733 τούτους
1279 1703 1402 1737 ἡγεῖσθαι
1422 1704 1452 1730 τὸ
1476 1705 1568 1739 μηδὲν.
1584 1715 1592 1730 ι
1619 1706 1662 1731 Ἐν
1694 1705 1811 1737 τούτοις

1053 1748 1126 1775 δοκεῖ
1137 1757 1181 1783 μοι
1193 1749 1374 1784 συγκεχύσθαι
1386 1750 1516 1781 όΚέλσος,
1526 1751 1575 1777 καὶ
1586 1751 1640 1778 ἀπὸ
1650 1753 1858 1787 παρακουσμά-

1054 1802 1117 1824 των,
1131 1793 1148 1819 ἃ
1164 1793 1200 1829 μὴ
1217 1793 1284 1828 ᾔδει,
1296 1795 1473 1829 γεγραφέναι·
1491 1796 1576 1830 σαφὲς
1591 1796 1645 1832 γὰρ
1661 1799 1722 1828 τοῖς
1738 1798 1775 1824 τὰ
1794 1798 1856 1824 Ἰον-

1052 1838 1134 1865 δαίων
1158 1838 1323 1871 ἐξετάζουσι,
1349 1841 1396 1866 καὶ
1416 1840 1449 1866 τὰ
1466 1841 1638 1875 Χριστιανῶν
1657 1842 1779 1874 ἐκείνοις
1796 1852 1856 1869 συιδ-

1054 1884 1194 1915 άτττουσιν,
1218 1883 1258 1910 ὅτι
1283 1884 1321 1919 τῷ
1343 1884 1392 1919 μὲν
1409 1885 1482 1920 νόμῳ
1499 1886 1710 1918 ἀκολουθοῦντες
1733 1887 1855 1913 Ἰουδαῖοι

1053 1929 1158 1962 λέγοντι
1182 1929 1214 1955 ἐκ
1238 1928 1384 1964 προσώπου
1400 1929 1478 1955 Θεοῦ·
1505 1939 1513 1954 ι
1528 1930 1585 1956 Οὐκ
1601 1930 1709 1956 ἔσονταί
1735 1940 1779 1957 σοι
1802 1931 1856 1957 θεοὶ

1054 1975 1142 2011 ἕτεροι
1157 1975 1226 2010 πλὴν
1244 1975 1321 2011 ἐμοῦ.
1335 1975 1373 2001 Οὐ
1389 1976 1512 2011 ποιήσεις
1527 1975 1632 2010 σεαυτῷ
1648 1976 1777 2007 εἴδωλον,
1796 1977 1855 2003 οὐδὲ

1054 2021 1153 2052 παντὸς
1167 2021 1303 2056 ὁμοίωμα,
1319 2021 1369 2047 ὅσα
1384 2022 1412 2048 ἐν
1427 2021 1465 2056 τῷ
1479 2021 1587 2056 οὐρανῷ
1605 2021 1672 2052 ἄνω,
1690 2023 1742 2048 καὶ
1759 2022 1812 2048 ὅσα
1829 2023 1855 2048 ἐν

1052 2068 1084 2101 τῇ
1096 2067 1130 2101 γῇ
1141 2066 1225 2098 κάτω,
1235 2067 1281 2093 καὶ⁸
1289 2067 1337 2092 ὃσα
1346 2067 1375 2092 ὲν
1383 2067 1438 2097 τοῖς
1447 2066 1538 2092 ὕδασιν
1549 2066 1680 2092 ὑποκάτω
1687 2066 1742 2101 τῆς
1749 2067 1814 2102 γῆς,
1827 2068 1853 2092 cl

1053 2113 1252 2147 προσκυνήσεις
1268 2112 1370 2144 αὐτοῖς,
1393 2111 1453 2138 οὐδὲ
1476 2112 1513 2147 μὴ
1534 2111 1695 2147 λατρεύσεις
1721 2113 1827 2144 αὐτοίς-
1844 2123 1850 2137 ι

1053 2157 1127 2183 οὐδὲν
1141 2157 1204 2184 ἄλλο
1221 2157 1354 2188 σέϐουσιν,
1367 2157 1384 2192 ἣ
1398 2157 1443 2183 τὸν
1455 2157 1501 2183 ἐπὶ
1512 2157 1580 2183 πᾶσι
1596 2157 1672 2189 Θεὸν,
1689 2157 1721 2189 ὃς
1738 2159 1850 2193 ἐποίησε

1052 2203 1098 2229 τὸν
1115 2203 1229 2238 οὐρανὸν
1252 2203 1298 2229 καὶ
1323 2202 1358 2229 τὰ
1386 2202 1467 2229 λοιπὰ
1489 2203 1587 2230 πάντα.
1604 2202 1693 2237 Δῆλον
1715 2203 1740 2229 δ’
1765 2205 1808 2230 ὃτι
1830 2205 1852 2230 οἱ

1053 2249 1123 2275 κατά
1136 2249 1181 2275 τὸν
1193 2248 1274 2284 νόμον
1289 2248 1419 2283 βιοῦντες,
1438 2248 1561 2280 σέϐοντες
1577 2248 1623 2275 τὸν
1639 2249 1797 2282 ποιήσαντα
1810 2251 1852 2276 τὸν

1053 2294 1176 2330 οὐρανὸν,
1197 2295 1227 2321 οὐ
1245 2294 1405 2321 συσσέὸουσι
1423 2294 1461 2330 τῷ
1482 2294 1541 2330 Θεῷ
1558 2294 1603 2321 τὸν
1617 2295 1749 2330 οὐρανόν.
1774 2295 1853 2321 Ἀλὶά

1053 2340 1100 2367 καὶ
1114 2341 1176 2372 τοὺς
1187 2341 1215 2367 ὲν
1225 2340 1264 2375 τῷ
1273 2339 1379 2376 οὐρανῷ
1393 2340 1525 2374 ἀγγέλους
1536 2340 1622 2372 οὐδεὶς
1640 2340 1696 2367 τῶν
1709 2341 1851 2367 Bouh-.16?-

1053 2394 1106 2412 των
1129 2385 1167 2421 τῷ
1189 2386 1327 2417 Μωῦσέως
1348 2386 1422 2421 νόμῳ
1449 2387 1607 2421 προσκυνεῐσ
1630 2386 1735 2420 ὁμοίως
1758 2386 1787 2413 δὲ
1816 2387 1851 2420 τῷ

1055 2430 1092 2465 μὴ
1107 2432 1268 2465 προσκυνεῖν
1284 2430 1369 2465 ἥλιον,
1382 2430 1429 2457 καὶ
1444 2430 1569 2465 σελήνην,
1585 2430 1633 2457 καὶ
1644 2431 1708 2462 τοὺς
1721 2431 1850 2467 ἀστέρας.

1054 2474 1099 2500 τὸν
1116 2474 1217 2510 κόσμον
1234 2474 1281 2500 τοῦ
1296 2475 1421 2510 οὐρανοῦ,
1440 2475 1587 2509 ἀπέχονται
1613 2475 1662 2502 τοῦ
1687 2478 1850 2511 προσκυνεῖν

1054 2519 1167 2555 οὐρανὸν
1193 2520 1240 2548 καὶ
1255 2522 1318 2552 τοὺς
1335 2522 1363 2548 ἐν
1385 2521 1459 2556 αὐτῷ
1474 2521 1620 2556 ἀγγέλους,
1638 2522 1800 2558 πειθόμενοι
1817 2522 1850 2556 τῷ

1054 2565 1159 2599 λέγοντι
1175 2566 1259 2602 νόμῳ·
1277 2576 1286 2592 ι
1297 2567 1351 2593 Καὶ
1375 2567 1412 2602 μὴ
1434 2567 1589 2602 ἀναϐλέψας
1604 2568 1645 2600 εἰς
1663 2568 1710 2595 τὸν
1727 2567 1850 2604 οὐρανδν,

1053 2740 1235 2776 ἐνδεχομένου.

1089 2775 1151 2810 (Ml
1165 2777 1366 2811 Ταμιεύεσθαι.
1381 2775 1556 2810 Addendum,
1573 2777 1618 2806 vel
1632 2777 1848 2806 subaudiendum

1053 2811 1142 2847 δῆλον,
1157 2819 1204 2839 aut
1220 2813 1284 2847 quid
1297 2811 1393 2840 simile.
