1908 3099
136 156 207 184 1177

135 223 198 246 τας,
210 215 251 241 ὅτι
263 213 359 240 ἀπίασί
374 213 451 240 ποιοῖ
461 213 577 250 δρνιθες,
589 213 635 240 καὶ
647 215 788 251 ποιήσουσι
802 215 862 242 τόδε
873 215 928 251 (77)

134 261 152 296 ἢ
162 261 233 292 τόδε,
250 259 410 296 προδηλοῦν·
425 259 471 286 καὶ
482 259 554 286 τοῦτ’
570 260 685 295 ἐροῦμεν
704 261 757 288 ἀπὸ
769 261 823 288 τῶν
839 261 930 297 δαιμό-

134 316 190 334 νων
211 306 381 342 συμϐολικῶς
389 305 543 342 ἀνθρώποις
554 306 728 341 δεδηλῶσθαι,
743 306 814 334 κατὰ
829 307 929 334 σκοπὸν

135 354 182 380 τὸν
202 354 266 390 περὶ
282 353 330 380 τοῦ
348 352 520 389 ἀπατηθῆναι
541 354 594 380 ὑπὸ
613 350 668 381 τῶν
681 355 815 390 δαιμόνων
826 355 872 382 τὸν
886 355 930 382 ἇν-

135 399 263 434 θρωπον,
282 400 329 426 καὶ
354 398 578 434 κατασπασθῆναι
595 399 677 425 αὐτοῦ
693 400 739 426 τὸν
755 400 817 427 νοῦν
829 400 876 427 ἀπ’
889 400 930 426 οὑ-

138 444 222 479 ρανοῦ
233 444 280 470 καὶ
291 443 358 470 Θεοῦ
373 444 418 470 ὲπὶ
430 443 482 478 γῆν
495 443 541 469 καὶ
553 443 587 470 τὰ
601 443 641 470 ἔτι
658 445 815 481 κατωτέρω.

174 490 231 516 Οὐκ
243 488 301 516 οἶδα
309 490 330 516 δ’
338 490 412 521 ὅπως
420 490 434 515 ὁ
443 489 544 520 Κέλσος
556 489 603 515 καὶ
613 490 695 525 ὅρκου
707 490 861 525 ἐλεφάντων
870 490 926 526 (78)

132 535 246 570 ἢκουσε,
268 536 314 562 καὶ
331 537 372 562 ὅτι
390 535 458 561 εἰσιν
471 532 542 561 οὗτοι
555 535 708 571 πιστότεροι
719 537 788 572 πρὸς
801 537 831 563 τὺ
851 537 928 563 Θεῖον

133 581 225 616 ἡμῶν,
241 582 286 607 καὶ
302 581 400 615 γνῶσιν
416 581 506 617 ἔχουσι
529 584 576 610 τοῦ
590 584 668 610 Θεοῦ.
688 582 757 616 Ἐγὼ
773 583 826 618 γὰρ
843 582 928 609 ’πολλὰ

134 627 187 661 μὲν
199 627 246 653 καὶ
258 626 402 662 θαυμαστὰ
414 625 472 654 οἶδα
484 629 547 664 περὶ
559 629 608 664 τῆς
626 629 731 664 φύσεως
744 628 791 654 τοῦ
803 628 872 660 ζὼου
881 627 927 654 καὶ

132 673 186 707 τῆς
205 672 376 708 ἡμερότητος
388 674 576 708 ἱστορούμενα,
588 675 618 701 οὒ
637 675 690 709 μὴν
701 674 748 700 καὶ
762 674 824 708 περὶ
838 673 927 708 ὅρκων

132 718 282 752 ἐλέφαντος
295 718 401 745 σύνοιδα
416 719 540 754 εἰρῆσθαι
554 721 629 755 παρά
641 729 703 745 τινι.
725 720 756 745 El
774 719 810 754 μὴ
831 719 884 754 ἄρα
896 719 926 744 τὸ

130 763 248 798 ἥμερον,
262 764 308 790 καὶ
319 764 367 799 τὴν
382 764 501 800 ὡσπερεὶ
511 765 579 800 πρὸς
591 764 750 800 ἀνθρώπους
764 763 852 790 αὐτῶν
863 772 925 790 συν-

132 809 226 844 θήκην
244 809 318 842 ἃπαξ
335 810 488 845 γενομένων
502 810 557 846 (79)
569 811 614 836 ὑπ’
629 811 729 841 αὐτοῖς,
746 809 872 844 εὐορκίαν
883 817 926 844 τη-

130 855 270 891 ρουμένην
287 856 434 891 ὠνόμασεν,
454 857 521 892 ὅπερ
534 857 580 883 καὶ
592 856 658 882 αὐτὸ
672 855 767 890 ψεῦδός
787 857 870 881 ἐστιν.
894 855 925 881 Εἰ

133 899 192 935 γὰρ
209 901 343 932 σπανίως,
365 901 422 927 ἀλλ’
439 899 486 928 οὖν
511 910 541 935 γε
564 901 719 936 ἱστόρηται,
740 901 780 926 ὅτι
799 900 866 935 μετὰ
877 900 925 936 τὴν

129 944 267 972 δοκοῦσαν
283 946 438 982 ἡμερότητα
457 946 663 982 ἐξηγριώθησαν
686 947 832 981 ἐλέφαντες
855 947 924 973 κατὰ

129 991 188 1017 τῶν
204 991 365 1027 ἀνθρώπων,
387 992 434 1018 καὶ
455 993 552 1026 φόνους
569 992 700 1027 ἐποίησαν
717 992 789 1025 (80),
811 993 857 1019 καὶ
880 992 924 1019 διὰ

111 1051 116 1055 -
130 1037 215 1063 τοῦτο
227 1037 459 1073 κατεδικάσθησαν
472 1039 659 1074 ἀναιρεθῆναι,
670 1039 708 1070 ὡς
724 1039 813 1065 οὐκέτι
832 1039 927 1074 χρήσι-

133 1091 191 1117 μοι.
214 1083 289 1109 Ἐπεὶ
302 1083 544 1119 δὲπαραλαμὸἀνει
555 1083 624 1119 μετά
637 1083 732 1115 ταῦτα,
747 1085 787 1116 εἰς
800 1084 830 1110 τὸ
840 1093 925 1110 κατα-

131 1128 267 1154 σκευάσαι
277 1128 325 1163 (ὡς
334 1129 439 1163 οἴεται),
450 1129 657 1164 εὐσεϐεστέρους
666 1127 735 1156 εἶναι
751 1130 813 1160 τοὺς
825 1129 925 1166 πελαρ-

129 1172 199 1206 γοὺς
208 1173 261 1199 τῶν
268 1173 468 1208 ἀνθρώπων,τὰ
478 1173 596 1209 περὶτοῦ
608 1173 676 1206 ζώου
691 1174 867 1210 ἱστορούμενα
882 1176 926 1201 ἀν-

128 1218 370 1253 τιπελαργοῦντος,
378 1220 423 1246 καὶ
431 1219 534 1255 τροφὰς
543 1220 669 1255 φέροντος
676 1221 731 1251 τοῖς
739 1221 922 1255 γεγεννηκόσι-

129 1263 254 1296 λεκτέον,
263 1266 303 1291 ὅτι
309 1265 356 1292 καὶ
367 1265 439 1291 τοῦτ’
449 1266 498 1292 οὐκ
506 1266 561 1292 ἀπὸ
571 1265 747 1301 θεωρήματος
754 1266 800 1292 τοῦ
807 1267 870 1300 περ).
877 1265 924 1292 τοῦ

129 1309 299 1345 καθήκοντος
309 1309 431 1336 ποιοῦσιν
447 1311 470 1336 oi
484 1310 625 1345 πελαργοὶ,
645 1310 698 1337 οὐδ’
712 1310 765 1337 ἀπὺ
779 1310 922 1346 λογισμοῦ,

130 1354 192 1381 ἀλλ’
205 1354 258 1381 ἀπὸ
275 1354 395 1389 φύσεως,
415 1355 595 1390 βουληθεισης
610 1356 659 1391 τῆς
671 1356 924 1392 κατασκευαζούσης

129 1399 234 1431 αὐτοὺς
249 1399 354 1433 φύσεως
363 1400 536 1436 παράδειγμα
548 1401 575 1426 ὲν
585 1401 692 1434 ἀλόγοις
705 1400 784 1433 ζώοις
800 1402 924 1437 δυσωπῆ-

132 1452 181 1469 σαι
194 1443 248 1478 (Sl)
259 1444 405 1479 δυνάμενον
419 1444 579 1479 ἀνθρώπους
593 1445 720 1472 ἐκθέσθαι
739 1447 803 1482 περὶ
819 1447 865 1473 τοῦ
880 1448 925 1482 χά-

131 1497 213 1524 ριτας
223 1490 389 1516 ἁποτιννύειν
397 1492 453 1522 τοῖς
464 1491 666 1526 γεγεννηκόσιν.
676 1492 707 1517 El
716 1491 744 1518 δὲ
754 1492 812 1527 ᾔδει
821 1493 924 1525 Κέλσος

129 1534 190 1570 ὅσῳ
206 1534 327 1570 διαφέρει
346 1535 417 1570 λόγῳ
437 1536 521 1562 ταῦτα
549 1537 635 1562 ποιεῖν
653 1536 701 1562 τοῦ
723 1537 828 1570 ἀλόγως
851 1537 922 1564 αὐτὰ

130 1580 181 1607 καὶ
193 1581 312 1614 φυσικῶς
326 1582 455 1617 ἐνεργεῖν,
471 1582 520 1608 οὐκ
530 1582 561 1608 ἂν
570 1582 777 1618 εὐσεϐεστέρους
788 1581 848 1609 εἷπε
858 1584 921 1615 τοὺς

130 1624 286 1660 πελαργοὺς
303 1625 356 1651 τῶν
374 1625 534 1662 ἀνθρώπων.
557 1627 616 1653 Ἔτι
635 1627 678 1658 δὲ,
697 1627 734 1658 ὡς
757 1627 827 1663 ὑπὲρ
845 1628 921 1654 εὐσε-

129 1669 212 1701 ϐείας
224 1670 277 1696 τῶν
289 1670 393 1704 ἀλόγων
404 1669 480 1702 ζώων
496 1671 646 1706 μαχόμενος
658 1671 712 1705 (82)
722 1672 736 1697 ὁ
745 1672 855 1704 Κέλσος,
870 1682 921 1700 πα-

131 1715 302 1751 ραλαμϐάνει
318 1715 349 1742 τὸ
371 1715 494 1751 Ἀράϐιον
507 1715 589 1747 ζῶον,
605 1716 649 1742 τὸν
666 1717 775 1743 Φοίνικα
794 1717 858 1753 (85),
876 1718 919 1745 διὰ

130 1760 239 1787 πολλῶν
256 1760 324 1788 ἐτῶν
341 1760 489 1796 ὲπιδημοῦν
506 1761 645 1796 Αἰγύπτιε),
663 1763 709 1789 καὶ
723 1763 803 1798 φέρον
818 1764 920 1791 ἀποθα-

130 1806 215 1833 νόντα
230 1806 274 1833 τὸν
291 1807 406 1842 πατέρα,
422 1807 468 1833 καὶ
486 1807 605 1841 ταφέντα
621 1809 650 1833 ὲν
668 1809 770 1843 σφαίρᾳ
787 1809 917 1845 σμύρνης,

129 1853 182 1879 καὶ
198 1852 316 1879 ὲπιτιοὲν
341 1852 396 1888 (84)
418 1853 485 1879 ὅπου
500 1853 531 1879 τὸ
556 1853 602 1879 τοῦ
622 1853 697 1888 ἡλίου
719 1854 840 1888 τέμενος.
865 1856 919 1881 Καὶ

129 1899 214 1925 τοῦτο
230 1899 367 1934 ἱστόρηται
393 1898 456 1934 μὲν,
474 1899 583 1925 δύναται
599 1899 636 1928 δὲ,
655 1899 757 1933 ἐάνπερ
805 1899 901 1934 ἀληθὲς
913 1920 919 1932 ,

130 1945 182 1973 καὶ
195 1945 260 1971 αὐτὸ
272 1945 384 1979 φυσικὸν
400 1944 542 1979 τυγχάνειν
553 1953 559 1959 ·
577 1945 858 1980 ἐπιδαψιλευσαμένης
872 1945 921 1980 τῆς

131 1991 210 2022 Θείας
226 1991 357 2026 Προνοίας
372 1991 419 2017 καὶ
433 1991 463 2016 ὲν
479 1991 539 2021 ταῖς
553 1990 694 2025 διαφοραῖς
709 1990 762 2016 τῶν
780 1990 855 2022 ζώων
868 1999 920 2016 πα-

131 2035 268 2072 ραστῆσαι
281 2037 336 2067 τοῖς
353 2036 505 2072 ἀνθρώποις
521 2035 551 2061 τὸ
567 2035 688 2062 ποικίλον
707 2036 756 2071 τῆς
773 2036 826 2061 τῶν
843 2037 871 2062 ἐν
882 2036 920 2071 τῷ

129 2082 230 2117 κόσμῳ
249 2083 434 2116 κατασκευῆς,
456 2081 556 2116 φθάνον
575 2082 621 2108 καὶ
636 2082 682 2107 ἐπὶ
701 2081 735 2107 τὰ
759 2081 855 2116 ὄρνεα·
874 2082 921 2108 καὶ

129 2129 203 2162 ζῶόν
226 2139 251 2155 τι
278 2129 419 2165 μονογενὲς
433 2130 602 2164 ὑπέστησεν,
628 2129 670 2156 ἴνα
693 2129 743 2155 κάν
758 2129 846 2164 τούτῳ
864 2128 918 2164 (85)

131 2177 203 2205 κότα
221 2177 295 2203 αὑτό.

173 2225 250 2251 Ἐπεὶ
274 2222 320 2251 οὖν
340 2225 443 2256 τούτοις
468 2226 552 2251 πᾶσιν
576 2225 700 2259 ἐπιφέρει
717 2225 731 2250 ὀ
748 2224 848 2256 Κέλσος
867 2225 916 2257 τὸ,

132 2280 142 2297 ι
161 2270 265 2297 Οὔκουν
278 2270 412 2306 ἀνθρώπῳ
428 2271 574 2306 πεποίηται
589 2271 623 2296 τὰ
638 2270 725 2296 πάντα
742 2269 808 2303 (86),
825 2270 918 2306 ὥσπερ

127 2317 193 2343 οὐδὲ
209 2316 306 2347 λέοντι,
324 2317 382 2342 οὐδὲ
397 2316 486 2351 ἀετῷ,
502 2317 561 2342 οὐδὲ
579 2316 695 2350 δελφῖνι·
714 2315 770 2342 ἀλλ’
787 2316 861 2347 ὅπως
875 2316 918 2342 ὅδε

127 2363 143 2388 ὁ
153 2362 259 2396 κόσμος
274 2362 312 2393 ὡς
329 2361 362 2388 ἂν
376 2361 443 2388 Θεοῦ
460 2362 539 2398 ἔργον
553 2362 696 2398 ὁλόκληρον
714 2363 760 2389 καὶ
771 2362 872 2389 τέλειον
888 2363 918 2395 ἐξ

127 2407 261 2436 ἁπάντων
271 2407 391 2443 γένηται·
400 2407 495 2434 τούτου
503 2408 582 2444 χάριν
598 2408 765 2444 μεμέτρηται
777 2409 812 2435 τὰ
829 2408 917 2434 πάντα

180 2530 226 2563 77)
247 2529 459 2566 litesclieliusrct
475 2529 637 2566 Spencerus.
650 2529 716 2566 τάδε
734 2531 749 2566 ἢ
763 2531 832 2556 τόδε.

179 2565 224 2599 78)
245 2564 299 2591 Καὶ
314 2564 404 2598 ὅρκου
417 2564 597 2599 ἐλεφάντων.
615 2565 697 2594 Pliu..
714 2564 759 2592 lib.
777 2573 835 2595 vm,
855 2572 914 2599 cap.

129 2601 143 2627 1
165 2608 173 2626 :
194 2609 204 2625 ι
226 2600 328 2627 Aliena:
342 2607 448 2633 quoque
466 2600 605 2634 religionis
618 2600 754 2627 intellectu
767 2600 915 2627 creduntur

130 2635 220 2662 maria
232 2635 372 2661 transituri
383 2643 434 2660 non
451 2639 512 2660 ante
527 2642 608 2661 naves
624 2636 818 2665 conscendere.
835 2642 915 2668 quam

130 2670 241 2697 invitati
252 2669 373 2704 rectoris
386 2669 562 2704 jurejurando
578 2671 611 2695 de
628 2670 726 2696 reditu.
746 2679 755 2694 ι
781 2669 914 2696 SPENCt-zn.

167 2704 227 2769 }79)
249 2703 416 2731 llceschelius
435 2705 460 2730 in
474 2708 560 2735 textu,
576 2705 756 2739 ταττομένων.

179 2739 225 2769 80)
254 2738 309 2764 Καὶ
339 2738 450 2769 φόνους
479 2738 636 2769 ἐποίησαν.
668 2739 729 2765 Huic
754 2751 756 2763 ε

179 2739 225 2772 80)
254 2738 309 2764 Καὶ
339 2738 450 2772 φόνους
479 2738 636 2771 ἐποίησαν.
668 2739 729 2765 Huic
754 2746 813 2773 qua:
846 2739 916 2771 apud

128 2773 318 2835 ξὶιιηςῖςΙιθιὶωη
331 2779 357 2800 et
366 2774 531 2808 Speucerum
542 2774 647 2805 desunt,
659 2774 816 2808 supplentur
829 2781 844 2801 c
856 2773 918 2800 l’hi-

140 2818 164 2834 04
175 2817 189 2834 ιι
205 2816 240 2834 la.

140 2818 164 2834 ()4
175 2816 240 2834 ulla.

166 2843 223 2901 γει)
244 2843 434 2876 Δυσωπῆσαι.
454 2842 520 2870 Male
535 2842 610 2870 abest
624 2851 638 2868 λ
652 2843 809 2872 Philncalia,

178 2879 223 2901 Ri)
241 2879 424 2901 Manilium-nr.
440 2877 582 2901 [‘liilin-alia
595 2877 809 2901 i1::iu.svu:.blm

178 2879 223 2907 ΚΖ)
241 2879 424 2911 Μαχιτμενος.
440 2877 582 2905 ῐἸιίιυιιιιΙίο
595 2878 743 2909 ἱστάμενος.
753 2877 810 2905 Mox
822 2878 914 2905 eadem

700 156 842 185 CONTRA
858 158 997 186 CELSUM
1015 158 1080 186 LIB.
1099 158 1144 186 IV.

1691 159 1760 188 M73

944 219 1039 246 Aean]
1066 215 1100 242 ob
1123 223 1179 242 rem
1206 215 1359 250 signiﬁcent
1378 222 1432 250 quo
1456 213 1618 250 profectum
1643 218 1670 242 et
1697 216 1762 250 quid

982 261 1094 300 factura:
1123 260 1177 288 sint
1202 268 1207 286 :
1239 261 1289 287 hoc
1325 261 1405 288 etiam
1437 261 1558 288 dicemus
1587 268 1602 286 a
1633 260 1761 287 daemoni-

981 308 1031 335 bus
1055 314 1104 342 per
1117 307 1193 341 signa
1209 306 1322 333 indicari
1343 306 1515 339 hominibus;
1533 307 1615 341 idque
1640 313 1673 334 eo
1694 313 1762 333 con-

980 353 1053 386 silio,
1073 358 1102 379 ut
1126 352 1249 379 homines
1271 351 1417 386 decipiant,
1437 356 1465 379 et
1488 357 1604 380 mentem
1626 354 1718 379 eerum
1744 359 1761 380 ιι

980 399 1049 426 ccelo
1063 398 1173 432 Deoqne
1192 398 1311 425 avulsam
1325 398 1351 425 in
1370 403 1469 425 terram
1483 402 1510 426 et
1527 398 1641 426 inferius
1663 398 1762 434 prmi-

980 444 1075 479 pilent.

1015 490 1059 517 98.
1074 488 1238 523 Elephantos
1251 487 1352 522 iurare,
1375 495 1438 522 erga
1453 487 1537 515 Deum
1552 488 1688 516 ﬁdeliores
1700 495 1760 516 esse

979 537 1068 568 nobis,
1083 535 1181 563 habere
1195 535 1240 561 Dei
1252 534 1400 564 notionem.
1415 535 1507 561 nescio
1521 535 1591 561 unde
1607 534 1702 562 Celsus
1713 542 1761 561 ac-

978 582 1091 616 ceperit.
1106 582 1162 616 Ego
1179 581 1250 608 enim
1262 581 1345 608 multa
1358 580 1466 614 quidem
1478 585 1505 607 et
1518 580 1630 607 miriﬁca
1648 581 1708 607 novi
1727 580 1760 608 dc

978 632 1073 654 natura
1087 626 1166 661 hujus
1178 626 1323 652 animantis
1336 625 1449 659 ejusque
1462 625 1667 651 mansuetudine
1679 625 1761 651 fuisse

979 673 1096 703 tradita;
1115 676 1144 698 at
1162 671 1194 698 de
1212 671 1270 704 ejus
1294 670 1457 704 juramentis
1477 670 1579 696 nullum
1595 670 1687 696 videre
1702 676 1757 695 me-

978 719 1055 750 mini,
1067 718 1113 752 qui
1130 718 1294 744 mentionem
1315 716 1419 743 fecerit.
1437 715 1493 742 Nisi
1515 715 1583 742 forte
1602 719 1760 740 mansuetu-

978 764 1066 791 dinem
1082 770 1175 790 eorum
1191 767 1217 789 et
1227 762 1303 796 quasi
1317 761 1404 788 foedus
1417 761 1450 788 ab
1467 761 1518 788 illis
1532 768 1592 787 cum
1605 759 1760 786 hominibus

978 808 1085 838 initum,
1099 807 1144 833 ubi
1161 806 1245 834 semel
1258 807 1296 833 eis
1313 805 1414 833 subditi
1430 809 1503 838 sunt,
1514 803 1661 838 juramenti
1680 802 1759 829 [idem

979 855 1104 889 appellet.
1130 853 1182 882 Sed
1209 861 1242 881 ne
1265 854 1290 880 id
1306 853 1413 888 quidem
1438 859 1531 879 verum
1554 856 1604 879 est.
1627 851 1693 877 Nam
1708 850 1760 877 etsi

942 887 963 914 Β
979 909 1051 933 raro,
1070 907 1262 935 nonnunquam
1287 904 1376 926 tamen
1394 899 1476 934 5'76
1497 898 1630 925 accidisse
1656 897 1758 928 fertur,

977 949 1007 971 ut
1022 944 1168 978 elephanti,
1184 944 1229 978 qui
1245 943 1422 974 mansucfaeti
1441 943 1487 969 visi
1507 947 1595 975 erant,
1608 942 1640 969 ad
1665 941 1759 976 pristi-

976 997 1038 1016 nam
1056 989 1190 1017 feritatem
1207 989 1337 1022 redirent,
1354 989 1442 1016 caedes
1462 993 1660 1023 perpetrarent.
1676 992 1758 1021 atque

977 1036 1077 1063 idcirco
1085 1041 1171 1063 morte
1181 1036 1374 1063 damnarentur
1388 1038 1417 1061 ut
1425 1034 1543 1061 inutiles.
1551 1033 1684 1066 Quoniam
1692 1038 1758 1058 vero

976 1083 1002 1109 in
1019 1082 1205 1116 sequentibus.
1221 1086 1250 1108 ut
1265 1082 1362 1115 probet
1371 1080 1491 1107 ciconias
1503 1079 1588 1114 magis
1602 1077 1757 1105 hominibus

975 1128 1035 1162 pius
1063 1136 1134 1160 esse,
1164 1131 1341 1154 memoratea
1366 1133 1426 1160 quae
1451 1126 1485 1152 de
1507 1124 1586 1158 hujus
1612 1123 1758 1150 animantis

976 1178 1053 1208 grato
1069 1173 1161 1200 animo
1183 1173 1208 1200 in
1234 1177 1363 1207 parentes
1390 1178 1491 1205 eosque
1506 1169 1645 1197 nutriendi
1667 1168 1758 1196 studio

976 1224 1085 1246 narrata
1102 1223 1185 1251 sunt;
1204 1219 1237 1245 ad
1248 1219 1300 1245 hoc
1310 1217 1465 1247 dicendum,
1479 1216 1505 1243 id
1519 1222 1570 1242 non
1584 1215 1673 1241 facere
1685 1213 1758 1240 cico-

975 1265 1034 1291 nias
1052 1264 1131 1291 nlheii
1148 1263 1301 1299 cognitione
1317 1266 1362 1289 aut
1374 1261 1478 1288 ratione
1490 1281 1497 1293 ,
1520 1261 1567 1288 sed
1583 1265 1687 1287 natura:
1706 1259 1756 1285 du—

975 1314 1031 1342 ctu,
1043 1317 1102 1344 quae
1119 1309 1154 1336 ita
1167 1309 1227 1335 illas
1239 1308 1392 1335 machinata
1409 1312 1461 1340 est,
1486 1311 1516 1333 ut
1529 1306 1610 1334 etiam
1624 1306 1650 1332 in
1664 1305 1757 1332 bestiis

975 1355 1127 1389 exemplum
1147 1358 1232 1386 esset,
1247 1354 1317 1380 unde
1335 1353 1458 1380 homines
1471 1352 1682 1379 admonerentur
1694 1358 1758 1385 gnu-

975 1401 1040 1427 tiam
1058 1399 1161 1427 referre
1172 1399 1340 1433 parentibus.
1367 1399 1395 1425 Si
1415 1398 1497 1426 sciret
1511 1397 1605 1424 Celsus
1622 1401 1753 1431 quantum

975 1445 1081 1472 intersit
1098 1445 1265 1472 rationehmc
1281 1445 1358 1476 liant,
1369 1452 1402 1471 an
1418 1451 1488 1471 caeco
1500 1449 1603 1470 natura;
1615 1443 1755 1472 instinctu,

975 1498 1111 1524 nunquam
1128 1490 1247 1517 ciconias
1272 1490 1356 1525 magis
1378 1490 1534 1517 hominibus
1554 1489 1612 1523 pias
1633 1495 1693 1515 esse
1714 1488 1756 1515 di—

975 1536 1069 1564 xisset.
1082 1536 1177 1563 Postea
1193 1536 1268 1570 quasi
1282 1536 1388 1571 pietatis
1402 1535 1558 1562 animalium
1572 1534 1754 1568 patrocinium

974 1582 1148 1616 suscepisset,
1164 1582 1196 1609 de
1212 1582 1340 1617 phtenicc
1356 1582 1462 1609 Arabia:
1482 1581 1546 1608 alite
1570 1580 1662 1612 refert,
1680 1580 1755 1607 illum

974 1632 1034 1661 post
1051 1628 1150 1654 multos
1168 1635 1255 1655 annos
1280 1627 1306 1654 in
1325 1627 1471 1663 [Egyptmn
1494 1627 1700 1661 transmigrare,
1722 1633 1756 1654 eo

974 1671 1045 1698 ferre
1057 1671 1174 1698 defuncti
1191 1672 1276 1706 patris
1284 1679 1383 1706 corpus
1397 1671 1477 1705 globo
1487 1672 1612 1707 myrrhea
1627 1676 1754 1705 tanquam

973 1716 1097 1750 sepulcro
1116 1717 1248 1744 inclusum
1261 1737 1267 1748 ,
1285 1717 1402 1752 illudque
1416 1717 1452 1744 ibi
1471 1718 1604 1745 collocare
1619 1718 1663 1744 ubi
1682 1716 1754 1744 Solis

975 1762 1102 1796 templum
1115 1768 1166 1790 est.
1182 1763 1220 1790 Ita
1236 1763 1373 1797 proditum
1397 1768 1450 1797 est,
1464 1763 1563 1790 fateor.
1579 1763 1631 1790 Sed
1647 1763 1753 1790 etiamsi

973 1818 1066 1837 verum
1080 1815 1161 1842 esset,
1178 1810 1304 1837 naturale
1327 1814 1416 1836 tamen
1432 1816 1491 1836 esse
1508 1814 1610 1843 potest;
1640 1816 1700 1835 cum
1714 1809 1755 1835 di-

973 1856 1034 1882 vina
1051 1856 1233 1889 Providentia,
1251 1857 1377 1884 creandis
1394 1859 1467 1882 tanta
1480 1855 1555 1889 copia
1571 1859 1696 1889 tantaque
1707 1862 1755 1880 vas

971 1902 1068 1928 rietate
1099 1903 1272 1934 animalibus,
1301 1902 1438 1936 explicare
1462 1901 1616 1928 hominibus
1640 1900 1754 1927 voluerit

972 1947 1154 1974 diversitatem
1168 1955 1272 1980 rerum,
1289 1956 1321 1976 ex
1338 1949 1437 1983 quibus
1451 1947 1522 1975 huuc
1538 1947 1664 1973 mundum
1678 1953 1754 1973 com-

971 1992 1074 2026 posuit;
1090 2001 1150 2027 qnm
1163 1994 1305 2021 diversitas
1320 1995 1402 2022 etiam
1418 1995 1443 2021 in
1459 1994 1555 2021 avibus
1570 1993 1750 2027 conspicitur.

969 2036 1047 2074 ‘Hanc
1058 2037 1141 2072 igitur
1160 2039 1250 2065 alitem
1266 2048 1321 2067 suae
1341 2039 1442 2075 speciei
1457 2040 1563 2068 unicam
1578 2039 1707 2071 condidit,
1724 2044 1753 2066 ut

971 2090 1024 2110 non
1038 2078 1121 2114 illam,
1137 2085 1182 2111 sed
1197 2085 1255 2118 ejus
1270 2086 1438 2113 conditorem
1455 2085 1661 2114 admirarentur.

947 2128 1045 2166 εῑτοιήσῃ
1073 2130 1261 2167 θαυμασθῆναι
1284 2133 1314 2158 οὐ
1337 2132 1368 2159 τὸ
1391 2133 1470 2165 ζῶον,
1487 2133 1555 2159 ἀλλὰ
1569 2132 1614 2159 τὸν
1638 2140 1753 2167 πεποιη-

936 2227 958 2255 D
1007 2225 1051 2253 99.
1066 2225 1128 2253 litae
1141 2226 1249 2253 tandem
1262 2227 1297 2252 ita
1314 2227 1407 2254 Celsus
1423 2226 1560 2254 concludit
1574 2235 1580 2253 :
1601 2235 1610 2252 ι
1627 2225 1685 2253 Non
1701 2226 1751 2261 igi-

972 2275 1015 2298 tur
1040 2272 1141 2298 homini
1166 2272 1235 2298 facta
1253 2276 1316 2298 sunt
1332 2272 1387 2298 haec
1402 2272 1503 2302 omnia.
1520 2277 1547 2298 ut
1565 2279 1651 2306 neque
1670 2271 1750 2303 leoni,

972 2325 1060 2353 neque
1075 2319 1180 2352 aquilzr,
1197 2325 1283 2352 neque
1298 2318 1435 2351 delphini;
1457 2318 1502 2345 sed
1516 2324 1544 2344 ut
1560 2319 1604 2345 hic
1620 2318 1751 2349 mundus,

971 2363 1042 2397 quod
1056 2371 1122 2397 opus
1140 2363 1183 2389 Dei
1202 2367 1252 2394 est,
1276 2363 1381 2396 integer
1397 2367 1424 2388 et
1437 2363 1510 2389 omni
1524 2369 1555 2389 ex
1572 2367 1648 2396 parte
1660 2362 1750 2397 perfe-

972 2414 1032 2437 ctus
1047 2414 1134 2442 esset;
1160 2414 1324 2444 quapropter
1349 2416 1443 2436 omnes
1467 2408 1523 2442 ejus
1540 2413 1631 2443 partes
1646 2416 1699 2436 non
1714 2408 1751 2435 ita

970 2531 1133 2567 l‘hilocalia,
1156 2532 1182 2558 τὸ
1205 2531 1325 2567 Ἀράϐων
1340 2531 1471 2567 ζῶονᾷὒο
1487 2531 1612 2567 phoenice
1623 2531 1690 2567 iride
1701 2552 1707 2563 ,
1727 2533 1749 2560 si

970 2571 1062 2595 \‘:l(‘:tl,
1077 2566 1191 2593 Plinium
1210 2565 1254 2594 liii.
1275 2575 1301 2597 Χ,
1317 2575 1339 2592 c.
1359 2567 1392 2598 2;
1408 2566 1492 2592 Tacil.
1509 2565 1604 2592 Δτιηηιιι,
1622 2566 1667 2592 lib.
1679 2573 1748 2597 γης.

969 2601 1024 2633 '28;
1051 2602 1128 2628 Dion.
1144 2603 1190 2628 lih.
1209 2610 1261 2628 uti
1276 2611 1283 2634 ;
1301 2602 1430 2634 Pompou.
1449 2601 1510 2628 Mel.
1528 2600 1573 2627 lib.
1587 2608 1627 2632 ut,
1643 2608 1701 2634 cap.
1721 2602 1748 2633 8,

1007 2635 1061 2670 (85)
1086 2636 1322 2663 Videllerndolum
1340 2637 1385 2662 lib.
1402 2645 1432 2663 ll.

1006 2671 1062 2705 (84)
1089 2671 1243 2697 Ἐπιτιθέν.
1270 2671 1352 2698 [lecte
1371 2672 1480 2698 omnino
1503 2670 1658 2702 Philocalia,
1677 2670 1748 2697 male

970 2710 1057 2732 autem
1075 2705 1243 2732 llmschelius
1259 2706 1455 2739 etSpencerus,
1468 2705 1632 2732 ἐπιτιθέντα.

1006 2739 1060 2776 (85)
1081 2740 1237 2776 l’hilocalia,
1252 2739 1302 2766 κᾶν
1315 2738 1412 2776 τούτῳ.
1433 2741 1599 2768 llwsehelius
1613 2744 1640 2767 ct
1663 2738 1748 2774 Speu-

971 2774 1058 2805 cerus.
1074 2775 1120 2801 καὶ
1136 2774 1223 2800 τοῦτο.

1006 2809 1061 2844 (86)
1085 2811 1120 2836 Τὰ
1139 2809 1245 2835 πάντα.
1270 2809 1315 2844 Sic
1332 2810 1496 2844 Philocalia,
1513 2809 1681 2839 llteschelius
1699 2817 1747 2841 au-

971 2849 1023 2871 tem
1041 2851 1067 2872 et
1083 2845 1240 2880 Speucerus,
1258 2843 1353 2871 ταῦτα.
1659 2852 1661 2855 ·
