1908 3099
176 135 245 163 1179

883 131 1044 160 ORIGENIS

1732 128 1807 156 H80

172 198 336 227 comparate
352 197 414 220 sunt.
429 197 458 218 ιιι
473 191 507 219 ad
523 199 552 219 se
566 192 694 224 invicem,
711 192 762 219 nisi
784 192 958 225 secundario,

1045 200 1061 217 κ
1075 190 1211 226 ἀλλήλων,
1230 189 1286 216 ἀλλ’
1305 189 1329 216 εἰ
1351 190 1387 225 μὴ
1412 190 1464 216 πᾶν
1483 189 1562 224 ἔργον
1579 187 1648 224 (87),
1672 187 1742 214 ἀλλὰ
1759 186 1808 214 τοῦ

171 239 221 266 sed
234 239 267 265 ad
284 238 440 264 universum
461 236 640 264 referrentur.
656 237 712 265 [loc
729 238 886 265 universum
903 238 957 266 Deo

172 290 244 310 cura:
259 289 318 314 est;
331 282 396 309 illud
413 290 551 316 nunquam
564 282 734 316 providentia
752 283 870 316 deserit;
887 291 957 310 nun-

172 337 251 363 quam
276 330 305 356 tit
331 330 469 361 deterius;
496 329 561 355 illttd
578 329 610 356 ad
635 336 664 356 se
685 337 737 356 non
760 336 870 357 revocat
888 330 959 358 Deus

171 375 264 409 elapso
278 375 394 409 quodam
413 379 551 407 tempore;
574 382 711 408 nunquam
727 375 883 403 hominibus
903 376 958 403 ira-

172 421 270 452 scitur,
287 426 316 446 ut
330 427 418 454 neque
443 419 543 452 simiis,
568 426 656 454 neque
673 421 794 454 muscis;
821 428 958 455 nunquam

172 466 225 493 illis
242 466 356 492 intendit
369 466 465 497 minas,
483 473 543 492 cum
559 473 727 500 unaquznque
755 475 798 494 res
824 475 885 494 eunt
901 474 959 494 ser-

171 516 215 538 Vct
232 511 318 538 locum
341 511 368 537 in
383 518 437 544 quo
449 510 581 538 collocata
599 510 660 538 fuit.
682 521 691 537 ›
712 512 816 544 Quibus
829 519 960 540 occurra-

172 565 233 584 nttts
243 557 348 590 paucis.
361 556 448 590 Supra
463 557 605 591 probatum
621 557 740 584 arbitror
749 558 840 584 omnia
850 561 960 592 propter

172 601 309 629 hominem
319 605 345 628 et
353 606 460 636 propter
467 609 561 629 omnes
570 607 682 629 naturas
693 603 805 629 rationis
815 604 961 637 participes

170 654 232 674 esse
246 646 330 674 facta.
340 647 369 675 Si
384 655 449 683 ergo
466 649 601 683 praecipue
613 654 723 682 propter
739 649 838 675 animal
855 649 960 676 ratione

170 693 312 726 praeditum
325 694 415 720 omnia
430 700 519 722 creata
534 699 596 721 sunt
614 713 622 727 ,
643 700 724 729 neget
740 694 834 722 Celsus
856 695 960 722 homini

171 739 258 772 magis
288 747 368 773 quam
390 739 459 766 leoni
482 739 599 774 aliisque
615 739 649 766 ab
670 748 702 766 eo
720 741 888 768 enumeratis
902 741 962 767 ani-

173 786 310 813 mantibus
318 789 409 812 creata
421 791 493 818 esse;
504 793 552 813 nos
562 786 620 814 hinc
628 787 786 821 negabimus
793 795 806 813 a
817 786 962 814 Conditore

171 829 243 856 facta
256 837 316 857 esse
326 835 437 865 propter
453 831 570 864 leonem,
591 835 638 858 aut
653 831 782 866 aquilam,
792 836 839 858 aut
854 832 962 866 delphi-

1012 238 1083 264 ὅλου.
1102 237 1157 264 Καὶ.
1175 237 1249 271 μέλει
1263 236 1302 271 τῷ
1317 236 1376 270 Θεῷ
1396 235 1442 262 τοῦ
1460 235 1533 267 ὅλου,
1557 235 1604 260 καὶ
1618 233 1691 260 τοῦτ’
1708 233 1808 260 οὔποτε

1014 283 1156 310 ἀπολείπει
1180 283 1308 318 πρόνοια,
1331 281 1389 308 οὐδὲ
1415 281 1510 307 κάκιον
1533 281 1647 314 γίνεται,
1671 279 1732 306 οὐδὲ
1762 279 1808 305 διὰ

1012 331 1108 366 χρόνου
1126 329 1194 366 πρὸς
1210 329 1274 356 αὐτὸ
1285 328 1359 362 (88)ὁ
1369 328 1435 359 θεὸς
1449 327 1616 362 ἐπιστρέφει,
1631 326 1686 352 οὐδ’
1700 325 1809 360 ἀνθρὼ-

1014 384 1072 402 πων
1095 376 1177 402 ἶένεκα
1205 374 1359 410 ὀργίζεται,
1383 373 1478 408 ὥσπερ
1501 373 1561 398 οὐδὲ
1587 371 1728 407 πιθήκων,
1746 371 1807 397 οὐδὲ

1015 422 1102 456 μυιῶν
1113 430 1119 436 ·
1137 422 1197 448 οὐδὲ
1213 421 1317 451 τούτοις
1332 419 1448 452 ἀπειλεῖ,
1464 416 1501 444 ὧν
1518 418 1632 444 ἕκαστον
1653 419 1681 444 ὲν
1696 417 1735 452 τῷ
1759 417 1807 451 μέ-

1015 476 1055 504 ρει
1069 468 1119 503 τὴν
1139 467 1220 494 αὑτοῦ
1241 468 1336 502 μοῖραν
1353 465 1447 501 εἴληφε
1459 473 1465 479 ·
1487 475 1496 490 ›
1515 464 1591 499 φερε,
1609 463 1662 490 κᾶν
1677 463 1722 489 διὰ
1739 463 1809 498 βρα-

1014 513 1083 547 χέων
1100 512 1168 548 πρὸς
1182 511 1258 538 ταῦτ’
1274 511 1474 545 ἀπαντήσωμεν
1489 509 1555 544 (89).
1572 506 1655 543 υἶμαι
1665 508 1697 542 δὴ
1711 508 1808 533 ἀποδε-

1013 559 1129 593 δειχέναι
1149 559 1180 584 ἐκ
1200 557 1253 584 τῶν
1274 556 1495 592 προειρημένων,
1521 554 1579 586 πῶς
1596 553 1733 589 ἀνθρώπῳ
1761 555 1808 579 καὶ

1015 604 1097 630 παντὶ
1124 602 1225 638 λογικῷ
1250 602 1284 629 τὰ
1312 602 1399 628 πάντα
1429 601 1593 636 πεποίηται·
1633 599 1808 634 προηγουμέ-

1014 659 1067 681 νως
1090 650 1145 685 (90)
1167 649 1221 684 γὰρ
1236 648 1280 675 διὰ
1300 648 1330 674 τὸ
1351 647 1457 681 λογικὸν
1474 646 1543 678 ζῶον
1560 645 1594 672 τὰ
1620 645 1710 672 πάντα
1730 645 1809 679 δεδη-

1017 695 1190 731 μιούργηται.
1204 694 1306 725 Κέλσος
1325 693 1372 728 μὲν
1392 691 1438 719 οὖν
1449 692 1552 726 λεγέτω
1561 713 1567 724 ,
1583 693 1624 718 ὂτι
1638 692 1688 718 οὐκ
1700 692 1808 726 ἀνορω-

1015 750 1068 776 πῳ,
1081 742 1119 772 ὡς
1135 740 1194 767 οὐδὲ
1210 740 1296 766 λέοντι
1312 739 1384 774 (91),
1402 739 1455 765 οὐδ’
1472 735 1512 770 οἷς
1533 738 1670 773 ὀνομάζει·
1687 739 1769 772 ἡμεῖς
1785 738 1808 763 δ’

1015 787 1143 822 ἐροῦμεν,
1164 787 1194 812 οὐ
1217 786 1302 812 λέοντι
1315 787 1329 812 ὸ
1344 784 1532 820 Δημιουργὸς,
1555 784 1614 810 οὐδὲ
1639 784 1728 819 ἀετῷ,
1747 783 1809 810 οὐδὲ

1014 833 1116 867 δελφῖνι
1134 832 1219 858 ταῦτα
1236 831 1401 866 πεποίηκεν·
1424 830 1491 857 ἀλλὰ
1515 831 1604 857 πάντα
1627 830 1670 856 διὰ
1685 830 1716 856 τὸ
1731 829 1809 863 λογι-

171 882 232 901 nem
243 884 250 908 ;
261 875 383 903 dicemus
393 876 450 903 hmc
460 877 550 903 omnia
561 883 652 904 creata
662 885 722 904 esse
737 882 850 911 propter
861 878 960 905 animal

1043 887 1061 905 ιν
1082 878 1160 910 ζῶον,
1180 878 1242 904 «καὶ
1264 876 1389 911 ὅπωςκᾶν
1403 876 1445 902 ὅδε
1465 877 1479 902 ό
1498 877 1600 911 κόσμος
1619 875 1655 907 ὡς
1676 875 1710 901 ἂν
1736 874 1808 900 Θεοῦ

172 919 254 954 577
277 921 389 948 rationis
413 929 541 955 compos,
568 926 661 948 «etut
678 921 722 948 hic
746 922 871 952 tnuudus,
887 922 959 956 qttod

170 972 241 998 opus
266 965 314 992 Dei
338 971 394 999 est,
423 966 529 1002 integer
543 971 571 994 et
591 966 665 994 omni
683 974 714 994 ex
732 971 809 1000 parte
822 967 959 1001 perfectus

172 1015 257 1038 esset.
274 1020 283 1036 ι
301 1011 379 1039 Dicto
397 1012 468 1039 enim
485 1017 538 1039 tam
555 1012 669 1046 pulchro
689 1013 892 1040 assentiendum
907 1017 958 1041 est.

171 1055 252 1083 Curae
276 1060 367 1083 autem
392 1060 433 1084 est.
457 1057 512 1084 Deo
541 1065 595 1084 non
619 1058 706 1084 solum
732 1059 904 1090 universum,
931 1064 960 1085 ttt

171 1102 301 1135 opinatttr
328 1102 433 1134 Celsus,
463 1103 509 1130 sed
533 1111 587 1138 pro:
602 1104 731 1130 universo
747 1109 842 1130 natura
858 1105 961 1131 ratione

171 1147 297 1182 praedita.
327 1147 382 1175 Nec
403 1156 523 1182 unquam
548 1149 754 1176 universitatetn
771 1150 873 1176 deserit
895 1150 959 1176 Pro-

171 1192 304 1223 videntia.
324 1192 390 1220 Nam
414 1193 465 1220 etsi
491 1194 583 1228 aliqua
605 1194 665 1228 ejus
689 1202 752 1228 pars
772 1195 892 1222 deterior
914 1195 961 1222 ﬁat

171 1241 283 1272 propter
299 1243 402 1265 naturae
422 1238 598 1273 intelligenlis
621 1245 763 1273 peccattnn
777 1259 783 1271 ,
812 1246 890 1267 curat
925 1245 953 1267 ut

173 1287 315 1318 purgetur,
334 1283 462 1318 Deusque
479 1289 554 1311 certo
572 1289 632 1318 post
656 1290 778 1319 tctnpore
805 1285 960 1312 universum

172 1336 264 1356 secum
290 1329 396 1356 reducit
426 1330 452 1356 in
481 1330 609 1364 gratiam.
639 1329 734 1364 Neque
759 1330 843 1356 etiam
873 1330 961 1358 sitniis

172 1375 307 1402 muscisve
332 1375 476 1408 irascitur;
497 1376 544 1402 sed
571 1375 669 1410 inﬂigit
691 1383 785 1410 poenas
807 1376 962 1404 hominibus

173 1421 219 1454 qui
238 1420 312 1455 leges
325 1425 428 1448 natura:
443 1420 558 1452 violant,
576 1421 683 1455 illisque
698 1429 745 1455 per
767 1422 914 1456 prophetas
934 1426 962 1448 et

172 1464 344 1493 Salvatorem
362 1467 407 1500 qui
427 1466 501 1493 inter
515 1465 639 1493 homines
655 1467 748 1500 venit,
775 1468 891 1494 intentat
912 1468 962 1494 mi-

171 1517 244 1542 nas;
261 1511 341 1544 idque
358 1510 444 1545 utqui
460 1509 563 1536 dociles
574 1516 603 1536 se
616 1510 785 1544 praebebunt,
804 1510 916 1537 redeant
933 1511 959 1538 itt

170 1556 262 1588 viam;
279 1556 324 1590 qui
341 1563 405 1582 vero
428 1560 604 1583 contemnent
621 1556 681 1583 illos
695 1557 817 1584 melioris
832 1557 895 1584 vita:
910 1557 959 1584 sti-
975 1544 996 1573 θ

171 1601 278 1632 mulos,
297 1601 314 1628 ii
338 1608 434 1635 paruas
459 1601 667 1637 |uant,quibus
692 1602 776 1629 Deutn
795 1603 888 1635 decet,
913 1610 962 1637 pro

170 1653 220 1674 sua
238 1646 423 1673 universitatis
446 1646 519 1674 bono
535 1647 693 1675 consulendi
718 1647 874 1681 voluntate,
901 1649 962 1676 illos

173 1692 283 1719 afﬁcere
299 1692 344 1726 qui
368 1697 441 1719 tanta
471 1697 581 1727 tamque
604 1693 741 1720 laboriosa
767 1695 910 1721 curatione
935 1699 963 1721 et

172 1739 343 1766 correctione
364 1739 497 1772 indigent.
530 1738 583 1766 Sed
604 1738 682 1773 hujus
709 1740 799 1774 quarti
821 1739 882 1767 libri
904 1739 962 1773 jam

169 1784 244 1819 justa
256 1789 298 1811 est
312 1784 409 1813 moles.
423 1784 609 1823 Quareﬁnem
623 1785 667 1812 hic
678 1786 744 1812 mihi
759 1785 865 1813 dicendi
880 1785 960 1813 facio.

171 1830 251 1857 Faxit
263 1831 331 1858 Deus
348 1838 395 1865 per
406 1838 483 1858 suum
498 1831 609 1864 Filium,
626 1831 672 1865 qui
687 1835 729 1858 est
747 1831 819 1859 Dens
831 1831 960 1863 Verbum,

172 1877 327 1911 sapientia,
345 1878 462 1909 veritas,
487 1877 594 1911 iustitia
611 1878 635 1894 ⁷⁰
655 1883 682 1905 et
705 1878 839 1912 quidquid
866 1885 961 1905 sacra-

171 1929 232 1948 rum
250 1922 452 1956 Scripturarutn
473 1923 612 1958 theologia
630 1923 663 1950 de
678 1924 722 1951 illo
741 1924 870 1958 prwdicat
882 1945 889 1957 ,
915 1929 943 1951 ut
955 1944 962 1957 ,

172 1966 231 2001 ejus
245 1966 334 1994 Verbo
358 1973 479 1995 nostram
503 1969 621 1995 animam
638 1968 810 2002 illustrante,
837 1970 961 2003 quintum

171 2012 270 2040 librqu
292 2014 433 2040 ordiamur
447 2019 475 2041 et
492 2014 665 2042 absolvemus
689 2015 806 2042 feliciter
820 2021 847 2043 ct
868 2016 902 2043 ad
926 2016 964 2043 le-

172 2063 279 2086 ctorum
295 2059 440 2087 utilitatent
464 2061 678 2088 accommodate.

209 2193 232 2209 ⁷⁰
248 2192 326 2221 Joan.
349 2201 368 2226 ι,
387 2194 411 2225 l;
431 2201 485 2225 xtv,
501 2192 527 2225 6,
542 2198 567 2220 et
585 2194 591 2219 Ι
605 2194 668 2222 Cor.
684 2203 704 2226 ι,
720 2194 765 2222 ⁵50.

1012 925 1091 960 ἔργον
1119 923 1263 959 ὁλόκληρον
1276 922 1323 949 καὶ
1345 922 1445 948 τέλειον
1462 921 1491 953 ἐξ
1514 921 1640 948 ἁπάντων
1652 921 1778 955 γένηται.
1795 930 1804 946 ι

1013 971 1106 1006 Τούτῳ
1134 970 1189 1005 γὰρ
1205 968 1422 1002 συγκαταθετέον
1446 968 1483 999 ὡς
1513 968 1589 1002 (92)
1615 967 1703 999 καλῶς
1728 969 1808 1002 εἰρη-

1012 1016 1093 1052 μένῳ.
1125 1015 1208 1042 Μέλει
1240 1014 1267 1040 δὲ
1295 1013 1334 1048 τῷ
1365 1012 1423 1047 Θεῷ
1447 1013 1515 1046 οὐχ,
1544 1011 1581 1044 ὡς
1613 1012 1716 1043 Κέλσος
1750 1013 1809 1037 οἶε-

1011 1069 1054 1088 ται
1067 1080 1073 1092 ,
1097 1059 1179 1095 μόνου
1197 1057 1242 1085 τοῦ
1263 1057 1323 1084 ὃλου
1335 1077 1342 1089 ,
1359 1056 1427 1084 ἀλλὰ
1443 1056 1519 1091 παρὰ
1534 1056 1564 1082 τὸ
1580 1056 1639 1082 ὅλον
1656 1055 1809 1091 ἐξαιρέτως

1012 1106 1113 1137 παντὸς
1124 1103 1244 1138 λογικοῦ.
1262 1103 1317 1130 Καὶ
1333 1102 1460 1129 οὐδέποτε
1486 1101 1626 1136 ἀπολείψει
1647 1101 1766 1136 Πρόνοια
1778 1101 1811 1127 τὸ

1012 1152 1085 1178 ὅλον·
1102 1151 1242 1185 οἰκονομεῖ
1254 1150 1307 1184 γὰρ
1325 1149 1387 1183 (κᾶν
1400 1148 1496 1175 κάκιον
1510 1148 1618 1183 γίνηται
1632 1148 1699 1182 (95),
1716 1148 1764 1174 διὰ
1778 1147 1811 1174 τὸ

1012 1197 1121 1230 λογικὸν
1138 1195 1305 1231 ἁμαρτάνον,
1325 1194 1407 1229 μέρος
1438 1203 1464 1220 τι
1493 1193 1540 1220 τοῦ
1558 1193 1630 1228 ὅλου)
1657 1194 1811 1229 καθάρσιον

1013 1241 1094 1268 αὐτοῦ
1114 1242 1212 1271 ποιεῖν,
1236 1240 1283 1267 καὶ
1304 1239 1349 1265 διὰ
1372 1240 1468 1274 χρόνον
1486 1239 1659 1274 ἐπιστρέφειν
1689 1239 1719 1266 τὸ
1748 1240 1811 1266 ὅλον

1013 1287 1080 1322 πρὸς
1102 1286 1209 1313 ἑαυτόν.
1235 1285 1305 1312 Ἀλλ’
1322 1284 1381 1311 οὐδὲ
1393 1285 1518 1320 πιθήκων
1533 1286 1581 1321 μὲν
1599 1285 1680 1312 ἕνεκα
1695 1286 1810 1321 ὀργίζε-

1012 1341 1057 1359 ται
1074 1332 1134 1359 οὐδὲ
1153 1332 1256 1367 μυιῶν·
1279 1329 1432 1365 ἀνθρώποις
1455 1331 1483 1357 δὲ
1502 1331 1616 1365 ἐπάγει,
1642 1331 1691 1358 {ita
1713 1340 1812 1366 παρα-

1012 1377 1077 1404 ϐᾶσι
1094 1377 1143 1409 τὰς
1173 1377 1291 1412 φυσικὰς
1307 1377 1449 1413 ἀφορμὰς,
1464 1377 1541 1412 δίκην
1559 1376 1606 1404 καὶ
1623 1377 1748 1409 κόλασιν,
1762 1378 1815 1404 καὶ

1011 1423 1116 1454 τούτοις
1133 1423 1177 1450 διὰ
1198 1423 1346 1458 προφητῶν
1368 1423 1490 1454 ἀπειλεῖ,
1515 1422 1562 1449 καὶ
1586 1422 1631 1449 διὰ
1647 1423 1694 1450 τοῦ
1711 1423 1814 1458 ἐπιδη-

1014 1469 1151 1504 μήσαντος
1167 1467 1220 1503 ὅλῳ
1245 1468 1284 1503 τῷ
1309 1464 1382 1502 γένει
1409 1467 1463 1494 τῶν
1485 1467 1637 1503 ἀνθρώπων
1661 1468 1813 1503 Σωτῆρος·

1013 1514 1056 1539 ἴνα
1068 1513 1113 1540 διὰ
1125 1513 1174 1548 τῆς
1192 1513 1305 1547 ἀπειλῆς
1321 1512 1510 1548 ἑπιστραφῶσι
1527 1513 1577 1548 μὲν
1591 1514 1616 1538 ol
1628 1512 1815 1545 ἀκούσαντες,

1012 1559 1036 1584 οἱ
1053 1558 1082 1584 δὲ
1098 1558 1285 1594 ἀμελήσαντες
1308 1557 1360 1584 τῶν
1383 1557 1601 1592 ἑπιστρεπτικῶν
1618 1557 1706 1591 λόγων
1730 1557 1817 1591 δίκας

1013 1604 1073 1630 κατ’
1090 1603 1168 1635 ἀξίαν
1183 1603 1304 1637 τίσωσιν,
1320 1603 1353 1635 ἂς
1367 1603 1472 1638 πρέπον
1490 1603 1556 1630 Θεὸν
1568 1603 1720 1630 ἐπιτιθέναι
1739 1606 1817 1631 κατὰ

1013 1649 1044 1676 τὸ
1061 1648 1158 1676 ἑαυτοῦ
1173 1649 1227 1684 (94)
1246 1649 1439 1684 συμφερόντως
1458 1648 1493 1684 τῷ
1509 1649 1592 1675 παντὶ
1610 1649 1738 1684 βούλημα
1755 1652 1819 1681 τοῖς

1013 1694 1140 1730 τοιαύτης
1159 1695 1204 1721 καὶ
1229 1694 1315 1726 οὕτως
1340 1694 1468 1721 ἐπιπόνου
1493 1694 1630 1729 δεομένοις
1659 1694 1821 1729 θεραπείας

1015 1741 1062 1768 καὶ
1079 1740 1258 1777 διορθώσεως.
1280 1740 1361 1767 Ἀλλὰ
1376 1740 1431 1776 γὰρ
1448 1741 1495 1767 καὶ
1512 1740 1558 1767 τοῦ
1577 1740 1706 1775 τετάρτου
1723 1741 1819 1776 τόμον

1015 1786 1139 1822 αὐτάρκη
1162 1785 1335 1821 περιγραφὴν
1355 1785 1512 1820 εἰληφότος,
1536 1784 1620 1811 αὑτοῦ
1646 1793 1697 1810 που
1727 1793 1822 1811 κατα-

1017 1830 1165 1865 παύσωμεν
1176 1830 1231 1865 (95)
1249 1831 1295 1857 τὸν
1311 1830 1399 1864 λόγον.
1415 1830 1482 1862 Θεὸς
1496 1830 1524 1856 δὲ
1539 1830 1596 1865 δοίη
1615 1830 1660 1857 διὰ
1677 1830 1726 1857 τοῦ
1746 1831 1819 1857 Tia-3

1016 1876 1109 1907 αὑτοῦ,
1126 1877 1154 1907 ὃς
1172 1877 1230 1902 ἐστι
1244 1876 1309 1907 Θεὸς
1323 1876 1409 1910 Λόγος
1420 1896 1426 1907 ,
1440 1876 1487 1902 καὶ
1508 1875 1603 1911 σοφία,
1622 1876 1670 1902 καὶ
1684 1876 1818 1912 ἀλήθεια,

1015 1922 1062 1948 καὶ
1078 1921 1245 1957 δικαιοσύνη,
1265 1922 1310 1948 καὶ
1325 1923 1378 1948 πᾶν
1394 1923 1408 1949 ὅ
1424 1931 1450 1949 τι
1467 1922 1532 1949 ποτὲ
1552 1922 1729 1955 θεολογοῦσαι
1748 1923 1820 1958 περὶ

1015 1968 1098 1995 αὐτοῦ
1122 1977 1204 2002 φασιν
1223 1969 1293 2004 ἱεραὶ
1310 1968 1419 2003 Γραφαὶ
1435 1968 1501 2004 (96),
1519 1967 1655 2003 ἄρξασθαι
1670 1969 1748 2003 ἡμᾶς
1766 1970 1819 1994 καὶ

1016 2013 1062 2040 τοῦ
1081 2013 1208 2048 πέμπτου
1225 2015 1319 2049 τόμον,
1337 2014 1380 2040 ἐπ’
1391 2014 1509 2048 ὠφελείᾳ
1523 2013 1577 2040 τῶν
1595 2013 1816 2048 ἐντευξομένων,

1017 2059 1064 2086 καὶ
1078 2059 1200 2087 διανῦσαι
1216 2060 1352 2091 κάκεῖνον,
1365 2059 1433 2095 μετὰ
1444 2059 1494 2094 τῆς
1510 2059 1557 2085 τοῦ
1567 2059 1657 2093 Λόγου
1671 2059 1758 2086 αὑτοῦ
1774 2061 1817 2092 εἰς

1017 2105 1066 2140 τὴν
1081 2106 1218 2141 ἡμετέραν
1235 2105 1324 2141 ψυχὴν
1341 2105 1486 2140 ἐπιδημίας
1496 2124 1504 2137 ,
1520 2104 1624 2136 καλῶς.

209 2271 265 2308 (87)
291 2271 365 2298 Ἀλλ’
383 2272 408 2297 εὶ
420 2271 462 2308 μγὴ
478 2270 539 2298 πᾶν
547 2271 646 2306 ἔργον.
663 2271 725 2298 [huc
747 2278 761 2297 ιι
772 2271 890 2308 _Gelenio
901 2279 960 2308 non

1043 2271 1128 2307 ›ώπῳ,
1143 2271 1202 2298 οὐδὲ
1216 2272 1313 2298 λέοντι.

173 2305 368 2342 agnoscuntur,
389 2305 527 2342 erﬁnieto
544 2309 670 2333 videntur
684 2305 840 2340 superflua;
860 2307 961 2334 Bober.

172 2341 261 2369 autem
278 2341 352 2377 legit,
372 2341 428 2368 ἀλλ’
446 2343 470 2377 εξ
489 2341 526 2377 μὴ
544 2341 691 2377 πάρεργον.

207 2376 263 2412 (88)
279 2376 358 2410 Πρὸς
366 2377 449 2403 αὑτό.
462 2375 530 2411 Lege
542 2375 602 2402 cum
620 2375 760 2412 Boherello
777 2375 845 2412 πρὸς
862 2376 942 2403 αὐτόν
953 2396 960 2408 ,

172 2410 216 2439 vel
227 2412 295 2447 πρὸς
310 2412 416 2444 ἑαυτόν,
434 2412 474 2438 sic
492 2410 563 2438 enim
586 2411 654 2437 infra
668 2411 794 2447 habetur,
809 2410 852 2437 διὰ
866 2411 962 2447 χρόνου

170 2445 344 2482 επιστρέφειν
366 2447 396 2473 τὸ
419 2447 479 2473 ὅλον
491 2446 559 2481 πρὸς
567 2446 676 2482 ἑαυτὸν.
695 2446 754 2482 Met;
769 2445 961 2482 Philocaiiapé

170 2481 237 2513 Θεὸς
254 2481 504 2517 ἐπιστρέψεικμοιι
520 2481 603 2508 nntlto
621 2486 693 2515 post,
709 2481 770 2507 οὐδὲ
787 2481 884 2517 μυιῶν,
901 2481 961 2517 οὐδὲ

170 2516 275 2548 τούτοις
296 2515 413 2542 ἀπειλεῖ.
435 2515 605 2543 Hmschclius
625 2517 650 2543 in
681 2521 776 2548 textu,
799 2516 860 2542 οὐδὲ
884 2516 960 2551 μυῶν

170 2552 230 2578 οὐδὲ
246 2552 347 2578 τούτων
359 2551 474 2578 ἀπειλεῖ.
494 2552 656 2586 Spencerus,
669 2551 730 2577 οὐδὲ
744 2551 818 2586 μυῶν
829 2551 889 2578 οὐδὲ
899 2551 960 2578 τού-

170 2595 228 2617 τοις
244 2587 361 2613 ἀπειλεῖ.

207 2621 262 2657 (89)
284 2620 464 2657 llmschcl._in
489 2626 581 2657 textu,
601 2620 674 2647 τοῦτ’
689 2621 901 2657 ἁπαντήσωμεν.
927 2621 961 2648 Et

171 2655 234 2684 mox
251 2655 479 2691 inrmargqoiuat
496 2656 535 2682 δέ.

207 2690 263 2728 (99)
282 2690 354 2728 idem
362 2690 408 2728 ίὶιιΔ
415 2690 499 2728 textu,
513 2700 628 2728 προειρη
634 2692 732 2728 μένως.

206 2725 264 2760 (91)
285 2726 456 2754 Hoeschclius
471 2731 498 2755 et
509 2725 678 2762 Spcneerus,
697 2728 739 2754 ὅτι
754 2727 840 2758 οὕτως
856 2726 906 2753 οὐκ
918 2727 961 2754 ἀν-

1017 2305 1108 2369 ᾐᾳῖῇ)
1128 2308 1154 2368 Iln
1171 2312 1250 2333 antea
1266 2305 1346 2334 editis
1363 2306 1456 2339 deest,
1473 2305 1528 2337 ὡς,
1544 2305 1618 2340 quod
1636 2305 1782 2340 suppletur
1799 2314 1818 2334 e

1049 2350 1065 2369 ιι
1079 2350 1129 2369 oca
1143 2350 1179 2368 ut.

1040 2342 1179 2369 hilocalia.

1051 2377 1109 2412 (95)
1131 2375 1290 2412 Philocalia,
1305 2377 1429 2412 γένηται.
1449 2375 1533 2403 Paulo
1545 2375 1619 2403 infra
1633 2375 1816 2404 liceschel.et

1016 2412 1158 2447 Speuccr.,
1176 2411 1236 2438 οὐδὲ
1244 2446 1247 2447 ν
1255 2411 1342 2446 μυῶν.

1050 2447 1105 2482 (94)
1123 2447 1204 2474 Κατὰ
1220 2445 1387 2482 ζρἐαυτοῦ,
1405 2450 1473 2482 etc._
1483 2445 1520 2472 Ita
1542 2450 1618 2473 recte
1637 2445 1793 2474 Philocalia
1806 2467 1814 2477 ,

1014 2480 1197 2509 ma'le'autem
1220 2481 1390 2508 limschelius
1411 2486 1437 2508 et
1459 2480 1634 2514 Spencerus,
1660 2482 1735 2508 κατὰ
1758 2482 1817 2508 τῶν

1013 2517 1108 2543 ἑαυτοῦ
1126 2516 1320 2552 συμφερόντως
1333 2515 1466 2552 τῷγπαντὶ
1483 2515 1646 2551 βουλήματι.

1049 2552 1106 2586 (95)
1127 2551 1300 2579 lldesclielius
1315 2557 1341 2578 et
1362 2551 1525 2586 Spcucerus,
1541 2551 1775 2586 καταπαύσομεν.

1049 2587 1103 2623 (96)
1124 2586 1322 2623 Θερλογυῦσαι
1334 2586 1399 2620 περὶ
1413 2585 1509 2623 αὐζοῦ
1524 2585 1719 2623 φασιν-ἱεραί
1735 2588 1817 2620 Γμι-

1013 2621 1076 2657 φάι.
1095 2621 1144 2650 Sic
1156 2621 1316 2653 PhiIOcalia,
1329 2627 1360 2657 et
1368 2621 1448 2648 codd.
1466 2621 1568 2656 Regius
1583 2626 1612 2657 et
1626 2621 1815 2650 Basilceusis.

1016 2655 1185 2684 Hocschelius
1197 2661 1288 2683 autem
1302 2661 1329 2683 ct
1351 2655 1517 2691 Spencerus,’
1533 2655 1600 2691 περὶ
1617 2657 1703 2684 αὑτοῦ
1718 2657 1816 2684 θεολο-

1013 2692 1106 2726 γοῦσιν
1121 2693 1148 2719 αἱ
1165 2691 1236 2723 ἱεραὶ
1249 2690 1364 2726 Γραφαὶ.
