1908 3099
96 163 160 191 H8!

655 161 797 189 CONTRA
817 160 955 189 CELSUM
972 161 1037 189 LIB.
1065 161 1098 188 ν.

1649 163 1719 193 H82

99 239 1698 253 ~—.—————————-——-———-———_—_

397 318 819 377 ΩΡΙΓΕΝΟΥΣ
846 319 1058 376 ΚΑΤΑ
1096 315 1404 376 ΚΕΛΣΟΥ

630 430 821 475 ΤΟΜΟΣ
839 429 1130 474 ΠΕΜΠΤΟΣ.

203 597 495 645 ORIGENIS
531 597 772 644 CONTRA
810 596 1042 644 CELSUM
1080 596 1263 642 LIBER
1299 597 1592 650 QUINTUS.

124 767 158 794 υΰ
174 766 221 802 τὴν
237 763 465 800 ἀπηγρρευμένην
475 763 636 797 πολυλογίαν
651 761 872 798 μεταδιώκοντες,

962 762 988 790 l.
1008 761 1085 794 Quod
1108 761 1165 796 jam
1184 762 1307 797 quintum
1323 765 1420 790 contra
1439 763 1510 790 Celsi
1536 764 1717 799 conscriptio-

92 814 133 848 ἀφ’
149 812 182 849 ἦς
196 813 244 839 οὐκ
262 811 319 837 ἐστι
336 812 431 845 φυγεῖν
447 809 495 845 τὴν
511 809 658 845 ἁμαρτίαν,
676 808 725 844 ἥδη
750 808 873 842 πέμπτου

91 858 225 895 ἀρχόμεθα
240 857 343 892 βιϐλίου
361 856 429 891 πρὸς
443 856 473 881 τὸ
490 855 595 881 Κέλσου
613 854 797 889 σύγγραμμα,
819 853 875 887 ἱερὲ

96 904 234 939 ’Λμόρόσιε
245 912 250 918 ·
263 903 331 934 ἀλλ’,
345 903 395 936 ὅση
408 901 536 936 δύναμις,
550 899 714 935 πειρώμενοι
728 898 809 933 μηδὲν
821 897 874 923 τῶν

90 951 131 977 ὑπ’
150 949 229 976 αὐτοῦ
255 948 407 983 λεχθέντων
437 946 582 983 παρελθεῖν
600 945 796 977 ἀϐασάνιστον,
827 944 875 970 καὶ

92 997 202 1032 μάλιστα
215 998 242 1022 ὲν
256 993 297 1028 οἷς
313 995 387 1029 δόξαι
400 995 432 1023 ἄν
442 1003 496 1021 τισι
514 993 632 1024 συνετῶς
645 992 723 1027 ἡμῶν
739 991 786 1018 καὶ
809 992 874 1018 Ἰου-

89 1042 164 1069 δαίων
182 1041 410 1078 κατηγορηκέναι.
437 1041 491 1067 Καὶ
516 1041 539 1066 εί
559 1040 608 1076 μὲν
633 1037 687 1066 οἷόν
711 1039 734 1065 τ’
753 1036 786 1074 ἦν
805 1037 874 1073 μετὰ

90 1087 132 1114 τοῦ
148 1087 224 1121 λόγου
236 1087 392 1113 εἰσελθόντα
409 1087 464 1122 (97)
486 1087 525 1118 είς
541 1085 589 1121 τὴν
607 1085 706 1117 παντὸς
722 1086 875 1112 οὑτινοσοῦν

90 1133 234 1168 συνείδησιν
250 1133 304 1159 τῶν
322 1132 537 1168 ἐντυγχανόντων
554 1132 592 1167 τῷ
609 1132 713 1158 ἐκείνου
732 1133 877 1168 συγγράμ-

91 1187 168 1212 ματι,
196 1178 312 1204 ἕκαστον
335 1177 479 1210 ἐξελκύσαι
502 1177 577 1212 βέλος
593 1177 743 1213 τιτρῶσκον
769 1178 815 1204 τὸν
843 1179 874 1205 οὐ

89 1225 171 1260 πάντη
198 1223 395 1260 πεφραγμένον
421 1225 454 1259 τῇ
476 1223 612 1259 πανοπλίᾳ
642 1224 689 1250 τοῦ
718 1223 799 1256 Θεοῦ,
827 1225 874 1250 καί

89 1270 215 1297 ἐπιθεῖναι
233 1269 342 1305 λογικὸν
359 1270 516 1305 φάρμακον,
529 1269 679 1305 Θεραπεῦον
694 1270 723 1296 τὸ
740 1271 793 1297 ἀπὸ
805 1270 874 1296 Κέλ-

89 1325 132 1342 σου
150 1315 274 1352 τραῦμα,
294 1316 386 1343 ποιοῦν
407 1316 443 1351 μὴ
463 1325 471 1341 ί
485 1316 616 1349 ὑγιαίνειν
632 1317 665 1351 τῇ
682 1316 772 1342 πίστει
785 1326 793 1341 ι
810 1316 873 1348 τοὺς

89 1361 266 1397 προσέχοντας
298 1361 380 1388 αὑτοῦ
406 1362 461 1392 τοῖς
479 1361 586 1394 λόγοις·
617 1360 687 1386 τοῦτ’
710 1360 743 1387 ἂν
760 1361 873 1396 πεποιή-

87 1414 186 1442 κειμεν·
199 1407 260 1433 ἐπεὶ
275 1407 303 1433 δὲ
315 1407 394 1434 τοῦτο
413 1407 460 1442 μὲν
476 1406 543 1433 Θεοῦ
557 1405 637 1442 ἔργον
651 1406 734 1437 ἐστὶν,
751 1407 872 1441 ἀοράτως

87 1452 222 1488 ἐπιδημεῖν
243 1453 314 1480 κατὰ
328 1453 358 1479 τὸ
372 1452 468 1479 ἑαυτοῦ
484 1452 592 1487 πνεῦμα
607 1452 675 1487 μετὰ
691 1452 736 1478 τοῦ
751 1453 872 1488 πνεύμα-

86 1506 128 1530 τος
143 1498 273 1535 Χριστοῦ,
288 1497 329 1530 οἷς
349 1498 437 1534 κρίνει
455 1498 510 1524 δεῖν
524 1497 680 1532 ἐπιδημεῖν·
698 1499 764 1533 ἡμῖν
781 1498 809 1524 δὲ
830 1497 874 1524 διὰ

86 1543 166 1579 λόγων
188 1546 234 1572 καὶ
263 1546 486 1581 συγγραμμάτων
509 1545 691 1581 πειρωμένοις
713 1545 873 1581 ἀνθρώπους

87 1594 259 1624 πιστοποιεῖν,
285 1592 427 1627 πρόκειται
444 1591 533 1618 πάντα
550 1593 639 1618 ποιεῖν
654 1592 724 1627 ὑπὲρ
741 1591 787 1618 τοῦ
807 1601 874 1627 χρη-

87 1636 192 1670 ματίσαι
211 1647 219 1663 ι
233 1638 352 1673 ἐργάτας
372 1637 601 1672 ἁνεπαισχύντους
615 1637 681 1673 (98),
697 1637 875 1673 ὀρθοτομοῦν-

85 1690 129 1714 τας
152 1683 196 1710 τὺν
221 1683 300 1717 λόγον
328 1683 376 1718 τῆς
393 1683 537 1719 ἀληθείας·
554 1693 564 1709 ι
587 1682 616 1710 ἓν
644 1683 672 1709 δὲ
684 1682 738 1709 τῶν
765 1683 873 1710 πάντων

85 1725 148 1754 εἶναι
165 1729 230 1763 ἡμῖν
254 1728 380 1762 φαίνεται
401 1728 447 1754 καὶ
466 1728 498 1754 τὰ
526 1727 626 1754 πιθανὰ
649 1727 687 1762 τῷ
701 1727 799 1762 Κέλσῳ
818 1728 872 1763 (99)

85 1772 149 1799 κατὰ
165 1774 195 1800 τὸ
210 1774 321 1800 δυνατὸν
332 1775 397 1809 ἡμῖν
411 1773 490 1801 λῦσαι
503 1774 605 1806 πιστῶς
616 1773 725 1800 ποιοῦσι
739 1773 768 1799 τὸ
787 1781 872 1808 προσ-

86 1819 246 1853 τεταγμένον
267 1819 320 1845 ὑπὸ
354 1818 418 1846 σοῦ·
445 1819 505 1855 φέρ’
523 1819 666 1855 ἐκθέμενοι
683 1818 716 1845 τὰ
736 1818 798 1853 ἑξῆς
818 1820 874 1850 τοῖς

84 1863 183 1890 Κέλσου
210 1863 317 1898 λόγοις,
341 1864 409 1900 πρὸς
432 1864 478 1896 οὓς
501 1864 652 1898 φθάσαντες
676 1863 874 1899 ἀπηντήσαμεν

83 1911 178 1944 (κρινεῖ
190 1909 218 1936 δὲ
231 1911 245 1936 ὁ
267 1910 451 1945 ἐντυγχάνων,
467 1911 492 1936 εἰ
507 1910 554 1936 καὶ
568 1909 758 1945 ἀνετρέψαμεν
772 1909 824 1943 (1)·
840 1908 875 1934 τὰ

83 1955 148 1990 πρὸς
167 1956 236 1982 αὐτὰ
257 1956 451 1991 ἑπαγάγωμεν.
473 1956 539 1988 Θεὸς
563 1956 591 1982 δὲ
606 1955 662 1991 δῴη
685 1955 722 1991 μὴ
741 1954 811 1990 ψιλῷ
828 1955 875 1981 καὶ

81 2001 172 2037 γυμνῷ
192 2002 332 2037 θειότητος
356 2002 394 2037 τῷ
409 2002 536 2037 ἡμετέρῳ
554 2002 592 2037 νῷ
608 2003 656 2029 καὶ
672 2002 744 2038 λόγῳ
759 2001 827 2038 πρὸς
844 2001 873 2028 τὸ

83 2049 259 2084 ’προκείμενον
277 2048 420 2083 γενέσθαιί
445 2050 508 2085 ἵν“ὴ
527 2049 618 2081 πίστις
641 2050 704 2081 τῶν,
726 2049 772 2081 οὓς
797 2049 874 2085 εὐχό-

927 816 988 836 nem
1004 808 1103 835 librum
1119 809 1275 843 aggredior,
1293 809 1338 843 pie
1351 809 1495 844 Ambrosi,
1511 817 1563 836 non
1581 817 1614 837 eo
1633 811 1714 844 facio,

926 855 997 891 quod
1013 856 1126 882 multum
1144 856 1216 890 loqui
1232 857 1313 884 velim
1328 864 1334 883 :
1350 857 1376 884 id
1392 858 1464 884 enim
1479 858 1592 884 vetitnm
1622 863 1663 885 est
1679 859 1714 890 7‘,

927 909 976 928 nec
1002 902 1060 929 ﬁeri
1077 903 1136 929 sine
1150 907 1262 937 peccato
1282 907 1386 937 potest;
1412 903 1459 930 sed
1482 908 1521 936 ut,
1537 903 1625 938 quoad
1643 905 1717 931 vires

926 946 998 975 ferre
1013 953 1139 982 possunt,
1155 948 1222 975 nihil
1237 956 1329 975 eorum
1340 956 1400 983 quas
1415 949 1493 981 dixit,
1510 953 1538 976 et
1550 956 1581 974 ea
1598 950 1716 976 maxime

926 1001 986 1027 qua:
1009 994 1172 1028 quibusdam
1189 994 1299 1021 videtur
1316 1002 1369 1021 non
1384 995 1502 1022 absurde
1517 994 1594 1021 nobis
1604 993 1717 1021 ειυόωίε-

925 1046 978 1073 qne
992 1039 1158 1074 objectasse,
1175 1047 1228 1067 non
1245 1040 1430 1067 examinatum
1455 1045 1607 1074 praetereat.
1628 1040 1716 1075 Atque

925 1086 1028 1112 utinam
1057 1094 1164 1121 possem
1184 1086 1265 1113 simul
1282 1094 1343 1113 cum
1367 1093 1493 1113 sermone
1521 1091 1664 1118 penetrare
1688 1087 1715 1113 in

925 1130 1030 1157 animos
1045 1131 1165 1158 omnium
1180 1132 1225 1165 qui
1242 1131 1268 1158 in
1284 1131 1342 1165 ejus
1364 1131 1498 1166 scriptum
1514 1131 1656 1164 incidunt,
1672 1132 1715 1158 in-

926 1176 1013 1211 deque
1024 1176 1105 1203 telum
1119 1177 1236 1204 evellere
1248 1184 1302 1211 quo
1314 1176 1475 1204 vulneratur
1492 1177 1648 1212 quicunque
1661 1185 1715 1205 non

925 1228 967 1252 est
983 1229 1123 1251 armatura
1142 1224 1189 1251 Dei
1203 1225 1324 1252 munitus
1332 1225 1366 1257 7‘,
1381 1225 1565 1257 idoneumque
1584 1224 1715 1253 adhibere

925 1270 1076 1296 remedium
1093 1269 1213 1300 vulneri,
1228 1277 1281 1304 quo
1299 1270 1329 1296 lit
1345 1275 1373 1296 ut
1391 1270 1451 1305 ejus
1466 1270 1581 1298 lectores
1594 1278 1646 1298 non
1660 1271 1716 1298 sint

928 1322 938 1338 ι
950 1314 1007 1340 sani
1024 1313 1051 1340 in
1068 1314 1120 1341 ﬁde
1128 1314 1168 1347 7';
1182 1324 1191 1340 ι
1210 1315 1261 1341 hoc
1274 1314 1401 1348 equidem
1421 1314 1486 1341 nihil
1501 1314 1613 1342 fecerim
1628 1315 1715 1342 liben-

926 1358 989 1385 tius.
1009 1358 1062 1385 Sed
1074 1360 1204 1394 quoniam
1218 1359 1302 1387 solius
1312 1360 1357 1387 Dei
1368 1364 1408 1387 est
1420 1360 1623 1394 modoquodam
1633 1359 1716 1396 578

925 1404 1055 1431 invisibili
1072 1405 1149 1432 adire
1164 1405 1314 1432 secundum
1339 1412 1417 1432 suum
1442 1406 1566 1438 spiritum
1583 1413 1636 1432 una
1651 1413 1712 1433 cum

925 1450 1029 1477 Christi
1055 1450 1152 1485 spiritu
1168 1457 1233 1482 eos,
1249 1451 1283 1477 a'd
1304 1457 1373 1484 quos
1388 1450 1482 1477 venire
1505 1450 1610 1486 judicat
1625 1458 1714 1486 operte

924 1496 1059 1530 pretium;
1077 1496 1169 1529 nobis,
1186 1497 1232 1531 qui
1246 1503 1308 1523 cum
1326 1503 1453 1524 sermone
1471 1500 1526 1524 tum
1539 1497 1648 1532 scriptis
1664 1498 1714 1525 bo—

924 1540 1012 1568 mines
1027 1542 1060 1568 ad
1070 1540 1149 1568 [idem
1166 1548 1296 1568 conamur
1312 1541 1460 1574 adducere,
1479 1541 1506 1568 id
1521 1549 1603 1568 unum
1617 1549 1716 1577 propo-

924 1589 1006 1615 situm
1033 1591 1075 1614 est
1103 1587 1197 1614 omnia
1220 1587 1346 1620 el'lieere,
1371 1592 1401 1614 ut
1417 1594 1548 1614 vocemur
1575 1589 1715 1623 «operarii

925 1634 1146 1667 inconfusibiles,
1159 1639 1233 1661 recte
1245 1638 1395 1661 tractantes
1405 1633 1517 1661 verbum
1528 1634 1653 1662 veritalis
1662 1634 1713 1662 7‘.)

926 1681 1013 1709 Unum
1038 1685 1129 1707 autem
1147 1687 1180 1707 ex
1202 1680 1235 1707 iis
1249 1680 1375 1707 omnibus
1391 1680 1499 1707 videtur
1514 1687 1591 1713 esse,
1614 1681 1638 1708 si
1661 1681 1715 1709 tuis

921 1727 1005 1762 jussis
1032 1726 1150 1754 ﬁdeliter
1176 1727 1387 1761 obtemperans,
1420 1734 1469 1761 pro
1494 1726 1599 1753 viribus
1624 1727 1715 1754 enitar

924 1772 1079 1801 convellere
1097 1780 1158 1806 quze
1175 1772 1255 1799 Celso
1273 1772 1373 1800 similia
1389 1773 1446 1799 veri
1462 1773 1519 1800 visa
1535 1777 1608 1800 sunt.
1624 1773 1715 1807 Quare

925 1826 985 1853 age,
1002 1826 1075 1845 nunc
1088 1817 1246 1846 refellamus
1259 1826 1319 1852 qua:
1338 1817 1433 1845 Celsus
1444 1819 1518 1845 addit
1533 1819 1566 1846 iis
1582 1827 1643 1854 quae
1659 1821 1713 1855 jam

926 1869 989 1891 ante
1010 1864 1172 1898 repulimus.
1205 1865 1245 1890 An
1271 1864 1353 1890 etiam
1377 1864 1576 1897 everterimus,
1604 1866 1715 1894 lectoris

925 1915 984 1938 esto
1006 1910 1149 1944 judicium.
1171 1910 1250 1937 Fa.\it
1268 1910 1340 1937 Deus
1355 1914 1384 1936 ut
1407 1917 1441 1937 ne
1457 1911 1489 1938 ad
1509 1911 1579 1938 hanc
1593 1913 1715 1947 disputa-

927 1957 1028 1984 tionem
1043 1956 1188 1984 all‘eramus
1208 1957 1329 1983 animum
1344 1964 1554 1992 sermonemque
1566 1959 1666 1986 nudum
1682 1967 1714 1986 ac

926 2003 1066 2030 divinitate
1083 2010 1216 2035 vacuum,
1243 2003 1302 2030 sine
1328 2012 1379 2038 qna
1406 2004 1472 2031 ﬁdes
1497 2011 1589 2031 eorum
1614 2005 1714 2039 quibus

925 2049 1056 2084 prodesse
1071 2050 1213 2083 cupimus,
1231 2050 1349 2076 humana
1373 2054 1477 2077 tantum
1495 2050 1627 2085 sapientia
1644 2051 1713 2077 nite-

83 2093 148 2128 μεθα
165 2094 358 2131 ὠφεληθῆναι,
378 2094 415 2130 μὴ
474 2095 502 2120 ἐν
523 2095 603 2130 σοφίᾳ
624 2095 792 2131 ἀνθρώπων·
810 2095 872 2122 νοῦν

927 2099 1024 2122 retur:
1045 2094 1092 2122 sed
1116 2099 1145 2121 ut
1169 2095 1265 2129 spiritu
1281 2095 1382 2123 Christi
1407 2101 1520 2131 accepto
1543 2097 1576 2123 ab
1600 2103 1634 2123 eo
1666 2096 1713 2130 qui

81 2138 107 2165 δὲ
122 2141 239 2175 Χριστοῦ
266 2141 394 2172 λαϐόντες
418 2141 471 2167 ἀπὸ
491 2141 537 2168 τοῦ
564 2141 643 2176 μόνου
658 2142 774 2174 διδόντος
789 2143 870 2170 αὐτὸν

82 2184 183 2221 Πατρός
199 2185 294 2219 αὑτοῦ,
313 2187 360 2213 καὶ
377 2187 444 2223 πρὸς
457 2187 506 2222 τὴν
525 2187 640 2222 μετοχὴν
659 2187 706 2214 τοῦ
729 2188 807 2222 λόγου
823 2188 870 2215 τοῦ

82 2229 144 2256 Θεοῦ
164 2231 363 2267 βοηθηθέντες,
385 2241 394 2257 ‹
408 2232 461 2258 πᾶν
483 2231 583 2267 ὕψωμα
599 2233 779 2268 ἐπαιρόμενον
802 2233 872 2260 κατὰ

80 2274 127 2310 τῆς
140 2276 270 2310 γνώσεως
285 2277 331 2304 τοῦ
347 2276 414 2303 Θεοῦ
426 2287 435 2303 ι
453 2277 623 2312 καθέλωμεν,
636 2279 683 2305 καί
695 2279 725 2305 τὸ
736 2279 820 2314 οἴημα
834 2279 872 2315 (Ξ)

81 2321 181 2349 Κέλσου
203 2322 267 2349 καθ’
281 2323 361 2358 ἡμῶν
379 2324 425 2349 καὶ
442 2323 513 2349 κατὰ
529 2324 575 2350 τοῦ
594 2323 680 2358 Ἰησοῦ
698 2323 776 2359 ἡμῶν
794 2325 872 2350 ὲπαι-

81 2366 202 2400 ρομὲνου,
220 2367 261 2394 ἔτι
278 2368 306 2394 δὲ
330 2368 378 2394 καὶ
395 2368 466 2394 κατὰ
481 2368 622 2400 Μωῦσέως
633 2389 640 2400 ,
665 2368 712 2395 καὶ
733 2368 786 2395 τῶν
804 2378 872 2404 προ-

81 2412 168 2446 φητῶν
178 2422 184 2428 ·
204 2414 314 2441 ἴναιτοῦ
327 2415 444 2448 διδόντος
459 2416 534 2451 ῥῆμα
547 2416 604 2447 τοῖς
616 2415 872 2451 εὐαγγελιζομένοις

80 2457 188 2494 δυνάμει
206 2460 292 2496 πολλῇ
305 2461 380 2492 ,ικαὶ
397 2463 462 2497 ἡμῖν
476 2461 548 2488 τοῦτ’
565 2461 806 2497 ὲπιχορηγοῦντος,
824 2463 871 2488 καὶ

81 2503 126 2539 τὴν
142 2505 245 2542 πολλὴν
271 2506 384 2542 δύναμιν
399 2507 582 2542 δωρουμένου,
608 2508 753 2543 ἐγγένηται
778 2508 869 2540 πίστις

80 2551 132 2582 τοῖς
155 2552 360 2587 ἐντευξομένοις
381 2553 410 2579 ὲν
426 2553 498 2588 λόγῳ
514 2552 561 2580 καὶ
581 2552 695 2588 δυνάμει
717 2553 764 2580 τοῦ
788 2553 866 2580 Θεοῦ.

926 2140 999 2168 solus
1015 2140 1090 2167 illum
1107 2140 1152 2167 dat
1166 2139 1259 2173 Pater,
1276 2145 1303 2168 et
1316 2142 1349 2168 ad
1369 2141 1572 2176 intelligendum
1589 2142 1637 2169 Dei
1651 2149 1714 2168 ver-

926 2189 990 2215 bum
1009 2187 1092 2221 adjuti
1106 2208 1113 2221 ,
1133 2195 1262 2214 «omnem
1281 2187 1450 2215 altitudinem
1468 2194 1564 2217 contra
1583 2190 1716 2223 cognitio-

927 2241 988 2261 nem
1008 2234 1054 2261 Dei
1069 2242 1097 2261 se
1115 2234 1290 2261 extollentem
1299 2235 1322 2250 '“'
1337 2245 1346 2261 ι
1365 2236 1556 2268 destruamus,
1578 2236 1713 2270 simulque

927 2280 1000 2307 Celsi
1020 2279 1137 2313 fastum,
1156 2287 1210 2314 quo
1235 2280 1260 2306 in
1278 2288 1339 2312 nos,
1367 2281 1393 2307 in
1410 2280 1501 2307 Jesum
1527 2286 1666 2313 nostrum,
1685 2281 1712 2308 in

928 2325 1049 2361 Moysem
1063 2330 1091 2352 et
1104 2327 1249 2361 prophetas
1262 2326 1414 2359 insolescit,
1431 2327 1619 2360 reprimamus.
1634 2327 1714 2354 Faxit

920 2372 991 2405 ‘ille,
1018 2372 1149 2406 inquam,
1172 2372 1218 2406 qui
1238 2372 1305 2399 «dat
1329 2373 1440 2400 verbum
1463 2373 1713 2407 cvangelizantibus

927 2418 1029 2444 virtute
1046 2418 1130 2445 Inultn
1141 2418 1175 2451 ⁷⁸,
1189 2428 1197 2442 ι
1216 2422 1262 2451 ιιι,
1278 2418 1372 2446 eodem
1389 2418 1472 2445 verbo
1493 2419 1570 2446 nobis
1582 2427 1713 2447 concesso

925 2463 1066 2497 multaque
1083 2464 1182 2490 virtute
1195 2464 1275 2496 data,
1291 2464 1357 2492 ﬁdes
1375 2465 1456 2492 verbo
1472 2469 1499 2492 et
1511 2469 1645 2500 potestate
1665 2466 1714 2494 Dei

926 2509 1035 2537 ﬁrmata
1056 2510 1082 2537 in
1097 2511 1244 2539 lectoribus
1260 2511 1426 2540 innascatur.

115 2633 137 2649 ⁷¹
156 2633 239 2662 Prov.
261 2643 290 2668 ι,
302 2635 344 2663 19.
381 2636 404 2652 ⁷⁵
418 2636 519 2671 Ephes.
530 2645 568 2671 vx,
585 2637 628 2665 Η.
667 2637 691 2653 ⁷³
703 2637 758 2665 Tit.
772 2645 802 2671 ιι,
818 2638 845 2665 2.

926 2637 942 2665 ll
957 2638 1028 2667 Tim.
1044 2646 1074 2674 ιι,
1090 2639 1132 2666 l5.
1168 2639 1191 2654 "
1206 2638 1226 2665 ll
1246 2638 1310 2667 Cor.
1323 2647 1351 2673 x,
1364 2639 1391 2666 5.
1428 2638 1452 2654 "
1466 2637 1538 2665 Psal.
1556 2635 1699 2670 van,12.

114 2716 168 2756 (97)
188 2718 387 2756 ῌζιῖελθόντα.
402 2719 497 2747 Melius
506 2719 870 2756 scriberetur,alae).06v1:ac;,

926 2721 1034 2756 quidem
1052 2721 1179 2752 videtur,
1197 2722 1277 2748 codd.
1299 2720 1442 2756 Anglicani
1462 2720 1563 2756 habent
1587 2719 1613 2747 in
1637 2727 1714 2756 m_a_r-

82 2751 122 2777 vel
137 2752 305 2785 εἰσελθόντος
318 2775 325 2786 ,
345 2759 375 2780 ιιι
399 2760 491 2781 monet
507 2755 675 2782 Boherellns.

114 2786 169 2857 (93;
195 2789 478 2824 Ἀνεπαισχύντους.
506 2790 584 2821 Mss,
603 2790 834 2825 ἀνεπαισχύντως.

114 2820 158 2857 ωε)
191 2822 234 2855 Τῷ
261 2823 377 2857 Κέλσῳ.
416 2824 505 2852 Malim
533 2833 595 2852 cum
623 2825 779 2857 Boherello,
823 2826 868 2852 τοῦ

83 2821 234 2884 Κέῗξθέδΐῷ
261 2821 377 2858 (mdia.
416 2821 505 2852 Malim
533 2833 595 2852 cum
623 2821 779 2858 Boherello,
816 2821 871 2852 ⁷τοῦ

117 2891 156 2925 (Ι)
173 2894 208 2920 El
235 2894 284 2922 καὶ
303 2894 521 2930 ἁνετρέεςιαμεν.
560 2894 598 2922 lla
627 2899 715 2929 recte,
747 2899 775 2923 ut
805 2895 870 2923 mihi

923 2753 996 2791 dine.
1017 2756 1094 2784 Libb.
1113 2756 1196 2787 editi,
1210 2757 1234 2782 εἰ
1257 2756 1303 2782 καὶ
1326 2753 1415 2788 καλῶς
1435 2755 1645 2791 ἀνεγράψαμεν(
1659 2753 1716 2791 Υδ-

924 2789 984 2834 rum
1010 2793 1051 2834 ab.
1065 2791 1196 2834 omnibus
1215 2799 1285 2834 'lnss.
1307 2792 1384 2818 abest
1405 2789 1512 2834 καλῷς,
1536 2789 1592 2834 qqo
1607 2789 1713 2818 sublato

923 2827 1027 2863 nullum
1045 2827 1088 2863 hic
1109 2826 1197 2863 locum
1215 2826 1317 2863 habere
1333 2831 1437 2860 potest,
1454 2825 1658 2863 ἀνεγράψαμενῖ

960 2861 998 2897 (Ξ)
1018 2861 1130 2897 Καὶλτὸ
1158 2861 1256 2897 οἴημα.
1297 2859 1378 2889 Forte
1393 2859 1662 2897 seribend'utm'xal.
1681 2860 1712 2886 τὸ

923 2895 1023 2933 νόημα,
1044 2904 1058 2924 ο
1072 2895 1092 2924 ll
1106 2897 1168 2924 Cor.
1183 2905 1209 2930 x,
1227 2896 1254 2924 5.
