1877 3100
188 122 258 152 “85

221 185 250 213 2.
270 185 309 212 Ac
333 183 448 219 primum
472 182 581 217 quidem
598 182 740 211 refutanda
762 183 899 211 sunthaec
913 183 971 215 ejus

187 230 268 256 verba
285 237 292 255 :
310 238 319 254 ι
333 228 425 262 Neque
441 227 528 261 Deus,
545 235 563 255 ο
585 226 670 256 Judaei
688 231 715 254 et
735 226 900 258 Christiani,
920 233 968 253 ne-

185 282 238 309 que
253 274 300 301 Dei
320 274 406 301 Filius
422 278 468 301 aut
485 274 627 301 descendit
649 278 697 301 aut
717 273 875 301 descendet-
893 272 970 306 Quod

185 321 206 347 si
230 320 263 346 de
285 319 388 354 angelis
413 319 483 347 istud
511 319 716 355 intelligendum
744 326 806 348 esse
828 319 969 350 dixeritis,

185 365 299 399 quinam
317 365 355 392 illi
375 365 447 396 sint,
465 365 559 392 dicite.
580 366 657 393 Diine
671 370 749 398 sunt,
765 374 799 393 an
814 366 885 400 quod
899 365 971 392 aliud

185 410 292 446 genus?
312 410 412 444 Audio,
426 416 487 438 sunt
498 412 563 446 quid
581 411 673 444 aliud,
692 419 788 446 nempe
804 412 948 439 daemones.
959 420 969 437 ι

186 455 266 482 Celso
279 455 378 490 smpius
390 456 486 483 eadem
505 456 614 483 iteranti
633 457 702 492 (jam
717 457 790 484 enim
806 458 865 484 haec
884 458 909 484 in
926 464 972 484 stt-

186 502 341 537 perioribus
365 509 419 528 non
446 502 529 529 semel
554 502 673 538 dixerat)
699 503 766 530 nihil
796 511 908 531 necesse
931 507 972 531 cst

186 548 310 582 pluribus
324 548 502 582 respondere.
522 548 594 575 Satis
605 549 705 576 fuerint
720 557 750 576 ea
765 557 825 584 qua:
841 550 972 577 hactenus

186 593 339 619 attulimus.
361 592 449 620 Pauca
466 598 555 620 tamen
576 601 607 620 ex
627 593 766 628 pluribus,
781 602 897 621 consona
912 595 973 629 qui-

188 638 249 664 dem
263 637 319 671 jam
337 638 433 670 dictis,
449 639 495 665 sed
515 647 573 672 qua:
587 646 639 665 non
658 640 770 666 omnino
786 641 910 667 eumdem
927 642 973 667 ha-

186 682 252 708 bent
280 690 408 715 sensum,
430 683 591 711 referemus.
619 683 688 711 Hine
717 684 789 711 enitn
810 685 899 719 palam
929 686 974 713 fiet

187 727 311 759 Celsum,
340 737 400 756 cum
425 730 574 763 generatim
599 735 679 764 negat
705 731 738 757 ad
763 731 887 759 homines
923 732 973 760 de-

187 774 328 801 scendisse
356 775 438 801 ullum
462 775 545 802 Deum
568 780 616 803 aut
642 776 690 804 Dei
710 776 826 811 Filium,
850 783 974 806 evertere

186 818 310 847 funditus
329 820 483 853 opinionem
501 821 571 856 apud
596 821 696 849 multos
711 823 898 857 pervulgatam
913 828 940 850 et
959 831 973 850 a

187 871 218 891 se
235 865 292 899 ipso
313 873 392 899 supra
409 871 606 900 propugnatam
621 888 628 900 ,
654 868 739 894 Deuut
758 867 830 894 inter
851 868 975 896 homines

188 909 357 949 apparuisse.
379 909 411 936 Et
426 915 502 937 certe
523 911 545 937 si
562 918 657 938 verum
680 916 723 938 est
739 911 810 946 quod
827 912 974 940 universim

188 955 245 988 ait,
270 962 320 982 nec
338 955 422 982 ullum
447 956 552 988 Detttn,
569 964 620 984 nec
632 957 680 984 Dei
692 957 790 984 Filium
803 957 977 986 descendisse

188 1005 238 1028 aut
253 1001 447 1028 descensurum
461 1010 537 1033 esse;
555 1001 657 1030 frustra
671 1007 732 1030 sttnt
745 1004 790 1038 qui
806 1008 902 1038 putant
915 1011 977 1031 esse

188 1046 255 1074 deos
270 1047 314 1081 qui
331 1055 345 1074 e
363 1047 433 1074 cmlo
457 1047 621 1075 delabuntur
637 1048 663 1075 in
680 1053 780 1076 terram
792 1069 800 1082 ,
826 1054 855 1076 ut
870 1049 912 1076 vel
929 1050 977 1077 lto-

188 1092 277 1119 mines
307 1093 340 1120 de
369 1092 467 1119 futuris
484 1093 565 1120 rebus
582 1099 786 1127 prmmoneant,
809 1095 852 1122 vel
875 1095 976 1122 morbis

189 1145 239 1172 per
258 1137 368 1164 oracula
386 1140 556 1165 medeantur.
583 1138 669 1173 Igitur
695 1146 744 1166 nec
765 1139 897 1174 Pythius,
927 1147 977 1166 nec

189 1182 374 1216 Esculapius,
392 1190 440 1209 nec
455 1183 523 1210 alius
537 1183 650 1218 quilibet
665 1192 697 1211 ex
714 1184 758 1216 iis,
773 1192 787 1211 a
803 1185 902 1219 quibus
919 1185 977 1213 lucc

189 1228 247 1255 ﬁeri
266 1228 384 1262 vulgaris
403 1227 457 1255 fert
474 1229 582 1263 opinio,
612 1230 682 1256 Deus
702 1230 784 1256 fuerit
814 1231 840 1256 itt
875 1235 976 1257 terram

190 1273 329 1309 delapsus;
345 1279 390 1301 aut
405 1275 426 1301 si
445 1275 513 1302 Deus
529 1275 574 1307 sit,
597 1275 668 1303 Deus
685 1281 726 1303 est
750 1284 763 1302 a
780 1277 844 1303 sede
861 1277 974 1304 deorum

188 1320 265 1353 exsul
289 1325 369 1355 atque
386 1321 502 1348 extorris
518 1321 618 1355 quique
636 1325 735 1348 terram
760 1327 890 1356 perpetuo
901 1322 977 1350 inco-

189 1367 296 1395 lendam
312 1367 432 1401 accepit;
448 1372 495 1394 aut
510 1375 579 1394 ttuus
595 1374 627 1394 ex
642 1367 695 1395 illis
710 1373 768 1399 est,
781 1367 863 1403 579
879 1370 977 1403 quibus

191 1414 304 1441 deorum
321 1414 459 1440 consortio
474 1413 526 1439 frui
543 1420 597 1440 non
616 1413 714 1441 datur:
732 1418 780 1440 aut
793 1415 905 1442 omnino
924 1423 976 1443 non

192 1458 229 1486 dii
244 1462 307 1486 sunt
318 1457 416 1492 Apollo
432 1463 459 1485 et
475 1457 650 1492 lEsculapins
668 1464 695 1485 et
711 1464 844 1493 quotquot
858 1461 884 1487 iu
905 1465 977 1488 terra

190 1503 330 1538 quidpiam
356 1503 448 1530 facere
470 1505 634 1536 creduntur;
663 1509 728 1531 sunt
750 1505 839 1539 potius
867 1505 976 1539 quidam

192 1550 326 1576 (Immunes
362 1549 446 1576 multo
483 1548 516 1576 iis
549 1549 707 1576 hominibus
738 1549 900 1582 inferiores,
931 1551 977 1585 qui

191 1595 326 1629 sapientia
351 1594 531 1628 claruerunt,
561 1602 685 1630 quosque
707 1596 794 1624 virtus
819 1597 853 1624 ad
880 1597 978 1624 cmlum

191 1640 293 1667 evexit.

228 1686 255 1713 5.
272 1685 308 1712 Ex
325 1685 358 1712 iis
375 1685 433 1712 vide
447 1685 568 1719 Celsum,
583 1685 647 1713 dum
665 1690 755 1713 nostra
775 1686 884 1713 diruere
900 1688 980 1715 ntell-

193 1736 247 1764 tur,
263 1735 347 1759 tottttu
363 1731 525 1766 Epicureum
542 1739 611 1764 esse,
624 1732 747 1765 quamvis
761 1732 830 1759 istud
846 1741 979 1768 nusquam

192 1779 233 1806 sui
251 1778 343 1813 scripti
359 1778 483 1805 fateatur.
501 1778 630 1812 Quisquis
651 1778 732 1813 igitur
746 1778 817 1806 Celsi
840 1786 980 1807 sermones

192 1825 260 1860 legis
275 1829 301 1852 et
318 1825 465 1859 approbas,
480 1829 524 1852 aut
539 1826 691 1860 negandum
708 1826 812 1853 tibi‘est
827 1826 910 1853 Dettm
928 1827 981 1854 huc

193 1871 337 1903 advenire,
362 1871 408 1906 qui
426 1871 539 1906 singulis
565 1872 721 1899 hominibus
740 1872 903 1906 prospiciat;
933 1878 980 1899 aut

192 1916 246 1944 hoc
259 1917 280 1944 si
296 1917 454 1948 admiseris,
471 1917 567 1944 Celsus
585 1917 719 1945 mendacii
745 1918 909 1952 argueudus.
931 1918 979 1945 Sin

194 1966 295 1994 autem,
309 1967 338 1989 ut
353 1962 408 1990 haec
423 1963 493 1989 Celsi
512 1968 575 1988 vera
593 1963 659 1994 sint,
676 1963 877 1990 Providentiam
889 1967 978 1990 sustu-

192 2007 258 2035 leris
272 2016 278 2040 ;
301 2007 395 2034 falsum
407 2008 459 2034 erit
474 2008 545 2042 quod
561 2008 613 2035 alio
630 2008 656 2035 in
670 2009 729 2036 loco
744 2009 870 2042 afﬁrmat,
882 2019 892 2034 ι
908 2010 973 2036 deos

193 2059 254 2080 esse
280 2057 307 2080 et
334 2052 549 2080 Providentiam.
584 2063 593 2078 ι
623 2053 699 2087 Quod
726 2054 749 2081 si
772 2054 851 2082 Celso
871 2055 979 2090 neganti

197 2107 206 2124 ι
227 2098 309 2125 Deum
322 2103 368 2125 aut
384 2098 431 2125 Dei
446 2097 543 2124 Filium
560 2098 732 2127 descendisse
748 2100 781 2126 ad
799 2100 923 2128 homines
934 2104 981 2127 attt

194 2145 386 2172 descensurum
401 2151 461 2171 esse
478 2154 487 2170 ›
505 2152 557 2172 non
572 2145 722 2172 assenseris
734 2165 741 2177 ,
766 2145 982 2173 Providentiam-

194 2197 247 2223 que
261 2190 411 2222 eonliteris;
427 2197 475 2216 cur
489 2197 522 2217 ex
547 2191 580 2218 iis
597 2198 656 2225 quae
675 2191 708 2218 de
728 2191 793 2218 Jesu
809 2192 928 2219 diximus
953 2198 980 2220 et

194 2243 254 2270 qua:
269 2236 301 2263 de
315 2235 360 2263 illo
378 2236 514 2270 propheta:
525 2237 663 2265 vaticinati
680 2241 754 2271 sunt,
770 2245 822 2265 non
837 2239 981 2272 diligenter

194 2281 339 2316 perpendis
354 2286 413 2308 uter
427 2283 511 2316 magis
525 2283 665 2310 habendus
679 2284 714 2310 sit
729 2283 799 2310 Deus
817 2288 844 2311 et
866 2285 911 2312 Dei
933 2285 979 2312 Fi-

195 2327 248 2354 lius
265 2329 298 2354 ad
312 2327 434 2355 homines
448 2328 585 2363 delapsus,
602 2328 717 2356 Jesusne
731 2329 778 2362 qui
792 2333 863 2356 tanta
876 2331 977 2358 consti.

197 2374 247 2400 luit
261 2378 286 2400 et
303 2373 422 2408 perfecit;
438 2382 470 2401 an
487 2374 524 2401 illi
538 2374 582 2408 qui
597 2374 652 2401 suis
665 2374 782 2401 oraculis
797 2380 824 2402 et
837 2376 980 2404 divinatio-

195 2420 276 2451 nibus
286 2423 386 2446 tantum
397 2420 473 2447 abest
486 2425 515 2446 ut
528 2427 636 2446 suorum
647 2419 779 2446 cultorum
789 2428 878 2448 tnores
886 2429 979 2450 emen-

195 2467 269 2496 dent,
288 2470 316 2492 ut
333 2469 426 2492 contra
443 2464 501 2491 illos
515 2464 648 2491 deducant
662 2472 675 2490 a
693 2465 799 2491 sittcero
822 2466 866 2494 illo
889 2471 979 2494 casto—

196 2517 248 2546 que
264 2510 335 2537 cultu
348 2509 395 2544 qrui
414 2516 504 2535 rerum
519 2508 638 2535 omttium
659 2507 796 2535 Couditori
813 2509 911 2537 deferri
934 2511 981 2537 de-

196 2556 252 2586 bet,
269 2559 296 2580 et
312 2555 416 2581 animos
429 2561 540 2585 eorum,
565 2553 610 2587 qui
632 2552 702 2579 inter
719 2553 837 2587 ipsorum
864 2555 980 2582 cultores

197 2609 295 2631 nomen
311 2595 576 2634 orolitentur'suum,
589 2602 623 2629 ab
643 2609 699 2629 uno
711 2621 719 2634 ,
739 2602 796 2630 solo
809 2622 817 2635 ,
836 2603 981 2631 manifesto

233 2741 272 2777 (ὅ)
294 2742 388 2768 ’Λλλο
402 2749 439 2767 τι.
461 2740 509 2777 Sic
523 2740 589 2767 libb.
603 2740 668 2777 editi
687 2740 789 2777 habent
805 2739 831 2777 in
849 2739 981 2777 margine,

203 2775 296 2809 sicque
309 2776 409 2810 legitur
425 2775 493 2802 iul’ra
521 2783 634 2802 mtntero
647 2775 664 2801 lt»
674 2795 681 2807 ,
707 2775 752 2802 ubi
767 2775 860 2801 eadem
873 2775 984 2810 phrasis

200 2809 419 2836 occurrit.'Male
440 2818 503 2844 ergo
520 2811 563 2836 llic
583 2810 648 2836 ΙίΜι.
663 2810 728 2836 editi
745 2810 770 2835 iu
785 2813 858 2835 textu
872 2809 984 2841 habent,

201 2844 258 2870 ἀλλ’
273 2844 325 2870 ὅτι.
341 2844 424 2871 l‘attlo
434 2849 494 2878 post
511 2845 595 2873 codex
613 2845 776 2873 Basilcensis
789 2849 862 2872 recte
874 2844 984 2872 omnino

913 116 1072 148 ORIGENIS

1752 117 1823 145 ιιει

986 181 1010 209 Α
1058 178 1202 215 Πρόχειται
1220 177 1266 205 οὖν
1280 176 1327 204 νῦν
1344 177 1392 212 τὴν
1405 176 1488 209 οὕτως
1502 177 1620 213 ἔχουσαν
1643 176 1728 204 αὐτοῦ
1757 178 1825 204 ἀνα-

1022 224 1122 260 τρέψαι
1137 224 1208 256 λέξιν
1219 233 1225 239 ·
1248 234 1256 249 ι
1268 224 1333 255 Θεὸς
1344 224 1402 259 μὲν,
1414 221 1436 250 ὦ
1458 224 1577 251 Ἰουδαῖοι
1587 224 1634 250 καὶ
1646 224 1823 259 Χριστιανοὶ,

1024 271 1071 297 καὶ
1087 270 1154 296 Θεοῦ
1172 271 1236 301 παῖς
1255 269 1341 302 οὐδεὶς
1357 269 1418 296 οὗτε
1435 269 1568 304 κατῆλθεν
1578 290 1585 301 ,
1601 269 1666 295 οὔτε
1680 269 1822 296 κατέλθοι.

1023 316 1054 343 El
1071 315 1099 342 δέ
1123 324 1200 348 τινας
1216 315 1348 350 ἀγγέλους
1375 315 1459 350 φατὲ,
1484 315 1559 347 τίνας
1582 315 1695 347 τούτους
1711 314 1823 349 λέγετε,

1024 363 1121 394 θεοὺς,
1145 362 1161 398 ἢ
1183 362 1246 390 ἄλλο
1272 371 1298 389 τι
1322 363 1417 397 γένος;
1447 362 1527 388 Ἀλλο
1547 371 1574 389 τι
1595 362 1651 398 (5),
1671 363 1710 395 ὡς
1733 363 1823 394 εἰκὸς,

1023 410 1087 441 τοὺς
1103 409 1242 444 δαίμονας.
1256 418 1266 435 ι
1287 409 1359 444 Πρὸς
1382 409 1481 436 ταῦτα.
1495 409 1524 435 δὲ
1546 408 1757 443 παλιλλογοῦντι
1783 409 1825 443 τῷ

1024 454 1123 489 Κέλσῳ
1142 453 1283 489 (ἀνωτέρω
1301 453 1354 489 γὰρ
1371 454 1420 489 ἥδη
1438 453 1567 485 πολλάκις
1583 453 1658 480 ταῦτ’
1678 453 1757 489 αὐτῷ
1775 453 1825 479 λέ-

1025 500 1128 535 λεκται)
1150 501 1200 527 οὐκ
1229 500 1373 534 ἀναγκαῖον
1390 501 1435 526 ἐπὶ
1455 500 1546 526 πλεῖον
1557 499 1750 534 διαλεχθῆναισ
1769 500 1826 534 ἁρ-

1026 546 1106 573 κέσαι
1122 547 1176 582 γὰρ
1192 547 1226 574 τά
1250 548 1289 579 είς
1311 546 1383 573 τοῦθ’
1400 547 1465 581 ἡμῖν
1491 546 1649 580 λελεγμένα.
1685 545 1782 578 Ὀλίγα
1800 545 1825 570 δ’

1025 592 1080 619 ἀπὸ
1100 592 1241 624 πλειόνων,
1261 593 1278 619 ἃ
1294 592 1423 626 δοκοῦμεν
1440 589 1509 618 εἶναι
1523 591 1671 626 συνᾴδοντα
1689 591 1741 626 μὲν
1765 591 1826 621 τοῖς

1026 638 1249 674 προειρημένοις,
1280 639 1309 664 οὐ
1335 638 1380 664 τὸν
1412 637 1492 663 αὐτὸν
1520 636 1549 662 δὲ
1579 635 1669 670 πάντη
1701 636 1825 667 ἐκείνοις

1027 685 1122 719 ἔχοντα
1135 684 1207 716 νοῦν,
1226 684 1396 720 ἐκθησόμεθα
1406 692 1412 698 '
1430 684 1457 709 ἐν
1469 680 1510 714 οἷς
1524 683 1751 717 παραστήσομεν,
1768 682 1824 711 ὅτι,

1028 729 1180 762 καθολικῶς
1205 730 1413 764 ἀποφηνάμενος
1436 728 1502 755 Θεὸν
1518 728 1616 767 οὐδένα
1629 728 1697 762 πρὸς
1711 727 1824 762 ἀνθρὼ-

1027 783 1095 807 πους
1112 774 1340 810 κατεληλυθέναι,
1354 775 1370 809 ἢ
1383 774 1449 800 Θεοῦ
1466 774 1562 805 Παῖδα,
1587 774 1694 808 ἀναιρεῖ
1717 773 1768 799 καὶ
1787 772 1827 799 τὰ

1028 822 1080 848 ὑπὸ
1097 821 1150 848 τῶν
1170 821 1273 847 πολλῶν
1291 821 1354 856 περὶ
1373 819 1439 846 Θεοῦ
1458 819 1619 854 ἐπιφανείας
1638 819 1822 854 δοξαζόμενα,

989 854 1013 884 Β
1027 869 1074 894 καὶ
1086 868 1131 894 ὑπ’
1144 866 1225 894 αὐτοῦ
1241 868 1270 893 ὲν
1285 868 1340 898 τοῖς
1354 866 1481 900 ἀνωτέρω
1498 865 1695 901 προειρημένα.
1715 866 1749 891 Εἰ
1767 866 1822 900 γὰρ

1026 914 1140 941 καθόλου
1162 913 1320 948 λελεγμένον
1337 912 1382 944 τὸ,
1401 912 1468 943 Θεὸς
1485 912 1531 938 καὶ
1547 911 1615 938 θεοῦ
1640 913 1704 942 παῖς
1733 911 1823 942 οὐδεὶς

1026 960 1169 995 κατῆλθεν,
1183 959 1243 986 οὐδὲ
1260 958 1394 990 κατέλθοι,
1408 958 1514 993 ἀληθῶς
1527 958 1566 992 τῷ
1581 958 1678 992 Κέλσῳ
1692 957 1805 992 εἴρηται
1815 965 1822 971 ·

1027 1005 1147 1041 δηλονότι
1164 1005 1297 1040 ἀνῄρηται
1314 1005 1358 1036 τὸ,
1385 1003 1453 1031 εἶναι
1470 1005 1548 1036 θεοὺς
1563 1003 1610 1030 ἐπὶ
1625 1004 1676 1038 γῆς
1687 1023 1694 1034 ,
1725 1003 1825 1029 κατελ-

1028 1051 1123 1082 θόντας
1140 1050 1168 1084 ἐξ
1184 1050 1298 1085 οὐρανοῦ
1309 1070 1316 1081 ,
1339 1050 1382 1076 ἵνα
1398 1050 1456 1084 ἦτοι
1476 1049 1680 1084 μαντεύσωνται
1698 1050 1757 1080 τοῖς
1775 1050 1825 1074 ἀν-

1028 1096 1165 1132 θρώποις,
1195 1096 1210 1130 ἢ
1236 1096 1279 1122 διὰ
1307 1095 1436 1131 χρησμῶν
1462 1094 1669 1130 οεραπεύσωσι”
1694 1095 1745 1121 καὶ
1760 1094 1824 1122 οὗτε

1027 1142 1041 1168 ὁ
1058 1142 1171 1174 Πύθιος,
1184 1141 1238 1168 οὔτ’
1259 1141 1436 1177 Ἀσκληπιὸς,
1451 1141 1505 1168 οὔτ’
1521 1141 1600 1172 ἄλλος
1618 1149 1658 1172 τις
1674 1141 1732 1167 τῶν
1749 1149 1825 1166 vava—

1030 1187 1167 1223 μισμένων
1182 1187 1215 1213 τὰ
1230 1187 1341 1213 τοιαῦτα
1365 1188 1451 1213 ποιεῖν
1466 1207 1472 1219 ,
1501 1187 1567 1218 Θεὸς
1588 1186 1621 1213 ἂν
1637 1186 1682 1221 εἴη
1697 1187 1825 1218 καταεάς

1029 1233 1058 1265 ἐξ
1074 1232 1187 1268 οὐρανοῦ
1199 1241 1205 1247 ⁸
1223 1232 1240 1267 ἢ
1255 1232 1321 1264 Θεὸς
1337 1233 1385 1267 μὲν
1402 1232 1435 1259 ἂν
1452 1231 1493 1267 εἴη
1505 1252 1512 1263 ,
1527 1232 1570 1258 ἀεὶ
1584 1232 1612 1258 δὲ
1629 1231 1724 1266 λαχὼν
1739 1233 1827 1257 οἰκεῖν

1028 1277 1076 1312 τὴν
1099 1277 1160 1311 γῆν,
1176 1277 1222 1303 καὶ
1236 1277 1355 1312 ὡσπερεὶ
1381 1276 1468 1311 φυγὰς
1489 1275 1536 1302 τοῦ
1562 1276 1644 1302 τόπου
1662 1276 1719 1302 τῶν
1737 1276 1824 1302 θεῶν’

1027 1322 1046 1359 ἦ
1065 1331 1107 1354 τις
1126 1322 1180 1349 τῶν
1202 1322 1238 1357 μὴ
1260 1322 1383 1354 ἐξουσίαν
1400 1322 1516 1357 ἑχόντων
1532 1323 1673 1348 κοινωνεῖν
1690 1323 1751 1352 τοῖς
1767 1322 1828 1347 ἐκεῖ

1029 1368 1111 1399 θείοις
1139 1367 1181 1402 εἴη
1207 1368 1254 1394 ἄν·
1284 1367 1347 1403 ἢού
1377 1368 1432 1394 θεοὶ
1459 1365 1512 1394 εἶεν
1537 1369 1552 1394 ὁ
1584 1368 1723 1394 Ἀπόλλων
1744 1369 1793 1394 καὶ
1816 1371 1829 1394 ὁ

1036 1415 1215 1450 Ἀσκληπιὸς,
1238 1415 1285 1441 καὶ
1307 1415 1364 1441 ὅσοι
1388 1416 1434 1441 ἐπὶ
1449 1416 1498 1450 γῆς
1518 1424 1545 1441 τι
1568 1416 1656 1441 ποιεῖν
1671 1423 1826 1440 πεπιστευ-

1031 1461 1105 1496 μένοι
1127 1462 1206 1493 εἰσὶν,
1229 1460 1296 1487 ἀλλά
1314 1469 1384 1492 τινες
1397 1461 1521 1495 δαίμονες
1536 1461 1590 1487 τῶν
1609 1461 1638 1486 ἐν
1665 1460 1828 1495 ἀνθρώποις

1031 1506 1129 1540 σοφῶν,
1157 1506 1204 1533 καὶ
1233 1507 1280 1533 ἐπὶ
1305 1507 1353 1542 τὴν
1381 1507 1460 1540 ἁψῖδα
1482 1506 1528 1532 τοῦ
1563 1506 1680 1541 οὐρανοῦ
1705 1506 1755 1532 διὰ
1779 1506 1828 1540 τὴν

1031 1553 1129 1589 ἀρετὴν
1144 1553 1351 1585 ἀναϐαινόντων,
1373 1552 1461 1588 πολλῷ
1477 1553 1596 1588 χείρους.

1068 1685 1138 1719 Ὅρα
1152 1684 1194 1719 δὴ.
1209 1684 1258 1714 ὅτι,
1277 1682 1434 1718 βουλόμενος
1449 1681 1483 1708 τὰ
1495 1681 1617 1716 ἡμέτερα
1631 1681 1743 1707 ἀνελεῖν
1761 1681 1776 1706 ὁ
1793 1681 1831 1716 μὴ

1030 1731 1197 1766 ὁμολογήσας
1214 1729 1246 1755 δι’
1262 1729 1322 1755 ὅλου
1338 1728 1384 1754 τοῦ
1403 1728 1618 1762 συγγράμματος
1635 1727 1832 1762 Ἐηκοὺρειος

1032 1775 1116 1808 εἶναι,
1144 1776 1212 1811 πρὶς
1230 1775 1276 1801 τὸν
1307 1774 1465 1809 Ἐπίκουρον
1487 1772 1645 1808 αὑτομολῶν
1670 1772 1830 1807 ἐλέγχεται.

1033 1823 1103 1857 Ὥρα
1118 1821 1149 1857 δή
1166 1831 1205 1847 σοι
1217 1821 1255 1855 τῷ
1272 1821 1461 1855 ἐντυγχάνοντι
1473 1820 1530 1851 τοῖς
1542 1819 1646 1846 Κέλσου
1662 1818 1772 1851 λόγοις,
1785 1819 1831 1844 καὶ

1033 1868 1286 1903 ουγκατατιθεμένῳ
1300 1868 1355 1898 τοῖς
1373 1865 1572 1902 προκειμένοις,
1590 1865 1649 1900 ἦτοι
1658 1864 1789 1899 ἀναιρεῖν
1803 1864 1832 1889 τὸ

1031 1916 1097 1942 Θεὸν
1123 1915 1281 1949 ἐπιδημεῖν,
1299 1911 1494 1947 προνοούμενον
1514 1910 1667 1945 ἀνθρώπων
1684 1909 1744 1936 τῶν
1767 1909 1830 1935 καθ’

1031 1962 1089 1994 ἕνα,
1107 1961 1134 1996 ἢ,
1147 1961 1248 1987 τιθέντι
1263 1960 1294 1986 τὸ
1310 1958 1446 1990 τοιοῦτον,
1463 1956 1632 1992 ψευδοποιεῖν
1653 1955 1702 1981 τὸν
1721 1955 1830 1981 Κέλσου

1031 2007 1118 2041 λόγον.
1131 2007 1162 2033 El
1180 2007 1228 2041 μὲν
1246 2004 1291 2032 οὖν
1312 2005 1399 2039 πάντη
1420 2003 1553 2039 Πρόνοιαν
1574 2002 1710 2037 ἀναιρεῖς,
1732 2001 1830 2034 ψεγέσ-

1033 2053 1156 2088 ποιήσεις
1172 2051 1253 2079 αὐτοῦ
1269 2052 1332 2082 τοὺς
1343 2051 1448 2084 λόγους,
1465 2050 1493 2075 ὲν
1506 2045 1545 2079 οἷς
1561 2047 1654 2082 τίθησι
1673 2047 1758 2078 θεοὺς
1783 2046 1829 2072 καὶ

1032 2099 1174 2135 Πρόνοιαν,
1191 2098 1234 2125 ἵνα
1247 2097 1333 2124 ταῦτα
1350 2097 1439 2131 φήσῃς
1454 2093 1522 2121 εἶναι
1536 2093 1633 2128 ἀληθῆ·
1651 2093 1676 2118 εἰ
1699 2092 1731 2118 δὲ
1751 2092 1828 2126 τίθης

1032 2145 1106 2172 οὐδὲν
1116 2143 1196 2181 ἦττον
1208 2144 1348 2179 Πρόνοιαν,
1360 2143 1396 2173 ὡς
1408 2142 1437 2168 οὐ
1451 2139 1720 2175 συγκατατιθέμενος
1731 2138 1827 2172 Κέλσῳ

996 2187 1018 2214 1)
1032 2192 1138 2225 λέγοντι
1154 2200 1167 2216 ι
1186 2190 1254 2225 μήτε
1269 2189 1333 2215 Θεὸν
1353 2189 1420 2223 μήτε
1436 2186 1503 2213 Θεοῦ
1530 2185 1617 2212 Παῐδα
1639 2183 1827 2219 κατεληλυθέ-

1034 2246 1088 2268 ναι,
1109 2236 1125 2271 ῆ
1142 2234 1322 2270 κατέρχεσθαι
1344 2233 1410 2269 πρὸς
1428 2231 1596 2267 ἀνθρώπους·
1617 2241 1626 2256 ›
1645 2230 1692 2257 διὰ
1720 2230 1749 2256 τί
1768 2230 1827 2264 οὐχὶ

1034 2282 1169 2318 ἐπιμελῶς
1186 2281 1323 2313 ἐξετάσεις
1337 2281 1368 2306 ἐκ
1393 2279 1446 2305 τῶν
1463 2278 1527 2314 περὶ
1550 2276 1637 2313 Ἰησοῦ
1663 2277 1733 2311 ἡμῖν
1754 2276 1827 2302 λελε-

1033 2329 1140 2364 γμένων
1166 2327 1212 2353 καὶ
1234 2325 1287 2351 τῶν
1308 2325 1370 2360 περὶ
1387 2323 1468 2351 αὑτοῦ
1491 2322 1754 2358 προφητευομὲιηον,
1767 2321 1826 2347 τΞ-ρα

1036 2374 1134 2410 μᾶλλον
1151 2373 1204 2408 χρὴ
1224 2371 1344 2406 νομίζειν
1360 2370 1424 2397 Θεὸν
1442 2369 1488 2396 καὶ
1512 2368 1580 2395 Θεοῦ
1598 2368 1686 2394 Παῖδα
1709 2367 1826 2401 κατελη-

1033 2419 1140 2446 λυθέναι
1154 2418 1221 2453 πρὸς
1234 2416 1403 2452 ἀνθρώπους,
1416 2415 1460 2441 τὸν
1477 2414 1595 2440 τοσαῦτα
1608 2414 1825 2448 οἰκονομήσαντα

1034 2466 1080 2492 καὶ
1100 2466 1249 2500 ποιήσαντα
1269 2462 1392 2498 Ἰησοῦν,
1410 2461 1426 2495 ἢ
1445 2461 1508 2491 τοὺς
1531 2459 1669 2495 προφάσει
1692 2459 1825 2494 χρησμῶν

1035 2514 1081 2539 καὶ
1099 2510 1231 2548 μαντειῶν
1244 2510 1281 2545 μὴ
1297 2506 1513 2542 ἐπανορθοῦντας
1528 2505 1578 2541 μὲν
1593 2505 1627 2532 τὰ
1641 2505 1696 2540 ἢθη
1712 2505 1767 2531 τῶν
1782 2505 1824 2530 θε‹

1036 2558 1238 2595 ραπευομένων,
1262 2555 1309 2582 καὶ
1326 2554 1437 2590 προσέτι
1461 2553 1482 2579 δ’
1499 2551 1673 2582 ἀποστάντας
1693 2551 1747 2585 τῆς
1763 2551 1826 2577 εἰλι-

1035 2605 1145 2641 κρινοῦς
1161 2603 1207 2630 καὶ
1220 2602 1342 2638 καθαρᾶς
1359 2600 1426 2636 πρὸς
1437 2599 1483 2626 τὸν
1494 2599 1548 2626 τῶν
1562 2598 1632 2625 ὅλων
1648 2598 1768 2634 ποιητὴν
1783 2605 1826 2624 αε-

1038 2737 1112 2765 ταῦτ’
1131 2736 1204 2766 αὐτῷ
1220 2735 1353 2765 λέλεκται,
1381 2740 1441 2760 cum
1459 2732 1585 2766 proxime
1599 2731 1697 2757 eodem
1714 2736 1825 2766 numero

1037 2763 1172 2808 preteeti“
1191 2763 1380 2808 ’πρδςμταιῦτα
1400 2768 1428 2794 δὲ
1449 2763 1676 2808 παλιλλογοῦντι3
1705 2769 1735 2808 et
1757 2763 1824 2808 quell

1037 2801 1160 2841 Isetguitur
1175 2801 1301 2837 εἰς’τοῦθ’
1316 2805 1392 2839 ἡμῖν.
1409 2803 1570 2841 vertendum
1585 2801 1822 2841 sitc‘ltactenus.)

1038 2834 1116 2871 Lilltb.
1130 2842 1193 2869 editi
1206 2834 1260 2868 ltoc
1275 2834 1459 2871 loco'habeut,
1474 2836 1544 2863 τοῦ-Ξ
1562 2835 1640 2871 αὺτῷ
1655 2835 1791 2863 λέλεκται.
