1877 3100
223 123 292 153 118⁵1

948 121 1112 150 ORIGENIS

1767 126 1810 155 H88

222 189 300 220 gnet,
312 183 358 212 sed
374 191 434 218 qua:
450 182 533 210 etiam
551 182 652 210 clarior
667 182 695 209 in
711 182 770 210 dies
788 181 1008 217 explanatiorque

1066 181 1130 216 περὶ
1148 180 1230 207 αὑτοῦ
1251 180 1375 216 διαλήψει
1394 181 1448 207 τῶν
1469 181 1553 215 ἁγίων
1570 181 1702 216 ἀγγέλων,
1722 182 1769 209 ἀλλ’
1783 186 1809 213 tu‘

222 230 296 258 facta
309 230 342 257 ad
359 229 433 256 illam
449 228 580 256 accedere
596 228 754 255 contendat.
769 227 849 255 Unde
863 227 938 262 quod
953 227 1015 255 Cel-

223 282 271 303 sus
287 275 433 308 respondet
446 274 499 302 sibi
516 273 595 309 quasi
613 274 705 301 verbis
714 274 832 306 nostris,
852 282 861 298 ι
889 273 1013 308 angelos,

223 321 270 355 qui
287 317 319 345 ad
336 320 489 352 prrcstanda
509 319 666 347 hominibus
681 319 815 347 beneﬁcia
832 319 1013 351 descendunt,

223 373 284 394 esse
298 366 407 401 aliquod
421 372 507 400 genus
524 365 663 393 diversum
680 372 696 392 a
713 365 778 398 diis,
796 372 898 400 eosque
919 365 1017 399 proba-

222 412 313 439 biliter
330 419 391 440 esse
406 412 554 445 dmmones;
579 421 589 438 ›
608 413 634 439 id
650 412 769 439 hominis
786 416 829 439 est
852 413 896 445 qui
921 420 1016 439 sacras

223 463 332 486 nostras
357 458 511 493 Scripturas
534 466 587 485 non
605 458 678 494 legit.
698 457 753 485 Nec
770 458 843 485 videt
863 459 1015 485 daemonum

222 511 321 531 nomen
335 504 544 539 haudquaquam
556 511 616 531 esse
630 508 676 530 aut
689 503 858 535 iiidiﬂ‘erens,
870 508 900 530 ut
913 508 955 530 est
967 504 1015 531 ho-

222 550 325 577 minum
343 550 412 577 inter
425 557 495 584 quos
511 550 574 577 boni
590 555 654 577 sunt
669 554 697 577 et
717 549 798 582 mali;
825 553 872 576 aut
894 550 1010 582 bonum,

222 596 303 630 quale
312 600 355 623 est
371 596 484 623 deorum
500 597 572 630 quod
593 603 642 623 nec
658 596 738 623 malis
755 596 923 623 dmmonibus
934 616 941 628 ,
964 603 1014 623 nec

222 642 388 674 simulacris,
401 649 452 669 nec
464 641 628 668 animalibus
637 641 743 669 datura
758 649 847 668 rerum
858 641 1013 668 divinarum

221 689 327 722 peritis,
338 689 384 716 sed
393 688 497 715 naturis
512 695 576 714 vere
591 687 691 714 divinis
704 691 730 714 et
740 687 843 719 beatis;
861 687 911 714 hoc
924 692 1014 714 autem

221 734 373 761 dmmonum
387 741 481 761 nomen
497 733 577 761 tribui
590 740 699 767 semper
707 732 839 760 maleﬁcis
850 733 903 759 illis
920 739 1013 767 potes-

222 780 323 807 tatibus
330 780 578 814 crassiorieorpore
588 779 684 807 solutis
695 786 754 814 qua:
768 779 892 806 homines
904 779 928 805 in
941 786 1016 806 erro-

224 833 281 853 rem
291 825 422 852 inducunt
433 829 568 860 aguntque
581 829 751 852 transversos
759 829 787 852 et
797 825 870 851 aDeo
879 824 1014 859 rebusque

221 871 378 899 coelestibus
392 877 520 899 avocatas
536 871 570 898 ad
594 871 652 898 haec
670 871 724 898 ima
740 871 905 905 deprimunt.

1067 226 1174 262 ἐκείνην
1189 227 1324 262 ὁσημέραι
1335 228 1368 262 τῇ
1380 227 1523 262 τρανότητι
1540 228 1588 254 καὶ
1597 227 1746 264 διαρθρώσει
1759 233 1810 258 σπι»

1066 273 1157 299 δουσα.
1180 273 1224 304 Ὠς
1241 274 1277 308 μὴ
1293 273 1425 307 ἀναγνοὺς
1438 273 1467 300 δὲ
1481 273 1530 305 τὰς
1543 274 1618 309 ἱερὰς
1630 275 1702 310 ἡμῶν
1714 276 1810 311 Γραςὰςὸ

1066 320 1168 351 Κέλσος
1179 320 1268 355 ἐαυτῷ
1284 320 1460 355 ἀποκρίνεται
1476 320 1514 352 ὡς
1528 321 1575 355 ἀφ’
1587 320 1673 356 ἡμῶν,
1691 322 1726 348 ὅτι
1749 335 1757 348 ι
1771 324 1810 350 ἀλλ]

1065 375 1090 392 τι
1107 366 1184 400 γένος
1199 366 1275 401 παρὰ
1296 366 1362 392 Θεοῦ
1378 367 1434 402 (12)
1457 376 1546 402 φαμεν
1563 368 1626 398 τοὺς
1643 368 1811 402 καταϐαίνοντας

1065 412 1109 438 ἐπ’
1123 412 1267 448 εὐεργεσίᾳ
1285 412 1338 438 τῶν
1353 412 1504 448 ἀνθρώπων
1517 413 1659 446 ἀγγέλους,
1676 423 1684 439 ι
1701 414 1810 450 uatem,

1068 467 1077 483 ‹
1101 458 1139 489 ὼς
1152 459 1183 484 τὸ
1197 458 1279 490 εἰκὸς,
1296 458 1423 494 λεχθῆναι
1437 459 1470 485 ἂν
1486 459 1586 490 αὐτοὺς
1601 459 1645 492 ὑφ’
1660 460 1729 494 ἡμῶν
1747 461 1812 496 δαίμο-

1065 512 1122 536 νας·
1147 514 1156 529 ι
1173 504 1222 539 οὐχ
1238 504 1319 539 ὁρῶν,
1339 505 1380 530 ὅτι
1405 504 1436 530 τὺ
1453 505 1507 530 τῶν
1528 504 1663 539 δαιμόνων
1686 505 1757 540 όνομα
1771 507 1811 533 οῦδὲ

1067 549 1148 585 μέσον
1166 549 1249 580 ἐστὶν,
1267 550 1304 580 ὡς
1317 549 1348 576 τὸ
1360 549 1414 576 τῶν
1427 549 1589 585 ἀνθρώπων,
1611 551 1639 576 ἐν
1654 547 1692 582 οἷς
1709 560 1767 583 τινες
1781 553 1812 586 μὲν

1065 596 1176 627 ἀστεῖοι,
1197 595 1268 626 τινὲς
1289 595 1316 621 δὲ
1332 595 1427 628 φαῦλοί
1450 596 1528 622 εἰσιν
1551 596 1608 621 οὔτ’
1627 597 1731 629 ἀστεῖον,
1749 598 1811 623 ὁποῖόν

1065 641 1122 667 ἐστι
1136 641 1166 667 τὺ
1179 641 1233 668 τῶν
1245 641 1323 673 θεῶν,
1338 641 1504 676 τασσόμενον
1519 642 1570 668 οὐκ
1583 642 1630 668 ἐπὶ
1644 642 1740 676 φαύλων
1751 644 1813 677 δαιμο-

1064 686 1137 717 νίων,
1155 687 1171 722 ἢ
1187 687 1232 713 ἐπὶ
1247 687 1422 722 ἀγαλμάτων,
1436 687 1452 722 ἢ
1467 687 1511 713 ἐπὶ
1523 687 1613 719 ζώων,
1628 687 1680 714 ἀλλ’
1691 688 1736 714 ὑπὸ
1744 688 1783 714 τῶν
1791 689 1813 715 τὰ

1064 733 1132 759 Θεοῦ
1149 734 1307 774 ἐγνωκότων
1323 733 1370 760 ἐπὶ
1384 732 1438 759 τῶν
1455 733 1562 769 ἀληθῶς
1585 733 1722 769 θειοτέρων
1733 735 1769 760 καὶ
1780 743 1813 769 μα-

1065 781 1178 816 καριων-
1195 780 1238 806 ἀεὶ
1249 779 1270 805 δ’
1282 779 1327 805 ἐπὶ
1340 779 1395 805 τῶν
1406 779 1513 813 φαύλων
1524 779 1576 811 ἔξω
1587 780 1634 805 τοῦ
1643 780 1772 815 παχυτέρου
1782 781 1812 806 εὼ-

1067 835 1150 861 ματος
1173 825 1311 860 δυνάμεων
1335 824 1464 851 τάσσεται
1485 825 1515 851 τὸ
1534 825 1589 851 τῶν
1608 825 1731 860 δαιμόνων
1746 826 1811 860 ὄνομα,

1028 866 1049 893 Β
1064 871 1226 898 πλανώντων
1239 871 1286 898 καὶ
1297 870 1492 905 περισπώντων
1502 871 1565 901 τοὺς
1575 869 1733 905 ἀνθρώπους,
1742 871 1778 896 καὶ
1784 880 1812 897 γλ.

220 916 371 944 θελκόντων
387 918 442 944 ἀπὸ
455 916 503 944 τοῦ
517 917 586 943 Θεοῦ
602 917 650 943 καὶ
665 916 720 943 τῶν
742 917 947 952 ὑπερουρανίων
969 917 1015 944 ἐπὶ
1032 917 1066 944 τὰ
1079 917 1143 953 τῇδε
1162 918 1321 953 πράγματα.

256 964 284 991 6.
302 964 398 991 Postea
416 964 455 991 sic
468 964 502 991 de
518 963 618 992 Iudaeis
633 964 755 999 loquitur
770 973 777 991 :
797 974 807 990 ‹
826 964 882 991 lloe
893 965 1011 999 primum

220 1011 254 1038 de
269 1010 370 1038 Iudaeis
390 1010 457 1037 mihi
474 1010 573 1037 mirum
586 1010 697 1042 accidit,
713 1011 796 1044 quod,
820 1011 944 1045 quamvis
960 1017 1013 1037 cce-

219 1057 274 1084 lum
291 1062 319 1084 et
330 1056 376 1092 qui
391 1057 418 1084 in
435 1055 481 1084 illo
497 1061 560 1084 sunt
587 1057 698 1091 angelos
721 1060 885 1084 venerentur
899 1075 907 1088 ,
928 1056 1012 1084 solem

221 1108 324 1137 tamen,
342 1103 436 1129 lunam
448 1103 571 1137 aliasque
584 1102 677 1130 stellas
690 1110 752 1130 cum
766 1102 833 1129 [ian
849 1106 904 1129 tum
918 1109 1013 1129 erran-

220 1154 271 1183 tes,
287 1157 347 1184 quae
366 1153 441 1176 certe
464 1153 528 1176 sunt
543 1148 747 1183 augustissima:
764 1153 792 1175 et
816 1148 1012 1184 potentissima:

219 1195 282 1222 roch
309 1199 413 1230 partes,
430 1195 542 1221 minime
560 1194 673 1221 colenda
692 1201 751 1221 esse
770 1193 905 1229 judicent.
928 1193 1011 1226 Quasi

219 1241 278 1269 hac
285 1241 365 1268 simul
376 1242 515 1268 cohaerere
527 1241 607 1276 581
619 1245 741 1275 possent,
756 1244 843 1267 totum
852 1246 912 1267 esse
925 1239 1009 1266 Deum

219 1292 247 1314 et
264 1291 354 1321 partes
369 1286 453 1314 totius
470 1294 524 1314 non
550 1293 612 1313 esse
629 1286 736 1313 divinas
750 1292 756 1311 :
771 1285 849 1319 quasi
867 1284 909 1311 fas
935 1288 1010 1312 esset

220 1340 326 1360 summo
341 1333 445 1360 honore
457 1332 585 1367 prosequi
601 1339 659 1362 eos,
674 1332 719 1366 qui
733 1331 759 1358 in
773 1331 894 1358 tenebris
909 1330 1009 1357 alicubi

219 1378 245 1404 vi
264 1378 392 1413 improba:
404 1378 472 1404 artis
483 1377 595 1412 magicae
611 1377 764 1408 occazcatis,
775 1381 819 1403 aut
833 1383 882 1410 per
893 1376 1008 1403 obscura

220 1429 328 1458 spectra
347 1422 546 1451 somniantibus
559 1429 693 1457 apparere
708 1422 851 1454 dicuntur;
872 1421 931 1449 illos
946 1429 1009 1448 vero

219 1470 297 1498 nihili
314 1470 431 1504 pendere
446 1468 648 1496 illustrissimos
663 1475 754 1494 rerum
771 1475 852 1502 supra
870 1475 920 1494 nos
935 1468 1008 1502 posi—

222 1521 311 1541 tarum
330 1520 479 1548 praecones,
497 1513 558 1540 illos
581 1519 646 1539 vere
673 1512 798 1540 caelestes
825 1513 946 1546 angelos,
963 1513 1009 1547 qui

222 1565 276 1588 tam
301 1560 445 1594 perspicua
472 1559 610 1592 omnibus,
638 1564 692 1585 tam
718 1558 859 1593 splendida
877 1559 1006 1586 vaticinia

221 1607 314 1637 edunt,
340 1605 385 1638 qui
411 1604 526 1638 pluvias,
555 1609 649 1636 aestus,
678 1603 803 1635 nebulas,
836 1604 954 1630 tonitrua
974 1599 1043 1630 abC

221 1651 288 1686 ipsis
309 1651 433 1682 adorata,
453 1649 578 1684 fulgura,
605 1648 721 1681 fructus,
749 1653 898 1684 proventus
916 1657 1010 1676 omnes

221 1695 427 1726 administrant,
450 1695 551 1728 quibus
566 1693 684 1728 denique
701 1693 747 1720 Dei
764 1693 947 1728 cognitionem
964 1694 1010 1720 dc-

221 1742 316 1768 bent.)
337 1741 386 1768 llic
414 1741 479 1767 mihi
503 1739 599 1767 Celsus
623 1740 728 1766 videtur
749 1739 776 1766 in
804 1739 1010 1774 perturbatione

221 1791 344 1815 versatus
367 1787 510 1822 scripsisse
532 1794 592 1822 qum
616 1786 765 1817 nesciebat,
791 1790 838 1812 aut
859 1793 920 1820 qua:
941 1785 1010 1811 male

221 1833 404 1861 intellexerat.
417 1833 515 1867 Liquet
529 1832 601 1859 enim
616 1839 659 1858 res
671 1830 826 1858 Judaeorum
843 1830 1008 1858 examinanti

220 1883 248 1905 ct
265 1885 326 1905 cum
343 1876 562 1904 Christianorum
581 1876 661 1903 rebus
677 1876 838 1907 conferenti,
856 1875 923 1902 nihil
939 1875 1010 1901 aliud

220 1932 235 1950 ιι
266 1923 366 1951 Iudaeis
395 1923 505 1950 adorari
533 1927 632 1958 przleter
659 1922 743 1948 Deum
773 1921 836 1948 cadi
864 1927 1010 1954 rerumque

219 1969 341 1997 omnium
358 1969 541 1995 conditorem.
559 1968 664 2002 Quippe
688 1958 733 2001 qui
758 1966 844 2001 legem
861 1970 1010 2000 sequuntur

221 2024 236 2043 a
254 2017 309 2043 Deo
323 2016 454 2043 sancilam
468 2015 510 2042 his
526 2014 617 2041 verbis
634 2021 641 2040 :
659 2023 668 2039 ι
680 2013 737 2040 Non
753 2017 834 2040 erunt
849 2012 896 2039 tibi
911 2012 956 2039 alii
972 2012 1008 2039 dii

219 2066 320 2097 praeter
334 2067 377 2088 me
390 2069 397 2087 :
411 2069 464 2087 non
483 2060 567 2087 iacies
584 2059 631 2086 libi
647 2059 782 2093 sculptile,
796 2066 883 2094 neque
899 2065 1008 2086 omnem

220 2106 437 2137 similitudinem,
455 2112 515 2139 quae
528 2109 570 2132 est
585 2104 611 2131 in
629 2104 698 2131 caelo
717 2104 843 2138 desuper,
864 2108 890 2130 et
908 2111 970 2138 quae
982 2103 1008 2130 in

222 2156 293 2178 terra
313 2151 452 2183 deorsum,
477 2157 527 2177 nec
543 2157 639 2176 eorum
655 2157 715 2184 qua:
739 2154 801 2176 sunt
816 2149 841 2175 iu
863 2149 941 2183 aquis
958 2148 1009 2176 sub

221 2203 306 2226 terra.
319 2196 377 2224 Non
396 2196 522 2223 adorabis
533 2204 573 2227 ea.
591 2202 678 2229 neque
694 2194 824 2222 coles".i
844 2194 907 2221 lude
922 2198 1008 2229 patet,

221 2243 268 2277 qui
286 2251 320 2270 ex
346 2242 502 2276 prmseripto
525 2241 592 2276 legis
609 2241 703 2267 vivunt
723 2244 750 2266 et
770 2239 927 2266 Creatorem
945 2238 1008 2265 coeli

221 2289 349 2320 adorant,
366 2288 400 2315 ab
422 2289 455 2315 iis
478 2287 572 2315 eodem
593 2287 619 2313 in
643 2286 745 2313 honore
769 2285 869 2312 cmlum
888 2291 940 2311 non
956 2284 1007 2311 ha-

222 2335 289 2362 beri.
306 2335 400 2369 Neque
419 2334 501 2362 etiam
518 2333 643 2368 angelos,
664 2332 710 2366 qui
726 2331 751 2357 in
775 2330 845 2357 caelo
861 2334 932 2360 sunt,
963 2330 1009 2357 ad-

222 2386 294 2414 orat,
310 2381 434 2415 quisquis
456 2379 602 2407 Mosuicam
621 2379 705 2411 legem
717 2377 854 2403 observat.
872 2375 1005 2408 Quemad-

223 2427 331 2453 modum
347 2426 418 2452 enim
443 2425 527 2452 solem
543 2429 570 2450 et
585 2423 675 2449 lunam
695 2427 722 2448 et
736 2420 837 2453 stellas,
856 2420 947 2447 mundi
962 2427 1007 2447 or-

222 2476 360 2504 namenta,
382 2479 435 2498 non
456 2470 584 2501 adorant;
608 2468 649 2496 sic
664 2467 733 2495 caelo
755 2471 782 2494 et
803 2467 906 2501 angelis
920 2465 1008 2501 quiin

222 2518 268 2545 illo
287 2521 359 2549 sunt,
383 2517 453 2544 hunc
481 2517 610 2542 honorem
637 2513 737 2540 habere
757 2512 894 2548 refugiunt
910 2513 1007 2539 :obse—

222 2568 336 2599 quentes
352 2562 414 2590 huic
437 2561 488 2594 Icci
502 2570 507 2587 :
521 2569 531 2587 ι
544 2559 582 2587 Ne
607 2559 720 2587 elevatis
737 2558 823 2587 oculis
847 2559 880 2586 ad
896 2558 1006 2590 caelum,

273 2656 296 2672 ’⁷⁸
315 2655 401 2682 Exod.
414 2663 459 2688 xx,
477 2655 503 2686 ὅ,
518 2655 546 2686 4,
565 2654 591 2681 5,

258 2736 316 2772 (ιῖ)
332 2737 414 2771 Παρὰ
431 2732 520 2772 Θεοῖἷξν
532 2733 602 2771 Lege
619 2731 682 2763 eam
697 2735 839 2763 Bohercllo
856 2734 883 2762 et
897 2734 1005 2766 Guicto,

223 2772 299 2806 παρὰ
316 2772 391 2803 Θεούς
404 2773 445 2799 vel
455 2771 529 2806 παρὰ
539 2772 613 2798 Θεόν.

261 2804 316 2840 (15)
329 2807 376 2838 Ὠ(-
384 2804 588 2840 ὲνδεχόέιενον.
597 2806 774 2833 Accusativus
784 2813 871 2836 casus.
885 2804 1008 2840 absolute

225 2842 339 2874 positus,
356 2839 510 2875 quanquam
525 2841 620 2869 Guieto
638 2842 808 2869 scribendum
827 2841 953 2873 videtur,
969 2839 1007 2872 ὡς

1100 966 1176 993 Μετὰ
1190 965 1277 992 ταῦτα
1291 966 1319 991 δὲ
1338 965 1466 1001 τοιαύτην
1480 964 1618 991 ἐκτίθεται
1638 965 1698 1000 περὶ
1717 965 1812 991 Ἰουδαίων

1063 1010 1143 1043 λέξιν·
1160 1020 1168 1036 ι
1183 1010 1294 1045 Πρῶτον
1303 1008 1349 1036 οὖν
1360 1010 1412 1036 τῶν
1430 1010 1562 1036 Ἰουδαίων
1573 1010 1718 1045 θαυμάζειν
1728 1010 1791 1043 ἀξιον,
1799 1012 1813 1036 εἰ

1063 1058 1108 1084 τὸν
1121 1057 1170 1092 μὲν
1180 1057 1293 1092 οὐρανὸν
1304 1056 1420 1088 καὶτοὺς
1431 1057 1459 1082 ἐν
1469 1056 1536 1090 τῷδε
1547 1056 1680 1090 ἀγγέλους
1691 1056 1785 1086 σέϐουσι,
1793 1056 1813 1081 τὰ

1064 1102 1218 1138 σεμνότατα
1226 1102 1253 1128 δὲ
1267 1101 1351 1128 αὑτοῦ
1367 1101 1437 1137 μέρη
1452 1102 1499 1128 καὶ
1512 1101 1697 1133 δυνατώτατα,
1707 1102 1775 1137 ἣλιον,
1784 1097 1814 1127 xit".

1064 1147 1189 1183 σελήνην,
1212 1147 1258 1173 καὶ
1276 1147 1338 1179 τοὺς
1360 1146 1454 1178 ἄλλους
1469 1147 1598 1181 ἀστέρας,
1617 1147 1736 1178 ἀπλανεῖς
1751 1155 1772 1172 τε
1784 1147 1814 1171 73".

1063 1192 1218 1227 πλανήτας,
1246 1192 1334 1219 ταῦτα
1363 1193 1614 1228 παραπέμπουσιν.
1642 1193 1685 1224 Ὠς
1708 1192 1814 1227 ἐνδεχόμε-

1062 1247 1105 1264 νον
1121 1238 1186 1274 (15),
1203 1238 1234 1265 τὸ
1251 1239 1298 1274 μὲν
1322 1238 1381 1264 ὅλον
1401 1236 1470 1265 εἶναι
1489 1237 1565 1270 Θεὸν,
1586 1238 1622 1264 τὰ
1637 1238 1665 1265 δὲ
1682 1239 1742 1274 μέρη
1758 1237 1814 1264 αὖτοῦ

1063 1284 1099 1319 μὴ
1120 1284 1189 1310 θεῖα·
1205 1284 1221 1319 ἢ
1239 1284 1302 1315 τοὺς
1323 1284 1371 1319 μὲν
1387 1285 1416 1310 ὲν
1432 1283 1519 1319 σκότῳ
1536 1292 1588 1310 που
1610 1285 1642 1311 ὲκ
1661 1284 1770 1320 γοητείας
1782 1284 1815 1310 ob:

1061 1330 1144 1364 ὀρθῆς
1154 1329 1361 1364 τυφλώττουσιν,
1371 1329 1388 1364 ἦ
1397 1329 1429 1355 δι’
1438 1329 1564 1365 ἀμυδρῶν
1576 1331 1720 1365 φασμάτων
1729 1329 1815 1365 ὀνειρώτ-

1061 1384 1153 1402 τουσιν
1168 1376 1347 1411 ὲγχρὶμπτειν
1362 1375 1533 1411 λεγομένους,
1548 1374 1578 1402 εὖ
1596 1377 1668 1411 μάλα
1683 1375 1814 1411 θρησκεύειν

1062 1421 1125 1451 τοὺς
1145 1421 1168 1447 δ’
1185 1421 1305 1457 ἐναργῶς
1328 1420 1399 1447 οὕτω
1420 1421 1466 1448 καὶ
1487 1422 1625 1458 λαμπρῶς
1646 1423 1725 1449 amat
1742 1429 1816 1457 προςη-

1062 1465 1199 1499 τεύοντας,
1213 1467 1246 1493 δι’
1260 1463 1296 1494 ὧν
1320 1467 1413 1498 ὑετούς
1427 1476 1457 1493 τε
1471 1468 1516 1494 καὶ
1533 1468 1636 1503 θάλπη,
1654 1468 1698 1494 καὶ
1711 1467 1775 1502 νέςη,
1786 1466 1815 1492 καὶ

1063 1513 1176 1548 βροντὰς
1199 1512 1242 1548 (ἃς
1263 1513 1466 1549 προσκυνοῦσι,)
1482 1515 1530 1540 καὶ
1546 1514 1698 1549 ἀστραπὰς,
1715 1515 1756 1540 καὶ
1773 1521 1816 1547 κερ

1063 1559 1139 1590 ποὺς,
1162 1560 1209 1585 καὶ
1230 1558 1310 1593 γονὰς
1331 1560 1439 1591 ἁπάσας
1461 1559 1643 1594 ταμιεῦεσθαι
1669 1560 1730 1595 (Η),
1748 1559 1775 1585 δι’
1793 1555 1815 1584 ἐν

1060 1605 1152 1637 αὐτοῖς
1166 1605 1402 1632 ἀνακαλύπτεσθαι
1418 1606 1463 1632 τὸν
1477 1606 1554 1637 Θεὸν,
1567 1607 1633 1638 τοὺς
1649 1605 1816 1641 φανερωτάτους

1061 1650 1116 1677 τῶν
1130 1651 1185 1677 ἄνω
1205 1651 1337 1686 κήρυκας,
1355 1652 1417 1682 τοὺς
1433 1652 1470 1683 ὡς
1486 1652 1595 1687 ἀληθῶς
1618 1653 1748 1688 οὐρανίους

1062 1696 1134 1727 λους,
1154 1696 1264 1727 τούτους
1286 1697 1411 1730 ἡγεῖσθαι
1430 1697 1460 1723 τὸ
1484 1698 1577 1732 μηδὲν.
1593 1708 1601 1723 ι
1629 1699 1671 1725 Ἐν
1699 1697 1786 1728 τούτοις
1800 1696 1817 1721 δὲ

1061 1742 1134 1769 δοκεῖ
1146 1751 1189 1777 μοι
1201 1742 1382 1778 συγκεχύσθαι
1393 1743 1524 1775 όΚέλσος,
1534 1745 1583 1771 καὶ
1595 1745 1649 1771 ἀπὺ
1660 1742 1816 1780 παρακουσμά-

1062 1796 1126 1818 των,
1140 1787 1157 1813 ἃ.
1172 1786 1208 1822 μὴ
1226 1787 1292 1822 ᾔδει,
1304 1788 1481 1823 γεγραφέναν
1499 1789 1584 1823 σαφὲς
1600 1790 1655 1826 γὰρ
1671 1791 1722 1820 τοῖς
1734 1789 1762 1815 τὰ
1775 1789 1816 1813 Ἰσί-

1060 1832 1142 1859 δαίων
1166 1832 1331 1865 ἐξετάζουσι,
1357 1834 1404 1860 καὶ
1424 1834 1457 1860 τὰ
1473 1835 1647 1869 Χριστιανῶν
1666 1834 1765 1864 ἐκείνοις
1777 1841 1816 1858 σνν-

1062 1878 1202 1909 άπτουσιν,
1226 1877 1266 1904 ὅτι
1291 1877 1329 1912 τῷ
1352 1878 1400 1913 μὲν
1417 1879 1490 1913 νόμῳ
1506 1879 1714 1911 ἀκολουθοῦντες
1731 1878 1815 1904 Ἰουδαῖοι

1061 1923 1166 1956 λέγοντι
1190 1923 1222 1949 ὲκ
1245 1922 1391 1958 προσώπου
1407 1923 1486 1949 Θεοῦ·
1513 1933 1522 1948 ι
1536 1924 1594 1950 Οὐκ
1611 1923 1713 1950 ἔσονταί
1732 1931 1765 1948 σοι
1781 1919 1816 1946 θεοὶ

1062 1969 1150 2005 ἕτεροι
1165 1969 1234 2004 πλὴν
1251 1969 1329 2004 ἐμοῦ.
1343 1969 1380 1995 Οὐ
1397 1970 1520 2004 ποιήσεις
1535 1969 1643 2004 σεαυτῷ
1659 1968 1764 1998 εἴδωλον,

1062 2015 1161 2046 παντὸς
1175 2015 1312 2050 ὁμοίωμα,
1327 2015 1377 2041 ὅσα
1391 2016 1420 2041 ἐν
1434 2014 1473 2050 τῷ
1487 2015 1596 2050 οὐρανῷ
1616 2015 1681 2046 ἄνω,
1697 2014 1738 2040 καὶ
1751 2013 1788 2039 ὅσα
1799 2012 1816 2036 ἐν

1060 2061 1092 2095 τῇ
1104 2061 1138 2095 γῇ
1149 2060 1233 2091 κάτω,
1242 2060 1289 2087 καὶ
1297 2061 1345 2086 ὅσα
1355 2061 1382 2086 ὲν
1391 2061 1445 2091 τοῖς
1454 2059 1546 2086 ὕδασιν
1558 2060 1689 2086 ὑποκάτω
1695 2059 1738 2094 τῆς
1743 2058 1790 2092 γῆς,
1798 2056 1816 2081 θ)

1061 2107 1260 2141 προσκυνήσεις
1276 2105 1378 2137 αὐτοῖς,
1401 2106 1461 2132 οὐδὲ
1484 2106 1521 2141 μὴ
1542 2105 1702 2141 λατρεύσεις
1723 2104 1814 2132 αὐτοῖς’»

1061 2151 1136 2177 οὐδὲν
1149 2150 1212 2178 ἄλλο
1228 2150 1361 2182 σέϐουσιν,
1376 2150 1391 2185 ἢ
1406 2151 1451 2177 τὸν
1463 2151 1509 2178 ἐπὶ
1520 2151 1590 2177 πᾶσι
1606 2151 1682 2182 Θεὸν,
1696 2150 1724 2181 ὃς
1736 2147 1815 2180 Emit;

1060 2197 1106 2222 τὸν
1123 2196 1236 2232 οὐρανὸν
1260 2197 1306 2223 καὶ
1332 2196 1366 2223 τά
1393 2196 1475 2223 λοιπὰ
1497 2197 1597 2224 πάντα.
1616 2197 1699 2232 Δῆλον
1719 2195 1738 2221 δ’
1756 2194 1786 2220 ὅτι
1801 2192 1814 2216 οἱ

1061 2243 1131 2269 κατὰ
1144 2243 1189 2268 τὺν
1201 2242 1281 2277 νόμον
1298 2242 1427 2277 βιοῦντες,
1446 2242 1568 2274 σέϐοντες
1586 2242 1634 2269 τὸν
1650 2242 1779 2275 ποιήσαντα
1788 2238 1814 2262 τὸη

1061 2288 1184 2324 οὐρανὸν,
1204 2289 1235 2315 οὺ
1253 2288 1413 2315 συσσέϐουσι
1431 2288 1469 2323 τῷ
1490 2288 1549 2323 Θεῷ
1566 2288 1613 2314 τὸν
1628 2287 1744 2323 οὐρανόν.

1061 2335 1108 2361 καὶ
1121 2335 1184 2366 τοὺς
1195 2335 1223 2360 ὲν
1233 2333 1271 2369 τῷ
1281 2334 1388 2369 οὐρανῷ
1401 2334 1533 2368 ἀγγέλους
1543 2334 1633 2366 οὐδεὶς
1651 2333 1702 2359 τῶν
1713 2329 1815 2359 auulsi"?

1061 2388 1114 2406 των
1137 2379 1175 2414 τῷ
1197 2380 1335 2410 Μωῡσέως
1355 2379 1430 2414 νόμῳ
1457 2381 1617 2414 προσκυνεῖθ
1639 2379 1732 2413 ὁμοίως
1749 2376 1772 2402 δὲ
1790 2372 1814 2406 τ¹ῖ¹

1063 2424 1100 2459 μὴ
1115 2425 1276 2459 προσκυνεῖν
1292 2424 1377 2458 ἥλιον,
1390 2424 1437 2450 καὶ
1452 2423 1577 2459 σελήνην,
1593 2424 1711 2454 καὶτοὺς
1721 2420 1813 2454 ἀστέρας-

1062 2467 1107 2493 τὸν
1124 2468 1225 2503 κόσμον
1242 2467 1289 2494 τοῦ
1304 2468 1429 2504 οὐρανοῦ,
1447 2468 1596 2503 ἀπέχονται
1622 2468 1669 2494 τοῦ
1691 2463 1813 2502 ιιτροςτπυνεῖγ

1062 2513 1176 2549 οὐρανὸν
1202 2513 1248 2541 καὶ
1263 2515 1326 2546 τοὺς
1342 2515 1371 2541 έν
1394 2515 1467 2549 αὐτῷ
1482 2514 1628 2549 ἀγγέλους,
1646 2513 1780 2548 πειθόμενοι
1791 2507 1813 2541 τῷ

1062 2558 1167 2592 λέγοντι
1183 2560 1267 2595 νόμιμ’
1285 2569 1294 2586 ‹
1305 2560 1359 2586 Καὶ
1383 2561 1420 2596 μὴ
1443 2560 1597 2595 ἀναϐλέψας
1612 2561 1652 2593 εἷς
1669 2560 1710 2586 τὸν
1724 2554 1813 2592 οὐρανὸν»

1060 2734 1243 2770 ἐνδεχομένου.

1097 2761 1159 2804 (ιἰὶγ
1173 2770 1374 2804 Ταμιεύεσθαι.
1389 2768 1563 2804 Addendum,
1578 2769 1622 2798 vel
1635 2761 1811 2797 subaudiendum

1061 2805 1149 2840 δῆλον,
1165 2812 1212 2833 aut
1228 2806 1292 2841 quid
1305 2805 1401 2833 simile.
