1877 3100
169 118 236 149 HM

869 113 1029 143 ORIGENIS

1741 117 1806 145 H92

168 184 337 213 consequens
350 176 413 204 item
430 178 483 207 est,
497 177 527 202 ut
539 177 692 202 animantes
707 180 830 209 qumque,
845 181 952 206 muscze,

1041 171 1095 202 ιῖαι,
1114 177 1160 198 και
1178 170 1299 206 σκνίφες,
1318 173 1365 199 καὶ
1386 172 1536 209 σκώληκες,
1552 173 1602 200 καὶ
1624 174 1680 201 πᾶν
1699 173 1732 201 τὸ
1754 175 1805 203 τῶν

167 225 280 256 culices,
307 230 425 254 vermes,
450 230 531 250 omne
554 225 711 257 serpentum
737 228 833 256 genus,
861 227 956 249 omnes

167 272 308 300 vochrum
332 269 504 304 pisciumque
529 267 645 302 species,
670 267 743 294 inter
766 267 832 294 deos
858 266 956 294 referri

167 317 292 344 debeant.
320 315 396 349 Quod
423 322 474 342 nec
496 313 680 341 assentientur
706 313 723 340 ii
751 313 796 348 qui
823 313 956 340 mundum

167 361 251 389 Deum
269 366 329 389 eSSe
349 361 484 389 dictitant.
500 360 584 387 Judaei
597 364 686 386 autem
700 359 747 394 qui
762 359 796 386 ad
809 359 954 386 Mosaicam

165 407 253 444 legem
271 408 353 434 vitam
377 407 502 441 exigunt,
519 406 628 433 etiamsi
645 413 698 433 non
723 407 827 440 possint
843 413 874 433 ea
889 405 956 441 legis

165 461 226 489 qua:
241 454 358 481 obscure
372 453 473 486 scripta
493 456 556 479 sunt
572 456 601 479 et
615 451 681 486 quid
699 452 870 479 reconditum
886 459 953 478 con-

165 500 254 526 tinent
267 498 457 532 interpretari,
477 503 615 531 nunquam
635 501 724 524 tamen
749 497 841 523 dicent
856 496 954 524 coelum

164 548 211 571 aut
228 543 339 578 angelos
355 544 381 569 in
398 543 464 569 deos
481 549 542 569 esse
557 541 749 569 conferendas.

201 590 227 616 8.
242 589 376 621 Quoniam
391 595 455 614 vero
474 588 591 614 diximus
612 587 720 614 Celsum
737 595 769 614 ex
792 587 954 621 quihusdam

166 636 237 663 male
248 635 395 662 intellectis
405 635 430 661 in
444 634 675 668 perlurlmtionem
691 633 827 664 incidisse,
843 633 868 659 Id
883 640 954 660 nunc

164 688 215 716 pro
237 680 342 707 viribus
369 680 510 707 declarare
533 680 611 714 juvat
629 688 636 706 :
653 679 837 713 quoniamque
861 678 954 706 Celsus

164 726 285 754 animum
298 726 404 753 induxit
420 726 446 752 in
464 733 540 752 more
556 730 637 759 atque
654 725 780 752 instituto
798 724 953 751 Judatorum

163 780 226 800 esse
242 772 358 806 positum
378 776 408 798 ut
423 771 520 798 caelum
537 775 565 797 et
587 770 635 805 qui
652 770 678 797 in
696 770 742 797 illo
757 776 821 797 sunt
842 770 953 805 angelos

163 819 287 850 adorent,
306 818 480 845 ostendamus
497 817 607 844 illarum
634 824 725 844 rerum
743 817 814 844 sicut
830 822 857 844 et
874 817 950 849 solis,

163 863 243 896 tuine,
257 862 394 890 stellarum
408 862 672 896 simulacrorumque
686 862 789 888 cultura
803 870 855 888 non
871 862 952 889 modo

163 915 217 934 non
244 915 309 934 esse
333 907 454 934 Judaicis
481 907 612 934 institutis
636 911 871 939 consentaneum,
903 908 951 935 sed

162 953 246 980 etiam
270 952 304 979 ab
332 953 386 979 illis
406 960 469 980 esse
494 960 575 987 quam
598 953 808 980 alienissimum.
836 954 867 980 Et
885 961 952 981 vero

163 999 236 1026 Deus
247 999 316 1034 apud
329 999 475 1026 Jeremiam
488 999 650 1033 prophetam
660 1005 719 1026 cum
734 999 831 1033 populo
838 999 952 1026 Judaico

163 1046 328 1081 expostulat,
347 1046 418 1079 quod
439 1053 482 1072 res
505 1045 565 1073 illas
583 1046 711 1072 adoraret
729 1050 756 1072 et
773 1045 871 1079 regina:
889 1046 950 1073 caeli

164 1093 267 1127 totique
292 1091 353 1119 σαὶιὶ
379 1090 483 1118 militia:
503 1098 580 1117 sacra
609 1091 712 1117 laceret
728 1090 762 1116 ⁸ο.
789 1090 858 1123 Quid
881 1091 951 1123 quod

162 1138 234 1165 inter
244 1137 369 1170 crimina,
380 1145 495 1171 quorum
504 1135 612 1163 Judzeos
622 1141 753 1164 accusant
761 1137 862 1171 scripta
872 1136 952 1163 Chri-

161 1183 324 1214 stianorum,
342 1182 412 1209 idem
430 1182 494 1209 illud
508 1182 642 1216 reperias,
654 1186 681 1208 et
693 1182 728 1208 ob
739 1189 799 1209 eam
812 1189 922 1208 causam
935 1189 951 1208 a

162 1228 217 1255 Deo
229 1227 311 1254 fuisse
328 1227 492 1262 repudiatos.
503 1227 547 1254 Sic
559 1227 632 1254 enim
644 1228 670 1254 in
680 1227 756 1254 Actis
766 1227 950 1261 apostolorum

161 1273 196 1299 de
208 1271 326 1299 Juda'is:
341 1281 350 1297 ι
361 1271 501 1299 Convertit
526 1277 617 1299 autent
638 1273 709 1300 Deus
732 1277 760 1300 et
778 1273 889 1299 tradidit
905 1280 951 1300 eos

161 1317 242 1353 583
266 1317 367 1345 servire
391 1317 494 1344 militiae
523 1318 596 1350 cali,
622 1318 693 1345 sicut
716 1319 848 1352 scriptum
863 1323 905 1345 est
921 1319 949 1345 in

160 1363 231 1391 libro
252 1363 447 1398 Pmphetarum
478 1372 485 1389 :
516 1363 642 1398 Nunquid
672 1364 795 1392 victimas
809 1370 836 1391 et
848 1365 950 1392 hostias

160 1409 297 1437 obtulistis
311 1410 376 1437 mihi
389 1411 467 1437 annis
479 1411 657 1444 quadraginta
675 1411 701 1436 in
718 1411 834 1442 deserto,
850 1412 949 1439 domus

160 1455 268 1483 Israel?
285 1456 316 1482 Et
343 1457 504 1491 suscepistis
521 1457 726 1483 tabernaculum
749 1456 856 1484 Mnloch
872 1463 898 1484 et
913 1458 950 1484 si-

1008 219 1095 253 ὖφεων
1110 217 1187 250 εἶδος·
1205 218 1273 246 ἀλλὰ
1295 220 1341 246 καὶ
1364 220 1394 246 τὸ
1414 220 1466 246 τῶν
1488 221 1603 256 ὀρνέων,
1628 221 1678 248 καὶ
1702 222 1734 248 τὸ
1755 222 1806 249 τῶν

1009 263 1117 298 ἰχθύων.
1136 265 1224 300 "Amp
1235 264 1288 290 οὐδ’
1304 265 1329 291 οἱ
1339 265 1463 299 λέγοντες
1475 265 1542 292 Θεὸν
1558 263 1628 292 εἶναι
1641 267 1689 293 τὸν
1705 267 1806 302 κόσμον

1007 310 1147 345 φήσουσιν.
1165 311 1195 336 Οί
1211 311 1239 337 δὲ
1255 310 1325 337 κατὰ
1343 311 1388 337 τὸν
1411 312 1552 343 Μωῡσέως
1579 313 1664 347 νόμον
1684 312 1806 347 βιοῦντες

1013 356 1143 388 Ἰουδαῖοι,
1159 356 1209 382 κᾶν
1227 357 1308 392 μηδὲν
1323 357 1428 383 εἰδῶσιν
1438 357 1494 392 (‘20)
1504 358 1666 392 ἐκδέχεσθαι
1684 368 1806 394 κεκρυμ-

1007 402 1097 438 μένως
1113 403 1257 438 εἰρημένον
1272 404 1319 430 τοῦ
1333 403 1415 438 νόμου
1434 403 1567 439 βούλημα,
1583 405 1631 430 καὶ
1648 405 1806 440 ἁπὸῥρητόν

1005 455 1031 473 τι
1047 449 1188 483 ἐμφαῖνον,
1211 447 1275 474 οὔτε
1290 449 1335 475 τὸν
1350 449 1463 484 οὐρανὸν
1488 450 1622 484 φήσουσιν
1636 447 1712 476 εἶναι
1730 450 1804 482 θεὸν,

1005 493 1067 520 οὕτε
1086 494 1149 524 τοὺς
1166 494 1307 527 ἀγγέλους.

1047 540 1122 566 Ἐπεὶ
1142 540 1170 566 δὲ
1200 540 1340 575 φάσκομεν
1363 540 1444 567 αὐτὸν
1470 540 1657 576 συγκεχύσθαι
1674 541 1708 568 ἔκ
1726 551 1805 568 τινων

1005 585 1255 620 παρακουσμάτων,
1281 586 1357 621 φέρε,
1376 586 1424 612 καὶ
1444 586 1531 613 ταῦτα
1555 588 1649 622 ἡμεῖς,
1680 588 1754 615 κατὰ
1778 589 1806 615 τὸ

1005 630 1115 657 δυνατὸν
1132 631 1208 666 ἡμῖν,
1224 631 1418 666 τρανώσωμεν,
1434 633 1481 658 καὶ
1498 635 1739 669 παραστήσωμεν,
1756 635 1804 665 ὃτι,

1005 676 1109 702 Κέλσου
1134 676 1290 712 νομίζοντος
1320 678 1464 704 Ἰουδαῖκὸν
1488 676 1557 705 εἶναι
1580 679 1611 705 τὸ
1639 682 1805 715 προσκυνεῖν

1004 722 1111 758 οὖρανῷ
1134 723 1181 749 καὶ
1199 724 1256 754 τοῖς
1278 724 1306 749 ἐν
1328 723 1402 758 αὑτῷ
1425 724 1560 758 ἀγγέλοις,
1584 726 1636 751 οὐκ
1659 726 1806 752 Ἰουδαϊκὸν

1006 768 1055 802 μὲν
1068 768 1099 795 τὸ
1115 769 1244 801 τοιοῦτον,
1269 769 1456 804 παραϐατικὺν
1478 770 1505 796 δὲ
1530 771 1706 806 Ἰουδαϊσμοῦ
1722 773 1803 799 ἐστιν·

1005 813 1099 850 ὥσπερ
1124 816 1170 841 καὶ
1194 814 1225 841 τὸ
1251 817 1412 850 προσκυνεῖν
1434 816 1512 851 ἡλίῳ,
1537 817 1585 843 καὶ
1610 817 1734 854 σελήνῃ,
1761 819 1806 845 καὶ

1004 860 1123 896 ἄστροις,
1147 860 1215 887 ἀλλὰ
1237 861 1285 887 καὶ
1306 860 1363 892 τοῖς
1383 861 1547 897 ἀγάλμασιν.
1575 864 1719 898 Εὗρήσεις
1742 864 1804 897 γοῦν

1005 906 1121 940 μάλιστα
1139 907 1166 932 ἐν
1186 906 1225 941 τῷ
1255 907 1372 943 Ἱερεμίᾳ
1387 907 1432 934 τὸν
1449 908 1495 934 τοῦ
1510 909 1577 935 Θεοῦ
1592 909 1676 943 λόγον
1696 910 1743 937 διὰ
1761 909 1805 937 τοῦ

1003 952 1144 987 προφήτου
1160 954 1335 987 μεμφόμενον
1347 953 1386 988 τῷ
1402 954 1536 980 Ἰουδαίων
1548 954 1616 989 λαῷ,
1626 955 1667 986 ὡς
1685 965 1805 991 προσκν-

1003 996 1091 1023 νοῦντι
1106 997 1140 1023 τὰ
1152 997 1265 1025 τοιαῦτα
1280 999 1327 1024 καὶ
1342 998 1431 1024 Θὺοντι
1443 1001 1474 1035 τῇ
1494 999 1641 1037 βασιλίσσῃ
1657 1001 1709 1028 τοῦ
1727 1003 1806 1036 οὖρα-

1004 1042 1048 1068 νοῦ
1066 1044 1113 1069 καὶ
1130 1043 1205 1078 πάσῃ
1220 1044 1253 1078 τῇ
1273 1045 1386 1079 στρατιᾷ
1411 1044 1457 1070 τοῦ
1484 1045 1612 1081 οὐρανοῦ.
1638 1047 1760 1081 Anio-3::
1780 1048 1806 1074 δὲ

1003 1087 1050 1113 καὶ
1063 1088 1088 1113 οἱ
1103 1088 1273 1123 Χριστιανῶν
1284 1089 1367 1123 λόγοι,
1385 1090 1603 1125 κατηγοροῦντες
1616 1092 1676 1118 τῶν
1693 1093 1724 1118 ἐν
1746 1093 1805 1118 ’10-.-

1002 1132 1086 1164 δαίοις
1099 1134 1341 1169 ἁμαρτανομένων,
1353 1135 1394 1162 ὃτι
1411 1134 1477 1162 Θεοῦ
1490 1137 1744 1170 ἐγκαταλείποντος
1752 1139 1803 1172 (21}

1002 1178 1047 1204 τὸν
1067 1179 1130 1205 λαὸν
1151 1181 1252 1206 ἐκεῖνον
1273 1181 1318 1207 ἐπί
1333 1190 1402 1208 τισιν
1423 1183 1634 1218 ἁμαρτήμασιν,
1654 1185 1705 1210 καὶ
1731 1185 1805 1211 ταῦτ’

1003 1223 1093 1255 αὐτοῖς
1111 1225 1292 1260 ἡμαρτάνετο.
1315 1226 1358 1252 Ἐν
1375 1226 1423 1261 μὲν
1447 1226 1502 1261 γὰρ
1518 1228 1578 1258 ταῖς
1602 1227 1732 1262 Πράξεσι
1759 1229 1804 1262 γέ⁸

1002 1278 1123 1304 γραπται
1131 1271 1184 1297 τῶν
1195 1272 1350 1298 ἀποστόλων
1362 1273 1426 1307 περὶ
1448 1273 1594 1306 Ἰουδαίων,
1607 1275 1650 1300 ὅτι
1664 1284 1674 1299 α
1689 1275 1805 1310 ἔστρεψε

1001 1315 1029 1342 δὲ
1057 1316 1072 1342 ὁ
1099 1316 1174 1349 Θεὸς,
1205 1318 1252 1344 καὶ
1279 1317 1437 1353 παρέδωκεν
1462 1320 1563 1351 αὐτοὺς
1587 1320 1740 1355 λατρεύειν
1772 1322 1804 1356 τῇ

1003 1363 1118 1398 στρατιᾷ
1140 1362 1186 1389 τοῦ
1210 1363 1342 1398 οὐρανοῦ,
1371 1364 1462 1396 καθὼς
1486 1365 1643 1400 γέγραπται
1671 1367 1702 1392 ἐν
1722 1367 1805 1402 βίϐλῳ

1001 1410 1054 1436 τῶν
1071 1409 1232 1445 προφητῶν*
1258 1410 1303 1444 Μὴ
1330 1410 1432 1444 σφάγια
1454 1411 1501 1437 καὶ
1528 1411 1625 1443 θυσίας
1644 1415 1807 1448 προσηνέγ-

1009 1455 1075 1482 κατέ
1094 1464 1137 1490 μοι
1161 1457 1190 1482 ἐν
1207 1456 1239 1490 τῇ
1254 1455 1350 1490 ἐρήμῳ
1365 1457 1568 1492 τεσσαράκοντα
1582 1458 1643 1493 ἔτη,
1661 1457 1741 1491 οἶκος
1756 1461 1805 1486 Ἰσ-

161 1502 213 1529 dus
230 1501 277 1528 Dei
293 1501 448 1536 Remphan,
465 1506 493 1528 et
508 1502 609 1536 ﬁguras
623 1510 690 1536 quas
708 1502 813 1530 fecistis
835 1503 949 1530 adorare

1041 1502 1071 1536 ήλ
1084 1510 1090 1533 ;
1109 1502 1164 1527 Καὶ
1179 1501 1323 1527 ἀνελάϐετε
1338 1502 1387 1537 τὴν
1403 1503 1504 1538 σκηνὴν
1521 1503 1568 1530 τοῦ
1580 1504 1688 1539 Μολὸχ,
1710 1506 1760 1531 καὶ
1776 1505 1807 1531 τὸ

161 1551 208 1572 eas
224 1545 257 1572 ⁸⁸.
278 1555 288 1571 ι
311 1546 343 1572 Et
358 1546 458 1573 Paulus
471 1547 579 1582 egregie
600 1546 720 1575 Judaicis
742 1548 871 1575 institutis
889 1557 950 1575 eru-

161 1592 245 1624 ditus,
257 1597 284 1619 et
296 1591 406 1625 insuper
417 1597 574 1626 portentosa
587 1593 687 1619 Christi
703 1593 807 1620 visione
823 1595 855 1620 ad
871 1594 950 1621 Chri-

160 1637 279 1665 stianam
307 1637 466 1672 religionem
493 1646 643 1666 conversus
667 1639 725 1666 hch
753 1639 832 1666 habet
850 1641 876 1667 in
900 1649 948 1667 sua

160 1682 194 1709 ad
210 1681 408 1709 Culossenses:
430 1691 439 1708 ι
459 1682 542 1709 Nemo
556 1690 603 1709 vos
619 1683 730 1710 sedoeat
750 1685 840 1711 volens
859 1686 884 1710 in
903 1686 950 1712 hu-

160 1728 278 1755 militate
291 1733 318 1755 et
332 1728 462 1763 religione
474 1729 647 1762 angelorum,
663 1736 722 1763 qme
738 1738 791 1756 non
810 1731 875 1757 vidit
890 1739 949 1757 am-

159 1774 271 1806 bulans,
285 1774 387 1801 frustra
411 1774 520 1801 inﬂatus
545 1782 625 1801 sensu
653 1776 745 1802 carnis
765 1783 830 1809 suae,
848 1782 876 1804 et
896 1785 948 1804 non

161 1824 258 1848 tenens
272 1826 364 1855 caput,
379 1828 412 1848 ex
437 1827 491 1855 quo
517 1825 601 1847 totum
626 1828 724 1855 corpus
741 1829 789 1856 per
810 1830 895 1850 nexus
921 1827 948 1850 et

159 1867 367 1900 coniunctiones
384 1867 621 1894 subministratum
634 1871 661 1893 et
678 1872 865 1894 constructum
889 1875 950 1894 cre—

158 1914 211 1941 scit
232 1914 258 1940 in
283 1917 457 1948 augmentum
484 1913 530 1940 Dei
545 1913 577 1940 3'.
604 1922 613 1938 ›
633 1912 695 1940 Πίῐιο
710 1913 805 1940 Celsus
819 1921 879 1940 cum
899 1920 949 1940 nec

158 1959 269 1994 legisset
285 1967 335 1986 nec
359 1960 510 1991 didicisset,
529 1960 607 1994 ﬁngit
629 1960 720 1986 nescio
741 1959 878 1994 quomodo
893 1968 949 1986 coe-

159 2004 215 2030 lum
241 2009 268 2031 ct
293 2004 404 2039 angelos
418 2005 464 2039 qui
482 2005 517 2032 ibi
534 2009 607 2037 sunt,
627 2005 757 2032 inviolata
782 2005 850 2039 lege,
870 2013 884 2032 a
899 2005 947 2032 Ju-

160 2050 224 2077 dteis
240 2050 360 2077 adorari.
404 2059 410 2068 -

197 2183 224 2212 9.
243 2184 305 2211 Parl
325 2185 425 2212 mentis
446 2185 664 2220 perturbatione,
681 2193 729 2212 nec
745 2185 838 2212 scdulo
862 2185 948 2211 medi-
967 2192 987 2219 ι)

159 2231 233 2258 tatus
250 2238 308 2264 qraa
327 2232 380 2258 huc
397 2232 563 2266 spectabant.
581 2231 734 2258 arbitratus
755 2236 797 2257 est
810 2230 916 2258 Ιιιιίιυοε
930 2239 945 2257 a

159 2276 273 2311 magicis
289 2276 449 2310 quibusdam
478 2276 707 2308 incantatoribus.
735 2282 843 2310 spectra
871 2284 946 2310 qum-

159 2319 220 2348 dam
239 2321 308 2348 hanc
324 2321 350 2348 in
369 2329 425 2349 rem
442 2323 546 2357 magico
558 2322 680 2349 carmine
695 2321 882 2354 evocantibus,
900 2322 947 2348 aul-

159 2366 256 2394 duclos
270 2367 353 2395 fuisse
370 2373 398 2394 ut
416 2368 539 2396 cmlestcs
555 2367 666 2402 angelos
678 2367 823 2394 colerent:
842 2368 948 2394 nescius

159 2413 286 2441 Videlicet
296 2418 322 2441 et
334 2415 404 2442 istud
418 2423 479 2442 esse
494 2420 589 2441 contra
602 2415 700 2449 legem,
715 2421 776 2449 qua:
788 2413 828 2441 sic
841 2414 946 2441 fertur:

160 2466 172 2485 ε
194 2459 232 2486 Ne
257 2459 398 2487 declinetis
426 2460 459 2486 ad
476 2467 578 2494 magos,
599 2468 649 2487 nec
673 2461 707 2487 ab
724 2460 818 2487 ariolis
844 2459 945 2494 aliquid

157 2504 348 2539 sciscitemini,
368 2510 397 2533 ut
418 2506 576 2541 pollnamini
592 2514 642 2540 per
657 2513 721 2539 eos;
749 2513 798 2541 ego
814 2506 946 2533 Dominus

195 2574 217 2590 ⁸ο
229 2573 330 2602 Jerem.
349 2582 394 2607 vn,
407 2574 449 2606 l8.
462 2582 517 2607 χιχ,
532 2575 574 2602 15.

196 2650 252 2686 (20)
269 2650 408 2678 Εῖδῶσιν.
421 2651 508 2679 Codd.
531 2652 631 2687 Regius
646 2657 673 2680 et
695 2652 868 2683 Basileensis,
883 2652 951 2687 θαρ-

202 2693 254 2714 σιν,

202 2693 254 2714 σιν,

160 2685 252 2756 flutat)
271 2721 355 2747 Codd.
369 2722 467 2755 [legitis
480 2728 506 2749 et
519 2722 693 2751 Basilecnsis.
707 2721 948 2756 ἐγκαταλιπόντος.

161 2752 316 2789 Ριιιιιόνηει
333 2752 502 2784 llmsclielius
518 2759 542 2783 iu
556 2763 641 2787 textu.
656 2758 702 2784 καὶ
717 2752 789 2783 τοῦτ’
803 2757 905 2788 αὐτοῖς,
923 2762 951 2782 et

161 2788 277 2827 ibidem,
300 2789 396 2827 ἔτρεψε
419 2792 446 2818 δὲ
471 2793 485 2818 ὁ
506 2793 582 2824 Θεός.
608 2793 689 2826 lnl‘m,
715 2793 745 2818 τὸ
774 2793 873 2827 ἄστρον
903 2791 949 2818 τοῦ

163 2822 224 2848 υεοῦ
252 2822 365 2858 Ῥομφᾱ.

613 2575 634 2591 ⁸³
650 2576 708 2602 Aet.
727 2582 775 2608 vn,
789 2574 834 2607 42,
848 2575 898 2609 45;
916 2575 999 2603 Amos
1013 2583 1038 2608 v,
1050 2575 1095 2603 9.5.

1003 1547 1102 1582 ἄστρον
1119 1547 1165 1573 τοῦ
1181 1547 1242 1573 οεοῦ
1269 1547 1399 1582 Ῥεμφὰν,
1415 1548 1461 1574 καὶ
1475 1548 1579 1580 τύπους
1593 1549 1641 1581 οὓς
1653 1551 1806 1585 ἐποιήσατε

1004 1595 1165 1628 προσκυνεῖν
1180 1594 1279 1624 αὐτοῖς.
1300 1594 1391 1628 »Παρὰ
1407 1594 1434 1620 δὲ
1451 1594 1489 1629 τῷ
1499 1594 1608 1630 Παύλῳ,
1626 1595 1758 1631 ἀκριϐῶς
1773 1597 1808 1623 τὰ

1009 1638 1142 1664 Ἰουδαίων
1169 1637 1348 1671 παιδευθέντι,
1376 1639 1423 1664 καὶ
1449 1638 1561 1674 ὕστερον
1586 1640 1618 1665 ἐκ
1647 1641 1807 1675 παραδόξου

1003 1683 1164 1717 ἐπιφανείας
1179 1683 1265 1718 Ἰησοῦ
1281 1684 1503 1719 χριστιανίσαντι,
1516 1685 1617 1711 τοιαῦτ’
1634 1686 1665 1711 ἐν
1681 1688 1717 1722 τῇ
1738 1687 1808 1722 πρὸς

1003 1729 1170 1760 Κολασσαεῐς
1186 1728 1308 1756 λέλεκται
1319 1738 1325 1744 ·
1342 1738 1351 1754 ι
1363 1730 1465 1764 Μηδεὶς
1479 1730 1552 1765 ὑμᾶς
1566 1731 1808 1767 καταϐραβευέτω

1003 1775 1085 1801 Θέλων
1101 1775 1156 1809 (22)
1173 1775 1201 1800 ὲν
1215 1775 1450 1812 ταπεινοφροσύνῃ
1463 1777 1509 1802 καὶ
1526 1776 1662 1812 θρησκείᾳ
1681 1778 1741 1804 ’τῶν
1757 1779 1808 1811 ἀγ-

1002 1821 1097 1854 γέλων,
1112 1821 1129 1847 ἃ
1153 1820 1188 1856 μὴ
1210 1821 1332 1856 ἑώρακεν
1354 1821 1522 1856 ἐμϐατεύων,
1539 1822 1599 1857 εἷκῆ
1616 1823 1809 1858 φυσιούμενος

1003 1866 1055 1892 ὑπὸ
1071 1866 1117 1892 τοῦ
1133 1866 1192 1898 νοὸς
1211 1867 1259 1902 τῆς
1277 1867 1378 1902 σαρκὸς
1394 1867 1476 1893 αὑτοῦ
1490 1876 1497 1883 ι
1516 1868 1562 1894 καὶ
1575 1868 1606 1894 οὐ
1622 1870 1740 1903 κρατῶν
1756 1871 1808 1908 τὴν

1003 1910 1132 1946 κεφαλὴν,
1151 1911 1180 1943 ἐξ
1193 1908 1223 1937 οὗ
1241 1913 1294 1938 πᾶν
1309 1912 1339 1938 τὸ
1355 1913 1445 1947 σῶμα,
1458 1912 1502 1939 διὰ
1518 1914 1571 1940 τῶν
1585 1914 1664 1947 ἁφῶν
1678 1915 1729 1941 καὶ
1744 1924 1808 1941 συν-

1002 1956 1108 1992 δέσμων
1122 1957 1371 1993 ἐπιχορηγούμενον
1387 1960 1434 1985 καὶ
1451 1959 1690 1995 συμϐιῦαζόμενον
1702 1982 1709 1994 ,
1727 1961 1807 1994 αὔξει

1001 2003 1051 2038 τὴν
1078 2003 1190 2038 αὔξησιν
1219 2003 1265 2030 τοῦ
1282 2004 1358 2031 Θεοῦ.
1384 2014 1392 2030 ι
1411 2005 1503 2032 Ταῦτα
1525 2005 1553 2032 δὲ
1572 2006 1636 2041 μήτ’
1652 2007 1805 2041 ἀναγνοὺς,

1005 2049 1074 2084 μήτε
1091 2048 1182 2083 μαθὼν
1197 2049 1211 2074 ὸ
1227 2049 1339 2080 Κέλσος,
1363 2050 1413 2076 οὐκ
1429 2048 1486 2077 οῖδα
1500 2051 1574 2082 ὅπως
1591 2053 1750 2087 πεποίηκεν
1765 2053 1807 2085 ὡς

1003 2094 1032 2120 οὐ
1050 2094 1276 2129 παρανομοῦντας
1296 2095 1438 2127 Ἰουδαίους
1453 2098 1617 2132 προσκυνεῖν
1634 2097 1674 2133 τῷ
1691 2098 1806 2134 οὐρανῷ

1004 2139 1051 2165 καὶ
1067 2140 1123 2170 τοῖς
1138 2140 1167 2165 ἐν
1182 2139 1255 2175 αὺτῷ
1271 2140 1406 2174 ἀγγέλοις.

1040 2186 1100 2211 Ἔτι
1126 2186 1147 2212 δ’
1172 2186 1426 2222 ὑποσυγκεχυμένος
1441 2187 1508 2222 (25),
1525 2188 1573 2214 καὶ
1599 2189 1637 2224 μὴ
1660 2190 1807 2225 ἐπιμελῶς

1002 2231 1063 2259 ἰδὼν
1084 2229 1118 2258 τὰ
1136 2232 1206 2259 κατὰ
1223 2233 1268 2259 τὸν
1283 2233 1375 2264 τόπον,
1397 2233 1472 2269 ᾠήθη
1488 2234 1542 2260 ἀπὸ
1555 2234 1611 2261 τῶν
1640 2237 1669 2261 ἐν
1690 2245 1807 2271 μαγγα-

1001 2279 1086 2310 νείαις
1110 2279 1156 2305 καὶ
1184 2279 1320 2314 γοητείαις
1348 2279 1460 2314 ἐπῳδῶν
1491 2281 1706 2316 προτραπέντας
1738 2282 1807 2308 Ἰον-

1001 2323 1091 2355 δαίους
1105 2323 1137 2349 ἓκ
1153 2331 1232 2349 τινων
1248 2323 1316 2349 κατὰ
1331 2323 1381 2355 τὰς
1399 2323 1506 2359 ἐπῳδὰς
1520 2325 1672 2359 φασμάτων
1688 2327 1807 2360 ἐπιφαι-

1002 2369 1121 2404 νομένων
1137 2370 1193 2401 τοῖς
1207 2369 1346 2404 ἐπᾴδουσι,
1374 2371 1536 2405 προσκυνεῖν
1555 2371 1619 2402 τοὺς
1636 2371 1665 2396 ἐν
1692 2372 1806 2407 οὖρα-εις)

1001 2416 1132 2450 ἀγγέλους
1144 2424 1150 2430 ·
1167 2416 1196 2442 οὺ
1214 2415 1336 2447 συνιδὼν,
1353 2415 1393 2442 ὅτι
1411 2416 1547 2442 καὶτοῦτο
1561 2417 1639 2450 παρὰ
1656 2417 1704 2443 τὸν
1721 2418 1807 2453 νόμον

1001 2462 1057 2492 τοῖς
1071 2469 1103 2495 γε
1117 2461 1204 2487 ταῦτα
1213 2462 1334 2488 ποιοῦσιν
1343 2460 1446 2494 ἐγίνετο
1461 2461 1575 2495 λέγοντα
1586 2470 1593 2476 ·
1603 2467 1612 2483 ι
1623 2462 1681 2488 Οὐκ
1702 2463 1807 2488 ἐπακο-

1001 2507 1145 2542 λουθήσετε
1177 2506 1422 2542 ἐγγαστριμύοοις,
1443 2506 1490 2533 καὶ
1518 2508 1576 2538 τοῖς
1601 2507 1748 2539 ὲπαοιδοίς
1774 2508 1806 2534 οὐ

1145 2575 1167 2591 ⁸¹
1183 2574 1286 2603 Coloss.
1308 2583 1337 2607 ιι,
1351 2575 1395 2608 l8,
1411 2575 1453 2602 l9.

1036 2651 1091 2688 (22)
1113 2652 1223 2680 Θέλων.
1257 2654 1434 2681 Dt‘siderntttr
1458 2654 1484 2680 in
1509 2659 1589 2680 antea
1617 2654 1727 2686 editis.
1757 2658 1804 2684 sei

1001 2690 1137 2722 reperitur
1152 2690 1177 2715 in
1201 2697 1267 2715 mss.
1283 2690 1366 2716 l’aulo
1383 2694 1442 2721 post
1458 2689 1522 2716 libb.
1540 2690 1606 2716 editi
1625 2691 1653 2716 in
1674 2697 1771 2718 leam
1793 2694 1807 2718 Ξ

999 2723 1121 2758 ἑώρακεν
1138 2723 1307 2760 ἐμϐατεύων,
1326 2730 1354 2751 at
1374 2724 1502 2751 Gelenius
1520 2725 1596 2758 legit,
1612 2725 1629 2751 ἃ
1651 2726 1692 2761 μὴ
1717 2728 1765 2762 ἐφ’
1780 2737 1806 2754 ;-

1001 2766 1058 2784 κεν.

1037 2793 1094 2829 (25)
1112 2792 1283 2822 Iltcschelius
1298 2795 1324 2822 in
1339 2799 1423 2825 textu.
1440 2795 1727 2831 ὑποσυγκεχυμένως.
