1877 3100
159 125 228 153 “99

869 126 1030 155 ORIGENIS

1720 128 1782 157 i200

158 183 198 210 rei
214 189 374 219 argumento
385 184 467 212 estid
484 185 556 219 quod
574 185 600 212 in
617 185 730 213 Joannis
745 186 893 221 Evangelio
907 187 927 213 a‘

1012 186 1024 212 ὲ
1045 185 1091 213 καὶ
1108 186 1178 222 μετὰ
1200 186 1253 214 τῶν
1271 187 1321 214 οὐκ
1336 187 1443 214 εἰδότων
1460 186 1539 214 αὺτδν
1556 186 1697 221 πανταχοῦ
1723 186 1782 214 ἐστι.

156 226 278 256 Joannes
292 228 413 264 Baptista
434 237 441 256 :
463 238 472 255 ι
494 229 596 257 Medius
611 235 731 258 vestrum
752 231 839 265 stetit,
863 237 943 265 quem

157 281 206 302 vos
221 274 343 302 nescitis.
357 273 418 310 Ipse
429 279 472 303 est
492 275 539 310 qui
557 280 619 310 post
632 283 675 303 me
694 281 823 304 venturus
840 277 913 305 est'.
932 287 942 303 ι

155 318 216 347 1am
229 326 296 347 vero
309 319 458 348 absurdum
472 324 531 354 est,
545 321 609 348 dum
623 321 697 348 illum
712 341 719 354 ,
735 323 782 357 qui
803 323 902 350 ctelum
918 327 945 351 ct

156 369 258 393 terram
276 365 387 401 implet,
401 371 431 394 ut
444 367 502 401 ipse
518 366 605 395 dicit:
624 377 634 393 ι
650 367 777 402 Nunquid
797 368 897 396 etclam
916 373 944 396 et

156 415 258 439 terram
274 420 324 448 ego
350 412 473 448 impleo?
489 412 555 440 dicit
575 411 707 440 Dominus
717 413 741 444 ',
759 421 769 439 ι
800 412 943 440 nobiscum

154 457 287 486 habemus
309 463 337 485 et
358 465 443 493 prope
466 465 515 485 nos
539 457 611 493 (ejus
633 458 707 484 enim
721 459 815 486 verbis
836 459 941 487 credo:

157 511 167 530 ι
187 504 258 531 Deus
274 511 289 530 e
300 498 392 531 vicino
407 510 457 538 ego
471 510 530 530 sum
546 508 574 530 et
587 510 639 529 non
661 503 730 530 Deus
746 503 779 530 de
797 502 889 538 longe.
900 503 943 531 di-

154 549 191 577 cit
207 549 337 577 Dominus
348 549 358 565 ³
375 552 411 582 ι).
426 549 575 576 absurdum
591 553 644 581 est,
659 549 779 583 inquam,
792 549 862 577 velle
878 556 941 584 pre-

153 596 232 623 cibus
248 601 347 623 vocare
362 595 447 622 solem
461 594 507 629 qui
522 595 556 622 ad
568 595 659 622 omnia
676 602 730 622 non
747 595 881 630 pervadit,
895 600 943 623 aut

153 641 263 673 lunam,
275 644 324 668 aut
335 640 408 668 aliud
422 647 456 668 ex
471 641 562 668 astris.
577 640 616 668 Do
631 647 696 668 vero
711 650 720 666 ι
733 648 748 668 a
762 640 829 673 sole,
842 641 906 668 luna
914 646 942 669 et

153 687 240 715 stellis
255 685 326 722 (ipsa
348 689 413 713 sunt
433 685 505 713 Celsi
522 685 617 720 verba)
633 685 758 720 pluvias,
771 690 854 714 aestus
868 705 876 719 ,
892 693 941 713 ne-

152 732 241 764 bulas,
257 732 378 759 tonitrua
398 731 574 766 praenuntiari
589 739 596 764 ;
612 740 621 757 ι
636 735 666 758 ιιι
683 738 727 759 res
741 731 778 758 ita
792 731 840 764 sit,
852 739 942 760 nonne

152 783 243 807 tamen
258 778 345 806 satius
362 782 403 805 est
423 777 541 805 adorare
561 781 589 804 et
605 778 729 805 venerari
754 778 849 810 Deum,
864 777 941 812 cujus

150 825 227 860 iussn
249 823 420 859 praedicunt,
438 829 520 857 quam
542 822 739 851 vaticinatores
759 823 855 858 ipsos?
871 822 941 850 Volo

151 871 233 899 etiam
248 870 282 898 ab
302 869 367 905 ipsis
381 868 584 904 przesigniiicari
609 868 727 904 fulgura,
749 869 864 902 fructus,
880 877 942 905 pro-

151 920 250 944 ventus
271 922 367 944 omnes
389 923 397 948 ;
419 919 446 941 et
463 914 554 942 omnia
571 914 614 941 illa
631 915 666 942 ab
680 914 714 942 iis
733 914 941 954 administrari,

151 964 179 988 at
192 967 245 988 non
264 954 366 987 idcirco
380 959 556 987 adorabimus
571 967 615 987 res
626 979 634 992 ,
649 967 710 994 qua:
724 961 789 995 ipsae
802 960 919 988 adorant
933 970 941 994 ;

151 1012 202 1034 nec
216 1006 288 1034 enim
303 1007 451 1034 adoramus
466 1004 586 1041 Moysem
602 1010 628 1032 et
651 1005 711 1040 ejus
729 1007 755 1035 in
771 1007 939 1035 vaticinandi

150 1059 264 1081 munere
276 1059 466 1085 successores,
474 1053 599 1087 quamvis
608 1053 663 1086 isti,
673 1053 727 1081 Deo
735 1053 852 1086 alllaute,
863 1054 941 1089 longe

150 1098 262 1126 meliora
275 1097 384 1133 pluviis,
400 1098 522 1130 aestibus,
537 1098 653 1131 nebulis,
667 1098 806 1131 tonitruis,
824 1098 940 1135 fulguri-

150 1144 212 1177 bus,
241 1143 386 1176 fructibus,
417 1143 647 1178 proventibusque
672 1143 715 1172 his
733 1145 834 1172 nostris
852 1145 942 1173 omni-

150 1190 203 1218 bus
211 1189 293 1226 587
301 1189 484 1226 pratdixerint.
493 1189 520 1218 ld
529 1197 636 1225 quoque
644 1191 738 1219 damus
749 1191 842 1224 solem,
850 1191 942 1220 lunam

151 1241 179 1264 et
189 1236 284 1264 stellas
291 1243 370 1272 pOSsc
382 1243 425 1263 res
435 1235 532 1270 pluviis
543 1236 660 1270 potiores
667 1237 850 1271 praenuntiam
865 1246 873 1265 :
888 1246 941 1266 non

151 1282 214 1311 ideo
229 1286 318 1309 tamen
343 1286 417 1309 astra
449 1281 493 1309 illa
519 1281 705 1314 adombimns,
726 1282 774 1309 sed
799 1286 937 1309 auct0rem

149 1328 368 1363 praedictionum,
380 1332 407 1354 et
420 1327 466 1354 Dei
483 1327 609 1359 Verbum,
625 1326 697 1361 quod
717 1333 810 1354 earum
826 1331 869 1355 est
884 1328 936 1355 mi-

149 1373 244 1401 nister.
262 1373 334 1401 Sane
360 1373 416 1401 sint
439 1372 486 1400 Dei
515 1379 654 1407 praecones
671 1376 698 1399 ct
725 1379 789 1400 vere
813 1373 937 1401 caelestes

149 1417 256 1454 angeli;
272 1422 300 1446 at
313 1426 364 1446 cur
377 1426 431 1446 non
443 1418 532 1452 potius
544 1417 673 1445 colendus
688 1416 733 1444 ille
747 1417 821 1446 solus
834 1422 876 1446 est
890 1418 935 1453 qui

148 1463 314 1498 praedicatur
328 1468 357 1492 et
372 1463 562 1495 annuntiatur,
577 1469 657 1498 quam
672 1463 762 1499 angeli
779 1467 807 1492 et
830 1471 936 1500 praeco-

148 1508 223 1536 nes?

996 232 1051 258 Καὶ
1071 232 1151 259 τοῦτό
1173 241 1206 267 γε
1229 233 1244 259 ὁ
1265 233 1296 260 τὸ
1313 233 1478 268 Εὑαγγέλιον
1493 232 1600 268 γράψας
1621 233 1746 268 Ἰωάννης
1756 234 1785 261 ὲκ

996 277 1142 312 προσώπου
1156 277 1202 304 τοῦ
1218 278 1367 314 βαπτιστοῦ
1392 279 1515 305 Ἰωάννου
1531 278 1625 314 δηλοῖ,
1642 277 1765 312 λέγοντος
1775 286 1783 294 ·

999 332 1008 348 ι
1027 324 1118 356 Μέσος
1135 324 1212 359 ὑμῶν
1226 325 1351 360 ἔστηκεν,
1370 325 1400 351 ὃν
1419 325 1498 360 ὑμεῖς
1514 324 1564 350 οὐκ
1584 324 1675 351 οἴδατε
1687 331 1695 339 ·
1710 324 1784 356 αὑτός

995 369 1069 395 ἐστιν
1084 370 1098 395 ὁ
1111 370 1199 396 ὀπίσω
1215 379 1265 405 μου
1281 371 1437 406 ἐρχόμενος.
1459 380 1468 396 ι
1487 370 1604 396 ’Ἄτοπον
1618 370 1640 396 δ’
1655 369 1725 402 ἐστὶ,
1740 371 1784 397 τοῦ

994 414 1189 451 πληριῖισαντος
1204 415 1250 442 τὸν
1262 416 1388 452 οὐρανὸν,
1401 415 1448 442 καὶ
1459 415 1508 450 τὴν
1518 414 1581 450 γῆν,
1597 415 1645 441 καὶ
1655 414 1784 446 εἰπόντος,

997 470 1006 486 ι
1023 461 1091 496 Οὐχὶ
1111 460 1158 488 τὸν
1181 461 1294 496 οὐρανὸν
1309 461 1357 487 καὶ
1371 460 1420 496 τὴν
1434 461 1485 497 γῆν
1501 460 1556 495 ἐγὼ
1575 460 1674 496 πληρῶ
1687 469 1696 494 ἰ
1717 460 1774 495 λέῖ³

994 506 1106 541 Κύριος,
1127 515 1137 532 ι
1155 506 1232 538 δντος
1249 506 1308 542 μεθ’
1333 507 1422 542 ἡμῶν,
1439 507 1487 533 καὶ
1501 506 1615 542 πλησίον
1628 506 1711 542 ἡμῶν
1725 515 1782 542 τυγ-

993 551 1137 586 χάνοντος,
1156 551 1288 585 (πιστεύω
1302 552 1357 587 γὰρ
1372 551 1448 586 αὐτῷ
1463 551 1589 586 λέγοντι·
1609 560 1619 577 ε
1634 552 1704 584 Θεδς
1716 553 1785 587 ἐγγί-

1006 591 1060 622 ζων
1072 592 1127 626 ἐγώ
1139 593 1206 627 ειμι,
1219 593 1265 620 καὶ
1275 593 1305 620 οὒ
1316 593 1381 625 Θεὸς
1391 594 1541 630 πόρρωθεν,
1556 594 1631 629 λέγει
1641 594 1744 630 Κύριος
1753 596 1783 629 ι),

1005 635 1097 669 ζητεῖν
1115 636 1241 672 εὔχεσθαι
1260 637 1299 672 τῷ
1319 638 1357 674 μὴ
1377 638 1503 672 φῦάνοντι
1527 640 1573 666 ἐπὶ
1590 639 1626 666 τὰ
1645 639 1785 674 σύμπαντα

1005 679 1082 716 ήλίῳ,
1097 679 1114 714 ἢ
1129 680 1242 718 σελήνῃ,
1258 682 1275 717 ἦ
1290 690 1341 709 τινι
1357 683 1412 710 τῶν
1429 684 1560 719 ἀστέρων.
1580 685 1673 711 Ἔστω
1686 685 1715 712 δὲ
1725 705 1732 718 ,
1745 686 1784 712 ἵνα

992 732 1089 764 αὐταῖς
1106 733 1167 765 ταῖς
1180 733 1272 766 λέξεσι
1286 733 1390 760 Κέλσου
1402 734 1558 770 χρήσωμαι,
1575 744 1584 760 ι
1600 735 1784 771 προφητεύον-

991 785 1041 810 τας
1056 775 1126 805 εἶναι
1143 779 1248 812 ὑετοὺς,
1263 778 1311 805 καὶ
1325 778 1425 814 θάλπη,
1438 779 1485 805 καὶ
1502 778 1582 815 νέφη,
1597 780 1646 807 καὶ
1660 780 1782 817 βροντὰς,

991 823 1084 858 ἥλιον,
1096 823 1144 850 καὶ
1158 823 1282 860 σελήνην,
1299 824 1345 850 καὶ
1360 824 1479 860 ἀστέρας
1491 832 1498 839 ·
1518 834 1527 850 ι
1542 823 1587 861 ἆρ’
1602 823 1649 852 οὖν
1659 846 1667 858 ,
1682 827 1707 853 εἰ
1720 834 1784 861 προ-

962 862 983 890 Β
997 868 1158 904 φητεύουσιν
1168 867 1240 896 οὗτοι
1250 868 1284 895 τὰ
1298 869 1459 905 τηλικαῦτα,
1475 870 1535 905 οὐχὶ
1550 871 1651 906 μᾶλλον
1666 871 1704 906 τῷ
1717 871 1782 906 Θεῷ,

994 911 1017 948 ᾧ
1031 915 1230 951 ὑπουργοῦντες
1243 915 1456 951 προφητεύουσι,
1468 917 1683 952 προσκυνητέον,
1698 918 1785 945 xiixii-

995 969 1039 988 νον
1056 961 1169 988 σεπτέον
1182 961 1238 998 (41)
1249 981 1256 993 ,
1271 961 1343 997 ἥπερ
1359 963 1416 994 τοῖς
1433 962 1586 997 προφήταις
1601 963 1701 996 αὐτοῦς
1717 964 1784 999 Προ-

994 1006 1188 1042 φητευέτωσαν
1219 1005 1266 1034 οῦν
1299 1008 1346 1033 καὶ
1374 1007 1538 1042 ἀστραπὰς,
1569 1008 1618 1035 καὶ
1645 1009 1781 1044 καρποὺς,

994 1053 1041 1080 καὶ
1064 1052 1147 1087 γονὰς
1174 1053 1298 1085 ἁπάσας,
1318 1053 1366 1080 καὶ
1387 1053 1477 1080 πάντα
1500 1054 1726 1089 ταμιευέσθωσαν
1750 1054 1782 1081 τὰ

993 1098 1121 1126 τοιαῦτα·
1149 1099 1207 1126 ἀλλ’
1233 1099 1262 1126 οὐ
1292 1098 1337 1125 διὰ
1365 1098 1444 1125 τοῦτο
1470 1100 1697 1135 προσκυνήσομεν
1722 1100 1782 1132 τοὺς

992 1145 1230 1181 προσκυνοῦντας,
1258 1144 1296 1177 ὡς
1322 1144 1382 1172 οὐδὲ
1410 1145 1531 1172 Μωῠσέα
1556 1146 1604 1172 καὶ
1632 1147 1696 1178 τοὺς
1725 1147 1781 1181 μετ’

990 1190 1071 1217 αὐτὸν
1099 1191 1132 1217 ἐκ
1158 1190 1227 1217 Θεοῦ
1254 1191 1495 1227 προφητεύσαντας
1514 1190 1549 1217 τὰ
1573 1191 1718 1227 κρείττονα
1740 1192 1783 1218 ὑε-

989 1234 1044 1261 τῶν
1061 1243 1091 1261 τε
1110 1235 1157 1261 καὶ
1177 1235 1311 1267 θάλπους,
1330 1236 1377 1263 καὶ
1395 1235 1498 1270 νεφῶν,
1518 1236 1565 1262 καὶ
1583 1235 1716 1272 βροντῶν,
1735 1236 1782 1263 καὶ

989 1280 1146 1317 ἀστραπῶν,
1160 1281 1206 1308 καὶ
1223 1282 1348 1316 καρπῶν,
1364 1282 1410 1309 καὶ
1421 1282 1517 1309 πασῶν
1529 1282 1617 1316 γονῶν
1632 1282 1781 1318 αἰσθητῶν.

996 1325 1076 1352 Ἀλλὰ
1089 1325 1140 1353 κᾶν
1151 1326 1248 1362 ἔχωσιν
1264 1327 1339 1361 ἥλιος
1353 1326 1400 1353 καὶ
1415 1325 1512 1362 σελήνη
1525 1326 1572 1352 καὶ
1582 1326 1699 1362 ἀστέρες
1712 1335 1778 1362 προ-

990 1371 1118 1407 φητεύειν
1142 1372 1312 1408 προφητείας
1334 1372 1490 1408 κρείττονας
1505 1371 1605 1404 ὑετῶν,
1623 1372 1677 1398 οὐδ’
1695 1372 1782 1406 οὕτως

988 1418 1098 1451 αὐτοὺς,
1111 1418 1180 1446 ἀλλὰ
1195 1419 1241 1446 τὸν
1257 1418 1367 1454 Πατέρα
1382 1418 1438 1445 τῶν
1454 1418 1482 1444 ἐν
1498 1418 1589 1450 αὐτοῖς
1597 1419 1782 1454 προφητειῶν,

989 1464 1036 1491 καὶ
1049 1464 1096 1491 τὸν
1111 1464 1234 1492 διάκονον
1251 1462 1307 1500 (42)
1323 1464 1411 1491 αὐτῶν
1422 1463 1508 1498 Λόγον
1526 1462 1572 1490 τοῦ
1597 1463 1665 1490 Θεοῦ
1698 1472 1786 1499 προσοε

949 1506 970 1535 C
988 1510 1152 1545 κυνήσομεν.
1172 1510 1241 1536 Ἀλλ’
1257 1510 1328 1537 ἔστω
1345 1510 1392 1537 καὶ
1406 1509 1530 1545 κήρυκας
1546 1509 1628 1536 αὐτοῦ
1644 1507 1714 1536 εἶναι
1735 1508 1784 1536 καὶ

148 1553 256 1589 ἀληθῶς
269 1554 412 1590 οὔρανίους
441 1554 583 1589 ἀγγέλους·
598 1553 656 1586 πῶς
671 1551 718 1581 οὖν
734 1554 794 1590 οὐχὶ
811 1555 858 1582 καὶ
877 1554 948 1581 οὕτω
964 1555 1010 1581 τὸν
1037 1556 1241 1591 κηρυσσόμενον
1258 1555 1303 1583 ὑπ’
1333 1554 1422 1583 αὐτῶν
1443 1554 1508 1581 Θεὸν
1525 1555 1572 1582 καὶ
1592 1554 1638 1582 τὸν
1655 1553 1785 1589 ἀγγελὶό-

149 1608 230 1636 μενον
245 1600 324 1636 μόνον
340 1600 439 1636 μᾶλλον
467 1600 668 1636 προσκυνητέον
685 1600 702 1636 ἢ
717 1601 780 1632 τοὺς
801 1601 924 1637 κήρυκας
947 1602 993 1628 καὶ
1007 1602 1070 1633 τοὺς
1080 1601 1212 1637 ἀγγέλους
1222 1601 1322 1634 αὐτοῦς

184 1647 228 1674 15.
243 1647 348 1682 Arripit
362 1647 415 1674 hoc
430 1647 512 1674 etiam
527 1646 579 1673 sibi
603 1646 709 1679 Celsus,
734 1646 831 1678 solem,
845 1647 936 1672 limam

149 1692 296 1727 stellasque
320 1699 334 1719 a
354 1691 433 1719 nobis
450 1699 499 1726 pro
516 1691 602 1719 nihilo
628 1691 734 1718 haberi.
756 1689 825 1717 Nam
845 1694 871 1717 et
890 1690 936 1718 illa

148 1738 266 1765 ﬁliorum
281 1737 328 1765 Dei
349 1736 540 1764 revelationem
558 1740 718 1771 exspectare
739 1736 901 1763 conlltcmur
914 1735 935 1769 ⁸,

149 1787 244 1818 utpote
259 1789 319 1816 qua:
347 1783 480 1810 hactenus
496 1789 587 1810 rerum
610 1789 805 1816 corporearum
823 1781 935 1808 vanitati

147 1827 269 1862 subjecta
288 1831 352 1856 sunt
377 1832 489 1862 propter
504 1827 577 1854 illum
590 1826 636 1862 qui
656 1826 771 1860 subjecit
789 1826 816 1854 in
833 1834 891 1861 spe.
905 1826 935 1854 Si

147 1881 266 1909 unquam
283 1873 393 1908 legisset
405 1874 450 1900 ille
470 1877 599 1900 sexcenta
614 1872 679 1905 alia,
693 1880 754 1907 quae
775 1873 809 1900 de
832 1872 891 1900 sole
907 1877 936 1900 et

147 1919 210 1947 luna
224 1924 252 1947 et
268 1920 354 1947 stellis
368 1919 438 1954 apud
451 1923 560 1947 nostros
571 1924 698 1947 auctores
715 1918 817 1954 passim
835 1926 934 1947 occur-

147 1969 221 1998 runt,
237 1966 307 1993 istud
336 1965 408 1993 intcr
432 1970 529 1992 caetera
548 1972 555 1991 :
586 1973 596 1990 ι
612 1964 735 1992 Laudate
752 1971 826 1998 eum,
838 1971 935 1993 omnes

146 2010 231 2038 stella:
247 2015 275 2038 et
286 2011 395 2044 lumen;
413 2020 423 2037 ι
444 2016 471 2038 et
485 2010 538 2038 hoc
559 2009 655 2038 aliud:
681 2019 692 2036 ‹
708 2009 828 2037 Laudatc
858 2016 932 2042 cum,

146 2057 208 2084 cmli
219 2057 351 2084 caelorum
366 2056 388 2088 ',
414 2065 424 2082 ι
454 2054 533 2083 nobis
563 2062 617 2082 nou
645 2055 838 2089 exprobrasset
859 2054 932 2089 quod

145 2103 203 2134 illa,
221 2109 283 2137 qua:
301 2101 446 2136 magniﬁce
459 2100 571 2128 laudant
581 2100 677 2134 Deum,
691 2100 770 2128 nihili
788 2100 930 2128 faciamus.

145 2146 239 2182 Neque
263 2147 321 2175 haec
349 2147 442 2174 Celsus
466 2150 581 2174 noverat
605 2156 611 2174 :
638 2155 648 2172 ‹
680 2145 748 2173 Nam
763 2146 933 2180 exspectatio

146 2195 280 2218 creaturae
291 2190 482 2217 ret-elationem
495 2190 611 2218 tiliorum
628 2190 674 2218 Dci
688 2195 842 2225 exspectat.
855 2189 932 2217 Vani-

145 2235 194 2263 tati
207 2235 280 2263 enim
306 2240 432 2264 creatura
455 2235 578 2271 subjecta
603 2241 645 2264 est
670 2243 724 2263 non
751 2235 861 2267 volens,
883 2236 931 2263 sed

1032 1644 1136 1681 Ἑαυτῷ
1150 1646 1178 1672 δὲ
1199 1645 1332 1681 λαμϐάνει
1346 1644 1460 1676 Κέλσος,
1478 1644 1518 1671 ὃτι
1545 1643 1621 1678 ἥλιον
1635 1643 1684 1670 καὶ
1700 1643 1781 1680 σελή”

987 1700 1037 1728 νην
1062 1692 1109 1718 καὶ
1136 1691 1254 1728 ἀστέρας
1277 1691 1417 1728 ἡγούμεθα
1441 1689 1511 1718 εἶναι
1534 1689 1565 1717 τὸ
1592 1689 1688 1726 μηδέν.
1712 1690 1782 1726 Περὶ

987 1734 1024 1764 ὧν
1035 1736 1090 1773 (45)
1108 1736 1303 1772 ὁμολογοῦμεν,
1318 1736 1360 1763 ὅτι
1372 1736 1420 1763 καὶ
1436 1735 1514 1762 αὐτοὶ
1529 1735 1578 1771 τὴν
1606 1734 1781 1770 ἀποκάλυψιν

985 1782 1040 1809 τῶν
1055 1781 1121 1809 υἱῶν
1142 1782 1190 1808 τοῦ
1214 1781 1281 1808 Θεοῦ
1306 1781 1517 1817 ἀπεκδέχονται,
1546 1781 1580 1816 τῇ
1596 1780 1651 1807 τῶν
1676 1780 1781 1807 ὑλικῶν

987 1828 1121 1863 σωμάτων
1137 1827 1298 1862 ματαιότητι
1313 1827 1360 1853 ἐπὶ
1376 1826 1422 1853 τοῦ
1440 1826 1573 1862 παρόντος
1589 1826 1781 1861 ὑποτεταγμέ-

985 1882 1025 1900 νοι
1039 1873 1084 1900 διὰ
1095 1873 1142 1900 τὸν
1153 1873 1197 1899 ἐπ’
1211 1873 1298 1900 ἐλπίδι
1315 1873 1498 1905 ὑποτάξαντα.
1513 1873 1544 1898 Εἰ
1564 1871 1585 1898 δ’
1601 1871 1754 1906 ἀνεγνώκει
1765 1872 1781 1898 6

985 1919 1087 1952 Κέλσος
1103 1920 1151 1947 καὶ
1163 1919 1230 1947 ἄλλα
1248 1919 1297 1954 μὲν
1317 1918 1412 1954 μυρία,
1439 1918 1490 1944 ὅσα
1519 1917 1584 1956 περὶ
1611 1917 1703 1953 ἡλίου,
1729 1918 1780 1944 καὶ

985 1964 1099 2000 σελήνης
1114 1964 1161 1990 καὶ
1177 1963 1285 1998 ἄστρων
1299 1962 1399 1998 φαμὲν,
1417 1962 1519 1995 καὶτὸ,
1542 1971 1551 1987 ι
1565 1963 1671 1989 Αἰνεῖτε
1694 1961 1780 1989 αὑτὸν

984 2010 1073 2036 πάντα
1083 2009 1137 2045 (44)
1150 2009 1185 2036 τὰ
1199 2009 1286 2044 ἄστρα
1303 2008 1351 2035 καὶ
1364 2007 1396 2034 τὸ
1408 2008 1477 2042 φῶς,
1496 2017 1506 2034 ι
1525 2007 1571 2034 καὶ
1587 2007 1630 2040 τὸ,
1643 2016 1653 2033 ‹
1668 2007 1779 2034 Αἰνεῖτε

982 2055 1063 2082 αὑτὸν
1072 2056 1096 2082 οί
1113 2055 1223 2091 οὐρανοὶ
1237 2055 1291 2082 τῶν
1301 2055 1423 2090 οὐρανῶν
1435 2063 1441 2069 ·
1461 2064 1471 2080 ι
1490 2054 1539 2080 οὐκ
1557 2054 1591 2080 ἂν
1614 2053 1680 2089 περὶ
1696 2053 1778 2088 ἡμῶν

982 2099 1141 2135 ἀπεφήνατο
1157 2120 1165 2132 ,
1191 2101 1232 2127 ὅτι
1256 2100 1372 2136 λέγομεν
1394 2100 1429 2127 τὰ
1448 2098 1598 2135 τηλικαῦτα
1613 2119 1621 2130 ,
1647 2098 1779 2125 αἰνοῦντα

983 2143 1108 2179 μεγάλως
1133 2144 1180 2171 τὸν
1202 2145 1277 2176 Θεὸν,
1303 2143 1373 2171 εἶναι
1398 2143 1431 2170 τὸ
1455 2143 1548 2179 μηδέν.
1573 2143 1632 2169 οὐκ
1645 2140 1702 2169 οἶδε
1720 2143 1779 2171 δὲό

981 2190 1084 2223 Κέλσος
1109 2191 1170 2217 οὐδὲ
1187 2190 1227 2224 τό,
1243 2199 1252 2216 t
1264 2191 1296 2217 Ἢ
1306 2190 1359 2227 γὰρ
1371 2189 1577 2225 ἀποκαραδοκία
1589 2188 1639 2224 τῆς
1657 2188 1778 2220 κτίσεως

980 2236 1030 2271 τὴν
1041 2236 1212 2272 ἀποκάλυψιν
1222 2237 1276 2264 τῶν
1289 2237 1355 2264 υἱῶν
1372 2236 1418 2263 τοῦ
1438 2236 1504 2263 Θεοῦ
1524 2235 1723 2270 ἀπεκδέχεται·
1741 2236 1777 2270 τῇ

144 2287 258 2318 propter
267 2289 340 2316 cum,
355 2282 401 2317 qui
413 2281 528 2316 subjecit
543 2289 603 2310 eam
617 2282 645 2310 in
660 2289 726 2316 spe;
743 2281 805 2315 quia
817 2285 846 2308 et
870 2281 927 2315 ipsa

1012 2289 1035 2317 :p
1047 2282 1205 2317 ματαιότητι
1221 2282 1238 2317 ἡ
1253 2281 1342 2314 κτίσις
1358 2280 1482 2316 ὑπετάγη
1501 2281 1551 2316 οὐχ
1566 2279 1680 2313 ἑκοῦσα,
1707 2279 1779 2308 ἀλλὰ

179 2376 187 2392 ¹
200 2374 279 2403 Joan.
294 2382 315 2408 ι,
329 2374 375 2406 26,
392 2374 438 2401 27.
476 2375 486 2390 '
500 2373 557 2402 Jer.
571 2372 707 2405 xxul,‘2|.
745 2371 756 2386 ³
767 2371 844 2403 lbid.,
860 2371 906 2399 25.

1012 2381 1044 2400 m.
1057 2381 1115 2406 rm,
1131 2373 1172 2406 l9,
1187 2373 1232 2406 20,
1252 2373 1299 2401 21.
1336 2373 1346 2389 ⁸
1361 2372 1431 2401 Psal.
1450 2379 1560 2405 cxum,
1577 2373 1604 2405 5,
1617 2371 1645 2400 4.

195 2469 236 2505 Η)
260 2470 402 2505 Σεπτέον.
424 2467 601 2505 lnr‘o‘mnibus
623 2473 691 2505 mss.
705 2471 733 2494 et
753 2466 927 2505 libris‘editis

142 2501 253 2539 legitur,
267 2504 410 2534 σκεπτέον,
425 2504 472 2529 sed
484 2502 511 2529 in
525 2501 618 2539 codice
631 2501 738 2539 doliano
753 2501 860 2539 punctis
877 2509 926 2539 no—

143 2535 219 2567 ιοῖιιιι
233 2535 323 2566 littera
351 2539 386 2569 Κ,
402 2543 527 2571 tanquam
542 2535 670 2571 delenda,
688 2543 738 2563 nec
754 2536 847 2571 dubito
860 2537 925 2571 quin

143 2574 315 2601 scribendum
345 2573 380 2599 sit
407 2569 518 2598 σεπτέον
541 2577 558 2598 a
584 2570 710 2606 σέϐομαι.
735 2570 801 2598 Vide
816 2569 925 2606 lrlen'rici

145 2607 275 2642 Stephani
291 2607 454 2634 Tltesaurum
472 2606 570 2642 lingua;
589 2604 688 2642 (ᾆτιιήξίιν
703 2605 728 2632 in
748 2605 856 2642 σεπτός.
870 2605 922 2633 Co-

144 2639 201 2670 dex.
211 2642 324 2676 Regius,
339 2642 398 2668 loco
417 2639 544 2676 σεπτέον,
561 2640 642 2676 habet
655 2639 798 2676 ὑμνητὲον.

180 2673 400 2712 (Ω)Ᾰιάκρνον.
416 2681 469 2704 etc.
481 2675 522 2702 An
539 2673 783 2712 scribendum,’3cat:t
800 2673 854 2712 seu
871 2673 926 2701 διά-

143 2708 232 2738 κονον
247 2711 330 2738 αὐτοῦ
346 2710 431 2744 Λόγον
457 2709 701 2745 προσκυνήσομενς
724 2709 825 2745 ςιιίειο
847 2708 925 2745 locus

145 2747 322 2779 interpolatus
336 2743 421 2773 fuisse
434 2743 568 2779 videturra
585 2743 783 2779 posterioribus
807 2743 924 2778 Origene

145 2778 318 2811 Christianis,
330 2780 375 2813 qui
399 2779 439 2810 τὸ,
465 2778 558 2812 αὐτοῦ,
574 2779 599 2804 in
615 2778 871 2813 normviniutarunt,
897 2782 925 2805 et

143 2819 206 2846 post
222 2813 317 2846 Λόγον,
340 2812 503 2840 addiderunt
529 2812 577 2840 τοῦ
600 2812 676 2839 Θεοῦ.
704 2812 840 2845 Quidquid
870 2817 922 2844 est.

144 2855 211 2874 voce
228 2847 348 2873 διάκονον
360 2846 489 2874 ollensum
507 2847 589 2875 fuisse
606 2847 783 2881 posteriorum
792 2846 923 2874 Christia-

983 2474 1079 2493 norum
1101 2466 1199 2500 vulgus
1226 2466 1327 2492 indicat
1351 2464 1471 2500 scholion
1503 2464 1631 2500 quodin
1645 2464 1777 2500 margine

982 2501 1047 2528 libb.
1061 2498 1197 2527 editorum
1213 2505 1241 2527 et
1266 2500 1369 2528 codicis
1390 2499 1532 2533 Anglicani
1552 2499 1632 2531 primi
1648 2498 1752 2530 legitur
1766 2505 1776 2525 :

980 2535 1026 2571 Μὴ
1041 2535 1104 2569 λέγε
1119 2535 1341 2571 διάκονονόγγᾲρ
1355 2533 1521 2571 τοῦλῐίατρὸς
1536 2533 1623 2571 Λόγος
1635 2533 1777 2571 ,αὐθέντης

1047 2560 1333 2607 ἑαυτοῦξργέυνςάλλς
1349 2569 1383 2607 οῦ
1393 2560 1523 2607 λξιάιιδνοξ
1532 2576 1544 2607 '_
1553 2560 1587 2607 j-
1609 2560 1666 2607 γὰρ
1685 2560 1777 2607 unus;

980 2605 1026 2631 σία
1039 2604 1108 2639 αὕτη
1122 2601 1202 2637 τάξις
1210 2604 1335 2640 δουλικὴ,
1349 2603 1416 2640 iam
1438 2603 1489 2640 οὐκ
1515 2601 1674 2640 αὐθεντικῆ.
1702 2601 1776 2629 Vide

978 2638 1158 2673 qtnestionem
1174 2638 1320 2666 secundani
1337 2639 1385 2666 lib.
1398 2646 1417 2666 ιι
1432 2638 1676 2672 Origenfanorum,
1695 2644 1775 2664 num.

980 2674 1072 2748 ηαδ)
1088 2707 1158 2742 Περὶ
1170 2703 1223 2742 ὧν,
1236 2713 1288 2736 ctc.
1307 2707 1374 2748 Yide
1388 2708 1499 2748 insuper
1509 2705 1656 2748 clarissimi
1680 2705 1774 2734 Huetii

977 2743 1293 2778 qtmstiorteinoctavam
1308 2743 1355 2770 lib.
1375 2750 1392 2778 ιι
1407 2742 1642 2778 Ονίρεῃὶαηοηιηι.

1013 2777 1070 2813 (44)
1084 2777 1198 2813 Αἰνεῖτε
1222 2778 1317 2805 αὐτὸν
1341 2774 1666 2813 πάνταξειψρίεηιίιιιη
1689 2774 1774 2813 quod

977 2810 1040 2839 ante
1054 2810 1112 2840 haec
1127 2812 1209 2840 verba
1229 2813 1314 2846 dccst,
1328 2813 1427 2840 αίνεῖτε
1450 2810 1632 2846 αὑτὸνῆλιος
1651 2810 1701 2838 καὶ
1725 2818 1773 2836 σε-

975 2847 1054 2883 λήνη.
