1877 3100
129 128 196 156 1201

719 127 857 156 CONTRA
874 127 1009 155 CELSUM
1022 127 1091 154 lLIB.
1108 126 1141 154 V.

1679 130 1747 159 1202

124 187 170 214 8ιά
183 187 229 214 τὸν
242 187 415 220 ὑποτάξαντα
431 187 473 214 ἐπ’
490 187 592 214 ἐλπίδι·
612 187 652 214 ὅτι
673 187 720 214 καὶ
740 187 808 222 αὐτὴ
823 187 839 222 ἡ
853 188 892 213 xtl

969 190 1089 213 creatura
1121 185 1279 213 liberabitur
1301 193 1317 213 a
1342 187 1472 214 servitute
1502 188 1685 222 corruptionis
1718 189 1744 216 in

125 237 169 262 σις
185 230 430 267 ἐλευθερωθήσεται
440 232 548 267 ἀπὺτῆς
557 232 677 264 δουλείας
689 232 740 267 τῆς
755 231 858 267 φθορᾶς
872 232 911 263 είς

121 273 175 310 τὴν
192 276 346 312 ἐλευθερίαν
360 277 410 312 τῆς
422 278 499 313 δόξης
515 278 570 305 τῶν
585 278 685 305 τέκνων
695 278 741 305 τοῦ
752 277 846 305 Θεοῦ.)
856 278 911 305 Καὶ

965 230 1117 258 libertatem
1130 230 1221 265 gloriae
1237 231 1352 258 ﬁliorum
1369 231 1417 259 Dei
1427 232 1465 259 ⁸.»
1483 231 1619 260 Hactenus
1634 241 1682 261 cur
1694 242 1743 261 nec

963 277 1061 311 solem,
1076 283 1128 304 nec
1151 276 1254 309 lunam,
1279 285 1330 304 nec
1351 278 1443 305 stellas
1469 285 1643 311 veneremur;
1672 287 1743 307 nunc

121 322 153 348 ἐν
163 321 268 354 τούτοις
281 322 312 358 δὴ
327 323 403 355 τέλος
415 323 500 358 ἐχέτω
512 324 529 358 ή
543 324 607 359 περὶ
620 323 666 350 τοῦ
684 323 721 359 μὴ
738 323 826 350 σέϐειν
838 324 892 358 mia

969 322 1105 357 sequentia
1125 322 1183 356 eius
1196 322 1278 350 verba
1297 322 1456 356 referamus,
1470 324 1598 352 adversus
1614 325 1668 359 illa,
1688 325 1745 354 Deo

120 366 200 402 ἥλιον
209 367 257 394 καὶ
268 367 380 403 σελήνην
395 368 441 394 καὶ
453 368 573 403 ἀστέρας
591 368 732 402 ἀπολογία.
753 367 891 404 Ἐκθώμεθ

969 368 1056 399 dante,
1067 367 1167 395 dicturi
1181 375 1242 402 quae
1256 375 1305 396 nos
1317 367 1406 396 lumen
1421 369 1544 398 veritatis
1557 371 1675 398 docebit.

119 413 150 440 δὲ
166 414 213 440 καὶ
231 414 281 449 τὴν
293 415 355 450 ἑξῆς
366 414 449 448 λέξιν,
477 415 521 443 ἵνα
548 415 616 451 μετά
637 415 716 443 τοῦτο
744 415 812 451 πρὸς
842 414 931 448 αὑτὸν,
964 414 1031 443 Θεοῦ
1057 415 1171 446 διδόντος
1184 434 1192 448 ,
1217 414 1337 450 εἴπωμεν
1351 415 1386 442 τὰ
1409 415 1464 443 ἀπὸ
1477 416 1523 443 τοῦ
1544 417 1594 452 τῆς
1617 417 1742 452 ἀληθείας

119 458 213 494 φωτὸς
228 458 395 495 δοθησόμενα
410 461 487 496 ἡμῖν.

156 503 238 538 Λέγει
253 501 300 531 οὖν
317 505 419 532 ταῦτα*
443 515 452 532 ι
474 506 591 534 Ἠλίθιον
607 506 630 533 δ’
643 506 732 534 αὐτῶν
746 506 793 534 καὶ
807 507 838 534 τὸ
860 515 905 534 νο-

120 548 222 583 μίζειν,
239 549 348 578 ἐπειδὰν
360 552 375 578 6
388 550 456 583 Θεὸς
468 550 564 588 ὥσπερ
581 551 711 587 μάγειρος
724 553 859 588 ἐπενέγκῃ
874 553 905 579 τδ

119 594 189 629 πῦρ,
204 594 235 622 τὸ
251 596 299 631 μὲν
310 596 375 623 ἄλλο
394 597 448 624 πᾶν
463 597 692 633 ἐξοπτηθήσεσθαι
708 597 796 631 γένος,
808 598 906 630 αὐτοὺς

116 637 148 664 δὲ
165 638 262 674 μόνους
278 640 427 675 διαμενεῖν,
442 641 473 668 οὐ
501 641 579 677 μόνον
607 642 671 673 τοὺς
692 641 806 674 ζῶντας,
837 642 905 669 ἀλλά

115 684 168 709 καὶ
195 684 259 717 τοὺς
284 685 367 712 πάλαι
394 686 459 713 ποτέ
485 686 670 718 ἀποθανόντας
691 688 785 720 αὐταῖς
810 687 904 723 σαρξὶν

115 727 238 760 ἐκείναις
247 729 301 756 ἀπὸ
317 730 368 764 τῆς
379 730 432 765 γῆς
445 731 603 764 ἀναδύντας,
620 731 739 766 ἀτεχνῶς
755 733 903 767 σκωλήκων

114 773 132 808 ή
156 773 243 805 ἐλπίς.
260 774 329 801 Ποία
351 775 406 810 γὰρ
431 776 575 812 ἀνθρώπου
601 777 673 813 ψυχὴ
699 777 843 812 ποθήσειεν
863 777 904 804 ἔτι

993 506 1037 533 14.
1050 514 1060 531 ι
1073 503 1160 532 Stulta
1173 508 1201 531 et
1216 503 1372 531 hieceorum
1382 502 1483 537 opinio.
1495 502 1591 537 inquit,
1602 509 1740 540 postquam

958 552 1029 580 Deus
1056 555 1186 586 tanquam
1213 556 1316 584 coquus
1338 549 1428 584 ignem
1452 549 1595 577 immiserit
1612 570 1620 583 ,
1642 555 1740 579 caetera

958 597 1067 632 quidem
1076 600 1175 624 tostum
1186 595 1231 627 iri;
1242 597 1290 622 sed
1301 601 1331 622 se
1342 595 1415 622 solos
1429 602 1562 622 evasuros
1573 595 1737 629 incolumes;

958 649 1008 669 nec
1036 648 1083 669 eos
1112 641 1192 668 modo
1213 641 1258 675 qui
1285 646 1340 668 tum
1358 642 1384 668 in
1409 641 1478 669 vivis
1491 645 1579 674 erunt,
1593 642 1639 668 sed
1654 647 1681 670 et
1692 642 1737 676 qui

954 686 1118 721 jampridem
1131 685 1251 713 obierint
1275 690 1390 714 mortem
1407 691 1435 713 et
1448 686 1541 714 eadem
1554 693 1634 713 carne
1652 686 1737 714 induti

957 739 972 759 e
987 735 1058 759 terra
1075 731 1245 758 emerserint.
1269 731 1334 765 Quae
1347 738 1418 766 spes,
1438 731 1519 766 plane
1533 732 1633 764 dicam,
1659 731 1738 767 digna

956 775 1094 803 vermibus
1108 780 1160 803 est.
1179 775 1277 810 Ecquze
1293 776 1362 803 enim
1381 777 1497 803 humana
1519 776 1608 804 anima
1625 777 1652 805 in
1679 784 1738 805 cor-

116 818 201 854 σῶμα
215 820 432 855 σεσηπός;όπότε
448 821 595 856 μηδ’ὑμῶν
610 822 664 857 (45)
682 823 759 849 τοῦτο
773 822 803 849 τὺ
818 822 892 858 δόγμ‹

969 828 1004 848 ius
1020 820 1200 855 putrefactum
1217 828 1337 849 remeare
1352 821 1547 856 concupiscat?
1559 822 1647 856 Atque
1654 822 1736 850 etiam

111 863 165 890 καὶ
184 863 240 890 τῶν
264 865 434 901 Χριστιανῶν
449 865 531 897 ἐνίοις
545 866 632 893 κοινόν
648 868 715 893 ἐστι·
736 867 782 893 καὶ
796 867 826 893 τὸ
841 867 903 901 σφό-

110 908 166 944 δρα
177 909 276 946 μιαρὺν
290 910 372 937 αὐτοῦ
389 911 436 937 καὶ
455 910 628 937 ἀπόπτυστον
644 911 702 946 ἅμα
714 912 762 941 καὶ
775 911 903 939 ἀδύνατον

111 954 293 989 ἀποφαίνουσι
309 955 374 991 (46)·
392 957 467 983 ποῖον
480 956 535 992 γὰρ
556 956 636 991 σῶμα
652 956 739 992 πάντη
755 957 903 992 διαφθαρὲν

111 996 171 1026 οἶόν
185 1008 216 1026 τε
227 1000 383 1027 ἐπανελθεῖν
394 1002 434 1033 είς
446 1001 495 1037 τὴν
504 1001 532 1035 ἐξ
546 1002 634 1037 ἀρχῆς
650 1001 740 1036 φύσιν,
757 1002 803 1029 καὶ
817 1002 901 1038 αὐτὴν

109 1045 223 1081 ἐκείνην
239 1045 268 1078 ἐξ
283 1043 318 1082 ἧς
340 1046 422 1082 ἐλύθη
438 1046 487 1082 τὴν
510 1047 619 1083 πρώτην
644 1047 788 1080 σύστασιν;
819 1049 901 1075 Οὐδὲν

109 1090 221 1126 ἔχοντες
235 1091 442 1126 ἀποκρίνασθαι,
467 1092 685 1126 καταφεύγουσιν
707 1093 747 1123 εἰς
757 1092 900 1120 ἀτοπωτά-

107 1145 164 1172 την
179 1135 361 1172 ἀναχώρησιν,
376 1137 417 1164 ὅτι
431 1137 484 1163 πᾶν
497 1136 608 1164 δυνατὸν
620 1137 658 1172 τῷ
670 1136 738 1172 Θεῷ.
758 1137 826 1163 Ἀλλ’
841 1136 899 1164 οὔτι

106 1190 144 1216 γε
160 1181 195 1208 τὰ
207 1182 307 1218 αίσχρά
320 1183 335 1209 6
357 1182 421 1214 Θεὸς
436 1182 557 1215 δύναται,
586 1183 646 1210 οὐδὲ
668 1183 703 1210 τὰ
717 1183 792 1218 παρὰ
818 1182 898 1218 φύσιν

107 1226 246 1262 βούλεται·
258 1228 322 1260 οὐδ’,
336 1227 368 1255 ἃν
383 1228 415 1254 σύ
432 1236 458 1254 τι
469 1228 640 1264 ἐπιθυμήσῃς
651 1227 721 1254 κατὰ
737 1228 786 1263 τὴν
798 1228 897 1255 σαυτοῦ

108 1272 265 1308 μοχθηρίαν
283 1272 419 1308 βδελυρὸν,
434 1274 449 1299 ὁ
475 1273 540 1305 Θεὸς
562 1273 642 1299 τοῦτο
671 1273 824 1309 δυνήσεται,
851 1274 898 1300 καὶ

105 1317 163 1353 χρὴ
179 1318 317 1345 πιστεύειν
330 1319 420 1350 εὐθὺς,
437 1319 478 1345 ὅτι
492 1318 578 1345 ἐσται.
599 1319 637 1345 Οὐ
654 1319 708 1354 γὰρ
734 1319 784 1353 τῆς
806 1318 896 1354 πλημ-

107 1362 209 1398 μελοῦς
223 1363 350 1399 ὀρέξεως,
366 1364 428 1391 οὐδὲ
448 1364 498 1399 τῆς
521 1363 731 1399 πεπλανημένης
749 1363 894 1399 ἀκοσμίας,

104 1407 178 1435 ἀλλά
185 1408 234 1444 τῆς
247 1408 329 1444 ὀρθῆς
342 1409 389 1436 καὶ
403 1409 509 1441 δικαίας
522 1409 628 1443 φύσεως
642 1409 708 1441 Θεός
722 1410 795 1436 ἐστιν
808 1409 894 1444 ἀρχη-

103 1454 200 1489 γέτης,
218 1455 273 1482 Καὶ
288 1455 377 1490 ψυχῆς
392 1455 447 1490 (47)
476 1455 526 1491 μὲν
552 1455 661 1482 αἰώνιον
686 1455 774 1491 βιοτήν
794 1455 893 1482 δύναιτ’

104 1500 141 1526 ἂν
157 1501 318 1536 παρασχεῖν.
334 1501 428 1533 νέκυες
450 1502 488 1533 δέ,
520 1501 602 1536 φησὶν
622 1502 796 1537 Ἡράκλειτος
826 1502 892 1538 (48),

102 1545 229 1580 κοπρίων
245 1545 442 1582 ἐκϐλητότεροι.
470 1546 562 1582 Σάρκα
586 1547 628 1582 δὴ,
645 1547 744 1582 μεστὴν
768 1544 806 1574 ὧν
834 1548 895 1576 ούδέ

101 1591 193 1617 είπεῖν
215 1590 307 1622 καλὸν,
335 1591 444 1619 αἰώνιον
474 1592 610 1627 ἀποφῆναι
637 1593 712 1628 παρά
727 1592 816 1627 λόγον,
832 1594 893 1621 οὔτε

103 1634 268 1670 βουλήσεται
281 1635 377 1667 ὸΘεὸς,
395 1635 458 1662 οὔτε
474 1637 628 1671 δυνήσεται.
642 1637 728 1668 Αὐτὸς
745 1638 799 1673 γάρ
819 1639 893 1665 ἐστιν

100 1681 117 1706 6
131 1678 243 1706 πάντων
258 1678 312 1705 τῶν
327 1679 412 1706 όντων
428 1679 516 1713 λόγος,
538 1679 614 1706 οὐδὲν
630 1677 676 1706 οὖν
693 1677 748 1712 οἷός
762 1689 792 1707 τε
817 1680 894 1716 παρᾶ

99 1723 184 1759 λόγον
195 1724 260 1760 (49),
279 1725 338 1751 οὐδὲ
351 1726 416 1760 παρ’
431 1725 524 1752 ἑαυτὸν
539 1725 717 1761 ἐργάσασθαι.
734 1735 743 1751 ι

139 1813 210 1850 Ὅρα
225 1813 256 1850 δὴ
269 1814 392 1841 ἐντεῦθεν
407 1814 454 1841 ἀπ’
478 1814 567 1850 ἀρχῆς
582 1815 651 1846 πῶς,
677 1814 727 1850 τὴν
751 1814 798 1841 καὶ
826 1816 891 1850 παρ’

105 1858 243 1894 Ἐλλήνων
257 1859 327 1887 τισὶν
350 1860 399 1886 οὐκ
418 1860 661 1895 εὐκαταφρονήτως
682 1860 892 1894 φιλοσοφήσασιν

99 1904 283 1940 εἰσαγομένην
310 1903 357 1932 τοῦ
382 1905 485 1940 κόσμου
517 1904 672 1939 ἐκπύρωσιν
699 1904 767 1939 μετά
793 1904 891 1940 χλεύης

97 1950 260 1983 διαὸἀλλων,
273 1949 343 1977 θέλει
359 1951 442 1986 ἡμᾶς,
460 1950 580 1985 ὡσπερεὶ
598 1949 725 1985 μάγειρον
749 1950 891 1982 ποιοῦντας

97 1995 150 2022 τὸν
177 1995 253 2027 Θεὸν,
268 1996 386 2030 εἰσάγειν
416 1995 451 2022 τὰ
478 1997 543 2031 περὶ
571 1996 622 2031 τῆς
647 1995 838 2031 ἐκπυρώσεως
859 1996 889 2022 οὐ

98 2041 226 2074 συνιδὼν,
239 2042 290 2075 ὃτι,
305 2042 399 2078 ὥσπερ
415 2042 547 2078 Ἐλλήνων
561 2043 632 2070 τισὶν
646 2042 717 2075 ἔδοξε
727 2042 806 2078 (τάχα
815 2042 890 2078 ποιρά

97 2086 148 2113 τοῦ
162 2087 341 2122 ἀρχαιοτάτου
368 2088 460 2120 ἔθνους
476 2088 610 2124 Ἑϐραίων
631 2088 753 2122 λαϐοῦσι)
779 2087 809 2114 τὺ
834 2087 889 2124 πῦρ

955 866 1025 893 inter
1042 873 1089 894 vos
1105 866 1274 894 Christianos
1294 874 1345 894 non
1359 867 1467 898 desunt,
1493 867 1537 901 qui
1553 871 1640 900 turpe,
1668 868 1735 895 abo-

953 911 1111 939 minandum
1130 931 1138 944 ,
1166 911 1334 946 impossibile
1362 912 1432 939 istud
1457 912 1603 947 judicent,
1634 912 1733 940 nedum

953 957 1111 992 approbent.
1124 956 1157 983 Et
1167 964 1231 984 vero
1248 964 1381 991 corpusne
1391 961 1442 989 cst,
1457 957 1528 991 quod
1542 957 1653 984 omnino
1671 963 1734 984 cor-

952 1006 1060 1036 ruptum
1073 1001 1099 1028 in
1121 1001 1238 1036 priorem
1253 1007 1377 1028 naturam
1392 1001 1497 1028 restitui
1511 1006 1538 1029 ct
1550 1001 1632 1029 semel
1650 1002 1733 1029 amis-

950 1054 1008 1074 sam
1024 1047 1246 1076 constitutionem
1261 1055 1419 1083 recuperare
1435 1049 1540 1083 possit?
1553 1049 1592 1076 Ad
1604 1049 1661 1077 haec
1671 1056 1732 1076 cum

951 1092 1017 1120 nihil
1039 1093 1075 1120 sit
1098 1093 1169 1128 quod
1188 1093 1378 1128 respondeant,
1397 1093 1423 1120 in
1438 1093 1490 1121 hoc
1506 1093 1731 1122 absurdissimum

949 1139 1103 1174 praesidium
1128 1139 1298 1175 confugiunt,
1317 1139 1373 1167 Deo
1402 1139 1467 1166 nihil
1499 1147 1552 1167 non
1571 1139 1654 1175 588
1672 1147 1732 1167 esse

948 1185 1085 1221 possibile.
1104 1184 1188 1219 Quasi
1206 1192 1273 1213 vero
1287 1184 1376 1219 turpia
1391 1185 1461 1212 Deus
1477 1189 1579 1220 posset,
1594 1189 1640 1212 aut
1651 1186 1731 1221 quid-

948 1230 1018 1264 piam
1045 1235 1139 1258 contra
1160 1235 1286 1257 naturam
1307 1230 1400 1258 vellet.
1423 1229 1496 1262 Non,
1510 1230 1532 1257 si
1548 1229 1613 1265 quid
1629 1230 1730 1265 impro-

948 1275 1010 1302 buni
1026 1283 1076 1310 pro
1091 1281 1135 1303 tua
1160 1276 1265 1303 malitia
1281 1275 1456 1311 expetiveris,
1472 1276 1498 1303 id
1514 1276 1643 1304 continuo
1659 1276 1730 1304 Deus

946 1321 1056 1355 poterit,
1071 1325 1118 1348 aut
1142 1321 1201 1350 fore
1226 1321 1392 1349 credendum
1408 1326 1459 1349 est.
1474 1321 1530 1349 Nec
1553 1322 1626 1349 enim
1655 1321 1728 1348 Deus

945 1367 1005 1394 orbi
1030 1371 1143 1401 praeest,
1164 1372 1194 1395 ut
1208 1368 1305 1395 vitiosa
1320 1367 1456 1395 desideria
1473 1367 1596 1402 expleat.
1614 1371 1661 1395 aut
1687 1367 1729 1395 in-

945 1412 1076 1439 ordinatis
1087 1412 1243 1440 libidinibus
1256 1413 1430 1447 obsequatur;
1445 1413 1490 1440 sed
1500 1418 1530 1440 ut
1544 1418 1624 1441 rectas
1634 1413 1728 1447 justteo

945 1464 997 1492 que
1012 1461 1115 1484 natura:
1130 1457 1287 1492 prospiciat.
1302 1457 1432 1492 Equidem
1456 1457 1526 1485 haud
1549 1457 1625 1486 illum
1646 1465 1728 1493 nega-

945 1502 1030 1529 verim
1058 1502 1155 1529 animae
1182 1503 1265 1530 vitam
1289 1502 1383 1537 largiri
1414 1509 1494 1536 posse
1511 1503 1726 1536 sempiternam:

945 1546 1075 1574 cadavera
1087 1552 1188 1579 autem,
1202 1546 1290 1582 inquit
1309 1546 1476 1579 Heraclitus,
1501 1546 1544 1574 vel
1562 1547 1727 1575 stercoribus

944 1591 1039 1619 viliora
1063 1595 1137 1620 sunt.
1165 1592 1240 1620 Unde
1261 1593 1335 1619 carni
1349 1592 1382 1620 iis
1393 1592 1523 1620 sordibus
1539 1591 1647 1620 referta:
1659 1599 1726 1628 quas

945 1638 1082 1673 appellare
1096 1638 1194 1672 pudet,
1213 1638 1296 1665 vitam
1320 1642 1448 1665 :eternam
1475 1642 1568 1665 contra
1594 1638 1725 1666 rationem

944 1683 1074 1717 tribuere,
1089 1683 1159 1711 Deus
1174 1691 1223 1711 nec
1238 1684 1320 1716 volet,
1337 1691 1387 1711 nec
1416 1684 1526 1719 poterit.
1547 1684 1652 1712 Etenim
1684 1688 1726 1712 ct

943 1728 1000 1760 ipse
1012 1729 1133 1756 omnium
1152 1737 1213 1763 quae
1224 1734 1297 1761 sunt,
1320 1730 1407 1762 ratio;
1435 1729 1501 1757 nihil
1521 1730 1605 1765 igitur
1630 1734 1725 1758 contra

943 1773 1096 1804 rationem,
1109 1773 1174 1799 nihil
1192 1778 1287 1800 contra
1305 1773 1423 1807 scipsum
1438 1773 1546 1801 ellicere
1561 1779 1659 1809 potest.
1677 1784 1688 1801 ι

977 1815 1020 1842 15.
1048 1815 1117 1843 llinc
1139 1815 1258 1850 primum
1278 1817 1339 1844 vide
1359 1818 1494 1852 quomodo
1510 1819 1603 1845 mundi
1623 1818 1724 1846 conﬂa-

941 1860 1104 1893 grationcm,
1121 1862 1203 1887 etiam
1225 1869 1239 1887 a
1253 1861 1421 1896 philosophis
1437 1861 1507 1889 inter
1520 1861 1629 1890 Graecos
1641 1862 1722 1890 mini-

941 1913 984 1933 me
995 1906 1199 1933 contemnendis
1213 1906 1357 1939 creditam,
1373 1907 1424 1934 sibi
1444 1914 1495 1941 pro
1516 1907 1631 1935 ridiculo
1650 1910 1725 1942 putet

939 1955 967 1979 et
976 1950 1168 1978 calumnietur.
1185 1951 1225 1978 Ex
1242 1951 1300 1984 illo,
1315 1959 1376 1979 cum
1395 1952 1548 1979 inducimus
1574 1952 1722 1988 conﬂagra-

941 1996 1060 2029 tionem,
1089 1996 1172 2023 Deum
1196 2004 1284 2031 coquo
1314 1997 1431 2024 similem
1461 1996 1722 2032 lacimus.lgnorat,

912 2038 915 2042 ’
939 2043 1011 2077 quod
1022 2041 1107 2069 etiam
1122 2041 1283 2077 quibusdam
1293 2041 1447 2070 Graecorum
1458 2041 1545 2068 visum
1561 2046 1603 2068 est
1612 2045 1639 2068 et
1650 2041 1723 2076 quod

940 2088 1055 2116 fortasse
1070 2088 1105 2115 ab
1122 2087 1311 2122 antiquissima
1328 2087 1503 2114 Hebraeorum
1518 2091 1598 2122 gente
1610 2093 1723 2122 accepe-

97 2131 250 2167 καθάρσιον
268 2132 322 2167 (50)
337 2133 470 2167 ἐπάγεται
483 2133 523 2168 τῷ
536 2133 630 2169 κόσμῳ
639 2141 646 2149 ο
665 2133 737 2165 εἰκὸς
750 2133 772 2159 δ’
786 2133 826 2160 ὅτι
842 2134 889 2160 καὶ

974 2137 1013 2166 ιιι,
1027 2133 1118 2168 ignem
1140 2132 1240 2160 mundo
1257 2131 1352 2160 inferri
1376 2132 1526 2165 lustralem,
1544 2136 1590 2159 aut
1606 2131 1722 2160 fortasse

96 2176 211 2213 ἑκάστῳ
225 2177 279 2204 τῶν
295 2178 427 2213 δεομένων
439 2179 488 2214 τῆς
501 2178 545 2205 διὰ
560 2178 607 2205 τοῦ
628 2178 714 2213 πυρὸς
739 2178 817 2213 δίκης
829 2178 887 2214 ἅμα

96 2223 148 2249 καὶ
162 2223 283 2258 ίατρείας
297 2224 420 2256 καίοντος
434 2224 482 2259 μὲν
497 2223 544 2251 καὶ
559 2223 590 2250 οὐ
607 2223 801 2255 κατακαίοντος
824 2224 887 2255 τοὺς

99 2269 139 2303 μὴ
156 2267 267 2304 ἔχοντας
286 2268 352 2304 ὓλην
372 2268 501 2304 δεομένην
523 2268 685 2296 ἀναλοῦσθαι
710 2269 755 2296 ὑπ’
781 2269 885 2296 ἐκείνου

96 2311 147 2339 τοῦ
161 2314 248 2349 πυρός
259 2322 266 2330 ·
287 2314 410 2346 καίοντος
425 2314 452 2340 δὲ
465 2314 512 2341 καὶ
526 2314 719 2346 κατακαίοντος
728 2315 791 2346 τοὺς
807 2315 835 2341 ἐν
851 2316 884 2351 τῇ

95 2357 143 2385 διὰ
153 2358 209 2385 τῶν
220 2359 354 2394 πράξεων,
371 2359 526 2394 καὶ-λόγων,
539 2360 586 2386 καὶ
596 2359 737 2395 νοημάτων
747 2360 883 2396 τροπικῶς

96 2403 233 2440 λεγομένῃ
245 2405 369 2440 οἰκοδομῇ
385 2404 460 2438 ξύλα,
475 2405 581 2440 χόρτον,
593 2405 610 2440 ἥ
635 2405 760 2441 καλάμην
785 2405 882 2432 οἰκοδο-

134 2475 147 2491 ⁶
162 2473 241 2502 Rom.
258 2482 316 2507 vm,
335 2475 379 2506 l9.
398 2474 443 2508 20,
455 2475 500 2502 2|.

133 2550 377 2586 (‘5)_llteschelius
405 2551 430 2577 in
450 2551 621 2586 textuibabct
635 2570 644 2582 ,
675 2550 765 2586 ἡμῶν,
786 2551 880 2586 sicque

96 2584 178 2613 codd.
194 2584 294 2619 Regius
309 2592 336 2612 et
351 2585 611 2612 Basileensis.Paulo
627 2584 701 2618 post,
717 2586 775 2613 loco
788 2584 881 2612 καὶίτὺ

96 2619 203 2681 σὲόδρα
219 2619 326 2656 μιαρόν,
343 2619 499 2647 Boherellus
516 2620 595 2655 legit,
607 2620 632 2647 οἳ
650 2620 680 2647 τὸ
694 2620 792 2656 σφόδρα
816 2629 882 2655 μια-

98 2663 114 2681 n
131 2663 157 2681 ν.

131 2663 157 2681 ν.

98 2663 203 2724 ὲοῖλίὶ)
213 2689 434 2722 Ἆποςεαίνουσι.
449 2689 534 2717 Codd.
549 2688 649 2724 Regius
662 2694 688 2715 et
702 2687 880 2724 Basileensis,

96 2723 256 2757 ἀποφαίνει.
279 2723 446 2751 Hmschclius
473 2724 499 2750 in
517 2723 613 2755 textui,
629 2724 797 2757 ἀποφαίνεις.
811 2723 881 2750 Sunt

99 2758 145 2792 qui
161 2758 212 2784 hoc
225 2758 284 2785 loco
299 2759 374 2792 sequi
393 2759 486 2785 malint
506 2758 648 2785 lectionem
669 2759 748 2785 codd.
764 2758 839 2792 liegii
854 2762 881 2785 et

98 2791 273 2822 Basileensis,
287 2792 323 2820 ita
339 2791 369 2820 ut
389 2793 446 2820 hare
469 2801 521 2821 non
548 2798 644 2826 putent
657 2800 716 2820 esse
732 2791 816 2820 Cclso’
831 2792 881 2819 tri-

99 2827 274 2861 bueuda,sed
287 2828 321 2856 ab
335 2828 392 2863 ipso
403 2828 520 2863 Origene
536 2829 605 2856 Celsi
621 2827 710 2856 verbis
727 2826 878 2862 interjecta.

940 2185 1027 2212 poanm
1040 2177 1120 2204 simul
1133 2182 1160 2205 et
1183 2178 1295 2205 remedii
1312 2178 1372 2205 loco
1386 2178 1516 2209 futurum,
1530 2181 1611 2213 prout
1624 2177 1722 2212 cuique

939 2230 1007 2257 opus
1019 2223 1090 2256 erit;
1109 2223 1209 2257 ignem,
1226 2222 1271 2257 qui
1299 2227 1358 2250 uret
1372 2222 1492 2257 quidem,
1508 2230 1560 2250 non
1573 2229 1640 2250 vero
1655 2230 1721 2250 con—

939 2273 1029 2296 sumet
1039 2275 1085 2295 eos
1113 2269 1140 2296 in
1155 2268 1256 2303 quibus
1273 2275 1326 2296 non
1343 2269 1396 2295 erit
1419 2268 1530 2296 materia
1546 2275 1607 2303 qua:
1622 2267 1720 2296 conﬁci

938 2314 1051 2347 debeat;
1067 2319 1127 2342 uret
1147 2319 1236 2341 autem
1251 2318 1278 2341 et
1299 2318 1440 2342 consumet
1464 2321 1512 2341 eos
1537 2313 1582 2348 qui
1607 2313 1634 2341 in
1659 2321 1721 2342 con-

935 2359 1067 2386 struendo
1082 2359 1230 2393 actionum,
1247 2366 1403 2387 sermonum
1414 2358 1672 2394 cogitationumque,
1691 2363 1720 2387 ιιι

935 2404 971 2432 ita
986 2405 1086 2436 dicam,
1115 2405 1229 2432 aedilicio
1245 2404 1334 2439 ligna,
1353 2403 1444 2430 fenum
1459 2406 1485 2430 et
1505 2401 1630 2437 stipulam
1643 2401 1720 2429 adhi-

933 2551 1115 2583 Qunmohrem
1144 2558 1225 2584 supra
1249 2557 1297 2584 pro
1323 2549 1405 2576 ὁπότε
1436 2547 1497 2584 μηδ’
1525 2547 1603 2583 ὑμῶν
1627 2548 1717 2583 legunt

933 2585 1014 2612 ὁπότε
1028 2586 1087 2621 μηδ’
1102 2585 1189 2621 ἡμῶν.

967 2616 1033 2654 (ΠΥ
1047 2616 1160 2654 Ψυχῆς.
1175 2619 1273 2645 Mavult
1287 2618 1455 2654 Boherellus,
1472 2616 1556 2654 ψυχῇ.
1635 2628 1647 2654 -ς

969 2647 1026 2687 its)
1046 2647 1241 2688 magisnec.
1261 2654 1326 2681 Vide
1355 2647 1466 2681 Suidam
1480 2647 1616 2679 'i.3"'voce
1635 2650 1717 2686 Ἠρά-

931 2691 1058 2722 κλειτος,
1074 2689 1158 2723 ὄνομα
1172 2689 1275 2723 κύριον.

968 2720 1127 2759 domum
1136 2720 1238 2757 λόγον.
1258 2722 1334 2752 Libb.
1359 2722 1423 2751 editi
1439 2729 1493 2750 una
1521 2728 1600 2754 voce,
1624 2720 1713 2757 παρὰ.

932 2758 1025 2826 “iiii
1039 2793 1101 2825 Πῆρ
1116 2791 1290 2826 καθάρσιον.
1310 2791 1376 2820 Vide
1401 2791 1588 2820 adnotationes
1610 2790 1643 2818 ad
1662 2790 1712 2818 lib.

933 2835 970 2862 tv,
984 2836 1058 2856 num.
1071 2827 1104 2855 Η
1118 2833 1144 2854 et
1164 2827 1206 2854 15.
