1877 3100
167 103 239 132 1205

879 95 1041 132 eatenus-

1727 100 1791 128 ιεῡι

165 163 304 191 bucrint".
319 163 420 191 Docent
436 164 517 192 etiam
529 165 626 193 divinae
641 165 790 201 Scriptura:
805 165 948 194 Dominum
963 166 990 197 Α
1004 165 1038 201 μή

1037 173 1150 201 γσαντας.
1164 165 1232 192 Φασὶ
1243 164 1266 192 δ’
1280 165 1308 192 οἱ·
1320 163 1385 191 θεῖοι
1401 163 1473 198 λόγοι
1488 163 1533 190 τὸν
1549 162 1664 198 Κύριον,
1675 161 1728 200 ιὼς
1739 160 1791 197 πῦρ

168 218 177 235 ι
193 214 223 236 ιιι
247 209 336 245 ignem
363 209 515 238 conﬂatorii
533 216 561 238 et
575 212 688 240 herbam
716 212 848 240 fullonum
861 212 871 228 ⁸
885 221 894 238 ι
917 212 950 240 ad

164 263 212 283 eos
251 263 426 285 accessurum
449 265 528 291 esse,
556 259 602 294 qui
640 264 751 293 propter
778 258 950 286 commistam

164 303 311 336 quamdam
328 310 364 331 ex
376 304 481 332 malitia
506 305 649 331 materiam
673 305 734 339 igne
751 304 881 339 indigent,
896 311 951 339 quo

165 347 210 375 illa
223 348 299 382 aeris,
315 349 405 376 stanni
421 349 578 384 plumbique
597 349 739 383 permistio
760 350 837 384 quasi
853 349 951 377 contie-

164 396 218 419 tur.
235 391 292 421 Hoc
304 393 376 421 idem
392 394 484 421 videre
496 400 538 422 est
558 395 628 429 apud
642 395 821 427 Ezechielem,
848 394 871 422 si
890 394 951 430 quis

165 437 269 464 discere
294 438 447 467 voluerit’.
486 438 575 466 Testis
603 447 711 474 quoque
739 441 791 467 erit
818 439 950 474 propheta

164 482 250 511 lsaias
266 488 387 511 nostram
403 492 458 512 non
472 492 530 512 eSSe
546 486 719 518 sententiam,
739 485 823 513 Deum
851 491 880 513 ut
905 493 951 513 co-

163 538 248 565 quum
273 530 376 559 inferre
391 531 491 566 ignem,
510 533 556 560 sed
573 538 602 559 ut
617 533 643 559 in
664 539 710 560 eos
729 532 890 566 beneﬁcum,
904 531 951 567 qui

164 576 263 604 labore
273 581 299 604 et
316 577 382 613 igne
396 585 463 612 opus
480 578 592 605 habent.
610 578 659 606 Sic
678 578 751 605 enim
775 579 846 613 apud
875 577 950 605 illum

162 630 232 657 gens
246 623 523 658 quaedamjpeccatrix
536 624 671 651 admonita
691 624 792 651 dicitur
807 634 813 652 :
832 634 841 649 ι
861 623 950 651 llabes

165 668 300 696 carbones
311 668 398 704 ignis,
412 670 476 696 sede
491 676 572 704 super
584 677 646 703 eos;
663 669 689 697 hi
708 670 754 697 libi
775 673 856 696 erunt
874 668 951 695 auxi-

165 712 203 740 lio
216 713 250 741 ¹⁰.
269 722 279 739 ›
296 713 334 741 Ita
354 713 495 749 Scriptura
510 715 590 748 vulgo
607 715 739 742 lectorum
762 714 951 742 convenientia

164 757 297 791 tribuens,
309 758 398 786 tristia
415 759 587 786 obscuritate
601 759 738 794 sapienter
763 759 885 790 involvit,
897 765 952 793 quo

164 807 298 832 terrorem
313 803 346 831 iis
358 803 473 832 incutiat
500 805 574 838 quia
598 805 708 840 profusa
723 805 850 840 peccandi
868 804 951 832 licen-

1005 210 1187 247 χωνευτηρίου
1201 211 1248 237 κα).
1262 211 1300 242 ὡς
1311 211 1379 237 πόαν
1394 209 1562 240 πλυνόντων,
1579 218 1589 234 ι
1615 206 1725 242 ἑκάστῳ
1741 207 1792 233 τῶν

1004 257 1139 292 δεομένων
1167 257 1360 292 ὲπιδημήσειν,.
1383 255 1427 282 διὰ
1448 255 1478 282 τδ
1504 253 1691 289 ἀναμεμίχθαι
1715 253 1793 279 οἱονεὶ

1005 303 1111 339 φαύλην
1121 303 1203 338 χυτὴν
1215 303 1280 338 ὓλην
1295 302 1344 338 τὴν
1360 302 1413 329 ἀπὸ
1426 302 1476 336 τῆς
1491 301 1601 331 κακίας,
1612 299 1748 334 δεομένων
1765 298 1791 324 δὲ

1005 348 1075 383 λέγω
1086 349 1141 384 (51)
1157 349 1259 384 πυρὸς,
1277 349 1357 375 elevat
1372 347 1534 383 χωνεύοντος
1555 347 1618 377 τοὺς
1640 345 1793 379 ἀναμεμιγ-

1007 395 1103 430 μένους
1117 394 1226 429 χαλκῷ,
1241 395 1288 421 καὶ
1315 393 1478 428 κασσιτέρῳ,
1511 392 1557 418 καὶ
1587 390 1713 426 μολίϐδῳ.
1739 389 1792 416 Καὶ

1005 440 1090 466 ταῦτα
1103 440 1148 467 τὸν
1165 440 1323 475 βουλόμενόν
1339 440 1412 466 ἐστιν
1423 438 1477 465 ἀπὸ
1490 437 1537 464 τοῦ
1553 437 1695 472 προφήτου
1715 435 1791 466 Ἰεζε-

1005 485 1067 521 κιὴλ
1083 485 1187 521 μαθεῖν.
1213 486 1273 512 Ὅτι
1291 485 1319 512 δὲ
1339 484 1412 520 (52),
1425 485 1475 520 οὐχ
1489 484 1527 516 ὡς
1544 483 1685 519 μάγειρον,
1702 481 1790 516 φαμὲν

1004 531 1035 558 τὸ
1050 531 1106 566 πῦρ
1123 531 1263 567 ἐπιφέρειν
1282 531 1328 557 τὸν
1342 530 1418 562 Θεὸν,
1434 530 1491 557 ἀλλ’
1509 530 1546 561 ὡς
1558 529 1624 555 Θεὸν
1644 527 1790 563 εὐεργέτην

1004 577 1058 604 τῶν
1072 578 1227 613 χρῃζόντων
1244 577 1325 604 πόνου
1339 577 1386 603 καὶ
1400 577 1497 612 πυρὸς,
1517 575 1687 611 μαρτυρήσει
1707 573 1755 600 καὶ
1777 573 1790 599 ὁ

1005 625 1149 659 προφήτης
1163 623 1286 655 Ἡσαΐας,
1298 623 1326 649 ὲν
1338 619 1360 656 ᾧ
1371 622 1525 657 γέγραπται
1538 620 1662 655 λελέχθαι
1678 619 1747 655 πρός
1765 626 1790 644 τι

1005 670 1080 701 ἔθνος
1094 669 1265 705 ἁμαρτωλὸν,
1279 669 1319 695 ’ότι
1338 669 1446 703 ιἜχεις
1459 667 1595 702 ἄνθρακας
1607 665 1704 701 πυρὸς,
1717 664 1791 692 καθί-

1007 723 1053 741 σαι
1068 715 1111 740 ἐπ’
1130 714 1231 745 αὐτοῖς·
1249 711 1320 740 οὗτοι
1342 712 1447 739 ἔσονταί
1460 721 1500 738 σοι
1511 711 1633 746 βοήθεια.
1647 719 1658 736 ι
1682 710 1792 737 Οἰκονο-

1008 760 1140 796 μούμενος
1156 760 1178 786 δ’
1194 760 1208 785 ὁ
1220 759 1298 793 λόγος
1313 758 1485 795 ἁρμοζόντως
1497 757 1551 791 (55)
1560 757 1693 792 πλήθεσιν
1704 756 1794 782 ἐντευο

1007 805 1129 841 ξομένοις
1143 807 1175 841 τῇ
1199 805 1304 840 Γραφῇ,
1331 803 1576 838 ἐπικεκρυμμένως
1600 801 1671 838 μετὰ
1698 801 1792 835 σοφίας

163 847 202 876 tia
218 853 356 883 nequeunt
366 848 445 876 aliter
459 849 576 876 avocari.
595 849 660 882 Quae
683 855 772 877 tamen
801 849 953 877 obscuritas
968 843 990 871 Β
1003 850 1038 877 Aa"

1037 860 1076 885 γει
1090 851 1124 878 τὸ,
1149 850 1299 886 σκυθρωπὰ
1318 850 1358 880 εἰς
1381 849 1461 883 φόϐον
1485 848 1540 874 τῶν
1569 847 1606 882 μὴ
1635 846 1794 881 δυναμένων

165 901 197 921 ea
218 901 272 922 non
295 897 349 928 est,
366 894 444 930 quin,
459 895 504 929 qui
530 895 626 922 sedulo
637 895 821 930 perpendcrit,
835 894 915 922 facile
929 895 953 923 is

165 939 309 976 intelligat,
321 947 375 975 quo
395 940 450 968 fine
476 940 607 968 molestiis
630 945 657 968 et
677 941 815 969 laboribus
829 941 953 969 homines

164 985 231 1012 ntali
256 986 396 1014 crueiandi
410 986 477 1014 sint.
501 986 591 1020 Quare
605 988 631 1014 in
648 987 791 1022 prmsentia
811 987 877 1014 satis
892 987 952 1014 fue-

162 1031 202 1059 rit
226 1032 280 1059 huc
300 1031 436 1060 adducere
459 1032 524 1060 illud
552 1033 652 1061 Isaiae:
682 1041 692 1058 ι
708 1033 821 1068 Propter
854 1040 952 1060 nomen

165 1084 256 1105 meum
268 1078 408 1106 ostendam
422 1077 468 1105 tibi
486 1078 604 1106 l‘urorem
617 1083 750 1110 meutn,et
762 1078 880 1113 gloriosa
892 1085 951 1105 mea

165 1123 292 1151 inducant
305 1123 332 1151 in
345 1127 381 1156 te,
400 1130 433 1150 ne
449 1125 560 1158 perdam
583 1123 666 1159 589
682 1129 708 1151 te
719 1124 750 1150 η.
769 1134 777 1149 ι
790 1124 879 1159 Atque
895 1124 953 1151 hazc

164 1169 256 1196 minus
264 1169 467 1197 accommodata
482 1168 629 1203 simplicius
641 1169 816 1196 credentibus
830 1169 952 1204 adeoque

165 1213 329 1248 simpliciori
359 1214 465 1242 ratione
487 1215 644 1242 erudiendis
667 1214 841 1241 subindicarc
863 1214 951 1242 coacti

165 1266 272 1292 sumus,
289 1262 318 1286 ut
330 1266 365 1286 ne
381 1259 545 1293 incastigata
559 1259 648 1286 abiret
668 1260 726 1286 haec
738 1258 809 1286 Celsi
824 1258 953 1286 crimina-

166 1304 206 1331 tio
232 1313 239 1332 :
271 1312 280 1330 ι
310 1303 454 1340 Postquam
491 1303 561 1332 Deus
588 1303 679 1340 ignem
708 1303 830 1338 injcccrit
858 1307 887 1330 ut
907 1310 954 1331 co-

167 1357 248 1384 quus.
266 1359 279 1377 ι

203 1442 248 1471 16.
264 1441 305 1469 Ex
324 1441 406 1470 dictis
427 1445 502 1477 patet
526 1440 792 1476 intclligentioribus,
818 1439 954 1476 quomodo

165 1487 344 1515 refellendum
374 1487 411 1515 sit
432 1492 460 1515 et
486 1488 584 1515 istud:
607 1496 616 1513 ι
636 1487 704 1514 Tum
721 1491 819 1514 cmtera
845 1486 953 1521 quidem

165 1536 266 1560 tostum
280 1532 323 1565 iri,
337 1532 385 1560 sed
396 1539 425 1560 se
437 1533 510 1560 solos
525 1540 655 1560 evasuros
684 1532 846 1559 incolumes.
864 1540 874 1557 ι
897 1530 952 1559 Nec

165 1578 265 1605 mirum
280 1578 306 1604 in
319 1577 371 1605 hac
384 1578 511 1612 opinione
523 1577 627 1604 versari
641 1585 687 1605 eos
706 1584 721 1604 e
742 1577 854 1610 nostris,
883 1584 952 1612 quos

167 1621 305 1656 appellant
319 1621 465 1656 Scriptura:
486 1631 495 1648 ι
513 1621 594 1649 stulta
614 1622 717 1655 mundi,
733 1622 869 1656 ignobilia,
885 1629 953 1649 con-

169 1666 341 1700 temptibilia,
359 1671 387 1694 et
407 1673 440 1693 ea
455 1674 515 1701 qua:
541 1674 593 1693 non
616 1671 680 1693 sunt
695 1667 728 1693 η.
741 1676 750 1693 ι
762 1666 866 1701 Quippe
881 1676 891 1692 ‹
905 1673 954 1702 per

167 1711 312 1739 stultitiam
328 1712 533 1747 praedicationis
549 1712 652 1747 placuit
676 1712 732 1740 Deo
750 1713 840 1741 salvos
863 1713 954 1742 facere

167 1758 310 1785 credentes
327 1758 389 1792 ipsi,
401 1759 464 1793 quia
482 1758 508 1785 in
521 1758 567 1785 Dei
583 1758 717 1793 sapientia
743 1767 796 1786 non
826 1760 954 1796 cognovit

170 1802 287 1830 mundus
311 1810 360 1838 per
381 1804 544 1838 sapientiam
571 1804 656 1832 Deum
672 1805 704 1832 ”.
723 1813 732 1830 ι
748 1805 787 1833 illi
807 1806 879 1833 enim
900 1815 953 1835 non

167 1853 281 1883 possunt
293 1849 400 1885 singula
417 1850 475 1877 loca
486 1851 663 1885 perscrutari,
689 1859 739 1879 nec
760 1852 955 1887 investigandis

168 1894 320 1929 Scripturis
333 1895 492 1922 incumbere
508 1895 612 1928 volunt,
627 1897 751 1929 quamvis
766 1896 845 1925 Jesus
859 1906 868 1923 ι
881 1905 957 1925 scru-

169 1941 220 1968 tari
241 1941 398 1976 Scripturas
424 1941 447 1957 “
473 1950 483 1968 ›
512 1942 633 1973 inusserit.
660 1942 729 1970 Hinc
751 1948 803 1977 est,
827 1944 898 1979 quod
916 1944 956 1972 sic

168 1988 306 2016 senserint
320 1989 353 2016 de
370 1987 436 2027 igne
448 1994 528 2023 quem
541 1989 612 2015 Deus
629 1987 722 2022 infert,
746 1994 773 2017 et
795 1990 828 2017 de
842 1990 875 2017 iis
897 1997 957 2024 qua!

169 2033 360 2068 peccatoribus
371 2038 502 2061 eventura
521 2038 595 2061 sunt.
614 2033 687 2061 Fieri
709 2039 798 2062 tamen
814 2039 911 2070 potest,
928 2039 958 2062 ut

169 2078 396 2114 quemadmodum
426 2078 543 2113 pueriles
559 2079 664 2106 animos
690 2080 724 2106 ad
756 2080 870 2108 meliora
897 2088 958 2116 pro-

169 2124 270 2152 vehere
291 2123 391 2150 volenti
412 2124 548 2158 convenit,
567 2129 596 2152 ut
613 2126 647 2153 ad
669 2133 763 2154 eorum
791 2134 822 2154 se
851 2133 958 2153 mensu-

169 2177 230 2197 ram
241 2169 399 2202 submittat;
418 2169 453 2196 ita
469 2169 513 2201 iis,
525 2178 595 2204 quos
611 2172 753 2199 nominaut
768 2171 919 2206 Scripturae
933 2172 955 2188 ¹³

170 2215 270 2243 stultos
294 2214 399 2247 mundi,
427 2214 560 2249 ignobiles
587 2217 871 2252 contemptibilcsque,
891 2226 957 2246 con-

170 2261 282 2290 veniens
296 2258 379 2288 fuerit
401 2261 479 2289 obvia
492 2262 547 2289 haec
562 2263 837 2297 pmnasintelligcndi
868 2263 956 2298 ratio;

169 2309 265 2340 utpote
281 2305 328 2340 qui
340 2314 393 2334 non
406 2306 485 2334 aliter
501 2314 581 2341 quam
598 2312 702 2335 terrore
717 2312 744 2334 et
761 2300 957 2342 suppliciorum

170 2351 336 2386 cogitatione
352 2352 474 2380 converti
500 2357 527 2380 et
548 2359 562 2378 a
581 2353 654 2380 vitiis
681 2353 804 2380 revocari
833 2359 957 2388 possunt.

171 2396 227 2425 Hoc
243 2397 325 2433 igitur
339 2397 481 2433 Scriptura
502 2398 650 2433 signiﬁcat,
670 2399 716 2432 qui
740 2399 892 2427 doctrinam
922 2400 960 2427 in-

171 2448 337 2478 corruptam,
350 2444 470 2478 integros
485 2451 587 2475 mores,
607 2448 725 2471 mentem
737 2444 846 2472 omnino
864 2453 957 2480 puram

205 2511 238 2541 "l
257 2513 321 2541 Cor.
341 2522 381 2546 ιιι,
397 2513 440 2540 12.
495 2513 505 2529 ⁸
519 2513 581 2540 Mal.
595 2521 636 2545 ιιι,
649 2514 676 2540 2.

173 2547 195 2564 ¹¹
219 2549 227 2575 Ι
251 2548 316 2577 Cor.
334 2556 354 2580 ι,
370 2549 416 2580 27,
430 2547 477 2574 28.

208 2592 434 2627 (51)Δεομέγων
452 2591 486 2618 δὲ
498 2592 586 2627 λέγω.
600 2592 639 2619 Ita
661 2593 760 2620 habent
772 2593 850 2620 codd.
865 2593 966 2627 Regius

173 2631 202 2664 et
219 2627 391 2664 Basileensis.
412 2627 582 2664 limschelius
594 2632 699 2660 autem,
708 2628 828 2664 δεομένῳ
841 2628 869 2655 δὲ
881 2628 962 2664 λόγῳ.

174 2662 336 2697 Spencerus,
351 2662 482 2697 δεομένην
497 2661 526 2687 δὲ
541 2661 622 2697 λόγῳ.

209 2696 266 2730 (52)
283 2697 361 2725 Libb.
377 2696 445 2724 editi
461 2696 494 2724 ad
506 2696 678 2728 οιοιιιίοῦτω
693 2697 731 2725 δέ.

212 2731 268 2766 (55)
283 2731 320 2768 ita
338 2732 417 2768 codd.
434 2732 534 2766 Regius
551 2737 577 2758 et
598 2732 771 2766 Basilcensis,
795 2739 821 2760 at
845 2733 964 2768 Spence-

177 2774 234 2802 rus,
248 2767 266 2802 ό
286 2766 365 2800 λόγος
384 2767 550 2802 ἁρμόζοντα,
566 2775 619 2793 non
650 2768 736 2800 male;
767 2766 883 2802 pessime
900 2776 964 2796 vero

177 2799 346 2837 Hui-feltelius
360 2802 385 2827 in
401 2799 488 2837 i'eattu,
507 2801 574 2833 ὅλως
591 2801 755 2837 ἁρμόζοντα.

214 2834 268 2868 (fit)
285 2834 360 2862 Libb.
379 2835 442 2863 editi
459 2837 493 2864 ad
507 2844 593 2870 oram,
608 2834 774 2872 συγχύσεως.

742 2515 756 2553 _’_
771 2513 850 2553 Ezcc.
864 2523 939 2553 xxii,
955 2513 1115 2553 l8,__l‘._\,’_20.
1167 2513 1204 2553 ἐς
1219 2513 1301 2553 Isaia

533 2547 554 2563 ¹³
576 2549 641 2576 Ibid.
654 2549 700 2576 Ἡ.
740 2549 761 2565 ίδ
775 2549 853 2577 Joan.
868 2558 894 2582 v,
909 2550 954 2578 39.
994 2551 1016 2566 ¹⁵
1030 2548 1112 2584 ιιϐοΓ.
1130 2555 1150 2580 t,
1167 2546 1212 2577 27.
1224 2545 1269 2573 ‘18-

1003 896 1091 928 ἇλλως
1106 895 1278 931 ἐπιστρέψειν
1292 894 1347 921 ἀπὺ
1360 895 1411 930 τῆς
1427 894 1532 929 χύσεως
1547 893 1600 928 (5i)
1624 892 1679 919 τῶν
1705 893 1795 927 ἁμαρ-

1002 942 1132 978 τημάτων
1144 950 1150 957 ·
1166 941 1235 977 πλὴν
1247 941 1295 968 καὶ
1309 940 1394 972 οὕτως
1405 941 1420 966 ὁ
1433 939 1524 975 τηρῶν
1535 939 1646 974 εὑρήσει
1661 938 1793 973 ἐμφαινό-

1004 995 1084 1023 μενον
1101 986 1131 1013 τὺ
1147 986 1201 1012 ἀπὺ
1215 985 1269 1012 τῶν
1287 985 1455 1021 σκυθρωπῶν
1473 984 1521 1011 καὶ
1535 985 1675 1010 ἐπιπόνων
1694 983 1794 1017 ἐπαγό-

1004 1041 1083 1069 μενον
1094 1033 1152 1063 τοῖς
1167 1031 1278 1066 ἁλγοῦσι.
1290 1031 1376 1062 τέλος.
1394 1031 1486 1066 Ἀρκεῖ
1501 1030 1524 1056 δ’
1539 1030 1586 1057 ἐπὶ
1600 1029 1646 1056 τοῦ
1660 1030 1794 1064 παρόντος

1003 1077 1172 1114 παραθέσθαι
1189 1077 1242 1104 ἀπὸ
1256 1076 1303 1103 τοῦ
1327 1076 1436 1104 Ἡσαΐου
1453 1077 1498 1108 τὸ,
1512 1075 1642 1102 «Ἕνεκεν
1663 1074 1712 1101 τοῦ
1728 1073 1793 1109 ἐμοῦ

1002 1124 1134 1160 ὀνόματος
1151 1123 1229 1156 δείξω
1245 1131 1286 1148 σοι
1306 1121 1389 1157 θυμόν
1411 1130 1473 1156 μου,
1493 1120 1540 1148 καὶ
1563 1120 1598 1146 τὰ
1621 1120 1718 1152 ἔνδοξα
1745 1127 1793 1154 μου

1005 1170 1097 1204 ἐπάξω
1109 1170 1155 1196 ἐπὶ
1171 1169 1209 1201 σὲ,
1225 1169 1269 1195 ἵνα
1285 1168 1322 1204 μὴ
1341 1166 1526 1202 ὲξολοθρεύσω
1555 1175 1595 1192 σε.
1617 1176 1626 1192 ι
1656 1163 1794 1198 Ἦναγκά-

1006 1217 1108 1251 σθημεν
1118 1216 1149 1250 δὴ
1157 1215 1189 1242 τὰ
1207 1215 1244 1250 μὴ
1257 1213 1410 1250 ἁρμόζοντα
1420 1214 1477 1244 τοῖς
1487 1212 1674 1246 ἁπλούστερον
1688 1209 1795 1236 πιστεὼ

1002 1271 1061 1290 auat
1075 1262 1122 1288 καὶ
1131 1261 1266 1297 δεομένοις
1276 1261 1325 1295 τῆς
1335 1259 1522 1295 ἁπλουστέρας
1534 1259 1563 1285 ὲν
1577 1258 1670 1291 λόγοις
1698 1258 1794 1283 οἰκονο-

1004 1308 1069 1344 μίας
1084 1306 1235 1340 αἰνίξασθαι
1252 1305 1317 1341 (55),
1334 1306 1377 1332 ἵνα
1392 1305 1429 1341 μὴ
1455 1305 1579 1337 δοκῶμεν
1601 1303 1799 1336 ἀνεξέλεγκτον

1004 1354 1052 1389 ὲᾷν
1066 1353 1115 1388 τὴν
1128 1352 1174 1379 τοῦ
1186 1352 1291 1379 Κέλσου
1314 1351 1493 1387 κατηγορίαν,
1514 1350 1640 1384 λέγοντος
1652 1358 1661 1364 ⁸
1683 1359 1692 1375 ε
1706 1349 1796 1375 Ἐπει-

1003 1399 1050 1426 δὰν
1064 1400 1078 1426 ό
1097 1399 1161 1430 Θεὸς
1176 1399 1269 1433 ὥσπερ
1286 1397 1416 1433 μάγειρος
1429 1397 1565 1433 ἐπενέγκῃ
1580 1396 1612 1422 τὸ
1625 1395 1712 1430 πῦρ.»

1046 1445 1092 1471 Ἐκ
1104 1444 1131 1470 δὲ
1147 1443 1201 1470 τῶν
1221 1443 1372 1479 εἰρημένων
1388 1443 1445 1474 τοῖς
1468 1441 1650 1477 συνετώτερον
1666 1440 1796 1468 ἀκούουσι

1004 1491 1093 1527 δῆλον,
1110 1490 1169 1522 πῶς
1184 1489 1352 1525 ἀπαντητέον
1369 1488 1416 1515 καὶ
1433 1488 1501 1524 πρὸς
1517 1490 1564 1520 τὺ,
1578 1497 1588 1513 ι
1605 1487 1642 1514 Τὸ
1664 1487 1715 1522 μὲν
1735 1486 1797 1514 ἄλλο

1004 1537 1057 1563 πᾶν
1074 1534 1306 1570 ὲξοπτηθήσεσθαι
1321 1534 1408 1568 γένος,
1420 1533 1520 1564 αὐτοὺς
1535 1533 1564 1558 δὲ
1585 1532 1685 1568 μόνους
1702 1531 1796 1566 διαμε-

1004 1583 1069 1610 νεῖν.
1089 1591 1097 1607 ι
1116 1582 1153 1608 Οὐ
1171 1580 1325 1616 θαυμαστὸν
1336 1579 1369 1612 δ’,
1385 1579 1409 1606 εί
1424 1578 1513 1606 ταῦτα
1529 1578 1585 1614 (56)
1598 1578 1714 1613 νενόηκε
1724 1578 1758 1604 τὰ
1769 1578 1796 1604 ἐν

1005 1627 1070 1662 ἡμῖν
1087 1626 1139 1652 ὑπὸ
1150 1625 1197 1652 τοῦ
1214 1625 1291 1660 λόγου
1306 1634 1315 1651 ι
1333 1625 1412 1660 μωρὰ
1422 1623 1469 1651 τοῦ
1483 1624 1583 1659 κόσμου
1596 1623 1796 1658 ὀνομαζόμενα,

1006 1672 1052 1699 καὶ
1068 1671 1177 1706 ἀγεννῆ,
1195 1671 1243 1698 καὶ
1261 1670 1470 1706 ὲξουδενημένα,
1493 1671 1541 1696 καὶ
1561 1669 1598 1704 μὴ
1618 1669 1696 1696 ὄντα·
1721 1679 1731 1694 ι
1751 1669 1797 1696 ἆτε

1005 1716 1050 1744 διὰ
1063 1716 1112 1751 τῆς
1133 1716 1238 1751 μωρίας
1258 1715 1306 1741 τοῦ
1330 1714 1507 1750 κηρύγματος
1528 1713 1678 1748 εὐδόκησεν
1697 1714 1712 1739 ό
1733 1713 1798 1744 Θεὸς

1008 1761 1094 1788 σῶσαι
1110 1761 1174 1792 τοὺς
1191 1759 1367 1790 πιστεύοντας
1384 1758 1469 1794 αὐτῷ,
1492 1758 1553 1785 ἐπεὶ
1570 1758 1607 1793 μὴ
1621 1758 1650 1784 ὲν
1663 1759 1698 1793 τῇ
1720 1757 1800 1793 σοφίᾳ

1007 1807 1053 1834 τοῦ
1070 1806 1137 1833 Θεοῦ
1152 1806 1221 1840 ἔγνω
1237 1806 1251 1830 ὁ
1264 1805 1364 1840 κόσμος
1375 1805 1420 1831 διὰ
1434 1805 1485 1839 τῆς
1506 1803 1600 1838 σοφίας
1611 1803 1658 1830 τὸν
1672 1803 1753 1829 Θεόν·
1770 1803 1799 1830 οὗ

1006 1854 1142 1889 δυνάμενα
1156 1851 1320 1887 διαρθρῶσαι
1335 1850 1370 1876 τὰ
1386 1850 1456 1876 κατὰ
1469 1851 1531 1881 τοὺς
1540 1850 1650 1881 τόπους,
1665 1849 1729 1875 οὐδὲ
1742 1849 1801 1884 βου-

1007 1899 1123 1935 ληθέντα
1140 1898 1268 1933 σχολάσαι
1292 1897 1325 1932 τῇ
1349 1895 1448 1930 ἐρεύνῃ
1470 1895 1520 1929 τῆς
1532 1895 1656 1930 Γραφῆς,
1678 1894 1802 1927 καίτοιγε

1007 1944 1055 1971 τοῦ
1077 1943 1165 1980 ’1ησοῦ
1180 1943 1314 1977 λέγοντος,
1329 1951 1339 1968 ‹
1352 1942 1494 1976 Ἐρευνᾶτε
1507 1941 1557 1972 τὰς
1572 1941 1698 1976 Γραφάς.
1725 1951 1734 1966 ›
1749 1941 1802 1967 Καὶ

1007 1990 1119 2017 τοιαῦτα
1139 1989 1271 2024 ὑπείληφε
1297 1988 1361 2023 περὶ
1379 1986 1426 2013 τοῦ
1445 1986 1613 2021 ἐπαγομένου
1638 1986 1729 2022 πυρὸς
1753 1986 1803 2013 ὑπο

1008 2035 1055 2062 τοῦ
1067 2034 1134 2061 Θεοῦ
1152 2035 1200 2061 καὶ.
1215 2033 1346 2070 περὶτῶν
1368 2025 1581 2068 συμϐησομένων
1598 2033 1657 2063 τοῖς
1675 2032 1802 2067 ἁμαρτή-

1010 2090 1073 2108 σασι
1088 2081 1154 2117 (57).
1170 2081 1225 2107 Καὶ
1240 2081 1310 2115 τάχα
1324 2079 1418 2114 ὥσπερ
1435 2080 1491 2110 τοῖς
1507 2078 1600 2104 παισὶν
1614 2078 1735 2113 ἁρμόζει
1745 2079 1804 2104 τινὰ

1009 2125 1135 2160 λέγεσθαι
1154 2124 1309 2160 κατάλληλα
1331 2125 1364 2159 τῇ
1394 2124 1538 2158 νηπιότητι
1559 2122 1652 2149 αὐτῶν
1670 2123 1743 2158 πρὸς
1765 2122 1803 2152 τὸ,

970 2184 997 2214 D
1011 2173 1048 2203 ὡς
1072 2171 1169 2202 παῖδας
1189 2169 1288 2205 κομιδῆ
1311 2169 1435 2204 νηπίους,
1451 2167 1624 2202 ἐπιστρέφειν
1642 2168 1747 2199 αὐτοὺς
1762 2168 1805 2194 ἐπὶ

1009 2217 1041 2243 τὸ
1058 2216 1169 2251 βέλτιον·
1185 2215 1272 2246 οὕτως
1286 2212 1325 2246 οἷς
1341 2213 1484 2248 ὠνόμασεν
1500 2213 1515 2239 ὁ
1535 2212 1614 2245 λόγος
1637 2214 1746 2248 μωροῖς
1760 2211 1805 2238 τοῦ

1012 2263 1115 2298 κόσμου
1137 2261 1183 2288 καὶ
1201 2260 1326 2295 ἀγεννέσι
1342 2259 1387 2286 καὶ
1402 2259 1637 2293 ἐξουδενωμένοις,
1655 2260 1673 2294 ὴ
1695 2259 1806 2294 πρόχει-

1014 2317 1060 2345 ρος
1074 2307 1189 2343 ἁρμόζει
1207 2306 1271 2341 περὶ
1283 2305 1337 2332 τῶν
1350 2304 1487 2332 κολάσεων
1499 2304 1607 2339 ἐκδοχὴ,
1621 2305 1653 2330 οὐ
1672 2304 1807 2340 χωροῦσιν

1012 2354 1123 2390 ἄλληνῆ
1139 2354 1187 2389 τὴν
1203 2352 1247 2379 διὰ
1258 2351 1340 2386 φόϐου
1357 2352 1403 2377 καὶ
1419 2350 1568 2385 φαντασίας
1587 2350 1644 2376 τῶν
1667 2350 1808 2377 κολάσεων

1013 2401 1189 2435 ἐπιστροφὴν,
1209 2399 1255 2425 καί¹
1271 2397 1326 2424 τῶν
1340 2396 1444 2423 πολλῶν
1465 2395 1558 2422 κακῶν
1574 2396 1694 2431 ἀποχήν.
1722 2396 1753 2422 '0
1771 2395 1808 2420 λό-

1012 2456 1060 2481 γος
1075 2444 1120 2473 οὖν
1141 2446 1238 2481 μόνους
1260 2445 1309 2480 μὲν
1332 2442 1480 2477 ἀγεύστους
1502 2441 1548 2468 τοῦ
1569 2441 1657 2476 πυρὸς
1681 2441 1733 2467 καὶ
1756 2440 1809 2466 τῶν

1182 2511 1204 2527 ⁸⁸
1219 2510 1379 2542 lsai._vatt,
1393 2509 1437 2542 14,
1454 2508 1498 2536 15.
1562 2507 1583 2523 ¹³
1596 2507 1650 2533 lsa.
1668 2514 1766 2539 xum,
1783 2506 1807 2532 9.

1051 2592 1107 2629 (55)
1129 2591 1233 2629 Coddu
1246 2589 1363 2629 Regius,
1391 2588 1555 2629 Basilcensis
1575 2592 1606 2629 et
1625 2588 1683 2629 (luo
1696 2623 1703 2629 _
1715 2587 1807 2629 A_ngli-

1014 2623 1276 2659 οιιήὶ.ἀινίξασθαι.
1301 2624 1381 2652 Libb.
1409 2624 1532 2659 impressi
1548 2624 1575 2651 in
1593 2627 1671 2650 textu
1696 2623 1807 2654 habent,

1014 2662 1192 2694 ἐνδείξασθαι.

1049 2692 1106 2733 (56)
1121 2696 1205 2733 Ιιὶὺιῃ
1217 2695 1343 2730 impressi
1355 2695 1393 2733 ad
1406 2702 1492 2733 oram,
1507 2693 1632 2720 τοιαῦτα.
1647 2692 1808 2733 Paulo_post

1016 2728 1186 2759 Hdzsc'helius
1199 2732 1226 2758 in
1241 2728 1325 2761 textu.
1354 2729 1568 2765 ὲξουδενὼμενα,
1588 2734 1617 2755 et
1635 2735 1714 2760 mox,
1732 2728 1806 2765 iam

1013 2768 1057 2794 διὰ
1076 2767 1126 2807 τῆς
1145 2766 1270 2807 μωρίας,
1293 2762 1388 2807 εἰοψὶο
1396 2762 1497 2807 magna
1512 2772 1585 2806 pars'
1603 2762 1805 2797 manuscripto-

1012 2810 1083 2832 rum.
1101 2797 1170 2835 Quid
1188 2797 1210 2828 εἴ
1220 2797 1384 2834 legatur,ng
1394 2800 1438 2826 διὰ
1449 2797 1498 2834 τῆς
1514 2797 1629 2834 μωρίας.

1052 2837 1106 2873 (57)
1116 2834 1200 2864 ΠΜ).
1219 2836 1284 2864 editi
1302 2835 1328 2862 in
1346 2836 1478 2870 margine,
1492 2834 1686 2870 ἁμαρτήμασι.
