1877 3100
81 162 154 189 1203³)

666 160 806 188 CONTRA
823 159 961 188 CELSUM
978 159 1044 186 LIB.
1064 159 1096 185 V.

1637 161 1706 190 i206

79 217 219 245 κολάσεών
243 225 309 252 φησι
330 217 478 252 διαμενεῖν,
493 217 555 250 τοὺς
574 217 609 244 τὰ
627 217 749 253 δόγματα
769 218 817 244 καὶ
838 216 873 243 τὰ

959 216 1153 249 nservaverint,
1180 223 1226 243 eos
1251 216 1284 243 ab
1310 218 1372 252 igne
1397 217 1542 252 pinnisque
1574 219 1707 248 immunes

79 262 135 298 ἡθη
151 261 199 288 καὶ
220 261 251 287 τὸ
267 262 428 297 ἡγεμονικὸν
449 263 542 297 ἄκρως
562 262 792 298 κεκαθαρμένουςσ
809 262 872 294 τοὺς

78 307 109 333 δὲ
132 306 169 342 μὴ
182 306 320 338 τοιούτους
342 307 413 333 κατὰ
425 307 474 342 τὴν
491 306 569 340 ἀξίαν
587 306 737 343 χρῄζοντας
757 306 808 342 τῆς
829 306 873 333 διὰ

79 353 169 389 πυρὸς
184 353 322 385 κολάσεως
341 353 498 388 οἰκονομίας
519 353 549 380 ἐν
568 353 673 384 τούτοις
696 352 743 379 ἐπί
759 361 811 379 τινι
833 353 873 379 τέ-

77 399 122 426 λει
143 399 199 435 (58)
224 400 307 434 φησιν
325 399 428 432 έσεθαι,
449 399 464 426 ὃ
484 399 524 435 τῷ
544 399 603 435 Θεῷ
618 399 733 435 ἁρμόζει
759 400 873 433 ἐπάγειν

76 447 137 477 τοῖς
153 446 214 472 κατε
229 445 322 473 είκόνα
340 445 422 473 αὑτοῦ
446 445 650 481 πεποιημένοις,
672 446 719 472 καὶ
746 444 823 481 παρὰ
841 444 873 470 τὸ

80 491 208 527 βούλημα
230 491 281 526 τῆς
302 491 362 518 κατ’
389 491 482 518 εἰκόνα
507 491 614 525 φύσεως
641 491 794 527 βεϐιωκόσι.
817 490 874 517 Καὶ

78 537 170 565 ταῦτα
191 537 220 564 δὲ
245 537 314 573 πρὸς
333 537 377 570 τὸ,
396 546 405 563 ι
430 537 467 564 Ἰῗὸ
491 537 541 573 μὲν
559 537 624 564 ἄλλο
647 537 701 564 πᾶν
719 535 872 572 temnes-

78 582 177 609 σεσθαι
192 582 280 616 γένος,
293 582 391 615 αὐτοὺς
401 582 430 610 δὲ
445 582 541 617 μόνους
555 581 700 617 διαμενεῖν.
719 590 729 608 ι

116 626 184 654 Εἶτα
206 627 312 660 τούτοις
330 627 405 662 ἑξῆς,
431 627 608 663 παρακούσας
626 628 687 663 ἦτοι
709 627 765 654 τῶν
791 626 873 663 ἱερῶν

76 672 254 708 γραμμάτων
274 672 291 707 ἢ
314 672 369 700 τῶν
387 672 424 708 μὴ
443 672 610 708 νενοηκότων
635 672 671 699 τὰ
697 671 759 708 ἱερὰ
780 673 872 708 γράμ-

78 727 167 753 ματα,
192 717 285 753 φησὶν,
301 727 322 744 -ι
348 717 392 753 ὑφ’
413 717 493 754 ἡμῶν
509 718 635 753 λέγεσθαι
660 718 757 754 μόνους
774 718 872 753 διαμε-

75 772 137 790 νειν
152 763 223 791 κατὰ
233 763 279 790 τὸν
292 763 388 800 καιρὸν
405 763 453 791 τοῦ
472 763 694 799 ὲπαχθησομένου
717 762 757 798 τῷ
777 762 873 798 κόσμῳ

75 809 125 835 διὰ
145 808 230 844 πυρὸς
248 808 412 845 καθαρσίου,
438 809 468 835 οὐ
493 809 572 844 μόνον
587 809 651 841 τοὺς
675 807 779 841 ζῶντας
793 808 871 841 τότε,

75 854 149 881 ἀλλά
164 855 212 882 καὶ
232 854 297 887 τοὺς
315 854 399 882 πάλαι
418 854 484 882 ποτὲ
503 854 696 886 ἀποθανόντας.
719 863 728 880 ι
745 853 794 889 οὐχ
806 853 873 880 ὑπο-

75 899 172 927 λαῦὼν
195 900 264 935 μετά
285 908 356 932 τινος
378 899 534 936 ἀπορρήτου
552 899 608 935 (59)
630 899 727 934 σοφίας
746 897 870 933 λελέχθαι

75 945 158 981 παρὰ
184 945 224 981 τῷ
252 945 405 981 Ἀποστόλῳ
424 945 472 972 τοῦ
501 944 589 981 Ἰησοῦ
609 945 650 978 τό,
675 954 685 971 ‹
711 944 748 971 Οὺ
771 944 871 976 πάντες

76 991 318 1027 κοιμηθησόμεθα,
336 991 437 1023 πάντες
452 991 480 1018 δὲ
496 990 705 1027 ἀλλαγησόμεθα
720 991 750 1018 ὲν
766 991 870 1027 ἀτόμῳ,

75 1037 110 1064 ἐν
128 1038 196 1072 ῥιπῇ
215 1037 365 1072 ὀφθαλμοῦ,
383 1038 413 1065 ὲν
430 1038 463 1072 τῇ
476 1036 579 1073 ἐσχάτῃ
602 1036 732 1071 σάλπιγγι
747 1036 871 1064 σαλπίσει

75 1081 146 1118 γὰρ,
163 1081 211 1108 καὶ
221 1082 246 1108 oi
262 1082 355 1118 νεκροὶ
367 1081 558 1118 ἐγερθήσονται
573 1081 716 1117 ἄφθαρτοι,
731 1080 779 1108 καὶ
791 1082 872 1117 ἡμεῖς

74 1126 300 1163 ἀλλαγησόμεθα.
328 1137 337 1153 ι
371 1127 470 1162 Ἐχρῆν
494 1127 517 1154 δ’
548 1127 630 1154 αὑτὸν
655 1126 820 1162 ἐπιστῆσαι,
845 1126 873 1153 τί

75 1174 181 1209 νοήσας
199 1173 213 1198 ὁ
224 1172 310 1207 λέγων
324 1172 419 1206 ταῦτα,
437 1172 476 1205 ὡς
493 1172 618 1208 οὐδαμῶς
632 1172 728 1209 νεκρὸς
748 1171 786 1199 ὢν
805 1172 872 1207 (60),

76 1219 204 1255 χωρίσας
215 1219 309 1246 ἑαυτὸν
325 1219 373 1247 ἀπ’
390 1219 512 1251 ἐκείνων,
526 1219 648 1251 καὶτοὺς
666 1218 873 1254 παραπλησίους

76 1264 181 1300 ἑαυτῷ,
195 1265 271 1300 έλεγε
287 1265 356 1301 μετὰ
371 1265 416 1299 τὸ,
431 1274 440 1291 ι
461 1265 515 1291 Καὶ
529 1265 554 1291 οἱ
571 1264 662 1300 νεκροὶ
678 1264 873 1300 ἐγερθήσονται

76 1311 225 1347 ἄφθαρτοι,
252 1311 300 1338 καὶ
328 1312 410 1346 ἡμεῖς
433 1310 650 1346 ἀλλαγησόμεθα.
679 1320 688 1336 ι
710 1311 758 1342 Εἰς
779 1310 807 1336 δὲ
830 1310 873 1345 βε-

77 1355 197 1383 ϐαίωσιν
207 1355 255 1382 τοῦ
270 1355 383 1382 τοιαῦτά
398 1364 459 1382 τινα
482 1355 626 1391 νενοηκότα
643 1355 690 1382 τὸν
710 1354 873 1381 ’Δπόστολον

78 1401 252 1437 γεγραφέναι
268 1401 286 1428 ὃ.
311 1401 470 1437 παρεθέμην
493 1402 526 1428 ὲκ
551 1401 602 1436 τῆς
622 1401 690 1436 πρὸς
713 1400 874 1436 Κορινθίους

78 1446 231 1482 προτέρας,
249 1446 445 1483 παραθήσομαι
462 1446 510 1473 καὶ
524 1446 560 1473 τὰ
573 1446 606 1473 ὲκ
617 1446 668 1481 τῆς
683 1446 752 1482 πρὸς
770 1446 873 1472 Θεσσα-

78 1492 198 1525 λονικεϊς
219 1492 364 1529 προτέρας,
383 1492 413 1519 ἐν
477 1500 558 1528 φησιν
575 1493 590 1518 ὁ
610 1491 724 1524 Παῦλος,
749 1492 787 1524 ὡς
807 1491 872 1524 ζῶν,

78 1539 130 1565 καὶ
158 1538 328 1574 ἐγρηγορὼς,
352 1539 399 1565 καὶ
421 1537 515 1573 ἕτερος
537 1537 574 1565 ὢν
597 1538 652 1564 τῶν
676 1537 873 1574 κοιμηθέντων,
889 1557 910 1587 C

77 1583 205 1611 τοιαῦτα·
225 1592 234 1609 ι
248 1582 334 1610 Τοῦτο
354 1582 408 1619 γὰρ
421 1583 487 1618 ὑμῖν
505 1583 619 1617 λέγομεν
635 1583 664 1609 ἐν
678 1582 750 1617 λόγῳ
759 1582 873 1618 Κυρίου,

78 1630 124 1657 ὅτι
138 1630 231 1665 ἡμεῖς,
245 1629 270 1656 οἱ
286 1629 398 1662 ζῶντες,
417 1629 442 1656 oi
461 1628 683 1665 περιλειπόμενοι
698 1630 737 1660 εἰς
752 1629 801 1664 τὴν
821 1637 875 1655 πα-

81 1676 196 1711 ρουσίαν
221 1674 270 1702 τοῦ
295 1675 410 1711 Κυρίου,
427 1675 458 1702 οὐ
476 1675 513 1711 μὴ
537 1674 684 1710 φθάσωμεν
699 1675 763 1706 τοὺς
778 1683 876 1710 κοιμη-

79 1722 191 1754 Θέντας·
204 1721 246 1748 ὅτι
260 1721 340 1753 αὐτὸς
356 1722 370 1748 ό
386 1721 488 1757 Κύριος
505 1721 533 1747 ὲν
554 1720 730 1756 κελεύσματι,
750 1721 780 1746 ἐν
798 1722 874 1756 φωνῇ

79 1767 267 1803 ἀρχαγγέλου,
282 1768 330 1794 καὶ
348 1767 377 1793 ὲν
391 1767 522 1801 σάλπιγγι
541 1766 608 1793 Θεοῦ
625 1767 809 1802 καταϐήσεται
826 1767 874 1794 ἀπ’

79 1812 211 1849 οὐρανοῦ.
231 1822 241 1838 ι
258 1810 323 1839 Εἶτα
339 1813 420 1839 πάλιν
437 1812 501 1848 ἑξῆς
526 1812 640 1845 τούτοις,
650 1812 745 1844 ἄλλους
759 1813 874 1840 ἐπιστά-

80 1867 167 1895 μενος
181 1859 244 1890 τοὺς
258 1859 287 1886 ὲν
299 1858 410 1894 Χριστῷ
424 1858 538 1894 νεκροὺς
552 1857 618 1893 παρ’
638 1859 733 1884 ἑαυτὸν
748 1858 795 1885 καὶ
811 1859 875 1890 τοὺς

79 1903 293 1940 παραπλησίους
307 1903 391 1939 αὐτῷ,
408 1903 533 1938 ἐπιφέρει
548 1903 644 1937 λέγων’
663 1913 671 1928 ι
692 1904 724 1930 Ol
740 1903 832 1938 νεκροὶ
846 1904 875 1930 ὲν

81 1948 198 1984 Χριστῷ
216 1949 413 1984 ἀναστήσονται
425 1948 542 1983 πρῶτον·
561 1947 656 1974 ἔπειτα
677 1949 756 1983 ἡμεῖς
769 1949 793 1975 οἰ
806 1949 875 1982 ζῶν-

923 261 998 295 fore;
1012 263 1108 291 horum
1121 269 1188 290 vero
1199 262 1356 298 dissimiles,
1369 269 1398 292 et
1417 264 1444 291 in
1457 271 1524 298 quos
1539 265 1609 300 ignis
1625 267 1707 294 casti-

922 308 1031 343 satione
1042 315 1091 343 pro
1106 309 1212 336 meritis
1227 309 1410 344 dispensanda
1438 311 1616 339 animadverti
1640 320 1708 348 opus

923 356 987 389 erit,
1005 362 1052 384 eos
1078 355 1167 390 poenis
1198 360 1274 383 certo
1299 357 1415 391 quodam
1442 358 1558 386 consilio
1580 358 1707 387 allectum

923 405 957 434 iri
973 413 1040 441 quas
1052 405 1136 433 Deum
1147 406 1227 434 decet
1240 406 1273 434 iis
1288 406 1420 442 inﬂigere,
1435 408 1480 441 qui
1492 408 1525 435 ad
1539 408 1625 442 ipsius
1639 408 1708 436 ima-

919 456 1006 483 ginem
1022 450 1083 476 t'acti
1099 453 1180 477 utam
1199 450 1375 479 traduxerunt
1386 456 1490 480 natura:
1504 453 1538 480 ad
1553 453 1696 489 imaginem

916 496 1013 519 creata:
1027 492 1137 520 minime
1150 498 1369 522 consentaneum.
1384 495 1472 530 Atque
1492 497 1550 526 haec
1568 499 1696 527 adversus

917 536 982 564 illud
1005 537 1096 565 Celsi:
1115 547 1125 564 ι
1141 537 1243 566 Caetera
1266 539 1375 574 quidem
1395 545 1494 569 tostum
1512 541 1558 576 iri,
1581 550 1611 571 se
1630 552 1696 572 vero

917 582 989 610 solos
1007 590 1134 612 evasuros
1150 584 1309 612 incolumes.
1326 595 1336 611 ι

958 628 1004 655 17.
1018 628 1095 661 Quod
1110 635 1203 663 postea
1219 629 1298 656 nobis
1324 629 1394 657 hanc
1421 630 1581 658 sententiam
1603 632 1708 664 tribuit,

923 680 978 708 quo
995 677 1115 708 tempore
1129 673 1244 701 mundus
1270 674 1332 708 igne
1355 675 1526 710 purgabitur,
1543 685 1553 701 ί
1571 684 1620 704 nos
1635 677 1709 704 solos

923 717 1075 745 incolumes
1088 725 1295 753 permansuros,
1309 727 1359 748 nec
1375 721 1463 748 solum
1479 728 1526 749 eos
1541 722 1585 756 qui
1603 723 1629 750 in
1641 723 1710 750 vivis

923 767 1012 796 erunt,
1027 763 1074 791 sed
1089 764 1171 790 etiam
1187 764 1404 798 quijampridem
1419 764 1539 794 defuncti
1558 766 1676 798 fuerint;
1696 775 1707 794 ι

922 814 1031 846 oportet
1045 815 1092 838 aut
1102 809 1175 838 male
1183 818 1277 839 sacras
1291 811 1397 839 litteras
1421 812 1598 845 intellexerit,
1612 818 1659 840 aut
1670 814 1708 841 is-

924 855 970 882 tud
983 862 997 882 a
1011 862 1066 882 non
1082 854 1299 889 intelligentibus
1324 855 1454 884 audierit.
1470 856 1530 883 Non
1559 857 1632 884 ettim
1652 857 1710 884 ani-

924 901 1073 929 madvertit
1094 907 1195 927 arcana
1216 901 1332 936 quadam
1368 902 1503 936 sapientia
1538 902 1639 929 dictum
1675 902 1709 929 ab

923 946 1048 982 apostolo
1069 945 1134 974 Jesu
1161 945 1247 974 fuisse
1267 953 1274 972 :
1299 955 1308 972 ι
1329 945 1387 974 Non
1413 953 1508 974 omnes
1533 946 1709 980 dormiemus,

924 999 1020 1021 omnes
1035 997 1125 1021 autem
1144 992 1360 1025 immutabimur.
1387 993 1414 1020 in
1433 996 1581 1026 momento,
1598 993 1626 1020 in
1653 993 1709 1020 ictu

923 1039 1008 1073 oculi,
1023 1039 1050 1068 in
1061 1039 1210 1067 novissima
1227 1039 1310 1072 tuba;
1326 1044 1406 1066 canet
1426 1039 1498 1066 enim
1523 1038 1586 1066 tuba
1599 1043 1626 1066 et
1638 1046 1710 1066 mor-

924 1085 964 1112 tui
982 1090 1129 1119 resurgent
1143 1084 1305 1119 incorrupti,
1321 1089 1348 1112 et
1362 1091 1411 1112 nus
1434 1084 1638 1112 immutabimur
1651 1084 1682 1112 “.
1697 1093 1707 1111 ι

925 1130 1004 1158 Scire
1016 1135 1105 1158 tamen
1123 1129 1198 1157 illum
1226 1129 1347 1165 oportuit
1372 1129 1436 1164 quid
1463 1129 1491 1156 in
1519 1129 1611 1157 animo
1628 1129 1712 1158 babe-

925 1176 1002 1204 retis
1014 1175 1059 1210 qui
1073 1175 1113 1203 sic
1127 1175 1247 1210 loquitur
1272 1173 1302 1202 ut
1315 1175 1372 1210 ipse
1386 1182 1439 1202 non
1457 1179 1596 1208 mortuus;
1618 1175 1664 1210 qui
1681 1183 1711 1203 se

925 1221 1022 1256 suique
1033 1220 1136 1249 similes
1147 1229 1163 1248 ει
1178 1220 1292 1248 mortuis
1308 1225 1447 1256 segregat;
1468 1220 1526 1256 qui,
1542 1220 1624 1256 590
1634 1225 1710 1256 post-

925 1273 1006 1302 quam
1029 1265 1110 1298 dixit,
1133 1275 1143 1292 ι
1168 1270 1196 1294 et
1217 1266 1315 1294 mortui
1347 1270 1491 1300 resurgent
1513 1265 1678 1301 incorrupti,
1698 1275 1708 1293 ι

925 1311 1010 1345 addit,
1028 1320 1038 1337 ι
1058 1315 1086 1339 et
1097 1319 1147 1340 nos
1169 1311 1384 1339 immutabitnur.
1404 1320 1414 1338 ι
1429 1310 1520 1346 Atque
1540 1311 1613 1340 hunc
1634 1311 1712 1339 intel-

926 1356 1024 1384 lectum
1041 1364 1134 1385 eorum
1153 1364 1226 1390 esse,
1247 1364 1307 1392 quae
1331 1364 1364 1385 ex
1391 1357 1484 1392 priore
1495 1357 1528 1385 ad
1553 1356 1712 1385 Corinthios

926 1401 1045 1437 Epistola
1057 1401 1229 1437 protulimus,
1241 1401 1406 1429 conlirmant
1429 1408 1462 1430 ea
1486 1408 1548 1436 quae
1570 1402 1597 1429 in
1621 1402 1712 1436 priore

925 1448 960 1474 ad
974 1447 1231 1475 Thessalonicenses
1247 1447 1393 1475 habentur.
1413 1447 1441 1475 In
1455 1448 1506 1476 hac
1526 1447 1598 1476 enim
1613 1446 1712 1475 Paulus

926 1497 956 1520 ut
970 1493 1048 1520 vivus
1064 1497 1092 1521 et
1103 1493 1219 1528 vigilans
1239 1498 1266 1521 et
1282 1495 1394 1521 omnlno
1417 1501 1432 1520 ιι
1450 1495 1564 1522 mortuis
1587 1494 1712 1521 diversus

925 1539 983 1566 ait:
997 1547 1007 1566 ι
1022 1537 1078 1565 Hoc
1089 1538 1160 1566 enim
1169 1537 1246 1566 vobis
1256 1537 1372 1566 dicimus
1385 1538 1412 1565 in
1421 1538 1505 1566 verbo
1519 1537 1637 1571 Domini,
1648 1539 1711 1573 quia

927 1591 978 1612 nos
994 1584 1040 1619 qui
1055 1584 1183 1617 vivimus,
1208 1584 1253 1619 qui
1283 1583 1385 1612 residui
1401 1591 1496 1612 sumus
1515 1584 1542 1612 in
1566 1585 1711 1612 adventum

926 1629 1046 1663 Domini,
1069 1637 1122 1658 non
1148 1630 1345 1665 prteveniemus
1377 1637 1426 1657 eos
1455 1630 1501 1664 qui
1530 1629 1710 1657 dormierunt.

926 1676 1061 1710 Quoniam
1075 1676 1133 1710 ipse
1153 1675 1284 1703 Dominus
1307 1675 1334 1702 in
1350 1674 1439 1711 jussu,
1462 1675 1489 1702 in
1504 1683 1570 1703 voce
1593 1676 1712 1703 archan—

926 1723 989 1759 geli,
1005 1727 1035 1750 et
1049 1723 1075 1750 in
1091 1723 1157 1750 tuba
1169 1721 1216 1750 Dei
1230 1721 1380 1750 descendet
1394 1722 1428 1749 de
1443 1722 1513 1749 ctelo
1530 1723 1563 1750 ".
1584 1731 1594 1748 ι
1611 1723 1713 1750 Deinde

928 1775 990 1796 cum
1003 1767 1096 1799 sciret,
1108 1770 1207 1802 praeter
1217 1773 1248 1794 se
1261 1766 1358 1800 suique
1366 1766 1479 1799 similes,
1495 1766 1563 1794 alios
1574 1766 1631 1795 fore
1640 1774 1714 1795 mor-

929 1817 990 1839 tuos
1014 1811 1041 1838 in
1067 1811 1198 1844 Christo,
1238 1810 1403 1846 subiungit:
1436 1819 1447 1836 ί
1481 1810 1579 1838 Mortui
1612 1812 1659 1846 qui
1686 1811 1713 1839 in

928 1857 1037 1885 Christo
1047 1861 1122 1889 sunt,
1140 1860 1283 1890 resurgent
1300 1855 1399 1890 primi;
1414 1855 1513 1883 deinde
1530 1862 1581 1883 nos
1600 1857 1646 1890 qui
1672 1856 1714 1883 vi-

928 1903 1030 1936 vimus,
1052 1903 1098 1937 qui
1115 1901 1307 1936 relinquimur,
1327 1900 1410 1928 simul
1428 1901 1566 1936 rapiemur
1582 1909 1643 1930 cum
1661 1902 1714 1930 illis

929 1950 957 1977 in
972 1949 1088 1976 nubibus
1103 1947 1211 1975 obviam
1229 1946 1339 1974 Christo
1357 1947 1383 1974 in
1397 1954 1472 1974 aera.
1492 1955 1503 1973 ι

81 2002 143 2026 τες,
174 1994 198 2020 οἱ
232 1993 462 2030 περιλειπόμενοι,
493 1994 552 2029 ἅμα
584 1994 632 2020 σὺν
661 1994 752 2025 αὐτοῖς
788 1995 1004 2031 ἁρπαγησόμεθα
1028 1995 1057 2021 ὲν
1081 1993 1205 2028 νεφέλαις
1233 1993 1273 2025 εἰς
1301 1992 1452 2027 ἀπάντησιν
1478 1993 1524 2018 τοῦ
1550 1992 1652 2029 Κυρίου
1674 1994 1714 2026 εις

1446 2036 1457 2049 \

81 2042 165 2078 ἀέρα.
185 2051 195 2067 ι

127 2088 206 2115 Ἐπεὶ
223 2089 246 2115 δ’
262 2089 309 2116 ἐπὶ
329 2089 411 2116 πλέον
435 2088 619 2124 κεκωμῴδηκε
639 2088 689 2124 τὴν
706 2088 878 2124 κεκηρυγμέ-

81 2144 135 2171 νην
152 2134 201 2170 μὲν
217 2134 266 2170 τῆς
280 2134 381 2170 σαρκὸς
403 2135 550 2162 ἀνάστασιν
566 2135 595 2160 ὲν
612 2135 671 2165 ταῖς
693 2133 876 2169 Ἐκκλησίαις,

83 2180 141 2208 ὑπὸ
157 2179 186 2207 δὲ
197 2180 252 2207 τῶν
263 2180 452 2216 συνετωτέρων
465 2180 626 2215 τρανότερον
643 2179 817 2215 νενοημένην,
830 2179 878 2206 καὶ

84 2228 117 2252 οὐ
130 2225 184 2261 χρὴ
198 2223 276 2259 αὖθις
290 2225 444 2253 ἐκτίθεσθαι
455 2226 505 2261 τὴν
516 2225 587 2257 λέξιν
603 2225 686 2252 αὑτοῦ
703 2225 776 2258 ᾶπαξ
788 2235 878 2262 προει-

969 2088 1014 2116 18.
1028 2085 1094 2114 Cum
1117 2089 1209 2112 autem
1220 2084 1300 2120 plura
1317 2083 1418 2111 fuerint
1430 2084 1464 2112 ab
1480 2090 1512 2111 eo
1525 2082 1595 2111 dicta
1613 2084 1715 2112 scurri-

932 2133 994 2161 liter
1003 2133 1133 2160 adversus
1144 2131 1234 2159 carnis
1251 2129 1496 2163 resurrectionem,
1511 2136 1572 2164 quae
1581 2129 1608 2157 in
1619 2128 1714 2157 Eccle-

929 2179 980 2206 siis
995 2177 1155 2213 praedicata,
1175 2175 1330 2203 distinctius
1346 2182 1361 2202 a
1380 2174 1601 2210 prudentioribtts
1629 2175 1717 2210 perci-

930 2225 1018 2260 pitur;
1035 2229 1085 2250 nec
1100 2228 1212 2248 necesse
1226 2221 1262 2248 sit
1274 2221 1389 2248 adducta
1409 2219 1535 2255 superius
1556 2220 1615 2255 ejus
1633 2221 1715 2247 verba

85 2271 220 2308 ρημένην·
241 2271 317 2307 φέρε,
342 2272 390 2298 καὶ
412 2271 538 2307 περὶτοῦ
556 2271 748 2307 προϐλήματος
768 2271 874 2303 τούτου,

958 2275 1025 2297 Il‘SllS
1039 2267 1085 2294 ltic
1097 2265 1274 2300 exscribere;
1293 2272 1354 2300 age,
1379 2272 1429 2299 pro
1451 2265 1556 2293 viribus
1578 2271 1605 2293 et
1623 2266 1716 2293 habita

82 2318 124 2348 ὼς
140 2317 169 2343 ὲν
183 2318 216 2352 τῇ
232 2317 300 2352 πρὸς
312 2315 454 2351 ἀλλότριον
470 2317 520 2352 τῆς
533 2316 651 2348 πίστεως
665 2316 800 2351 ἀπολογίᾳ
814 2325 880 2352 γρα-

84 2361 203 2397 φομένῃ,
214 2362 259 2388 διὰ
274 2363 337 2394 τοὺς
351 2362 390 2388 ἔτι
409 2371 418 2388 ι
435 2362 559 2398 νηπίους,
570 2362 616 2388 καὶ
625 2362 878 2397 κλυδωνιζομένους,

84 2408 136 2434 καὶ
151 2408 382 2443 περιφερομένους
395 2407 477 2435 παντὶ
492 2407 585 2444 ἀνέμῳ
601 2408 786 2440 διδασκαλίας,
802 2408 830 2434 ὲν
846 2409 880 2443 τῇ

84 2452 187 2488 κυϐείᾳ
200 2452 254 2479 τῶν
265 2453 428 2489 ἀνθρώπων,
445 2454 474 2480 ὲν
494 2454 646 2489 πανουργίᾳ
667 2453 722 2488 (61)
744 2453 813 2489 πρὸς
833 2453 882 2488 τὴν

85 2497 215 2533 μεθοδίαν
233 2498 284 2533 τῆς
309 2498 430 2534 πλάνης,
462 2508 472 2525 ι
498 2499 575 2533 ὀλίγα
599 2498 805 2534 ὲστοχασμένως
826 2498 880 2526 τῶν

84 2544 300 2580 ἐντευξομένων,
317 2545 388 2571 κατά
399 2545 430 2571 τὸ
443 2544 554 2572 δυνατὸν
577 2545 652 2580 ἡμῖν,
669 2544 813 2580 ἐκθώμεθα
831 2544 880 2571 καὶ

85 2591 321 2625 παραστήσωμεν.
340 2589 409 2616 Uitta
433 2589 483 2625 μὲν
506 2587 553 2616 οὖν
573 2590 671 2625 ἡμεῖς,
692 2588 754 2616 οὔτε
769 2589 804 2616 τὰ
820 2589 879 2616 θεῖα

83 2635 241 2671 γράμματα
269 2645 278 2661 ε
298 2635 392 2667 αὐταῖς
413 2644 480 2670 φησι
499 2635 588 2670 σαρξὶ,
609 2644 619 2661 ι
636 2634 772 2670 μηδεμίαν
797 2643 880 2670 μετα-

125 2692 169 2720 “l
184 2693 248 2721 Cor.
265 2700 310 2726 xv,
325 2692 370 2725 51,
382 2692 428 2720 52.

125 2751 184 2787 (58)
207 2751 271 2778 Ἐπί
286 2759 344 2778 τινι
360 2751 449 2779 τέλει.
464 2749 533 2778 Vide
540 2749 731 2778 adnotationcs
744 2750 833 2778 adlib.
846 2757 882 2784 Iv,

86 2787 275 2861 “agureibb.
290 2821 368 2854 editi,
390 2820 460 2861 μετά
481 2828 554 2861 τινος
574 2820 701 2861 ἀπορίας,
724 2820 776 2861 sed
798 2819 879 2861 lectio

86 2854 177 2892 quam
189 2856 330 2890 scquinmr
342 2854 525 2892 reperiturjn
537 2857 586 2892 cod
599 2857 616 2882 l.
632 2854 699 2891 Reg.
717 2861 742 2882 et
758 2854 840 2884 Basil.
851 2859 880 2883 et

90 2890 250 2927 agnoscitur
265 2892 298 2919 ab
316 2892 465 2926 interprete
479 2890 600 2918 Gclenio.

481 2692 502 2709 ²⁷
518 2691 634 2720 lTbess.
647 2699 687 2725 tv,
702 2691 745 2724 11,
760 2690 862 2726 15,16,
878 2691 922 2719 17.

929 2315 1060 2350 cujusque
1071 2312 1180 2340 lectoris
1198 2311 1318 2343 ratione;
1341 2310 1509 2338 disseramus
1531 2311 1565 2338 de
1590 2312 1642 2339 isto
1658 2317 1718 2345 pro-

930 2360 1061 2392 blcmate,
1072 2361 1204 2394 quantum
1224 2364 1295 2391 opus
1313 2360 1356 2384 est
1372 2357 1399 2384 in
1414 2356 1537 2393 apologis
1556 2361 1650 2385 contra
1669 2357 1717 2384 bo-

931 2407 1031 2434 minem
1058 2413 1073 2432 a
1100 2404 1152 2432 ﬁde
1185 2403 1301 2430 alienum
1328 2402 1430 2437 scripta
1454 2408 1567 2438 propter
1594 2410 1643 2431 eos
1669 2404 1717 2439 qui

931 2452 1021 2480 adhuc
1051 2459 1061 2477 ι
1088 2448 1193 2485 parvuli
1219 2452 1247 2476 et
1273 2448 1458 2481 ﬂuctuantes,
1485 2447 1719 2476 circumferuntur

932 2498 1007 2525 omni
1020 2501 1100 2525 vento
1113 2494 1244 2523 doctrina)
1261 2493 1288 2521 in
1302 2494 1424 2529 nequitia
1442 2494 1594 2526 hominum,
1608 2493 1634 2521 in
1647 2497 1719 2521 astu-

935 2543 970 2569 tia
989 2542 1023 2569 ad
1047 2543 1307 2570 circumventionem
1330 2540 1436 2568 erroris
1455 2540 1487 2568 ".
1512 2548 1521 2566 ι
1543 2539 1613 2574 Ergo
1629 2546 1719 2574 neque

933 2596 994 2621 nos,
1019 2595 1108 2622 neque
1128 2588 1225 2616 divina:
1243 2587 1341 2614 litterae
1362 2586 1439 2613 aiunt
1454 2594 1464 2612 ι
1482 2592 1530 2614 eos
1555 2585 1601 2621 qui
1612 2585 1718 2620 jamdu-

933 2635 996 2661 dum
1017 2635 1135 2662 obierint
1151 2639 1280 2667 mortem,
1294 2641 1310 2662 e
1325 2637 1397 2662 terra
1409 2640 1533 2668 egressos
1543 2632 1644 2661 eisdem
1657 2639 1719 2660 car-

970 2691 992 2708 ¹⁸
1005 2691 1103 2726 Ephes.
1119 2698 1157 2725 tv,
1175 2691 1220 2718 14.

974 2750 1029 2787 (60)
1047 2750 1147 2787 vocula
1172 2749 1220 2785 ὢν,
1235 2757 1303 2787 quae
1317 2754 1407 2778 exstat
1417 2750 1444 2779 in
1459 2748 1614 2785 codd.ﬂeg.
1626 2753 1654 2777 et
1668 2749 1720 2777 Ba-

937 2785 995 2818 sili,
1010 2786 1180 2812 desideratur
1194 2786 1219 2812 in
1235 2785 1315 2819 impr.

971 2820 1027 2856 (6|)
1048 2821 1099 2847 Ἐν
1113 2818 1288 2856 πανρυργίςι.
1306 2820 1343 2856 id
1359 2820 1529 2856 desideratur
1544 2819 1572 2856 in
1594 2818 1721 2848 omnibus

934 2855 1014 2889 mss,
1030 2860 1057 2883 et
1070 2855 1205 2883 uneinulis
1221 2855 1370 2883 includitur
1384 2856 1412 2884 in
1428 2855 1493 2885 libb.
1511 2855 1600 2884 editis.
