1877 3100
177 101 246 130 1207

877 93 1037 122 ORIGENIS

1729 84 1799 112 {303

175 160 266 192 nibus,
283 168 293 186 ι
315 157 387 190 nulla
404 157 433 184 in
453 155 549 184 melius
566 154 638 181 facta
658 154 821 186 mutatione,
844 162 853 179 ι
874 155 960 180 victu-

1038 150 1091 185 ιλὴν
1114 148 1298 184 ἀνειληφυίαις
1314 147 1364 182 τὴν
1380 146 1426 172 ἐπὶ
1442 145 1473 172 τὺ
1493 144 1614 180 βέλτιον,
1634 152 1644 168 ι
1666 141 1800 178 ζήσεσθαι

176 213 222 234 ros
232 211 302 234 esse.
322 213 333 231 ι
351 203 415 231 Haec
429 209 503 229 mera
522 205 564 229 est
577 199 649 228 Celsi
668 198 957 234 calumnia.Legimus

177 250 249 278 enim
270 249 297 277 in
318 247 468 283 Scriptttris
494 246 579 274 multa
609 246 642 274 de
670 245 882 278 resurrectione,
909 244 957 272 sed

178 296 234 324 Deo
244 295 336 330 digna.
351 293 426 321 Satis
440 300 512 320 nunc
527 291 611 320 fuerit
630 291 695 320 illud
715 291 793 320 Pauli
813 298 847 319 ex
866 291 958 326 priore

176 341 210 371 ad
228 340 403 369 Corinthios:
426 347 436 364 ι
456 338 510 366 Sed
531 338 604 365 dicet
631 337 741 372 aliquis,
763 336 899 372 quomodo
914 343 958 364 rc-

177 389 294 421 snrgunt
321 383 440 412 mortui?
464 381 570 416 qualive
590 388 706 416 corpore
734 381 862 409 venient?
886 380 958 408 Insi-

177 432 265 467 piens.
282 435 310 458 tu
325 429 398 465 quod
410 429 533 456 seminas
559 435 614 455 non
639 426 802 459 viviﬁcatur,
826 425 879 454 nisi
897 433 958 453 mo-

178 477 276 508 riatur.
303 475 337 503 Et
354 475 428 510 quod
445 473 574 506 seminas,
599 480 652 499 non
676 479 776 508 corpus
794 472 866 507 quod
885 471 960 498 futu-

176 531 238 553 tum
248 527 290 552 est
303 523 433 555 seminus,
452 523 500 549 sed
512 520 612 548 nudum
635 527 760 556 granum.
776 523 805 546 ut
822 523 897 554 puta,
910 519 959 546 tri-

178 571 224 600 tici
239 575 286 598 aut
300 569 417 604 alicujus
438 573 611 596 cteterorum.
644 567 714 596 Deus
737 571 827 594 autem
852 566 901 594 dat
920 566 958 593 illi

178 623 277 650 corpus
291 616 361 650 quod
377 614 443 648 vult,
453 618 480 642 et
500 614 645 648 unicuique
661 614 796 641 seminum
821 612 959 648 proprium

179 667 277 695 corpus
288 659 322 687 η.
337 669 348 687 ο
366 659 432 687 Vide
445 658 580 693 quomodo
591 658 634 686 hic
643 658 715 685 dicat
730 658 767 691 id,
780 657 851 693 quod
874 657 959 685 semi-

179 710 270 739 natur,
287 711 340 732 non
359 711 419 732 esse
432 711 532 738 corpus
555 703 595 731 rei
622 703 786 736 nascituraz;
809 702 858 730 sed
874 703 959 730 semi-

179 753 242 777 nato
251 749 363 784 etjacto
377 749 404 777 in
419 754 518 776 terram
545 750 616 776 nudo
630 749 747 781 semine,
767 749 822 776 Deo
850 749 960 776 unicui-

178 800 232 829 que
256 794 390 822 seminum
423 801 522 829 corpus
554 794 691 829 proprium
719 794 868 829 largiente,
900 794 959 822 ilerl

179 839 322 874 quamdam
346 839 424 874 quasi
455 840 701 872 resurrectionem;
727 839 764 867 ita
789 843 818 866 ut
843 846 874 867 ex
897 839 959 874 qui-

180 884 292 913 busdam
304 885 379 921 spica
391 885 552 917 emorescat.
573 889 602 912 ut
613 892 645 912 ex
658 885 765 920 sinapi;
782 892 815 912 ex
827 885 887 912 aliis
895 892 961 913 vero

179 929 252 957 celsa
264 930 355 963 arbor,
373 935 404 957 ut
420 937 454 958 ex
464 930 541 958 oliva:
553 930 648 959 nucleo
663 930 849 966 similibusque
861 930 958 959 fructi-

179 974 241 1004 bus.

215 1114 259 1143 19.
276 1114 310 1144 Ut
325 1115 409 1150 igitur
427 1116 498 1144 Deus
510 1117 554 1145 dat
569 1117 715 1153 unicuique
730 1119 862 1147 seminum
880 1119 958 1156 591

179 1168 277 1196 corpus
293 1162 364 1197 quod
392 1163 441 1197 ipsi
467 1164 577 1198 placuit,
604 1164 640 1192 ita
665 1164 745 1193 faciet
761 1173 823 1202 erga
842 1172 961 1194 mortuos

179 1207 225 1241 qui
240 1208 322 1235 veluti
346 1208 516 1236 seminantur
531 1209 557 1236 in
572 1213 661 1244 terra;
690 1212 799 1245 quique,
815 1219 877 1239 cum
896 1216 962 1239 lem-

179 1259 230 1287 pus
241 1253 391 1287 advenerit,
415 1255 549 1288 recepturi
578 1259 641 1283 sunt
654 1263 687 1283 ex
707 1256 866 1290 corporibus
881 1257 963 1284 semi-

179 1298 252 1326 natis
275 1297 340 1326 illud
357 1305 455 1333 corpus
483 1300 556 1333 quod
585 1300 637 1328 illis
655 1300 724 1328 Deus
743 1308 791 1336 pro
806 1301 909 1329 meritis
926 1303 964 1330 in-

179 1343 263 1372 duere
276 1343 402 1372 voluerit.
414 1344 453 1371 Ac
467 1345 525 1372 l'use
541 1344 682 1380 Scriptura
699 1346 778 1374 docet
798 1347 862 1382 quid
877 1347 963 1374 inter-

179 1389 214 1416 sit
228 1389 299 1417 inter
328 1398 427 1426 corpus
437 1393 510 1426 quod
529 1397 657 1428 tanquam
681 1393 841 1426 seminatur,
855 1398 883 1422 et
898 1393 962 1422 illud

179 1435 251 1469 quod
263 1442 296 1463 ex
310 1443 344 1464 eo
360 1437 436 1472 quasi
451 1438 614 1465 renascitur.
627 1437 675 1466 Ait
698 1439 770 1466 enim
786 1447 793 1466 :
810 1448 821 1466 ί
840 1440 964 1468 Semina—

181 1485 226 1507 tur
241 1480 268 1508 in
283 1482 468 1517 corruptione,
490 1487 583 1518 surget
598 1483 625 1511 in
638 1483 854 1519 incorruptione.
875 1485 966 1514 Semi-
982 1478 1003 1507 ο

179 1531 261 1554 natur
279 1527 306 1556 in
323 1529 500 1563 ignobilitate,
526 1536 619 1565 surget
633 1532 659 1559 in
685 1532 782 1566 gloria.
808 1532 963 1562 Seminatur

180 1573 207 1601 in
224 1572 390 1607 inﬁrmitate,
407 1581 500 1611 surget
516 1577 542 1604 in
558 1577 668 1605 virtute.
695 1578 852 1606 Seminatur
865 1587 963 1614 corpus

182 1618 309 1652 animale,
319 1624 410 1654 surget
424 1628 521 1654 corpus
535 1621 656 1656 spiritale
664 1623 697 1651 '°.
707 1633 717 1650 ι
728 1622 778 1656 Qui
789 1624 963 1658 potueritau-

182 1667 247 1697 tem,
260 1666 349 1700 capiat
364 1668 427 1701 quid
444 1669 494 1696 sibi
512 1669 638 1703 voluerit,
652 1672 698 1705 qui
711 1670 780 1698 dixit
806 1679 813 1697 :
835 1679 845 1696 ι
872 1670 965 1704 Qualis

182 1713 316 1743 terrenus,
334 1713 401 1740 tales
416 1719 441 1740 et
456 1715 575 1748 terreni;
591 1715 678 1750 qualis
694 1715 825 1750 caelestis,
842 1717 910 1744 tales
937 1720 965 1743 et

182 1755 314 1784 ccelestes.
337 1756 369 1784 Et
391 1759 461 1786 sicut
490 1760 653 1794 portavimus
682 1762 827 1797 imaginem
852 1762 963 1795 terreni,

181 1799 217 1827 ita
237 1805 372 1835 portemus
394 1804 538 1839 imaginem
563 1806 721 1834 caelestis".
741 1817 751 1834 ›
769 1807 898 1840 Quamvis
916 1815 965 1834 au—

181 1849 235 1872 tem
246 1846 390 1880 Apostolus
406 1850 544 1876 oecultare
558 1849 674 1878 voluerit
685 1852 867 1878 reconditiora
884 1851 965 1887 hujus

181 1891 314 1925 mysterii,
340 1896 369 1920 ut
400 1900 461 1928 qtlre
484 1895 713 1930 simplicioribus,
733 1900 761 1924 et
786 1896 876 1932 vulgo,
891 1898 963 1932 quod

180 1936 294 1971 simplici
307 1937 359 1966 iide
377 1939 411 1966 ad
427 1939 521 1968 melius
535 1940 678 1970 vivendum
702 1943 847 1975 excitatur,
874 1943 963 1971 minus

181 1986 271 2011 essent
297 1985 522 2018 accommodata.
556 1991 646 2015 tamen
671 1993 782 2017 coactus
813 1994 856 2016 est
884 1989 964 2023 paulo

181 2033 255 2061 post,
273 2036 307 2056 ne
321 2029 392 2057 male
405 2030 464 2064 ejus
476 2031 556 2060 verba
582 2033 777 2068 acciperemus,
793 2034 826 2062 iis
847 2035 938 2062 verbis
953 2043 961 2061 :

183 2082 194 2100 ι
210 2074 349 2103 Portemus
367 2075 511 2111 imaginem
525 2078 653 2112 caelestis,
670 2089 680 2107 ›
695 2081 811 2109 addere:
826 2091 835 2107 ι
845 2081 902 2108 lioc
912 2089 963 2108 au-

1007 197 1070 227 τοὺς
1088 195 1170 222 πάλαι
1191 193 1382 224 ἀποθανόντας,
1402 191 1456 218 ἀπὸ
1471 191 1520 225 τῆς
1536 190 1589 225 γῆς
1605 189 1770 219 ἀναδύντας·
1789 198 1798 214 ι

1006 242 1020 268 ό
1033 241 1061 268 δὲ
1074 240 1176 272 Κέλσος
1190 238 1351 273 συκοφαντεῖ
1360 237 1444 272 ἡμᾶς,
1462 235 1549 262 ταῦτα
1564 234 1664 268 λέγων.
1686 233 1800 260 ’Δκοὺο-

1008 295 1058 322 μεν
1069 285 1124 321 γὰρ
1138 285 1185 311 καὶ
1197 283 1300 311 πολλῶν
1312 281 1427 318 Γραφῶν
1443 281 1507 317 περὶ
1520 279 1698 310 ἀναστάσεως
1715 278 1800 310 ἀξίως

1007 331 1074 358 Θεοῦ
1086 330 1234 366 λεγουσῶν·
1249 330 1329 365 ἀρκεῖ
1342 328 1364 354 δ’
1380 327 1427 354 ἐπὶ
1442 327 1489 353 τοῦ
1506 326 1641 361 παρόντος
1658 325 1711 360 τὴν
1727 325 1802 351 [la-.3-

1008 377 1054 404 λου
1073 375 1243 412 παραθέσθαι
1255 374 1309 401 ἀπὸ
1319 373 1368 408 τῆς
1380 372 1449 408 πρὸς
1471 371 1636 407 Κορινθίους
1660 369 1800 405 προτέρας

1007 423 1089 456 λέξιν,
1106 422 1263 456 φάσκοντος
1286 429 1295 445 ι
1322 418 1402 445 Ἀλλὰ
1418 418 1476 452 ὲρεῖ
1494 425 1546 448 τις·
1565 416 1628 448 Πῶς
1645 415 1800 450 ἐγείρονται

1007 468 1032 494 οἱ
1045 467 1153 503 νεκροί;
1171 466 1239 501 ποίῳ
1254 465 1282 492 δὲ
1303 464 1408 499 σώματι
1430 462 1572 498 έρχονται;
1594 462 1711 496 Ἀφρον,
1732 461 1767 487 σὺ
1786 460 1799 487 ὃ

1010 513 1131 548 σπείρεις
1170 511 1200 538 οὐ
1225 511 1405 543 ζωοποιεῖται,
1426 509 1473 535 ἐὰν
1493 507 1530 544 μὴ
1552 507 1689 543 ἀποθάνῃ·
1720 507 1770 533 καὶ
1787 506 1800 532 ὃ

1010 558 1139 595 σπείρεις,
1152 557 1181 584 οὗ
1194 557 1225 584 τὸ
1243 555 1323 591 σῶμα
1337 555 1367 582 τὸ
1380 553 1561 589 γενησόμενον
1577 551 1713 587 σπείρεις,
1732 551 1801 578 ἀλλά

1009 603 1110 639 γυμνδν
1120 603 1229 634 κόκκον,
1246 602 1270 628 εἰ
1287 600 1372 635 τύχοι,
1395 598 1467 625 σίτου
1491 598 1508 633 ἦ
1521 605 1594 629 τινος
1606 596 1663 623 τῶν
1683 596 1799 622 λοιπῶν.

1014 649 1043 675 '0
1056 648 1084 674 δὲ
1099 647 1165 679 Θεὸς
1177 646 1284 673 δίδωσιν
1298 643 1373 678 αὐτῷ
1391 642 1480 676 σῶμα,
1496 640 1587 671 καθὼς
1604 639 1736 674 ἠθέλησε,
1753 639 1802 665 καὶ

1009 693 1116 728 ἑκάστῳ
1126 692 1180 719 τῶν
1200 690 1362 726 σπερμάτων
1380 688 1410 714 τὺ
1437 687 1502 714 ἴδιον
1518 686 1624 721 σῶμα.ι
1652 685 1725 720 Ὅρα
1747 683 1803 719 γὰρ

1009 739 1069 765 τίνα
1082 738 1182 774 τρόπον
1191 738 1219 764 ὲν
1230 735 1333 766 τούτοις
1343 733 1374 760 οὐ
1385 733 1416 760 τὸ
1433 731 1613 767 γενησόμενον
1634 729 1718 764 σῶμά
1735 737 1803 764 φησι

1012 784 1179 820 σπείρεσθαι·
1200 782 1256 810 ἀλλ’
1278 780 1332 808 ἀπὸ
1353 779 1401 806 τοῦ
1422 777 1602 813 σπειρομένου
1629 776 1678 803 καὶ

1012 818 1174 864 βαλλομένου
1198 826 1244 853 ἐπὶ
1268 825 1318 860 τὴν
1339 823 1391 859 γῆν
1412 822 1497 856 λέγει,
1523 821 1640 852 διδόντος
1663 819 1714 846 τοῦ
1735 818 1803 846 Θεοῦ

1011 872 1118 907 ἑκάστῳ
1131 871 1186 897 τῶν
1198 868 1360 905 σπερμάτων
1381 867 1446 893 ῐδιον
1471 866 1560 900 σῶμα,
1580 865 1663 892 οἱονεὶ
1681 864 1805 891 ἀνάστα-

1011 925 1053 944 σιν
1064 916 1215 952 γίγνεσθαι’
1235 914 1290 942 ἀπὸ
1312 913 1359 940 τοῦ
1378 911 1616 946 καταϐεϐλημένου
1645 909 1805 945 σπέρματι-ς

1011 962 1183 998 ἐγειρομένου
1196 961 1315 996 στάχυος
1327 959 1356 986 ὲν
1369 959 1425 990 τοῖς
1439 956 1563 984 τοιοῖσδε·
1574 955 1657 982 elevat
1669 955 1701 981 ὲν
1709 954 1803 986 νάπυῑ,

1010 1008 1086 1044 ἢὲπὶ
1101 1007 1222 1044 μείζονος
1241 1006 1350 1041 δένδρου
1367 1005 1398 1031 ὲν
1421 1002 1513 1035 ὲλαίας
1534 1001 1636 1037 πυρῆνι
1650 1000 1709 1036 (62)
1720 1000 1739 1036 ἡ
1752 1008 1806 1028 τινι

1009 1053 1064 1081 τῶν
1079 1051 1245 1088 ἀκροδρύων.

1051 1099 1079 1126 ’0
1095 1098 1161 1129 Θεὸς
1186 1095 1232 1124 οὖν
1261 1096 1367 1123 δίδωσιν
1392 1094 1499 1128 ἑκάστῳ
1522 1092 1617 1128 σῶμα,
1638 1091 1733 1122 καθὼς
1746 1090 1804 1126 €10!-

1010 1143 1102 1179 λησεν,
1122 1142 1216 1178 ὥσπερ
1233 1142 1279 1168 ἐπὶ
1299 1141 1353 1168 τῶν
1375 1138 1576 1175 σπειρομένων,
1597 1136 1671 1164 οὕτω
1694 1136 1743 1163 καὶ
1761 1136 1806 1163 ἐπὶ

1011 1190 1064 1216 τῶν
1075 1189 1155 1215 οἱονεὶ
1167 1186 1351 1223 σπειρομένων
1361 1187 1390 1212 έν
1398 1185 1437 1220 τῷ
1451 1184 1642 1219 ἀποθνήσκειν,
1656 1182 1706 1209 καὶ
1717 1182 1806 1218 καιριῖ)

1011 1233 1155 1269 ἐπιτηδείῳ
1181 1231 1424 1267 ἀναλαμϐανόντων
1438 1231 1470 1256 ὲκ
1486 1229 1539 1256 τῶν
1562 1227 1753 1263 σπειρομένων
1777 1226 1806 1254 τὸ

1011 1279 1215 1315 περιτιθέμενον
1231 1278 1338 1312 ἑκάστῳ
1350 1275 1421 1303 κατά
1435 1275 1484 1310 τὴν
1499 1274 1577 1307 ἀξίαν
1593 1273 1673 1308 σῶμα
1689 1272 1744 1299 ὑπὸ
1759 1271 1806 1298 τοῦ

1011 1325 1089 1353 Θεοῦ.
1109 1323 1254 1359 Ἀκούομεν
1266 1323 1295 1350 δὲ
1306 1321 1410 1349 καὶτοῦ
1424 1320 1467 1347 διὰ
1481 1319 1611 1346 πλειόνων
1634 1318 1806 1348 διδάσκοντος

1012 1371 1090 1406 λόγου
1102 1370 1151 1406 τὴν
1167 1368 1298 1404 διαφορὰν
1312 1366 1359 1394 τοῦ
1382 1366 1466 1394 οἱονεὶ
1488 1363 1667 1399 σπειρομένου
1691 1363 1763 1398 πρὸς
1778 1363 1807 1388 τὸ

1013 1416 1132 1451 ὡσπερεὶ
1140 1414 1311 1450 ἐγειρόμενον
1325 1412 1372 1439 ἀπ’
1385 1410 1478 1442 αὑτοῦ,
1487 1410 1533 1437 καὶ
1545 1410 1686 1443 λέγοντος·
1702 1417 1712 1433 ι
1726 1407 1807 1434 Σπεί-

1052 1470 1095 1488 ται
1113 1461 1142 1487 ὲν
1157 1460 1260 1496 φθορᾷ,
1281 1458 1415 1493 ἐγείρεται
1437 1454 1644 1490 ἐπ’,ἀφθαρσίαδ
1664 1452 1806 1488 σπείρεται

1015 1507 1045 1533 έν
1061 1506 1172 1541 ἀτιμίᾳ,
1193 1504 1326 1539 ἐγείρεται
1337 1504 1366 1529 ὲν
1379 1501 1442 1537 δόξῃ
1455 1509 1462 1516 ”
1475 1500 1616 1536 σπείρεται
1626 1500 1656 1526 ὲν
1667 1498 1805 1532 ἀσθενείᾳ,

1013 1551 1148 1587 ἐγείρεται
1173 1550 1203 1577 ὲν
1228 1548 1357 1584 δυνάμει⁸
1383 1547 1523 1583 σπείρεται
1558 1545 1638 1580 σῶμα
1670 1543 1806 1578 ψυχικὸν.

1013 1598 1148 1632 ἐγείρεται
1173 1595 1251 1630 σῶμα
1266 1592 1457 1628 πνευματικόν.
1475 1601 1484 1617 ι
1507 1591 1536 1617 Ὁ
1550 1590 1579 1616 δὲ
1593 1589 1743 1624 δυνάμενος
1769 1588 1807 1614 ἔτι

1013 1640 1254 1676 καταλαμϐανέτω,
1279 1639 1306 1666 τί
1330 1635 1505 1673 νενόηταιτῷ
1519 1636 1642 1670 λέγοντι·
1673 1643 1684 1660 ι
1715 1632 1779 1665 Ofe;
1794 1633 1807 1658 ό

1013 1688 1112 1724 χοῖκδς,
1127 1686 1239 1713 τοιοῦτοι
1252 1685 1299 1712 καὶ
1310 1685 1334 1711 οἱ
1347 1683 1435 1719 χοϊκοί
1450 1691 1457 1698 ·
1473 1682 1520 1709 καὶ
1538 1679 1594 1713 οἶος
1604 1681 1619 1708 ὸ
1629 1680 1804 1716 ἐπουράνιος,

1013 1733 1127 1761 τοιοῦτοι
1147 1732 1193 1759 καὶ
1222 1732 1245 1758 οἱ
1269 1729 1438 1765 ἐπουράνιοι.
1455 1728 1511 1755 Καὶ
1528 1725 1620 1758 καθὼς
1635 1726 1808 1760 ὲςορέσαμεν

1013 1779 1062 1815 τὴν
1076 1778 1167 1805 εἰκόνα
1178 1777 1225 1804 τοῦ
1239 1775 1329 1811 χοϊκοῦ
1340 1795 1347 1806 ,
1360 1774 1431 1801 οὕτω
1447 1772 1606 1808 φορέσωμεν
1621 1771 1677 1806 (65)
1697 1770 1748 1797 καὶ
1760 1770 1809 1805 τὴν

1014 1824 1107 1851 εἰκόνα
1139 1822 1186 1849 τοῦ
1223 1820 1395 1856 ἐπουρανίου.
1424 1828 1434 1845 ι
1462 1818 1558 1845 Καίτοι
1587 1817 1615 1844 δὲ
1646 1816 1808 1852 βουλόμενος

1015 1869 1145 1904 κρύπτειν
1163 1869 1176 1894 ό
1194 1865 1351 1897 ’Λπόστολος
1363 1865 1398 1891 τὰ
1413 1864 1481 1891 κατά
1494 1864 1539 1890 τὸν
1553 1863 1634 1889 τόπον
1649 1862 1806 1897 ἀπόρρητα,

1015 1914 1062 1941 καὶ
1079 1913 1115 1948 μὴ
1132 1911 1286 1948 ἁρμόζοντα
1297 1912 1354 1941 τοῖς
1367 1909 1561 1943 ἀπλουστειιοις
1572 1908 1619 1934 καὶ
1628 1908 1663 1942 τῇ
1675 1906 1806 1942 πανδήμῳ

1014 1959 1083 1993 ἀκοῇ
1101 1957 1154 1983 τῶν
1164 1957 1207 1983 διὰ
1221 1955 1268 1982 τοῦ
1280 1954 1415 1981 πιστεύειν
1431 1953 1571 1989 ἀγομένων
1587 1952 1633 1979 ἐπὶ
1649 1952 1680 1978 τὸ
1694 1952 1805 1987 βέλτιον,

1014 2003 1090 2034 ὅμως
1110 2000 1267 2037 ἠναγκάσθη
1288 1999 1409 2034 ὕστερον,
1428 1999 1498 2034 ὑπὲρ
1514 1997 1559 2024 τοῦ
1578 1997 1615 2032 μὴ
1632 1996 1805 2033 παρακοῦσαι

1014 2046 1088 2081 ἡμᾶς
1098 2046 1151 2072 τῶν
1166 2044 1252 2078 λόγων
1265 2043 1355 2074 αὐτοῦ,
1368 2044 1454 2069 εἰπεῖν
1470 2042 1537 2077 μετὰ
1554 2043 1597 2074 τὸ,
1614 2050 1622 2066 ι
1647 2041 1806 2077 φορέσωμεν

1015 2090 1065 2126 τὴν
1089 2089 1180 2116 εἰκόνα
1206 2088 1252 2114 τοῦ
1284 2087 1444 2122 ἐπουρανίου
1457 2106 1464 2118 ,
1483 2095 1492 2111 ι
1509 2086 1542 2113 τὸ
1554 2095 1564 2110 ι
1586 2084 1667 2111 τοῦτο
1681 2085 1713 2111 δέ.
1728 2093 1805 2119 φημι,

182 2126 235 2149 tom
253 2122 324 2154 dico,
339 2121 448 2155 fratres,
464 2124 528 2157 quia
542 2132 607 2153 caro
621 2129 648 2153 et
663 2127 774 2160 sanguis
792 2134 903 2161 regnum
917 2127 962 2154 Dei

1038 2121 1133 2168 έελφοὶ,
1148 2133 1188 2159 ὅτι
1209 2130 1276 2166 σὰρξ
1292 2130 1338 2157 καὶ
1353 2121 1422 2165 αἷμα
1439 2128 1576 2164 βασιλείαν
1590 2128 1659 2154 Θεοῦ
1676 2129 1805 2163 κληρονο-

181 2167 320 2200 possidere
333 2175 386 2195 non
400 2174 522 2202 possunt,
540 2177 628 2205 neque
640 2171 779 2206 corruptio
793 2172 963 2205 incorrupte-

180 2212 235 2239 lam
249 2213 452 2246 possidebit".i
467 2215 566 2242 Deinde
580 2223 640 2243 cum
655 2217 747 2247 sciret,
763 2221 856 2250 utpote
865 2216 964 2252 scripta

181 2256 298 2291 posteris
320 2257 466 2286 relicturus
492 2260 713 2288 documentorum
738 2262 827 2295 plena,
845 2261 909 2294 quid
922 2269 965 2288 ar-

181 2304 241 2331 cani
258 2307 286 2331 et
303 2303 400 2332 occulti
417 2305 528 2333 haberet
543 2306 592 2333 ista
606 2306 730 2340 quaestio,
742 2306 832 2340 adjicit
848 2307 874 2334 id
893 2307 965 2341 quod

181 2350 234 2377 dici
262 2349 342 2383 solet,
359 2357 419 2378 cum
435 2352 467 2378 de
477 2353 557 2379 rebus
571 2352 662 2387 agitur
675 2353 818 2380 altioribus
833 2353 962 2380 occultio.

181 2395 310 2431 ribusque
325 2399 353 2423 et
368 2403 436 2431 quas
451 2397 530 2430 vulgo
545 2397 626 2424 celari
650 2398 774 2425 convenit
790 2405 816 2425 ιι
829 2398 897 2426 Ecce
904 2406 962 2434 my-

181 2441 294 2469 sterium
319 2443 397 2470 vobis
428 2443 488 2470 dico
503 2443 536 2470 ".
558 2452 567 2469 ι
584 2442 817 2477 Quemadmodum
839 2449 867 2472 et
892 2444 962 2479 apud

181 2487 292 2516 Tobiam
306 2488 448 2523 legiturzr
466 2488 670 2517 Sacramentum
691 2489 761 2524 regis
787 2489 886 2518 bonum
923 2494 964 2517 cst

180 2534 346 2562 abscondere
360 2543 368 2562 :
384 2534 430 2562 sed
447 2542 528 2569 opera
543 2534 590 2562 Dei
605 2535 705 2563 sincere
721 2535 852 2566 revelare.
870 2544 880 2562 ι
902 2542 963 2562 cum

217 2591 238 2607 "
251 2590 262 2619 1
275 2591 339 2619 Cor.
359 2598 405 2625 xv,
416 2591 463 2624 35,
481 2591 581 2626 36,57,
597 2592 642 2620 58.
680 2592 704 2608 ὀ
719 2592 729 2620 i
743 2592 805 2620 Cor.
820 2600 865 2623 xv.
879 2592 924 2626 42,
937 2593 982 2626 43,
994 2593 1041 2622 44.

216 2638 271 2676 ((5?)
289 2639 366 2676 Libbr.
380 2639 443 2667 editi
458 2639 632 2676 in_margine,
650 2640 758 2676 πυρίνῃ.

216 2673 271 2709 (65)
287 2675 472 2710 Φορέσωμεν.
483 2673 528 2700 Sic
542 2681 636 2710 omnes
652 2673 817 2710 coilil,'iitss.,
827 2673 872 2710 qui
885 2674 966 2710 etiam

181 2707 266 2742 paulo
282 2707 352 2737 intra
384 2707 501 2740 habent.
524 2707 683 2745 φορέσωμεν
704 2709 755 2745 τὴν
777 2708 876 2735 εἰκόνα,
887 2708 964 2736 Liblr.

182 2733 483 2779 ἷώῇτέεξῖὶῆτοῖἰᾷὖὲ,
494 2733 664 2779 ’φᾶρὲεὶίμὲῖμξ
674 2733 678 2735 ⁷
711 2733 750 2745 ⁷’⁸⁷

217 2779 273 2813 (64)
289 2778 365 2807 Libb.
383 2780 448 2807 editi
465 2779 493 2806 in
512 2779 643 2813 margine,
657 2778 766 2804 δύναται

217 2779 273 2848 (64)
289 2779 365 2807 Libb.
383 2780 448 2807 editi
465 2779 493 2806 in
512 2779 643 2813 margine,
657 2779 779 2804 δύναται.

228 2812 273 2848 65)
293 2814 363 2842 Loco
385 2814 494 2850 ῥήματα
509 2812 677 2842 Hoescltelius
695 2814 721 2840 in
742 2817 815 2840 textu
833 2812 912 2840 habet
929 2812 966 2839 εἰ-

1015 2179 1098 2215 μῆσαι
1111 2178 1141 2204 οὺ
1155 2177 1278 2204 δύνανται
1296 2175 1362 2211 (64),
1377 2175 1429 2201 οὔδ’
1445 2175 1462 2210 ή
1481 2173 1568 2210 φθορὰ
1584 2174 1634 2209 τὴν
1651 2173 1806 2209 ἀφθαρσίαν

1014 2223 1176 2259 κληρονομεῖ
1195 2230 1203 2238 ⁸
1229 2231 1238 2246 ι
1262 2220 1310 2247 εἶτ’
1335 2219 1514 2254 ἐπιστάμενος
1537 2218 1696 2253 ἀπόρρητόν
1713 2227 1741 2245 τι
1763 2218 1806 2245 καὶ

1016 2268 1144 2304 μυστικὸν
1156 2267 1225 2294 κατά
1240 2266 1285 2293 τὸν
1299 2265 1390 2297 τόπον,
1409 2265 1446 2296 ὡς
1458 2263 1560 2299 ἔπρεπε
1575 2263 1620 2289 διὰ
1636 2264 1806 2299 γραμμάτων

1015 2313 1187 2341 καταλιπόντι
1197 2313 1253 2344 τοῖς
1266 2312 1323 2347 μετ’
1329 2311 1409 2339 αὑτὸν
1416 2310 1451 2336 τά
1460 2308 1609 2344 νενοημένα
1622 2310 1735 2344 ῥήματα
1744 2308 1804 2343 (65),

1015 2358 1140 2394 ἐπιφέρει
1153 2358 1200 2384 καὶ
1215 2357 1288 2391 λέγει
1299 2365 1306 2372 -
1325 2365 1334 2381 ι
1361 2355 1438 2386 Ἰδοὺ,
1469 2354 1618 2390 μυστήριον
1634 2354 1701 2389 ὑμῖν
1709 2355 1803 2389 λέγω.»

1015 2404 1109 2439 ὅτιπερ
1126 2403 1184 2435 ἔθος
1197 2402 1271 2428 ἐστὶν
1295 2400 1472 2436 ἐπιφέρεσθαι
1496 2400 1553 2430 τοῖς
1583 2399 1746 2434 βαθυτέροις
1765 2399 1806 2425 καὶ

1016 2448 1242 2484 μυστικωτέροις,
1269 2446 1317 2484 κα).
1340 2444 1514 2479 καθηκόντως
1537 2443 1592 2470 ἀπὸ
1617 2443 1675 2470 τῶν

1015 2483 1212 2529 κρυπτομένοις
1223 2500 1230 2507 ’
1245 2483 1339 2525 ὥσπερ
1355 2489 1402 2517 καὶ
1420 2489 1449 2515 ἐν
1463 2488 1503 2523 τῷ
1523 2487 1621 2523 Τωὸὴτ
1644 2487 1803 2523 γέγραπται.

1018 2547 1028 2563 ‹
1046 2538 1203 2572 Μυστήριον
1218 2535 1348 2571 βασιλέως
1361 2533 1443 2561 καλόν
1457 2533 1515 2560 ἐστι
1533 2532 1669 2568 κρύπτειν
1682 2541 1689 2548 ·
1708 2532 1804 2568 πρὶςόὲ

1359 2590 1458 2617 "Ibid.
1480 2589 1523 2617 50.
1577 2589 1601 2605 ’³
1619 2589 1689 2616 Ibid.
1705 2590 1749 2615 51.

1087 2594 1108 2610 ’¹
1126 2594 1192 2620 Ibid.
1206 2593 1251 2625 48,
1264 2591 1308 2620 49.

1018 2640 1132 2676 ρημένα.
1148 2639 1176 2666 ln
1191 2638 1268 2676 codd.
1283 2637 1367 2676 Regio
1379 2635 1557 2676 etnﬂasilensi
1576 2641 1671 2676 neque
1691 2636 1802 2676 ῥήματα,

1016 2671 1103 2708 neque
1116 2673 1248 2710 εἰρημένα
1266 2672 1395 2707 reperias.
1413 2671 1496 2697 Paulo
1526 2674 1586 2702 post
1600 2671 1707 2703 optime
1728 2672 1802 2696 (0th“

1016 2708 1171 2731 Vaticanum.
1188 2709 1229 2731 ὅτι
1247 2717 1299 2731 περ
1315 2707 1385 2731 ἔθος.
1404 2705 1471 2731 Male
1487 2704 1553 2731 ΗΜ).
1574 2705 1662 2731 editi.
1685 2704 1727 2731 δτι
1746 2703 1802 2731 παρ’

1015 2705 1229 2741 νιὶίὶςαιιιίς,”ὅτι
1247 2705 1303 2744 περ’
1315 2705 1385 2738 ἔθος.
1404 2705 1471 2732 Male
1487 2705 1553 2731 libb.
1574 2705 1662 2734 editi,
1685 2705 1727 2731 ὃτι
1746 2705 1802 2738 παρ’

1013 2744 1083 2776 ἔθος,
1096 2743 1155 2770 Mox
1170 2744 1249 2770 iidem
1279 2741 1400 2776 impressi
1420 2741 1445 2766 itt
1461 2744 1534 2776 textu
1555 2739 1658 2776 habent
1670 2758 1678 2770 ,
1693 2739 1733 2776 ᾡς
1757 2740 1802 2773 γαρ

1013 2774 1071 2810 καί,
1084 2779 1108 2806 in
1124 2778 1245 2813 margine
1261 2774 1336 2810 vero,
1351 2776 1444 2810 ὥσπερ
1461 2774 1518 2807 καί,
1533 2774 1607 2808 quod
1620 2775 1771 2809 sequimur.
