1877 3100
213 118 284 146 4215

929 117 1089 147 οῐιῐςειιις

1772 118 1831 144 1216

209 178 299 204 omnia
314 177 403 213 dirigi,
419 182 448 205 ut
463 184 516 205 non
539 177 650 205 tollatur
667 181 757 205 tamen
772 183 863 205 rerum
887 174 987 204 conlin-

1071 176 1163 206 άστου.
1172 177 1371 214 οἰκονομεῖσθαι
1385 178 1436 204 ὑπὸ
1448 178 1493 204 τοῦ
1505 178 1576 205 Θεοῦ
1587 177 1722 211 λέγοντες
1733 176 1766 202 τὸ
1774 178 1830 207 πᾶν,

208 223 314 257 gentia:
330 223 393 250 item
411 230 472 250 cum
500 227 626 250 naturam
651 222 819 257 explicamus
835 226 934 249 nostra!
959 218 989 246 li-

209 268 330 301 bertatis,
345 268 372 295 in
390 275 484 303 quam,
498 269 627 302 quoniam
650 266 877 295 immutabilitatis
890 264 989 292 divinae

208 321 292 348 capax
310 322 362 341 non
377 321 428 346 est,
440 315 627 349 contingentia
640 320 730 341 rerum
741 311 831 344 cadit;
848 319 900 340 non
915 311 990 338 vide-

207 366 268 386 mur
294 359 373 394 digna
403 360 494 389 dicere
536 367 595 396 quas
616 358 801 394 expendantur
827 361 855 385 et
877 356 990 384 investi¢

207 409 314 440 gentur.

241 450 287 478 22.
314 450 409 486 Neque
429 458 495 479 vero
515 450 661 485 quisquam
676 450 833 485 suspicetur
850 455 910 480 nos,
929 454 990 475 cum

207 495 264 523 haec
281 497 466 531 disputamus,
483 503 517 523 ex
528 503 623 522 eorum
637 502 699 523 esse
720 501 844 527 numero,
859 493 916 527 qui,
929 491 992 519 lit-et

205 540 353 569 Christiani
369 547 511 575 vocentur,
525 540 652 576 rejiciunt
669 539 846 568 nihilominus
863 544 992 572 compro-

205 586 298 614 batum
322 595 337 615 a
368 586 519 620 Scripturis
544 588 579 614 de
601 586 805 614 resurrectione
831 584 939 617 dogma.
959 581 992 610 lli

205 633 280 661 enim
292 640 308 661 e
321 633 378 661 suis
394 633 535 669 principiis
549 633 622 660 nullo
634 632 716 660 modo
727 636 852 659 astruere
867 633 991 665 possunt,

205 685 238 706 ex
255 685 341 713 grano
374 679 460 707 tritici
478 683 525 706 aut
542 678 610 706 alius
621 677 774 713 cuiuspiam
795 675 889 709 stirpis
909 674 993 702 veluti

205 731 349 760 resurgere
377 724 482 759 spicam
505 729 552 752 aut
576 724 714 752 arborem.
734 722 788 750 Nos
802 725 892 749 autem
908 718 995 748 credi-

208 777 271 797 mus
292 770 318 798 id
341 771 414 805 quod
430 770 581 797 seminatur
598 777 652 797 non
677 767 823 801 vivilicari,
842 766 896 795 nisi
919 765 995 802 prius

204 815 350 848 moriatur,
369 822 419 843 nec
441 815 570 842 seminari
585 821 684 849 c0rpus
697 813 769 849 quod
787 811 907 840 futurum
930 814 990 840 est:

204 860 425 896 quandoquidem
442 869 451 887 t
469 860 542 888 Deus
555 860 602 888 dat
614 859 651 886 illi
663 866 765 893 corpus
779 858 851 885 sicut
863 856 936 889 vult;
953 856 990 884 ita

204 912 234 934 ut
249 906 321 941 quod
345 906 510 934 seminatum
526 909 568 932 est
594 905 621 932 in
639 903 825 938 corruptione,
841 905 936 936 surgat
961 901 990 928 in

204 951 423 986 incorruptione;
438 951 510 985 quod
522 949 548 978 in
565 949 742 985 ignobilitate,
750 947 876 983 surgatin
885 945 969 982 gloria
980 953 988 978 ;

203 997 276 1032 quod
301 996 328 1024 in
349 995 518 1028 inﬁrmitate,
533 999 628 1030 surgat
657 993 685 1022 in
707 994 823 1027 virtute;
839 993 912 1027 quod
932 991 990 1019 ani-

205 1041 278 1070 male
298 1049 398 1077 corpus
421 1041 474 1068 fuit
498 1041 672 1072 seminatum,
687 1043 781 1074 surgat
795 1037 958 1074 spiritale“.
976 1045 986 1063 ι

205 1086 338 1118 Quocirca
366 1085 519 1113 doctrinam
548 1084 676 1112 Ecclesia:
702 1083 804 1111 Christi
832 1082 989 1114 retinemus,

207 1135 349 1166 totamque
363 1138 440 1158 suam
455 1129 645 1165 pollicitationi
656 1128 754 1157 divinat
769 1128 915 1156 asscrimus
930 1134 990 1154 ma-

204 1176 394 1212 gnitudinem,
421 1175 528 1210 impleri
556 1183 634 1211 posse
662 1174 735 1202 illam
762 1174 910 1210 probantes
935 1179 989 1200 non

207 1222 298 1250 verbis
320 1226 437 1254 tantum,
456 1221 504 1249 sed
520 1222 603 1249 etiam
619 1221 796 1255 argumentis.
811 1219 905 1254 Neque
917 1219 989 1246 enim

204 1267 274 1294 clam
287 1267 365 1295 nobis
375 1271 426 1300 est,
438 1267 489 1295 etsi
509 1267 606 1294 caelum
623 1272 651 1294 et
663 1270 738 1294 terra
760 1266 907 1293 transitura
924 1265 988 1297 sint.

206 1317 236 1341 ut
252 1316 280 1339 et
299 1313 390 1340 omnia
407 1319 467 1346 quae
482 1312 509 1340 in
533 1313 575 1340 eis
590 1316 664 1344 sunt,
680 1311 763 1339 verba
777 1315 866 1338 tamen
881 1318 940 1345 quae
955 1309 990 1338 de

205 1357 319 1392 singulis
341 1357 454 1392 protulit
477 1357 512 1391 is,
526 1357 572 1392 qui
597 1357 622 1383 in
640 1356 774 1391 principio
790 1355 907 1384 Verbum
929 1359 989 1382 erat

205 1404 276 1438 apud
293 1403 377 1431 Deum
393 1403 463 1431 Deus
476 1402 592 1430 Verbum
607 1402 649 1435 ‘°;
665 1409 718 1430 non
729 1401 900 1436 praeteritum
910 1407 986 1433 esse;

205 1449 304 1483 quippe
318 1455 380 1484 quae
393 1456 456 1483 erga
471 1448 548 1475 illum
566 1452 639 1478 sunt,
656 1451 686 1474 ut
704 1451 797 1482 partes
811 1453 875 1480 erga
891 1450 986 1478 totum,

1038 221 1086 248 καὶ
1104 222 1148 249 ἀεὶ
1164 222 1280 256 ἄγεσθαι
1291 222 1360 249 κατὰ
1373 223 1404 250 τὸ
1419 223 1595 259 ἐνδεχόμενον
1606 223 1657 249 ἐπὶ
1673 222 1706 248 τὺ
1724 221 1829 256 βέλτιον.

1039 267 1086 294 καὶ
1101 267 1151 302 τὴν
1166 267 1214 294 τοῦ
1228 268 1272 302 ἐφ’
1287 269 1352 304 ἡμῖν
1367 268 1446 303 φύσιν
1459 268 1666 303 γιγνώσκοντες
1691 267 1828 302 ἐνδεχομέ-

1040 320 1085 340 νου
1106 312 1125 340 a
1147 313 1283 348 ἐνδέχεται
1299 313 1339 348 (οὐ
1359 314 1414 350 γὰρ
1428 314 1538 342 δύναται
1555 314 1687 350 χωρῆσαι
1702 313 1736 340 τὸ
1750 313 1829 345 πάντη

1039 358 1173 393 ἄτρεπτον
1188 359 1236 385 τοῦ
1248 359 1326 395 Θεοῦ)
1336 368 1342 374 ·
1359 360 1390 386 οὐ
1406 359 1539 395 δοκοῦμεν
1559 360 1626 394 ἄξια
1640 359 1738 393 λέγειν
1753 358 1830 394 βασά-

1040 413 1085 431 νου
1099 406 1146 432 καὶ
1160 405 1319 439 ἐξετάσεως.

1072 450 1117 485 Μὴ
1131 450 1278 477 ὑπονοείτω
1298 450 1326 476 δέ
1346 458 1388 481 τις
1400 450 1489 485 ἡμᾶς,
1506 449 1595 476 ταῦτα
1616 450 1768 484 λέγοντας,
1781 450 1824 475 ἀπ’

1036 493 1147 521 ἐκείνων
1156 492 1226 522 εἶναι
1233 495 1286 522 τῶν
1293 495 1446 530 λεγομένων
1455 495 1505 530 μὲν
1511 494 1698 530 Χριστιανῶν,
1706 494 1826 521 άθετοὺνς

1034 547 1092 567 των
1105 540 1133 567 δὲ
1147 539 1177 567 τὸ
1191 541 1255 576 περὶ
1271 541 1442 573 ἀναστάσεως
1453 541 1524 568 κατὰ
1533 541 1584 572 τὰς
1597 541 1716 576 Γραφὰς
1728 539 1823 575 δόγμα·

1034 584 1133 612 ἐκεῖνοι
1143 585 1192 621 μὲν
1203 585 1257 621 γὰρ
1263 585 1309 612 τὸν
1316 586 1396 613 οἱονεὶ
1405 586 1460 613 ἀπὸ
1469 587 1571 614 κόκκου
1583 586 1660 613 σιτω
1668 587 1767 622 ﬂavo;
1774 586 1825 613 τῶν

1041 630 1142 657 λοιπῶν
1154 631 1327 667 ἀνιστάμενον
1348 633 1446 667 στάχυν
1459 632 1595 668 ῆδένδρον
1604 631 1736 666 οὐδαμῶς
1747 638 1828 665 παρα-

1043 676 1142 711 στῆσαι
1155 677 1271 713 ἔχουσιν,
1279 678 1341 705 ὅσον
1352 679 1397 704 ἐπὶ
1403 677 1443 713 τῷ
1452 677 1598 713 ἀρέσκοντι
1612 675 1737 703 ἑαυτῶν·
1753 675 1829 710 ἡμεῖς

1041 722 1082 754 δὲ,
1091 722 1254 758 πειθόμενοι,
1265 724 1346 751 ὅτιτὸ
1357 725 1534 760 σπειρόμενον
1547 723 1578 750 οὐ
1593 721 1830 754 ζωοποιεῖται,ὲῂ

1046 768 1083 804 μὴ
1099 769 1232 805 ἀποθάνῃ,
1248 770 1296 797 καὶ
1320 770 1362 797 ὅτι
1376 770 1408 797 οὐ
1429 769 1460 796 τὺ
1479 769 1666 804 γενησόμενον
1684 768 1744 803 (80)
1757 767 1830 801 σῶμα

1046 815 1186 850 σπείρεται
1200 814 1243 850 (ιό
1253 815 1308 851 γὰρ
1329 815 1396 847 Θεὸς
1413 815 1488 850 αὐτῷ
1512 815 1606 842 δίδωσι
1630 814 1725 849 σῶμα,
1744 812 1830 844 καθὼς

1041 860 1171 896 ἠθέλησε·
1189 860 1258 896 μετὰ
1269 861 1300 888 τδ
1314 861 1451 898 σπαρῆναι
1474 862 1504 888 ἐν
1524 860 1624 896 φθορᾷ,
1639 859 1759 895 ἐγείρων
1771 858 1830 885 αὐτὸ

1040 905 1070 932 ἐν
1081 905 1220 941 ἀφθαρσίᾳ
1229 913 1236 921 ·
1252 905 1298 933 καὶ
1311 906 1379 941 μετὰ
1391 906 1422 933 τὸ
1440 905 1579 941 σπαρῆναι
1591 905 1661 931 αὑτὸ
1681 905 1713 930 ἐν
1726 903 1827 938 ἀτιμίᾳ,

1040 950 1154 986 ἐγείρων
1164 951 1230 978 αὐτὸ
1243 951 1272 990 ὲθ
1283 951 1347 987 δόξῃ
1356 960 1363 967 ν
1379 951 1426 978 καὶ
1439 950 1508 987 μετά
1520 951 1552 977 τὸ
1562 950 1706 986 σπαρῆναι
1716 949 1748 976 ἐν
1757 948 1828 976 ἀσθε-

1039 996 1109 1031 νείᾳ,
1124 996 1238 1033 ἐγείρων
1249 997 1315 1024 αὐτὸ
1328 998 1357 1024 ἐν
1377 996 1490 1032 δυνάμει
1501 1005 1508 1012 ·
1529 997 1576 1024 καὶ
1595 996 1667 1031 μετά
1679 995 1714 1022 τὺ
1726 994 1827 1028 σπαρί-

1040 1049 1083 1068 ναι
1096 1040 1176 1077 σῶμα
1192 1042 1317 1078 ψυχικὸν,
1334 1042 1448 1077 ἐγείρων
1462 1041 1528 1069 αὐτὸ
1537 1039 1826 1075 πνευματικόν.›)Τησ

1039 1087 1139 1123 ροῦμεν
1154 1088 1202 1115 καὶ
1215 1087 1246 1114 τὸ
1259 1088 1383 1123 βούλημα
1393 1087 1444 1122 τῆς
1460 1085 1624 1121 Ἐκκλησίας
1634 1084 1686 1111 τοῦ
1701 1083 1825 1120 Χριστοῦ,

1039 1131 1086 1159 καὶ
1099 1133 1131 1159 τὸ
1140 1132 1253 1168 μέγεθος
1262 1133 1311 1169 τῆς
1322 1132 1487 1167 ἐπαγγελίας
1496 1131 1544 1158 τοῦ
1555 1130 1636 1163 Θεοῦ,
1649 1129 1827 1165 παριστάντες

1039 1176 1121 1204 αὐτοῦ
1135 1178 1184 1205 καὶ
1197 1177 1227 1205 τὸ
1242 1177 1364 1211 δυνατὸν,
1379 1178 1429 1204 οὐκ
1439 1177 1585 1212 ἀποφάσει,
1599 1175 1670 1203 ἀλλά
1687 1175 1738 1203 καὶ
1748 1175 1825 1210 λόγῳ·

1039 1222 1149 1254 ειδότες,
1160 1224 1201 1250 ὅτι
1217 1223 1268 1251 κᾶν
1280 1223 1393 1260 οὐρανὸς
1405 1223 1452 1250 καὶ
1461 1223 1498 1258 γῆ
1510 1221 1642 1259 παρέλθοι
1659 1221 1732 1256 (81),
1745 1221 1791 1248 καὶ
1799 1220 1827 1246 τὰ

1038 1271 1069 1297 ἐν
1091 1270 1192 1303 αὐτοῖς,
1205 1271 1263 1298 ἀλλ’
1281 1272 1306 1298 οἱ
1329 1272 1394 1307 περὶ
1415 1271 1529 1298 ἑκάστου
1551 1270 1626 1304 λόγοι
1639 1269 1732 1300 ὄντες,
1751 1268 1789 1299 ὠς
1803 1269 1827 1294 ὲν

1038 1315 1090 1350 ὅλῳ
1125 1316 1207 1352 μέρη,
1228 1316 1245 1352 ἦ
1262 1316 1300 1349 ὡς
1317 1317 1346 1344 ἐν
1367 1316 1440 1351 γένει
1462 1316 1531 1352 εἴδη,
1543 1314 1591 1342 τοῦ
1604 1315 1633 1341 ἐν
1649 1315 1726 1349 ἀρχῇ
1747 1313 1826 1347 Λόγου

1039 1359 1109 1395 πρὸς
1130 1365 1176 1392 τὸν
1195 1361 1261 1389 Θεδν
1277 1361 1344 1389 Θεοῦ
1360 1360 1439 1395 λόγου
1455 1357 1582 1394 οὐδαμῶς
1595 1356 1826 1393 παρελεύσονται-

1038 1413 1150 1448 θέλομεν
1172 1410 1227 1446 γὰρ
1250 1408 1358 1436 ἀκούειν
1371 1406 1419 1434 τοῦ
1431 1405 1554 1436 εἰπόντος
1563 1412 1572 1419 ·
1588 1413 1598 1430 ί
1609 1403 1640 1430 Ὀ
1654 1402 1773 1438 οὐρανὸς
1787 1402 1828 1427 καὶ

1038 1459 1055 1494 ἡ
1068 1459 1104 1494 γῆ
1126 1455 1347 1494 παρελεύσονται,
1362 1452 1387 1479 οἱ
1406 1451 1436 1479 δὲ
1449 1451 1523 1486 λόγοι
1542 1458 1593 1486 μου
1608 1449 1640 1476 οὗ
1666 1449 1708 1484 μὴ
1731 1448 1826 1482 παρεὶ-

205 1499 236 1520 ιιι
258 1493 362 1528 species
389 1500 452 1527 erga
478 1500 580 1527 genus;
605 1499 693 1526 neque
719 1496 881 1518 cunctamur
908 1490 986 1518 iidem
1002 1494 1024 1524 α
1041 1490 1136 1532 όῶσὶν·

205 1538 305 1566 habere
320 1538 420 1565 dicenti
435 1545 444 1565 :
458 1546 467 1564 ‹
483 1537 585 1565 leum
602 1542 630 1564 ct
644 1542 716 1565 terra
731 1536 895 1570 transibunt,
908 1536 989 1564 verba

205 1588 295 1612 autem
313 1590 372 1610 mea
391 1591 443 1610 non
458 1581 679 1617 prtcteribunt“.
697 1591 707 1608 ι

238 1628 286 1656 ξπ.
303 1627 359 1655 Nos
388 1627 470 1662 igitur
497 1635 551 1655 non
577 1627 694 1655 dicimus
716 1630 873 1661 corruptum
889 1633 989 1662 corpus

206 1675 296 1703 redire
307 1675 340 1702 ad
352 1675 498 1710 pristinam
519 1678 656 1706 naturam;
678 1677 708 1700 ut
731 1679 819 1707 neque
832 1677 987 1706 corruptum

206 1717 288 1746 tritici
303 1724 417 1752 granum
431 1716 518 1744 denuo
532 1715 591 1742 fieri
604 1722 716 1750 granum
732 1714 813 1742 tritici
824 1713 992 1750 ;scdquem-

205 1763 349 1790 admodum
371 1769 387 1789 e
409 1769 494 1797 grano
513 1760 598 1788 tritici
612 1760 686 1796 spica
703 1759 834 1793 exoritur,
856 1759 897 1787 sic
922 1760 988 1787 insi-

205 1813 260 1837 tam
276 1815 337 1836 esse
355 1808 464 1843 corpori
480 1807 533 1835 vim
549 1806 707 1842 quamdam,
721 1812 784 1841 quae
796 1813 850 1833 non
864 1813 988 1833 corrum-

204 1854 287 1888 pitur,
305 1858 333 1881 et
347 1861 400 1889 qua
414 1853 443 1880 iit
458 1857 489 1882 ut
505 1859 603 1887 corpus
616 1852 643 1879 in
657 1852 859 1887 incorruptione
881 1856 986 1885 surgat.

204 1901 358 1929 Stoicorum
385 1907 450 1928 vero
471 1900 530 1928 haec
556 1899 650 1935 opinio
676 1903 729 1933 est,
755 1906 854 1934 corpus
875 1898 992 1935 omnino

205 1950 362 1982 corruptum
394 1946 427 1974 ad
449 1945 592 1981 pristinam
616 1944 707 1973 redire
731 1949 874 1977 naturam;
899 1949 987 1977 eoque

204 1991 267 2019 illos
291 1992 406 2019 deduxit
435 1999 485 2019 sua
521 1991 604 2023 ratio,
630 1997 674 2018 res
697 1995 759 2025 post
781 1988 985 2017 conversionem

202 2037 282 2073 plane
306 2037 411 2065 similes
439 2043 607 2068 reversuros,
620 2036 801 2070 eamdemque
818 2034 890 2062 illam
911 2034 986 2069 prio-

203 2090 344 2118 rem,qu:e
361 2083 492 2110 dissoluta
516 2087 569 2114 est,
599 2087 698 2108 rursus
719 2087 877 2116 compagem
901 2079 985 2108 fore:

205 2128 286 2164 595
294 2129 373 2162 idque
382 2127 544 2155 necessariis
553 2126 704 2154 rationibus
713 2134 728 2154 e
741 2126 883 2154 dialectica
894 2126 985 2161 petitis

203 2174 354 2209 approbare
368 2173 420 2201 sibi
434 2173 570 2200 videntur.
581 2171 673 2208 Neque
686 2173 767 2200 etiam
779 2173 811 2200 ad
822 2172 984 2200 ab5urdissi-

202 2227 277 2247 mum
293 2218 358 2246 illud
373 2219 527 2253 prasidium
553 2217 733 2253 coniungimus,
757 2217 845 2244 omnia
861 2225 916 2244 esse
931 2216 986 2244 Deo

201 2265 348 2301 possibilia.
365 2265 472 2293 Scimus
494 2265 566 2293 enim
585 2264 649 2291 illud
669 2265 759 2291 omnia
775 2272 827 2290 non
843 2262 985 2297 complecti

203 2318 235 2339 ea
253 2318 314 2345 quae
338 2311 394 2339 ﬁeri
412 2318 491 2346 posse
512 2315 645 2345 repugnat
668 2314 697 2338 et
715 2310 840 2344 cogitari.
866 2309 986 2336 Dicimus

201 2356 284 2384 etiam
298 2356 382 2384 Deum
402 2357 488 2391 turpia
509 2365 562 2384 non
579 2363 676 2392 posse;
691 2354 790 2389 alioqui
807 2355 878 2382 Deus
892 2360 985 2389 posset

201 2406 255 2426 non
269 2406 330 2427 esse
342 2400 423 2428 Deus.
439 2399 505 2427 Nam
520 2400 542 2427 si
558 2399 620 2434 quid
636 2403 713 2434 turpe
734 2399 805 2426 Deus
818 2399 892 2430 facit.
913 2398 984 2427 Deus

202 2452 255 2472 non
275 2449 326 2472 est.
347 2444 424 2478 Quod
443 2450 533 2473 autem
557 2445 632 2479 ponit
658 2445 740 2472 Deum
767 2452 819 2473 non
840 2445 910 2473 velle
924 2453 984 2479 qua:

201 2494 264 2518 sunt
282 2496 376 2518 contra
393 2496 537 2524 naturam,
565 2492 786 2526 distinguendum
810 2496 861 2519 est.
890 2491 985 2521 Verbis

200 2536 257 2563 illis
268 2536 290 2564 si
304 2537 365 2571 quis
377 2537 506 2564 malitiam
521 2536 655 2572 designat,
664 2545 793 2572 negamus
802 2543 827 2565 et
837 2546 886 2566 nos
900 2538 983 2566 Deum

200 2581 270 2608 velle
288 2589 350 2616 quae
371 2587 469 2609 contra
490 2586 614 2609 naturam
640 2588 714 2615 sunt,
731 2590 792 2618 quae
816 2583 885 2610 mala
909 2587 984 2615 sunt,

201 2634 262 2663 qua:
293 2627 392 2655 rationi
412 2631 476 2654 sunt
492 2628 649 2662 contraria;
671 2627 713 2655 sin
739 2634 828 2656 autem
853 2629 984 2664 quidquid

237 2682 261 2698 ²⁹
275 2681 284 2709 Ι
300 2682 364 2710 Cot'.
388 2689 436 2716 xv,
460 2682 505 2714 56,
533 2683 578 2714 57,
596 2683 641 2716 58,
658 2683 705 2716 42,
721 2684 768 2716 45,
783 2684 830 2713 44.
869 2685 891 2701 ³⁰
906 2685 983 2715 Joan.

235 2737 293 2774 (80)
309 2739 350 2774 Ορ
373 2737 406 2764 τὸ
431 2739 642 2774 γενησόμενον.
659 2741 700 2767 An
725 2741 895 2768 scribeudmu
910 2743 940 2769 οὺ
956 2744 986 2770 τὸ

198 2772 449 2812 γεννηθησόμενονῖ
459 2774 524 2812 Διγοιι
538 2772 662 2812 displicet
676 2775 784 2812 Quieto.
800 2776 935 2812 (laterum
952 2779 985 2805 de

200 2808 405 2834 resurrectione
421 2808 484 2843 quid
503 2809 617 2838 senserit
639 2809 781 2846 Origenes,
796 2811 854 2839 fuse
865 2813 985 2846 aperitur

1071 1586 1167 1622 Ἡμεῖς
1181 1586 1230 1621 μὲν
1242 1583 1289 1613 οὖν
1309 1583 1340 1612 οῦ
1356 1591 1446 1620 φαμεν
1459 1583 1490 1610 τὸ
1507 1581 1657 1616 διαφθαρὲν
1673 1580 1758 1614 σῶμα
1776 1581 1821 1606 ὲπδ

1029 1631 1192 1667 ἀνέρχεσθαι
1205 1631 1246 1662 είς
1261 1630 1309 1666 τὴν
1323 1630 1353 1663 ἐξ
1367 1629 1454 1665 ἀρχῆς
1468 1628 1564 1663 φύσιν,
1577 1627 1615 1658 ὼς
1626 1625 1691 1652 οὐδὲ
1707 1625 1755 1651 τὴν
1768 1625 1821 1651 δια-

1030 1677 1170 1713 φθαρέντα
1196 1676 1296 1703 κόκκον
1319 1675 1367 1702 τοῦ
1393 1675 1468 1701 σίτου
1492 1671 1694 1709 ἐπανέρχεσθαι
1721 1671 1764 1702 εἰς
1781 1670 1821 1696 τὸν

1035 1727 1134 1754 κόκκον
1160 1723 1207 1751 τοῦ
1233 1724 1323 1750 σίτου·
1356 1721 1472 1757 λέγομεν
1497 1719 1551 1755 γὰρ
1585 1719 1681 1752 ὥσπερ
1710 1716 1761 1743 ἐπὶ
1785 1713 1826 1741 τοῦ

1035 1773 1134 1800 κόκκου
1158 1769 1205 1797 τοῦ
1233 1770 1306 1796 σίτου
1335 1768 1470 1803 ἐγείρεται
1498 1765 1618 1800 στάχυς,
1649 1763 1727 1790 οὕτω
1754 1762 1827 1795 λόγος

1034 1826 1077 1849 τις
1101 1816 1221 1851 ἔγκειται
1246 1814 1285 1850 τῷ
1310 1814 1427 1850 σώματι,
1452 1813 1497 1847 ἀφ’
1523 1808 1555 1839 οὗ
1583 1811 1620 1846 μὴ
1646 1808 1826 1844 φθειρομένου

1035 1862 1169 1897 ἐγείρεται
1200 1860 1232 1887 τὸ
1259 1858 1338 1894 σῶμα
1359 1859 1389 1884 ἐν
1409 1856 1562 1892 ἀφθαρσίᾳ.
1592 1854 1623 1881 οι
1638 1854 1690 1890 μέν
1712 1862 1757 1880 τοι
1779 1851 1827 1879 ἀπὸ

1035 1908 1086 1942 τῆς
1108 1907 1192 1938 Στοᾶς
1221 1905 1250 1932 τὺ
1265 1905 1352 1940 πάντη
1378 1902 1527 1939 διαφθαρὲν
1555 1900 1635 1936 σῶμά
1655 1907 1744 1934 φασιν
1765 1899 1826 1924 ἐπι-

1035 1953 1177 1989 νέρχεσθαι
1192 1953 1232 1983 εἰς
1245 1950 1294 1986 τὴν
1308 1950 1336 1983 ἐξ
1351 1949 1438 1985 ἀρχῆς
1461 1948 1552 1983 φύσιν,
1567 1946 1611 1973 διὰ
1627 1945 1664 1972 τὰ
1680 1945 1826 1980 δεδογμένα

1035 1998 1126 2030 αὐτοῖς
1147 1997 1212 2032 περὶ
1224 1995 1278 2022 τῶν
1302 1995 1372 2022 κατά
1397 1993 1519 2030 περίοδον
1536 1991 1772 2028 ἀπαραλλάκτων,
1785 1990 1826 2016 καὶ

1035 2043 1120 2078 αὐτὴν
1145 2041 1261 2076 ἐκείνην,
1287 2040 1316 2073 ἐξ
1337 2038 1372 2076 ἦς
1395 2039 1487 2075 ἐλύθη,
1503 2039 1554 2074 τὴν
1574 2036 1690 2073 πρώτην
1731 2035 1824 2062 σύστα-

1036 2097 1079 2115 σιν
1121 2086 1202 2113 πάλιν
1236 2086 1303 2121 φασὶ
1333 2084 1532 2120 συστήσεσθαιο
1564 2082 1756 2113 διαλεκτικοῖς
1784 2081 1826 2113 (ὡς

1035 2131 1163 2168 οἴονται,)
1180 2131 1312 2165 ἀνάγκαις
1328 2129 1415 2157 ταῦτα
1437 2128 1628 2164 παριστάντες.
1648 2127 1708 2154 Καὶ
1725 2127 1777 2153 οὐκ
1791 2126 1824 2156 εἰς

1036 2177 1215 2213 ἀτοπωτάτην
1230 2185 1262 2211 γε
1281 2175 1453 2211 ἀναχώρησιν
1468 2172 1676 2209 ἀναχωροῦμεν,
1690 2171 1824 2206 λέγονπς,

1035 2225 1076 2252 ὃτι
1092 2223 1152 2251 πᾶν
1165 2222 1295 2250 δυνατὸν
1313 2221 1352 2254 τῷ
1365 2221 1426 2254 Θεῷ
1435 2229 1442 2236 ·
1461 2220 1572 2255 οἴδαμεν
1586 2219 1642 2254 γὰρ
1653 2218 1769 2245 ἀκούειν
1782 2216 1824 2244 τοῦ

1035 2269 1097 2296 πᾶν
1111 2269 1162 2295 οὐκ
1176 2268 1222 2295 ἐπὶ
1238 2268 1292 2294 τῶν
1308 2266 1497 2302 ἀνυπάρκτων,
1510 2264 1566 2291 οὐδ’
1576 2265 1623 2291 ἐπὶ
1634 2263 1692 2290 τῶν
1707 2263 1825 2298 ἀδιανοή-

1033 2323 1098 2342 των.
1123 2313 1214 2349 Φαμὲν
1229 2313 1258 2340 δὲ
1270 2313 1330 2348 ,καὶ
1347 2312 1388 2338 ὁτι
1409 2311 1440 2337 οὐ
1460 2310 1571 2337 δύναται
1587 2308 1691 2345 αἰσχρὰ
1714 2309 1730 2335 ὸ
1753 2307 1824 2338 Θεὸς.

1035 2361 1096 2387 ἐπεὶ
1111 2359 1187 2386 ἔσται
1203 2359 1217 2386 ὁ
1237 2358 1303 2389 Θεὸς
1322 2357 1467 2392 δυνάμενος
1485 2356 1522 2391 μὴ
1536 2352 1606 2381 εἶναι
1623 2354 1710 2385 Θεός·
1735 2353 1760 2380 εἰ
1777 2352 1824 2387 γὰρ

1036 2405 1148 2440 αἰσχρόν
1164 2413 1190 2431 τι
1209 2403 1261 2439 δρᾷ
1283 2403 1296 2429 ό
1312 2402 1385 2434 Θεὸς,
1412 2401 1462 2427 οὐκ
1478 2401 1535 2427 ἔστι
1551 2399 1628 2432 Θεός.
1653 2399 1736 2426 Ἐπεὶ
1751 2398 1778 2425 δὲ
1791 2397 1823 2423 τί-

1036 2451 1125 2486 θησιν,
1151 2451 1192 2476 ὅτι
1209 2450 1255 2476 καὶ
1270 2449 1305 2476 τὰ
1327 2447 1402 2483 παρὰ
1417 2447 1497 2482 φύσιν
1511 2447 1525 2472 ὁ
1543 2446 1611 2478 Θεὸς
1636 2445 1668 2472 οῦ
1695 2444 1822 2480 βούλεται.

1035 2495 1243 2532 διαστελλόμεθα
1262 2495 1292 2520 τὸ
1311 2494 1472 2528 λεγόμενονο
1491 2492 1531 2518 ὅτι
1546 2492 1570 2517 εἰ
1587 2490 1637 2526 μὲν
1653 2490 1735 2526 παρὰ
1751 2489 1822 2523 φῦσιν

1035 2551 1076 2574 τις
1090 2542 1139 2577 τὴν
1154 2541 1252 2568 κακίαν
1265 2539 1349 2573 λέγει,
1365 2539 1412 2565 καὶ
1425 2539 1506 2573 ἡμεῖς
1521 2537 1648 2571 λέγομεν,
1663 2536 1706 2563 ὅτι
1726 2535 1757 2562 οὖ
1771 2534 1820 2569 βού-

1034 2588 1110 2615 λεται
1123 2586 1158 2613 τὰ
1170 2585 1245 2622 παρὰ
1260 2585 1340 2620 φύσιν
1351 2585 1365 2611 ό
1377 2584 1454 2615 Θεὺς,
1467 2583 1528 2609 οὔτε
1539 2582 1574 2609 τὰ
1588 2582 1645 2608 ἀπὸ
1658 2581 1761 2612 κακίας
1768 2579 1819 2606 οὔτε

1037 2633 1071 2660 τὰ
1087 2632 1190 2667 ἀλόγως
1205 2631 1348 2666 γινόμενα·
1371 2630 1395 2655 ει
1414 2629 1442 2655 δέ
1456 2628 1490 2654 τὰ
1507 2627 1579 2654 κατὰ
1593 2626 1679 2660 λόγον
1699 2625 1766 2653 Θεοῦ
1782 2622 1818 2650 καῖ

1008 2695 1029 2720 ι,
1054 2688 1079 2714 Ι.
1118 2688 1138 2703 ²¹
1166 2687 1261 2714 Matth.
1280 2694 1354 2719 χχιι,
1371 2685 1414 2712 55.

1040 2744 1088 2772 lib.
1101 2752 1118 2771 ιι
1135 2744 1365 2775 Oriqruianarum,
1377 2746 1475 2776 quaest.
1492 2741 1519 2769 9.

1075 2780 1130 2815 (8i)
1145 2779 1223 2808 Libb.
1237 2779 1301 2806 editi
1318 2779 1344 2806 in
1362 2775 1494 2812 margine,
1513 2775 1650 2812 παρέλθῃ,
