  <div class='ocr_page' id='page_1' title='image "/cluster/home/n/w/nwhite01/storage/ocr_20150623/11/njp.32101077772414/728.png"; bbox 0 0 1877 3100; ppageno 0'>
   <div class='ocr_carea' id='block_1_1' title="bbox 33 141 109 169">
    <p class='ocr_par' dir='ltr' id='par_1_1' title="bbox 33 141 109 169">
     <span class='ocr_line' id='line_1_1' title="bbox 33 141 109 169; baseline 0.013 -1"><span class='ocrx_word' id='word_1_1' title='bbox 33 141 109 169; x_wconf 75' lang='grc'><strong>1217</strong></span> 
     </span>
    </p>
   </div>
   <div class='ocr_carea' id='block_1_2' title="bbox 655 143 1080 173">
    <p class='ocr_par' dir='ltr' id='par_1_2' title="bbox 655 143 1080 173">
     <span class='ocr_line' id='line_1_2' title="bbox 655 143 1080 173; baseline -0.005 -1"><span class='ocrx_word' id='word_1_2' title='bbox 655 144 793 173; x_wconf 77' lang='lat' dir='ltr'><strong>CONTRA</strong></span> <span class='ocrx_word' id='word_1_3' title='bbox 810 143 948 173; x_wconf 81' lang='lat' dir='ltr'><strong>CELSUM</strong></span> <span class='ocrx_word' id='word_1_4' title='bbox 966 143 1030 170; x_wconf 84' lang='lat' dir='ltr'><strong>LIB.</strong></span> <span class='ocrx_word' id='word_1_5' title='bbox 1047 143 1080 171; x_wconf 84' lang='lat' dir='ltr'><strong>V.</strong></span> 
     </span>
    </p>
   </div>
   <div class='ocr_carea' id='block_1_3' title="bbox 1593 143 1662 173">
    <p class='ocr_par' dir='ltr' id='par_1_3' title="bbox 1593 143 1662 173">
     <span class='ocr_line' id='line_1_3' title="bbox 1593 143 1662 173; baseline 0 -1"><span class='ocrx_word' id='word_1_6' title='bbox 1593 143 1662 173; x_wconf 66' lang='lat'><strong>1213</strong></span> 
     </span>
    </p>
   </div>
   <div class='ocr_carea' id='block_1_4' title="bbox 33 198 802 237">
    <p class='ocr_par' dir='ltr' id='par_1_4' title="bbox 33 199 802 237">
     <span class='ocr_line' id='line_1_4' title="bbox 33 199 802 237; baseline 0.004 -12"><span class='ocrx_word' id='word_1_7' title='bbox 33 199 165 235; x_wconf 84' lang='grc' dir='ltr'>βούλησιν</span> <span class='ocrx_word' id='word_1_8' title='bbox 177 199 260 226; x_wconf 83' lang='grc' dir='ltr'>αὺτοῦ</span> <span class='ocrx_word' id='word_1_9' title='bbox 273 199 403 234; x_wconf 85' lang='grc' dir='ltr'>γινόμενα</span> <span class='ocrx_word' id='word_1_10' title='bbox 416 199 572 235; x_wconf 81' lang='grc' dir='ltr'><strong>ἀναγκαίως</strong></span> <span class='ocrx_word' id='word_1_11' title='bbox 588 200 692 233; x_wconf 83' lang='grc' dir='ltr'>εὐθέως</span> <span class='ocrx_word' id='word_1_12' title='bbox 706 200 775 228; x_wconf 84' lang='grc' dir='ltr'>εἶναι</span> <span class='ocrx_word' id='word_1_13' title='bbox 791 210 802 237; x_wconf 63' lang='grc' dir='ltr'><strong>ιι</strong></span> 
     </span>
    </p>
   </div>
   <div class='ocr_carea' id='block_1_5' title="bbox 882 198 1662 237">
    <p class='ocr_par' dir='ltr' id='par_1_5' title="bbox 882 198 1662 232">
     <span class='ocr_line' id='line_1_5' title="bbox 882 198 1662 232; baseline -0.001 -3"><span class='ocrx_word' id='word_1_14' title='bbox 882 201 993 229; x_wconf 88' lang='lat' dir='ltr'><strong>consilio</strong></span> <span class='ocrx_word' id='word_1_15' title='bbox 1003 199 1051 226; x_wconf 85' lang='lat' dir='ltr'><strong>Dei</strong></span> <span class='ocrx_word' id='word_1_16' title='bbox 1067 203 1095 226; x_wconf 86' lang='lat' dir='ltr'><strong>et</strong></span> <span class='ocrx_word' id='word_1_17' title='bbox 1105 198 1245 226; x_wconf 86' lang='lat' dir='ltr'><strong>voluntate</strong></span> <span class='ocrx_word' id='word_1_18' title='bbox 1263 199 1302 232; x_wconf 79' lang='lat' dir='ltr'><strong>fit,</strong></span> <span class='ocrx_word' id='word_1_19' title='bbox 1319 198 1345 226; x_wconf 88' lang='lat' dir='ltr'><strong>id</strong></span> <span class='ocrx_word' id='word_1_20' title='bbox 1358 199 1511 227; x_wconf 79' lang='lat' dir='ltr'><strong>necessario</strong></span> <span class='ocrx_word' id='word_1_21' title='bbox 1528 201 1662 228; x_wconf 79' lang='lat' dir='ltr'><strong>contuen-</strong></span> 
     </span>
    </p>
   </div>
   <div class='ocr_carea' id='block_1_6' title="bbox 33 243 825 281">
    <p class='ocr_par' dir='ltr' id='par_1_6' title="bbox 33 243 825 281">
     <span class='ocr_line' id='line_1_6' title="bbox 33 243 825 281; baseline 0.004 -11"><span class='ocrx_word' id='word_1_22' title='bbox 33 243 112 280; x_wconf 85' lang='grc' dir='ltr'><strong>παρά</strong></span> <span class='ocrx_word' id='word_1_23' title='bbox 125 243 214 279; x_wconf 85' lang='grc' dir='ltr'>φύσιν,</span> <span class='ocrx_word' id='word_1_24' title='bbox 229 245 259 271; x_wconf 84' lang='grc' dir='ltr'>οὐ</span> <span class='ocrx_word' id='word_1_25' title='bbox 277 244 352 279; x_wconf 87' lang='grc' dir='ltr'>παρὰ</span> <span class='ocrx_word' id='word_1_26' title='bbox 368 244 448 279; x_wconf 88' lang='grc' dir='ltr'>φύσιν</span> <span class='ocrx_word' id='word_1_27' title='bbox 463 245 497 272; x_wconf 86' lang='grc' dir='ltr'><strong>τὰ</strong></span> <span class='ocrx_word' id='word_1_28' title='bbox 519 245 694 281; x_wconf 85' lang='grc' dir='ltr'>πραττόμενα</span> <span class='ocrx_word' id='word_1_29' title='bbox 708 247 760 273; x_wconf 81' lang='grc' dir='ltr'>ὑπὸ</span> <span class='ocrx_word' id='word_1_30' title='bbox 777 247 825 273; x_wconf 86' lang='grc' dir='ltr'><strong>τοῦ</strong></span> 
     </span>
    </p>
   </div>
   <div class='ocr_carea' id='block_1_7' title="bbox 32 285 824 327">
    <p class='ocr_par' dir='ltr' id='par_1_7' title="bbox 32 285 824 327">
     <span class='ocr_line' id='line_1_7' title="bbox 32 285 824 327; baseline 0.004 -11"><span class='ocrx_word' id='word_1_31' title='bbox 32 285 114 322; x_wconf 82' lang='grc' dir='ltr'>Θεοῦ,</span> <span class='ocrx_word' id='word_1_32' title='bbox 136 290 187 317; x_wconf 80' lang='grc' dir='ltr'><strong>κᾶν</strong></span> <span class='ocrx_word' id='word_1_33' title='bbox 205 290 345 325; x_wconf 81' lang='grc' dir='ltr'>παράδοξα</span> <span class='ocrx_word' id='word_1_34' title='bbox 360 289 388 326; x_wconf 83' lang='grc' dir='ltr'>ᾖ,</span> <span class='ocrx_word' id='word_1_35' title='bbox 411 291 428 326; x_wconf 87' lang='grc' dir='ltr'>ἢ</span> <span class='ocrx_word' id='word_1_36' title='bbox 446 290 576 317; x_wconf 84' lang='grc' dir='ltr'>δοκοῦντά</span> <span class='ocrx_word' id='word_1_37' title='bbox 598 300 653 318; x_wconf 83' lang='grc' dir='ltr'>τισι</span> <span class='ocrx_word' id='word_1_38' title='bbox 674 291 824 327; x_wconf 84' lang='grc' dir='ltr'>παράδοξα.</span> 
     </span>
    </p>
   </div>
   <div class='ocr_carea' id='block_1_8' title="bbox 31 334 826 373">
    <p class='ocr_par' dir='ltr' id='par_1_8' title="bbox 31 334 826 373">
     <span class='ocr_line' id='line_1_8' title="bbox 31 334 826 373; baseline 0.004 -12"><span class='ocrx_word' id='word_1_39' title='bbox 31 335 66 362; x_wconf 78' lang='lat' dir='ltr'><strong>El</strong></span> <span class='ocrx_word' id='word_1_40' title='bbox 84 335 114 362; x_wconf 82' lang='grc' dir='ltr'><strong>δὲ</strong></span> <span class='ocrx_word' id='word_1_41' title='bbox 130 335 183 371; x_wconf 82' lang='grc' dir='ltr'>χρὴ</span> <span class='ocrx_word' id='word_1_42' title='bbox 210 334 396 370; x_wconf 73' lang='grc' dir='ltr'>βεϐιασμένως</span> <span class='ocrx_word' id='word_1_43' title='bbox 413 335 556 371; x_wconf 88' lang='grc' dir='ltr'>ὀνομάσαι,</span> <span class='ocrx_word' id='word_1_44' title='bbox 575 337 700 373; x_wconf 79' lang='grc' dir='ltr'><strong>ἐροῦμεν,</strong></span> <span class='ocrx_word' id='word_1_45' title='bbox 725 338 766 364; x_wconf 85' lang='grc' dir='ltr'>ὅτι</span> <span class='ocrx_word' id='word_1_46' title='bbox 788 338 826 370; x_wconf 80' lang='grc' dir='ltr'>ὡς</span> 
     </span>
    </p>
   </div>
   <div class='ocr_carea' id='block_1_9' title="bbox 33 380 825 420">
    <p class='ocr_par' dir='ltr' id='par_1_9' title="bbox 33 380 825 420">
     <span class='ocr_line' id='line_1_9' title="bbox 33 380 825 420; baseline 0.004 -13"><span class='ocrx_word' id='word_1_47' title='bbox 33 381 105 417; x_wconf 86' lang='grc' dir='ltr'>πρὸς</span> <span class='ocrx_word' id='word_1_48' title='bbox 122 380 170 416; x_wconf 83' lang='grc' dir='ltr'>τὴν</span> <span class='ocrx_word' id='word_1_49' title='bbox 183 381 337 417; x_wconf 79' lang='grc' dir='ltr'><strong>κοινοτέραν</strong></span> <span class='ocrx_word' id='word_1_50' title='bbox 353 382 501 417; x_wconf 80' lang='grc' dir='ltr'><strong>νοουμένην</strong></span> <span class='ocrx_word' id='word_1_51' title='bbox 516 382 595 417; x_wconf 77' lang='grc' dir='ltr'>φύσιν</span> <span class='ocrx_word' id='word_1_52' title='bbox 609 383 666 409; x_wconf 82' lang='grc' dir='ltr'>ὲστί</span> <span class='ocrx_word' id='word_1_53' title='bbox 677 391 739 410; x_wconf 82' lang='grc' dir='ltr'>τινα</span> <span class='ocrx_word' id='word_1_54' title='bbox 754 384 825 420; x_wconf 78' lang='grc' dir='ltr'>ὑπὲρ</span> 
     </span>
    </p>
   </div>
   <div class='ocr_carea' id='block_1_10' title="bbox 32 426 825 464">
    <p class='ocr_par' dir='ltr' id='par_1_10' title="bbox 32 426 825 464">
     <span class='ocr_line' id='line_1_10' title="bbox 32 426 825 464; baseline 0.003 -11"><span class='ocrx_word' id='word_1_55' title='bbox 32 427 83 463; x_wconf 83' lang='grc' dir='ltr'><strong>τὴν</strong></span> <span class='ocrx_word' id='word_1_56' title='bbox 98 426 179 461; x_wconf 84' lang='grc' dir='ltr'>φύσιν</span> <span class='ocrx_word' id='word_1_57' title='bbox 190 426 209 453; x_wconf 77' lang='grc' dir='ltr'><strong>ἃ</strong></span> <span class='ocrx_word' id='word_1_58' title='bbox 222 428 333 462; x_wconf 85' lang='grc' dir='ltr'>ποιήσαι</span> <span class='ocrx_word' id='word_1_59' title='bbox 345 427 378 454; x_wconf 83' lang='grc' dir='ltr'><strong>ἄν</strong></span> <span class='ocrx_word' id='word_1_60' title='bbox 393 435 458 453; x_wconf 81' lang='grc' dir='ltr'>ποτε</span> <span class='ocrx_word' id='word_1_61' title='bbox 476 427 552 460; x_wconf 84' lang='grc' dir='ltr'>Θεὸς,</span> <span class='ocrx_word' id='word_1_62' title='bbox 571 428 642 464; x_wconf 80' lang='grc' dir='ltr'>ὑπὲρ</span> <span class='ocrx_word' id='word_1_63' title='bbox 654 428 705 464; x_wconf 83' lang='grc' dir='ltr'>τὴν</span> <span class='ocrx_word' id='word_1_64' title='bbox 721 429 825 464; x_wconf 84' lang='grc' dir='ltr'>ἀνθρω-</span> 
     </span>
    </p>
   </div>
   <div class='ocr_carea' id='block_1_11' title="bbox 33 472 825 508">
    <p class='ocr_par' dir='ltr' id='par_1_11' title="bbox 33 472 825 508">
     <span class='ocr_line' id='line_1_11' title="bbox 33 472 825 508; baseline 0.004 -10"><span class='ocrx_word' id='word_1_65' title='bbox 33 473 116 508; x_wconf 87' lang='grc' dir='ltr'>πίνην</span> <span class='ocrx_word' id='word_1_66' title='bbox 137 472 218 507; x_wconf 79' lang='grc' dir='ltr'>φύσιν</span> <span class='ocrx_word' id='word_1_67' title='bbox 241 473 412 505; x_wconf 71' lang='grc' dir='ltr'>ἀναϐιϐάζων</span> <span class='ocrx_word' id='word_1_68' title='bbox 435 473 482 500; x_wconf 86' lang='grc' dir='ltr'><strong>τὸν</strong></span> <span class='ocrx_word' id='word_1_69' title='bbox 502 473 659 508; x_wconf 81' lang='grc' dir='ltr'>ἄνθρωπον,</span> <span class='ocrx_word' id='word_1_70' title='bbox 677 475 724 501; x_wconf 74' lang='grc' dir='ltr'>καὶ</span> <span class='ocrx_word' id='word_1_71' title='bbox 741 474 825 501; x_wconf 84' lang='grc' dir='ltr'>ποιῶν</span> 
     </span>
    </p>
   </div>
   <div class='ocr_carea' id='block_1_12' title="bbox 33 518 823 555">
    <p class='ocr_par' dir='ltr' id='par_1_12' title="bbox 33 518 823 555">
     <span class='ocr_line' id='line_1_12' title="bbox 33 518 823 555; baseline 0.001 -10"><span class='ocrx_word' id='word_1_72' title='bbox 33 519 117 546; x_wconf 83' lang='grc' dir='ltr'>αὐτὸν</span> <span class='ocrx_word' id='word_1_73' title='bbox 135 519 310 554; x_wconf 78' lang='grc' dir='ltr'>μεταϐάλλειν</span> <span class='ocrx_word' id='word_1_74' title='bbox 326 518 373 545; x_wconf 80' lang='grc' dir='ltr'><strong>ἐπὶ</strong></span> <span class='ocrx_word' id='word_1_75' title='bbox 393 518 473 553; x_wconf 74' lang='grc' dir='ltr'>φύσιν</span> <span class='ocrx_word' id='word_1_76' title='bbox 497 518 638 555; x_wconf 86' lang='grc' dir='ltr'>κρείττονα</span> <span class='ocrx_word' id='word_1_77' title='bbox 657 519 705 546; x_wconf 76' lang='grc' dir='ltr'>καὶ</span> <span class='ocrx_word' id='word_1_78' title='bbox 722 519 823 546; x_wconf 84' lang='grc' dir='ltr'>θειοτέ-</span> 
     </span>
    </p>
   </div>
   <div class='ocr_carea' id='block_1_13' title="bbox 35 564 824 600">
    <p class='ocr_par' dir='ltr' id='par_1_13' title="bbox 35 564 824 600">
     <span class='ocr_line' id='line_1_13' title="bbox 35 564 824 600; baseline 0.001 -9"><span class='ocrx_word' id='word_1_79' title='bbox 35 573 94 600; x_wconf 87' lang='grc' dir='ltr'>ραν·</span> <span class='ocrx_word' id='word_1_80' title='bbox 107 565 154 591; x_wconf 75' lang='grc' dir='ltr'>καὶ</span> <span class='ocrx_word' id='word_1_81' title='bbox 165 564 256 600; x_wconf 85' lang='grc' dir='ltr'><strong>τηρῶν</strong></span> <span class='ocrx_word' id='word_1_82' title='bbox 274 564 406 596; x_wconf 83' lang='grc' dir='ltr'>τοιοῦτον,</span> <span class='ocrx_word' id='word_1_83' title='bbox 419 565 480 590; x_wconf 83' lang='grc' dir='ltr'>ὅσον</span> <span class='ocrx_word' id='word_1_84' title='bbox 498 564 552 599; x_wconf 67' lang='grc'>(82)</span> <span class='ocrx_word' id='word_1_85' title='bbox 568 564 615 591; x_wconf 76' lang='grc' dir='ltr'><strong>καὶ</strong></span> <span class='ocrx_word' id='word_1_86' title='bbox 629 565 643 591; x_wconf 85' lang='grc'>6</span> <span class='ocrx_word' id='word_1_87' title='bbox 658 564 824 600; x_wconf 71' lang='grc' dir='ltr'>’πηρούμενος</span> 
     </span>
    </p>
   </div>
   <div class='ocr_carea' id='block_1_14' title="bbox 33 607 648 647">
    <p class='ocr_par' dir='ltr' id='par_1_14' title="bbox 33 607 648 647">
     <span class='ocr_line' id='line_1_14' title="bbox 33 607 648 647; baseline -0.003 -9"><span class='ocrx_word' id='word_1_88' title='bbox 33 610 68 637; x_wconf 82' lang='grc' dir='ltr'><strong>δι’</strong></span> <span class='ocrx_word' id='word_1_89' title='bbox 82 607 122 638; x_wconf 82' lang='grc' dir='ltr'><strong>ὧν</strong></span> <span class='ocrx_word' id='word_1_90' title='bbox 138 611 252 647; x_wconf 82' lang='grc' dir='ltr'><strong>πράττει</strong></span> <span class='ocrx_word' id='word_1_91' title='bbox 269 610 444 645; x_wconf 84' lang='grc' dir='ltr'>παρίστησιν,</span> <span class='ocrx_word' id='word_1_92' title='bbox 459 610 500 637; x_wconf 72' lang='grc' dir='ltr'>ὄπι</span> <span class='ocrx_word' id='word_1_93' title='bbox 514 610 648 645; x_wconf 85' lang='grc' dir='ltr'>βούλεται.</span> 
     </span>
    </p>
   </div>
   <div class='ocr_carea' id='block_1_15' title="bbox 69 697 823 733">
    <p class='ocr_par' dir='ltr' id='par_1_15' title="bbox 69 697 823 733">
     <span class='ocr_line' id='line_1_15' title="bbox 69 697 823 733; baseline -0.001 -7"><span class='ocrx_word' id='word_1_94' title='bbox 69 699 163 732; x_wconf 78' lang='grc' dir='ltr'>’Ἀπαξ</span> <span class='ocrx_word' id='word_1_95' title='bbox 177 699 200 726; x_wconf 84' lang='grc' dir='ltr'><strong>δ’</strong></span> <span class='ocrx_word' id='word_1_96' title='bbox 219 699 352 731; x_wconf 73' lang='grc' dir='ltr'>εἰπόντες,</span> <span class='ocrx_word' id='word_1_97' title='bbox 369 698 409 725; x_wconf 82' lang='grc' dir='ltr'><strong>ὅτι</strong></span> <span class='ocrx_word' id='word_1_98' title='bbox 430 698 506 725; x_wconf 80' lang='grc' dir='ltr'>οὐδὲν</span> <span class='ocrx_word' id='word_1_99' title='bbox 529 697 566 733; x_wconf 79' lang='grc' dir='ltr'>μὴ</span> <span class='ocrx_word' id='word_1_100' title='bbox 581 697 685 733; x_wconf 79' lang='grc' dir='ltr'>πρέπον</span> <span class='ocrx_word' id='word_1_101' title='bbox 705 697 794 733; x_wconf 75' lang='grc' dir='ltr'>ἑαυτῷ</span> <span class='ocrx_word' id='word_1_102' title='bbox 808 699 823 725; x_wconf 86' lang='lat'><strong>6</strong></span> 
     </span>
    </p>
   </div>
   <div class='ocr_carea' id='block_1_16' title="bbox 33 739 823 779">
    <p class='ocr_par' dir='ltr' id='par_1_16' title="bbox 33 739 823 779">
     <span class='ocr_line' id='line_1_16' title="bbox 33 739 823 779; baseline -0.003 -8"><span class='ocrx_word' id='word_1_103' title='bbox 33 744 99 777; x_wconf 87' lang='grc' dir='ltr'>Θεὸς</span> <span class='ocrx_word' id='word_1_104' title='bbox 110 744 245 779; x_wconf 85' lang='grc' dir='ltr'>βούλεται,</span> <span class='ocrx_word' id='word_1_105' title='bbox 266 742 437 779; x_wconf 75' lang='grc' dir='ltr'>ἀναιρετικὸν</span> <span class='ocrx_word' id='word_1_106' title='bbox 450 743 583 777; x_wconf 85' lang='grc' dir='ltr'>τυγχάνον</span> <span class='ocrx_word' id='word_1_107' title='bbox 599 741 646 769; x_wconf 83' lang='grc' dir='ltr'><strong>τοῦ</strong></span> <span class='ocrx_word' id='word_1_108' title='bbox 659 739 728 768; x_wconf 77' lang='grc' dir='ltr'>εἶναι</span> <span class='ocrx_word' id='word_1_109' title='bbox 742 742 823 769; x_wconf 83' lang='grc' dir='ltr'>αὐτὸν</span> 
     </span>
    </p>
   </div>
   <div class='ocr_carea' id='block_1_17' title="bbox 33 789 823 826">
    <p class='ocr_par' dir='ltr' id='par_1_17' title="bbox 33 789 823 826">
     <span class='ocr_line' id='line_1_17' title="bbox 33 789 823 826; baseline -0.004 -8"><span class='ocrx_word' id='word_1_110' title='bbox 33 791 110 823; x_wconf 89' lang='grc' dir='ltr'>Θεὸν,</span> <span class='ocrx_word' id='word_1_111' title='bbox 123 791 257 826; x_wconf 79' lang='grc' dir='ltr'>φήσομεν,</span> <span class='ocrx_word' id='word_1_112' title='bbox 273 791 324 822; x_wconf 82' lang='grc' dir='ltr'>ὅτι,</span> <span class='ocrx_word' id='word_1_113' title='bbox 340 790 387 817; x_wconf 77' lang='grc' dir='ltr'><strong>ὲάν</strong></span> <span class='ocrx_word' id='word_1_114' title='bbox 403 798 428 816; x_wconf 91' lang='grc' dir='ltr'><strong>τι</strong></span> <span class='ocrx_word' id='word_1_115' title='bbox 445 790 514 816; x_wconf 81' lang='grc' dir='ltr'>κατὰ</span> <span class='ocrx_word' id='word_1_116' title='bbox 527 790 577 825; x_wconf 84' lang='grc' dir='ltr'><strong>τὴν</strong></span> <span class='ocrx_word' id='word_1_117' title='bbox 595 789 744 826; x_wconf 82' lang='grc' dir='ltr'>μοχθηρίαν</span> <span class='ocrx_word' id='word_1_118' title='bbox 760 789 823 816; x_wconf 76' lang='grc' dir='ltr'>ἐαυ-</span> 
     </span>
    </p>
   </div>
   <div class='ocr_carea' id='block_1_18' title="bbox 33 835 822 872">
    <p class='ocr_par' dir='ltr' id='par_1_18' title="bbox 33 835 822 872">
     <span class='ocr_line' id='line_1_18' title="bbox 33 835 822 872; baseline -0.001 -9"><span class='ocrx_word' id='word_1_119' title='bbox 33 837 79 863; x_wconf 85' lang='grc' dir='ltr'>τοῦ</span> <span class='ocrx_word' id='word_1_120' title='bbox 92 837 236 872; x_wconf 84' lang='grc' dir='ltr'>ἀνθρωπος</span> <span class='ocrx_word' id='word_1_121' title='bbox 251 836 376 872; x_wconf 85' lang='grc' dir='ltr'>βδελυρὸν</span> <span class='ocrx_word' id='word_1_122' title='bbox 396 836 533 872; x_wconf 83' lang='grc' dir='ltr'>βούληται,</span> <span class='ocrx_word' id='word_1_123' title='bbox 547 835 619 862; x_wconf 83' lang='grc' dir='ltr'>τοῦτ’</span> <span class='ocrx_word' id='word_1_124' title='bbox 634 836 664 862; x_wconf 86' lang='grc' dir='ltr'>οὑ</span> <span class='ocrx_word' id='word_1_125' title='bbox 679 836 822 872; x_wconf 85' lang='grc' dir='ltr'>δυνήσεται</span> 
     </span>
    </p>
   </div>
   <div class='ocr_carea' id='block_1_19' title="bbox 879 243 1661 279">
    <p class='ocr_par' dir='ltr' id='par_1_19' title="bbox 879 243 1661 279">
     <span class='ocr_line' id='line_1_19' title="bbox 879 243 1661 279; baseline 0 -6"><span class='ocrx_word' id='word_1_126' title='bbox 879 247 942 274; x_wconf 92' lang='lat' dir='ltr'><strong>dum</strong></span> <span class='ocrx_word' id='word_1_127' title='bbox 955 250 996 273; x_wconf 88' lang='lat' dir='ltr'><strong>est</strong></span> <span class='ocrx_word' id='word_1_128' title='bbox 1009 252 1062 272; x_wconf 91' lang='lat' dir='ltr'><strong>non</strong></span> <span class='ocrx_word' id='word_1_129' title='bbox 1076 243 1133 271; x_wconf 86' lang='lat' dir='ltr'><strong>lieri</strong></span> <span class='ocrx_word' id='word_1_130' title='bbox 1147 248 1240 271; x_wconf 89' lang='lat' dir='ltr'><strong>contra</strong></span> <span class='ocrx_word' id='word_1_131' title='bbox 1252 249 1377 271; x_wconf 87' lang='lat' dir='ltr'><strong>naturam</strong></span> <span class='ocrx_word' id='word_1_132' title='bbox 1388 265 1396 277; x_wconf 90' lang='lat'><strong>,</strong></span> <span class='ocrx_word' id='word_1_133' title='bbox 1409 252 1576 279; x_wconf 62' lang='lat' dir='ltr'><strong>quascunque</strong></span> <span class='ocrx_word' id='word_1_134' title='bbox 1591 245 1661 274; x_wconf 86' lang='lat' dir='ltr'><strong>Deus</strong></span> 
     </span>
    </p>
   </div>
   <div class='ocr_carea' id='block_1_20' title="bbox 880 288 1658 325">
    <p class='ocr_par' dir='ltr' id='par_1_20' title="bbox 880 288 1658 325">
     <span class='ocr_line' id='line_1_20' title="bbox 880 288 1658 325; baseline -0.001 -6"><span class='ocrx_word' id='word_1_135' title='bbox 880 291 954 324; x_wconf 79' lang='lat' dir='ltr'><strong>facit&#39;,</strong></span> <span class='ocrx_word' id='word_1_136' title='bbox 969 291 1027 318; x_wconf 67' lang='lat' dir='ltr'><strong>haec</strong></span> <span class='ocrx_word' id='word_1_137' title='bbox 1039 290 1104 316; x_wconf 87' lang='lat' dir='ltr'><strong>licet</strong></span> <span class='ocrx_word' id='word_1_138' title='bbox 1118 288 1288 316; x_wconf 84' lang='lat' dir='ltr'><strong>incredibilia</strong></span> <span class='ocrx_word' id='word_1_139' title='bbox 1305 289 1360 316; x_wconf 88' lang='lat' dir='ltr'><strong>sint</strong></span> <span class='ocrx_word' id='word_1_140' title='bbox 1379 294 1425 317; x_wconf 81' lang='lat' dir='ltr'><strong>aut</strong></span> <span class='ocrx_word' id='word_1_141' title='bbox 1440 290 1602 325; x_wconf 79' lang='lat' dir='ltr'><strong>quibusdam</strong></span> <span class='ocrx_word' id='word_1_142' title='bbox 1616 291 1658 318; x_wconf 89' lang='lat' dir='ltr'><strong>iu-</strong></span> 
     </span>
    </p>
   </div>
   <div class='ocr_carea' id='block_1_21' title="bbox 879 335 1661 367">
    <p class='ocr_par' dir='ltr' id='par_1_21' title="bbox 879 335 1661 367">
     <span class='ocr_line' id='line_1_21' title="bbox 879 335 1661 367; baseline -0.003 -2"><span class='ocrx_word' id='word_1_143' title='bbox 879 335 1018 364; x_wconf 82' lang='lat' dir='ltr'><strong>credibilia</strong></span> <span class='ocrx_word' id='word_1_144' title='bbox 1038 335 1191 367; x_wconf 86' lang='lat' dir='ltr'><strong>videantur,</strong></span> <span class='ocrx_word' id='word_1_145' title='bbox 1206 342 1260 361; x_wconf 89' lang='lat' dir='ltr'><strong>non</strong></span> <span class='ocrx_word' id='word_1_146' title='bbox 1275 338 1338 361; x_wconf 91' lang='lat' dir='ltr'><strong>sunt</strong></span> <span class='ocrx_word' id='word_1_147' title='bbox 1354 339 1446 363; x_wconf 84' lang='lat' dir='ltr'><strong>tamen</strong></span> <span class='ocrx_word' id='word_1_148' title='bbox 1465 341 1559 363; x_wconf 89' lang='lat' dir='ltr'><strong>contra</strong></span> <span class='ocrx_word' id='word_1_149' title='bbox 1580 341 1661 363; x_wconf 88' lang='lat' dir='ltr'><strong>natu-</strong></span> 
     </span>
    </p>
   </div>
   <div class='ocr_carea' id='block_1_22' title="bbox 879 377 1663 416">
    <p class='ocr_par' dir='ltr' id='par_1_22' title="bbox 879 377 1663 416">
     <span class='ocr_line' id='line_1_22' title="bbox 879 377 1663 416; baseline 0 -8"><span class='ocrx_word' id='word_1_150' title='bbox 879 388 947 408; x_wconf 84' lang='lat' dir='ltr'><strong>ram.</strong></span> <span class='ocrx_word' id='word_1_151' title='bbox 965 379 1040 413; x_wconf 85' lang='lat' dir='ltr'><strong>Quod</strong></span> <span class='ocrx_word' id='word_1_152' title='bbox 1055 379 1078 406; x_wconf 82' lang='lat' dir='ltr'><strong>si</strong></span> <span class='ocrx_word' id='word_1_153' title='bbox 1105 377 1185 405; x_wconf 85' lang='lat' dir='ltr'><strong>verba</strong></span> <span class='ocrx_word' id='word_1_154' title='bbox 1199 387 1295 414; x_wconf 77' lang='lat' dir='ltr'><strong>urgere</strong></span> <span class='ocrx_word' id='word_1_155' title='bbox 1309 384 1429 413; x_wconf 84' lang='lat' dir='ltr'><strong>Oportet,</strong></span> <span class='ocrx_word' id='word_1_156' title='bbox 1455 380 1577 408; x_wconf 87' lang='lat' dir='ltr'><strong>dicemus</strong></span> <span class='ocrx_word' id='word_1_157' title='bbox 1591 389 1663 416; x_wconf 76' lang='lat' dir='ltr'><strong>quae-</strong></span> 
     </span>
    </p>
   </div>
   <div class='ocr_carea' id='block_1_23' title="bbox 878 425 1663 459">
    <p class='ocr_par' dir='ltr' id='par_1_23' title="bbox 878 425 1663 459">
     <span class='ocr_line' id='line_1_23' title="bbox 878 425 1663 459; baseline 0.003 -8"><span class='ocrx_word' id='word_1_158' title='bbox 878 425 938 452; x_wconf 90' lang='lat' dir='ltr'><strong>dam</strong></span> <span class='ocrx_word' id='word_1_159' title='bbox 952 431 1012 451; x_wconf 87' lang='lat' dir='ltr'><strong>esse</strong></span> <span class='ocrx_word' id='word_1_160' title='bbox 1021 430 1103 458; x_wconf 87' lang='lat' dir='ltr'><strong>supra</strong></span> <span class='ocrx_word' id='word_1_161' title='bbox 1115 427 1250 454; x_wconf 86' lang='lat' dir='ltr'><strong>naturam.</strong></span> <span class='ocrx_word' id='word_1_162' title='bbox 1264 428 1343 457; x_wconf 91' lang='lat' dir='ltr'><strong>prout</strong></span> <span class='ocrx_word' id='word_1_163' title='bbox 1355 425 1423 452; x_wconf 91' lang='lat' dir='ltr'><strong>hanc</strong></span> <span class='ocrx_word' id='word_1_164' title='bbox 1434 431 1526 452; x_wconf 85' lang='lat' dir='ltr'><strong>vocem</strong></span> <span class='ocrx_word' id='word_1_165' title='bbox 1540 425 1663 459; x_wconf 83' lang='lat' dir='ltr'><strong>plerique</strong></span> 
     </span>
    </p>
   </div>
   <div class='ocr_carea' id='block_1_24' title="bbox 878 466 1660 503">
    <p class='ocr_par' dir='ltr' id='par_1_24' title="bbox 878 466 1660 503">
     <span class='ocr_line' id='line_1_24' title="bbox 878 466 1660 503; baseline 0.001 -7"><span class='ocrx_word' id='word_1_166' title='bbox 878 468 1043 503; x_wconf 80' lang='lat' dir='ltr'><strong>intelligunt.</strong></span> <span class='ocrx_word' id='word_1_167' title='bbox 1066 474 1125 502; x_wconf 64' lang='lat' dir='ltr'><strong>qua:</strong></span> <span class='ocrx_word' id='word_1_168' title='bbox 1141 466 1213 494; x_wconf 84' lang='lat' dir='ltr'><strong>Deus</strong></span> <span class='ocrx_word' id='word_1_169' title='bbox 1233 467 1343 495; x_wconf 86' lang='lat' dir='ltr'><strong>clllcere</strong></span> <span class='ocrx_word' id='word_1_170' title='bbox 1362 469 1449 502; x_wconf 89' lang='lat' dir='ltr'><strong>possit</strong></span> <span class='ocrx_word' id='word_1_171' title='bbox 1467 477 1474 495; x_wconf 94' lang='lat'>:</span> <span class='ocrx_word' id='word_1_172' title='bbox 1493 473 1521 496; x_wconf 94' lang='lat' dir='ltr'><strong>ul</strong></span> <span class='ocrx_word' id='word_1_173' title='bbox 1536 477 1597 496; x_wconf 91' lang='lat' dir='ltr'><strong>cum</strong></span> <span class='ocrx_word' id='word_1_174' title='bbox 1613 471 1660 497; x_wconf 86' lang='lat' dir='ltr'><strong>ho-</strong></span> 
     </span>
    </p>
   </div>
   <div class='ocr_carea' id='block_1_25' title="bbox 877 512 1662 548">
    <p class='ocr_par' dir='ltr' id='par_1_25' title="bbox 877 512 1662 548">
     <span class='ocr_line' id='line_1_25' title="bbox 877 512 1662 548; baseline 0 -6"><span class='ocrx_word' id='word_1_175' title='bbox 877 514 977 542; x_wconf 89' lang='lat' dir='ltr'><strong>minem</strong></span> <span class='ocrx_word' id='word_1_176' title='bbox 992 520 1074 548; x_wconf 80' lang='lat' dir='ltr'><strong>supra</strong></span> <span class='ocrx_word' id='word_1_177' title='bbox 1089 518 1214 540; x_wconf 84' lang='lat' dir='ltr'><strong>naturam</strong></span> <span class='ocrx_word' id='word_1_178' title='bbox 1231 513 1378 539; x_wconf 80' lang='lat' dir='ltr'><strong>humanam</strong></span> <span class='ocrx_word' id='word_1_179' title='bbox 1399 512 1526 547; x_wconf 78' lang='lat' dir='ltr'><strong>eﬂ‘erens,</strong></span> <span class='ocrx_word' id='word_1_180' title='bbox 1550 515 1662 548; x_wconf 84' lang='lat' dir='ltr'><strong>partici-</strong></span> 
     </span>
    </p>
   </div>
   <div class='ocr_carea' id='block_1_26' title="bbox 876 557 1661 595">
    <p class='ocr_par' dir='ltr' id='par_1_26' title="bbox 876 557 1661 595">
     <span class='ocr_line' id='line_1_26' title="bbox 876 557 1661 595; baseline 0.001 -9"><span class='ocrx_word' id='word_1_181' title='bbox 876 566 937 594; x_wconf 86' lang='lat' dir='ltr'><strong>pem</strong></span> <span class='ocrx_word' id='word_1_182' title='bbox 962 558 1026 586; x_wconf 81' lang='lat' dir='ltr'><strong>l‘acit</strong></span> <span class='ocrx_word' id='word_1_183' title='bbox 1048 559 1168 586; x_wconf 86' lang='lat' dir='ltr'><strong>melioris</strong></span> <span class='ocrx_word' id='word_1_184' title='bbox 1191 557 1389 592; x_wconf 83' lang='lat' dir='ltr'><strong>diviniorisque</strong></span> <span class='ocrx_word' id='word_1_185' title='bbox 1416 564 1530 592; x_wconf 60' lang='lat' dir='ltr'><strong>natura},</strong></span> <span class='ocrx_word' id='word_1_186' title='bbox 1545 567 1661 595; x_wconf 89' lang='lat' dir='ltr'><strong>eumque</strong></span> 
     </span>
    </p>
   </div>
   <div class='ocr_carea' id='block_1_27' title="bbox 877 602 1660 638">
    <p class='ocr_par' dir='ltr' id='par_1_27' title="bbox 877 602 1660 638">
     <span class='ocr_line' id='line_1_27' title="bbox 877 602 1660 638; baseline 0.001 -7"><span class='ocrx_word' id='word_1_187' title='bbox 877 604 913 631; x_wconf 86' lang='lat' dir='ltr'><strong>ita</strong></span> <span class='ocrx_word' id='word_1_188' title='bbox 930 608 1086 636; x_wconf 87' lang='lat' dir='ltr'><strong>conservat,</strong></span> <span class='ocrx_word' id='word_1_189' title='bbox 1106 603 1223 638; x_wconf 82' lang='lat' dir='ltr'><strong>quandiu</strong></span> <span class='ocrx_word' id='word_1_190' title='bbox 1245 602 1280 635; x_wconf 92' lang='lat' dir='ltr'><strong>is,</strong></span> <span class='ocrx_word' id='word_1_191' title='bbox 1300 602 1346 636; x_wconf 87' lang='lat' dir='ltr'><strong>qui</strong></span> <span class='ocrx_word' id='word_1_192' title='bbox 1363 607 1550 636; x_wconf 73' lang='lat' dir='ltr'><strong>conservatur,</strong></span> <span class='ocrx_word' id='word_1_193' title='bbox 1565 611 1614 638; x_wconf 91' lang='lat' dir='ltr'><strong>per</strong></span> <span class='ocrx_word' id='word_1_194' title='bbox 1628 611 1660 633; x_wconf 90' lang='lat' dir='ltr'><strong>ea</strong></span> 
     </span>
    </p>
   </div>
   <div class='ocr_carea' id='block_1_28' title="bbox 877 648 1333 684">
    <p class='ocr_par' dir='ltr' id='par_1_28' title="bbox 877 648 1333 684">
     <span class='ocr_line' id='line_1_28' title="bbox 877 648 1333 684; baseline 0 -9"><span class='ocrx_word' id='word_1_195' title='bbox 877 657 937 684; x_wconf 78' lang='lat' dir='ltr'><strong>quae</strong></span> <span class='ocrx_word' id='word_1_196' title='bbox 954 649 1030 682; x_wconf 80' lang='lat' dir='ltr'><strong>facit.</strong></span> <span class='ocrx_word' id='word_1_197' title='bbox 1043 649 1080 676; x_wconf 89' lang='lat' dir='ltr'><strong>ita</strong></span> <span class='ocrx_word' id='word_1_198' title='bbox 1094 656 1125 676; x_wconf 91' lang='lat' dir='ltr'><strong>se</strong></span> <span class='ocrx_word' id='word_1_199' title='bbox 1139 648 1207 675; x_wconf 83' lang='lat' dir='ltr'><strong>velle</strong></span> <span class='ocrx_word' id='word_1_200' title='bbox 1224 648 1333 683; x_wconf 90' lang='lat' dir='ltr'><strong>probat.</strong></span> 
     </span>
    </p>
   </div>
   <div class='ocr_carea' id='block_1_29' title="bbox 910 692 1662 722">
    <p class='ocr_par' dir='ltr' id='par_1_29' title="bbox 910 692 1662 722">
     <span class='ocr_line' id='line_1_29' title="bbox 910 692 1662 722; baseline 0 -1"><span class='ocrx_word' id='word_1_201' title='bbox 910 694 957 721; x_wconf 66' lang='grc'><strong>24.</strong></span> <span class='ocrx_word' id='word_1_202' title='bbox 970 693 1029 721; x_wconf 85' lang='lat' dir='ltr'><strong>Jam</strong></span> <span class='ocrx_word' id='word_1_203' title='bbox 1044 701 1106 720; x_wconf 85' lang='lat' dir='ltr'><strong>cum</strong></span> <span class='ocrx_word' id='word_1_204' title='bbox 1118 692 1336 720; x_wconf 84' lang='lat' dir='ltr'><strong>concesserimus</strong></span> <span class='ocrx_word' id='word_1_205' title='bbox 1350 693 1433 720; x_wconf 90' lang='lat' dir='ltr'><strong>Deum</strong></span> <span class='ocrx_word' id='word_1_206' title='bbox 1449 693 1515 721; x_wconf 88' lang='lat' dir='ltr'><strong>nihil</strong></span> <span class='ocrx_word' id='word_1_207' title='bbox 1535 694 1604 722; x_wconf 82' lang='lat' dir='ltr'><strong>velle</strong></span> <span class='ocrx_word' id='word_1_208' title='bbox 1621 695 1662 722; x_wconf 91' lang='lat' dir='ltr'><strong>in-</strong></span> 
     </span>
    </p>
   </div>
   <div class='ocr_carea' id='block_1_30' title="bbox 877 738 1661 773">
    <p class='ocr_par' dir='ltr' id='par_1_30' title="bbox 877 738 1661 773">
     <span class='ocr_line' id='line_1_30' title="bbox 877 738 1661 773; baseline 0.001 -6"><span class='ocrx_word' id='word_1_209' title='bbox 877 739 1005 767; x_wconf 87' lang='lat' dir='ltr'><strong>decorum</strong></span> <span class='ocrx_word' id='word_1_210' title='bbox 1020 739 1082 772; x_wconf 86' lang='lat' dir='ltr'><strong>sibi,</strong></span> <span class='ocrx_word' id='word_1_211' title='bbox 1101 741 1194 773; x_wconf 88' lang='lat' dir='ltr'><strong>utpote</strong></span> <span class='ocrx_word' id='word_1_212' title='bbox 1206 746 1260 772; x_wconf 92' lang='lat' dir='ltr'><strong>quo</strong></span> <span class='ocrx_word' id='word_1_213' title='bbox 1271 738 1362 766; x_wconf 88' lang='lat' dir='ltr'><strong>divina</strong></span> <span class='ocrx_word' id='word_1_214' title='bbox 1380 746 1430 766; x_wconf 88' lang='lat' dir='ltr'><strong>sua</strong></span> <span class='ocrx_word' id='word_1_215' title='bbox 1444 745 1538 766; x_wconf 86' lang='lat' dir='ltr'><strong>natura</strong></span> <span class='ocrx_word' id='word_1_216' title='bbox 1554 740 1661 768; x_wconf 88' lang='lat' dir='ltr'><strong>tollere-</strong></span> 
     </span>
    </p>
   </div>
   <div class='ocr_carea' id='block_1_31' title="bbox 877 784 1660 821">
    <p class='ocr_par' dir='ltr' id='par_1_31' title="bbox 877 784 1660 821">
     <span class='ocr_line' id='line_1_31' title="bbox 877 784 1660 821; baseline 0.003 -9"><span class='ocrx_word' id='word_1_217' title='bbox 877 789 932 818; x_wconf 84' lang='lat' dir='ltr'><strong>tur,</strong></span> <span class='ocrx_word' id='word_1_218' title='bbox 947 793 1000 812; x_wconf 90' lang='lat' dir='ltr'><strong>non</strong></span> <span class='ocrx_word' id='word_1_219' title='bbox 1016 785 1191 818; x_wconf 73' lang='lat' dir='ltr'><strong>gravabimur</strong></span> <span class='ocrx_word' id='word_1_220' title='bbox 1208 784 1298 817; x_wconf 80' lang='lat' dir='ltr'><strong>fateri,</strong></span> <span class='ocrx_word' id='word_1_221' title='bbox 1317 785 1406 819; x_wconf 80' lang='lat' dir='ltr'><strong>siquid</strong></span> <span class='ocrx_word' id='word_1_222' title='bbox 1420 790 1498 820; x_wconf 89' lang='lat' dir='ltr'><strong>turpe</strong></span> <span class='ocrx_word' id='word_1_223' title='bbox 1511 785 1592 813; x_wconf 92' lang='lat' dir='ltr'><strong>homo</strong></span> <span class='ocrx_word' id='word_1_224' title='bbox 1610 793 1660 821; x_wconf 91' lang='lat' dir='ltr'><strong>pro</strong></span> 
     </span>
    </p>
   </div>
   <div class='ocr_carea' id='block_1_32' title="bbox 876 828 1658 865">
    <p class='ocr_par' dir='ltr' id='par_1_32' title="bbox 876 828 1658 865">
     <span class='ocr_line' id='line_1_32' title="bbox 876 828 1658 865; baseline 0.005 -9"><span class='ocrx_word' id='word_1_225' title='bbox 876 836 924 857; x_wconf 82' lang='lat' dir='ltr'><strong>sua</strong></span> <span class='ocrx_word' id='word_1_226' title='bbox 938 829 1072 865; x_wconf 86' lang='lat' dir='ltr'><strong>pravitate</strong></span> <span class='ocrx_word' id='word_1_227' title='bbox 1088 828 1215 862; x_wconf 88' lang='lat' dir='ltr'><strong>voluerit,</strong></span> <span class='ocrx_word' id='word_1_228' title='bbox 1238 829 1321 856; x_wconf 89' lang='lat' dir='ltr'><strong>Deum</strong></span> <span class='ocrx_word' id='word_1_229' title='bbox 1344 829 1370 856; x_wconf 91' lang='lat' dir='ltr'><strong>id</strong></span> <span class='ocrx_word' id='word_1_230' title='bbox 1389 829 1479 857; x_wconf 82' lang='lat' dir='ltr'><strong>facere</strong></span> <span class='ocrx_word' id='word_1_231' title='bbox 1495 839 1548 858; x_wconf 92' lang='lat' dir='ltr'><strong>non</strong></span> <span class='ocrx_word' id='word_1_232' title='bbox 1568 838 1658 865; x_wconf 86' lang='lat' dir='ltr'><strong>posse.</strong></span> 
     </span>
    </p>
   </div>
   <div class='ocr_carea' id='block_1_33' title="bbox 33 874 802 917">
    <p class='ocr_par' dir='ltr' id='par_1_33' title="bbox 33 881 802 917">
     <span class='ocr_line' id='line_1_33' title="bbox 33 881 802 917; baseline -0.003 -8"><span class='ocrx_word' id='word_1_233' title='bbox 33 883 47 909; x_wconf 85' lang='lat'><strong>6</strong></span> <span class='ocrx_word' id='word_1_234' title='bbox 64 882 141 914; x_wconf 76' lang='grc' dir='ltr'>Θεὸς.</span> <span class='ocrx_word' id='word_1_235' title='bbox 160 881 237 909; x_wconf 75' lang='grc' dir='ltr'>Οὕτω</span> <span class='ocrx_word' id='word_1_236' title='bbox 251 881 280 908; x_wconf 86' lang='grc' dir='ltr'><strong>δὲ</strong></span> <span class='ocrx_word' id='word_1_237' title='bbox 296 882 346 909; x_wconf 73' lang='grc' dir='ltr'><strong>οῦκ</strong></span> <span class='ocrx_word' id='word_1_238' title='bbox 370 882 452 917; x_wconf 77' lang='grc' dir='ltr'>ἐσμεν</span> <span class='ocrx_word' id='word_1_239' title='bbox 469 881 615 916; x_wconf 78' lang='grc' dir='ltr'>φιλόνεικοι</span> <span class='ocrx_word' id='word_1_240' title='bbox 627 881 695 916; x_wconf 90' lang='grc' dir='ltr'>πρὸς</span> <span class='ocrx_word' id='word_1_241' title='bbox 716 881 751 907; x_wconf 81' lang='grc' dir='ltr'><strong>τὰ</strong></span> <span class='ocrx_word' id='word_1_242' title='bbox 771 881 802 907; x_wconf 66' lang='grc' dir='ltr'>ὑπ</span> 
     </span>
    </p>
   </div>
   <div class='ocr_carea' id='block_1_34' title="bbox 882 874 1661 917">
    <p class='ocr_par' dir='ltr' id='par_1_34' title="bbox 882 874 1661 912">
     <span class='ocr_line' id='line_1_34' title="bbox 882 874 1661 912; baseline 0.004 -10"><span class='ocrx_word' id='word_1_243' title='bbox 882 874 930 902; x_wconf 76' lang='lat' dir='ltr'><strong>Nec</strong></span> <span class='ocrx_word' id='word_1_244' title='bbox 945 883 1009 903; x_wconf 92' lang='lat' dir='ltr'><strong>vero</strong></span> <span class='ocrx_word' id='word_1_245' title='bbox 1024 882 1082 908; x_wconf 89' lang='lat' dir='ltr'><strong>nos,</strong></span> <span class='ocrx_word' id='word_1_246' title='bbox 1100 875 1146 910; x_wconf 87' lang='lat' dir='ltr'><strong>qui</strong></span> <span class='ocrx_word' id='word_1_247' title='bbox 1159 874 1282 902; x_wconf 73' lang='lat' dir='ltr'><strong>veritatis</strong></span> <span class='ocrx_word' id='word_1_248' title='bbox 1297 882 1389 902; x_wconf 86' lang='lat' dir='ltr'><strong>amore</strong></span> <span class='ocrx_word' id='word_1_249' title='bbox 1403 875 1472 902; x_wconf 90' lang='lat' dir='ltr'><strong>Celsi</strong></span> <span class='ocrx_word' id='word_1_250' title='bbox 1485 875 1582 910; x_wconf 86' lang='lat' dir='ltr'><strong>placita</strong></span> <span class='ocrx_word' id='word_1_251' title='bbox 1597 884 1661 912; x_wconf 89' lang='lat' dir='ltr'><strong>per-</strong></span> 
     </span>
    </p>
   </div>
   <div class='ocr_carea' id='block_1_35' title="bbox 33 927 820 965">
    <p class='ocr_par' dir='ltr' id='par_1_35' title="bbox 33 927 820 965">
     <span class='ocr_line' id='line_1_35' title="bbox 33 927 820 965; baseline -0.004 -9"><span class='ocrx_word' id='word_1_252' title='bbox 33 929 138 956; x_wconf 79' lang='grc' dir='ltr'>Κέλσου</span> <span class='ocrx_word' id='word_1_253' title='bbox 152 928 284 964; x_wconf 88' lang='grc' dir='ltr'>λεγόμενα</span> <span class='ocrx_word' id='word_1_254' title='bbox 293 936 299 943; x_wconf 94' lang='grc'><strong>·</strong></span> <span class='ocrx_word' id='word_1_255' title='bbox 311 928 378 955; x_wconf 86' lang='grc' dir='ltr'>ἀλλᾶ</span> <span class='ocrx_word' id='word_1_256' title='bbox 391 927 545 965; x_wconf 80' lang='grc' dir='ltr'>φιλαλήθως</span> <span class='ocrx_word' id='word_1_257' title='bbox 556 927 626 954; x_wconf 79' lang='grc' dir='ltr'>αὐτὰ</span> <span class='ocrx_word' id='word_1_258' title='bbox 637 927 820 961; x_wconf 78' lang='grc' dir='ltr'>ἐξετάζοντες,</span> 
     </span>
    </p>
   </div>
   <div class='ocr_carea' id='block_1_36' title="bbox 33 972 822 1010">
    <p class='ocr_par' dir='ltr' id='par_1_36' title="bbox 33 972 822 1010">
     <span class='ocr_line' id='line_1_36' title="bbox 33 972 822 1010; baseline -0.003 -9"><span class='ocrx_word' id='word_1_259' title='bbox 33 975 222 1010; x_wconf 80' lang='grc' dir='ltr'>συμφήσομεν,</span> <span class='ocrx_word' id='word_1_260' title='bbox 239 974 280 1001; x_wconf 83' lang='grc' dir='ltr'>ὅτι</span> <span class='ocrx_word' id='word_1_261' title='bbox 303 974 353 1000; x_wconf 80' lang='grc' dir='ltr'>οὐκ</span> <span class='ocrx_word' id='word_1_262' title='bbox 370 973 427 1000; x_wconf 82' lang='grc' dir='ltr'>εστι</span> <span class='ocrx_word' id='word_1_263' title='bbox 443 973 493 1009; x_wconf 85' lang='grc' dir='ltr'>τῆς</span> <span class='ocrx_word' id='word_1_264' title='bbox 516 972 692 1008; x_wconf 85' lang='grc' dir='ltr'>πλημμελοῦς</span> <span class='ocrx_word' id='word_1_265' title='bbox 708 973 822 1009; x_wconf 78' lang='grc' dir='ltr'>ὀρέξεως</span> 
     </span>
    </p>
   </div>
   <div class='ocr_carea' id='block_1_37' title="bbox 32 1018 822 1055">
    <p class='ocr_par' dir='ltr' id='par_1_37' title="bbox 32 1018 822 1055">
     <span class='ocr_line' id='line_1_37' title="bbox 32 1018 822 1055; baseline -0.003 -9"><span class='ocrx_word' id='word_1_266' title='bbox 32 1020 91 1046; x_wconf 69' lang='grc' dir='ltr'><strong>οὐδὲ</strong></span> <span class='ocrx_word' id='word_1_267' title='bbox 109 1020 160 1055; x_wconf 87' lang='grc' dir='ltr'>τῆς</span> <span class='ocrx_word' id='word_1_268' title='bbox 182 1018 393 1054; x_wconf 80' lang='grc' dir='ltr'>πεπλανημένης</span> <span class='ocrx_word' id='word_1_269' title='bbox 413 1019 558 1054; x_wconf 89' lang='grc' dir='ltr'>ἀκοσμίας,</span> <span class='ocrx_word' id='word_1_270' title='bbox 579 1018 646 1045; x_wconf 89' lang='grc' dir='ltr'><strong>ἀλλά</strong></span> <span class='ocrx_word' id='word_1_271' title='bbox 666 1018 717 1054; x_wconf 83' lang='grc' dir='ltr'>τῆς</span> <span class='ocrx_word' id='word_1_272' title='bbox 738 1018 822 1054; x_wconf 77' lang='grc' dir='ltr'>ὀρθῆς</span> 
     </span>
    </p>
   </div>
   <div class='ocr_carea' id='block_1_38' title="bbox 33 1063 822 1098">
    <p class='ocr_par' dir='ltr' id='par_1_38' title="bbox 33 1063 822 1098">
     <span class='ocr_line' id='line_1_38' title="bbox 33 1063 822 1098; baseline -0.003 -7"><span class='ocrx_word' id='word_1_273' title='bbox 33 1066 79 1091; x_wconf 67' lang='grc' dir='ltr'><strong>καὶ</strong></span> <span class='ocrx_word' id='word_1_274' title='bbox 87 1064 196 1096; x_wconf 84' lang='grc' dir='ltr'>δικαίας</span> <span class='ocrx_word' id='word_1_275' title='bbox 211 1064 318 1098; x_wconf 85' lang='grc' dir='ltr'>φύσεως</span> <span class='ocrx_word' id='word_1_276' title='bbox 332 1064 387 1098; x_wconf 77' lang='grc'><strong>(83)</strong></span> <span class='ocrx_word' id='word_1_277' title='bbox 403 1065 417 1090; x_wconf 85' lang='grc' dir='ltr'>ὁ</span> <span class='ocrx_word' id='word_1_278' title='bbox 432 1063 508 1096; x_wconf 84' lang='grc' dir='ltr'>Θεὸς,</span> <span class='ocrx_word' id='word_1_279' title='bbox 530 1063 577 1090; x_wconf 76' lang='grc' dir='ltr'>ἅτε</span> <span class='ocrx_word' id='word_1_280' title='bbox 594 1063 748 1098; x_wconf 81' lang='grc' dir='ltr'>ἀρχηγέτης</span> <span class='ocrx_word' id='word_1_281' title='bbox 760 1070 822 1097; x_wconf 90' lang='grc' dir='ltr'>τυγ-</span> 
     </span>
    </p>
   </div>
   <div class='ocr_carea' id='block_1_39' title="bbox 34 1108 821 1144">
    <p class='ocr_par' dir='ltr' id='par_1_39' title="bbox 34 1108 821 1144">
     <span class='ocr_line' id='line_1_39' title="bbox 34 1108 821 1144; baseline 0 -8"><span class='ocrx_word' id='word_1_282' title='bbox 34 1109 121 1144; x_wconf 84' lang='grc' dir='ltr'>χάνων</span> <span class='ocrx_word' id='word_1_283' title='bbox 139 1108 243 1139; x_wconf 83' lang='grc' dir='ltr'>παντὸς</span> <span class='ocrx_word' id='word_1_284' title='bbox 259 1108 353 1135; x_wconf 84' lang='grc' dir='ltr'>καλοῦ.</span> <span class='ocrx_word' id='word_1_285' title='bbox 370 1108 424 1135; x_wconf 88' lang='grc' dir='ltr'><strong>Καί</strong></span> <span class='ocrx_word' id='word_1_286' title='bbox 438 1108 478 1135; x_wconf 83' lang='grc' dir='ltr'>ὅτι</span> <span class='ocrx_word' id='word_1_287' title='bbox 498 1108 587 1143; x_wconf 80' lang='grc' dir='ltr'>ψυχῆς</span> <span class='ocrx_word' id='word_1_288' title='bbox 604 1109 713 1135; x_wconf 75' lang='grc' dir='ltr'>αἰώνιον</span> <span class='ocrx_word' id='word_1_289' title='bbox 729 1108 821 1144; x_wconf 85' lang='grc' dir='ltr'>βιοτὴν</span> 
     </span>
    </p>
   </div>
   <div class='ocr_carea' id='block_1_40' title="bbox 31 1153 820 1189">
    <p class='ocr_par' dir='ltr' id='par_1_40' title="bbox 31 1153 820 1189">
     <span class='ocr_line' id='line_1_40' title="bbox 31 1153 820 1189; baseline 0.001 -9"><span class='ocrx_word' id='word_1_290' title='bbox 31 1153 142 1180; x_wconf 72' lang='grc' dir='ltr'>δύναται</span> <span class='ocrx_word' id='word_1_291' title='bbox 158 1154 320 1189; x_wconf 81' lang='grc' dir='ltr'>παρασχεῖν,</span> <span class='ocrx_word' id='word_1_292' title='bbox 342 1153 527 1189; x_wconf 83' lang='grc' dir='ltr'>ὁμολογοῦμεν</span> <span class='ocrx_word' id='word_1_293' title='bbox 539 1161 546 1169; x_wconf 87' lang='lat'><strong>&#39;</strong></span> <span class='ocrx_word' id='word_1_294' title='bbox 565 1154 612 1180; x_wconf 78' lang='grc' dir='ltr'>καὶ</span> <span class='ocrx_word' id='word_1_295' title='bbox 630 1154 661 1180; x_wconf 82' lang='grc' dir='ltr'>οὑ</span> <span class='ocrx_word' id='word_1_296' title='bbox 680 1154 759 1189; x_wconf 83' lang='grc' dir='ltr'>μόνον</span> <span class='ocrx_word' id='word_1_297' title='bbox 775 1153 820 1181; x_wconf 85' lang='grc' dir='ltr'><strong>δύ-</strong></span> 
     </span>
    </p>
   </div>
   <div class='ocr_carea' id='block_1_41' title="bbox 32 1196 819 1233">
    <p class='ocr_par' dir='ltr' id='par_1_41' title="bbox 32 1196 819 1233">
     <span class='ocr_line' id='line_1_41' title="bbox 32 1196 819 1233; baseline 0.005 -11"><span class='ocrx_word' id='word_1_298' title='bbox 32 1205 117 1229; x_wconf 82' lang='grc' dir='ltr'>ναται,</span> <span class='ocrx_word' id='word_1_299' title='bbox 139 1196 206 1223; x_wconf 77' lang='grc' dir='ltr'>ἀλλὰ</span> <span class='ocrx_word' id='word_1_300' title='bbox 221 1197 269 1223; x_wconf 71' lang='grc' dir='ltr'>καὶ</span> <span class='ocrx_word' id='word_1_301' title='bbox 287 1197 411 1232; x_wconf 89' lang='grc' dir='ltr'>παρέχει.</span> <span class='ocrx_word' id='word_1_302' title='bbox 432 1198 514 1224; x_wconf 78' lang='grc' dir='ltr'>οὐδὲν</span> <span class='ocrx_word' id='word_1_303' title='bbox 534 1198 563 1224; x_wconf 81' lang='grc' dir='ltr'><strong>δὲ</strong></span> <span class='ocrx_word' id='word_1_304' title='bbox 586 1198 702 1233; x_wconf 84' lang='grc' dir='ltr'>μάλιστα</span> <span class='ocrx_word' id='word_1_305' title='bbox 722 1198 766 1225; x_wconf 82' lang='grc' dir='ltr'>διὰ</span> <span class='ocrx_word' id='word_1_306' title='bbox 784 1199 819 1226; x_wconf 84' lang='grc' dir='ltr'>τὰ</span> 
     </span>
    </p>
   </div>
   <div class='ocr_carea' id='block_1_42' title="bbox 32 1240 818 1278">
    <p class='ocr_par' dir='ltr' id='par_1_42' title="bbox 32 1240 818 1278">
     <span class='ocr_line' id='line_1_42' title="bbox 32 1240 818 1278; baseline 0.004 -12"><span class='ocrx_word' id='word_1_307' title='bbox 32 1240 217 1276; x_wconf 77' lang='grc' dir='ltr'>προειρημένα</span> <span class='ocrx_word' id='word_1_308' title='bbox 233 1240 312 1267; x_wconf 80' lang='grc' dir='ltr'>λυπεῖ</span> <span class='ocrx_word' id='word_1_309' title='bbox 334 1241 408 1276; x_wconf 82' lang='grc' dir='ltr'>ἡμᾶς</span> <span class='ocrx_word' id='word_1_310' title='bbox 432 1241 492 1267; x_wconf 79' lang='grc' dir='ltr'>οὐδὲ</span> <span class='ocrx_word' id='word_1_311' title='bbox 513 1241 545 1268; x_wconf 88' lang='grc' dir='ltr'><strong>τὸ</strong></span> <span class='ocrx_word' id='word_1_312' title='bbox 564 1241 617 1268; x_wconf 81' lang='grc' dir='ltr'>ὑπὸ</span> <span class='ocrx_word' id='word_1_313' title='bbox 641 1241 818 1278; x_wconf 83' lang='grc' dir='ltr'>Ἡρακλείτου</span> 
     </span>
    </p>
   </div>
   <div class='ocr_carea' id='block_1_43' title="bbox 32 1286 818 1324">
    <p class='ocr_par' dir='ltr' id='par_1_43' title="bbox 32 1286 818 1324">
     <span class='ocr_line' id='line_1_43' title="bbox 32 1286 818 1324; baseline 0.004 -11"><span class='ocrx_word' id='word_1_314' title='bbox 32 1286 185 1323; x_wconf 83' lang='grc' dir='ltr'>λεγόμενον,</span> <span class='ocrx_word' id='word_1_315' title='bbox 211 1287 279 1322; x_wconf 81' lang='grc' dir='ltr'>ὅπερ</span> <span class='ocrx_word' id='word_1_316' title='bbox 298 1287 402 1319; x_wconf 80' lang='grc' dir='ltr'>Κέλσος</span> <span class='ocrx_word' id='word_1_317' title='bbox 421 1287 600 1324; x_wconf 70' lang='grc' dir='ltr'>παρείληφεν,</span> <span class='ocrx_word' id='word_1_318' title='bbox 621 1289 662 1316; x_wconf 77' lang='grc' dir='ltr'><strong>ὅτι</strong></span> <span class='ocrx_word' id='word_1_319' title='bbox 686 1298 696 1315; x_wconf 76' lang='grc' dir='ltr'><strong>ι</strong></span> <span class='ocrx_word' id='word_1_320' title='bbox 724 1289 818 1321; x_wconf 82' lang='grc' dir='ltr'>νέκυές</span> 
     </span>
    </p>
   </div>
   <div class='ocr_carea' id='block_1_44' title="bbox 32 1333 818 1369">
    <p class='ocr_par' dir='ltr' id='par_1_44' title="bbox 32 1333 818 1369">
     <span class='ocr_line' id='line_1_44' title="bbox 32 1333 818 1369; baseline 0.004 -10"><span class='ocrx_word' id='word_1_321' title='bbox 32 1333 83 1359; x_wconf 83' lang='grc' dir='ltr'>εἰσι</span> <span class='ocrx_word' id='word_1_322' title='bbox 102 1333 223 1369; x_wconf 79' lang='grc' dir='ltr'>κοπρίων</span> <span class='ocrx_word' id='word_1_323' title='bbox 244 1333 449 1369; x_wconf 75' lang='grc' dir='ltr'>ἐκϐλητότεροι·</span> <span class='ocrx_word' id='word_1_324' title='bbox 472 1343 482 1359; x_wconf 73' lang='grc' dir='ltr'><strong>ι</strong></span> <span class='ocrx_word' id='word_1_325' title='bbox 500 1334 621 1368; x_wconf 83' lang='grc' dir='ltr'>καίτοιγε</span> <span class='ocrx_word' id='word_1_326' title='bbox 638 1334 710 1361; x_wconf 84' lang='grc' dir='ltr'>εῐποι</span> <span class='ocrx_word' id='word_1_327' title='bbox 725 1343 768 1367; x_wconf 81' lang='grc' dir='ltr'><strong>τις</strong></span> <span class='ocrx_word' id='word_1_328' title='bbox 785 1335 818 1363; x_wconf 84' lang='grc' dir='ltr'><strong>ἂν</strong></span> 
     </span>
    </p>
   </div>
   <div class='ocr_carea' id='block_1_45' title="bbox 32 1378 818 1414">
    <p class='ocr_par' dir='ltr' id='par_1_45' title="bbox 32 1378 818 1414">
     <span class='ocr_line' id='line_1_45' title="bbox 32 1378 818 1414; baseline 0.004 -10"><span class='ocrx_word' id='word_1_329' title='bbox 32 1378 77 1404; x_wconf 75' lang='grc' dir='ltr'>καὶ</span> <span class='ocrx_word' id='word_1_330' title='bbox 93 1378 158 1414; x_wconf 78' lang='grc' dir='ltr'>περὶ</span> <span class='ocrx_word' id='word_1_331' title='bbox 170 1378 277 1408; x_wconf 79' lang='grc' dir='ltr'>τούτου,</span> <span class='ocrx_word' id='word_1_332' title='bbox 290 1379 330 1405; x_wconf 78' lang='grc' dir='ltr'>ὅτι</span> <span class='ocrx_word' id='word_1_333' title='bbox 341 1378 375 1405; x_wconf 84' lang='grc' dir='ltr'>τὰ</span> <span class='ocrx_word' id='word_1_334' title='bbox 386 1379 436 1414; x_wconf 86' lang='grc' dir='ltr'><strong>μὲν</strong></span> <span class='ocrx_word' id='word_1_335' title='bbox 449 1378 553 1414; x_wconf 84' lang='grc' dir='ltr'>κόπρια</span> <span class='ocrx_word' id='word_1_336' title='bbox 565 1379 683 1414; x_wconf 76' lang='grc' dir='ltr'>ἔκϐλητά</span> <span class='ocrx_word' id='word_1_337' title='bbox 697 1380 781 1412; x_wconf 77' lang='grc' dir='ltr'>ἐστιν,</span> <span class='ocrx_word' id='word_1_338' title='bbox 792 1380 818 1407; x_wconf 73' lang='grc' dir='ltr'>οἱ</span> 
     </span>
    </p>
   </div>
   <div class='ocr_carea' id='block_1_46' title="bbox 32 1422 816 1461">
    <p class='ocr_par' dir='ltr' id='par_1_46' title="bbox 32 1422 816 1461">
     <span class='ocr_line' id='line_1_46' title="bbox 32 1422 816 1461; baseline 0.004 -12"><span class='ocrx_word' id='word_1_339' title='bbox 32 1423 53 1449; x_wconf 82' lang='grc' dir='ltr'><strong>δ’</strong></span> <span class='ocrx_word' id='word_1_340' title='bbox 69 1423 97 1456; x_wconf 81' lang='grc' dir='ltr'>ἐξ</span> <span class='ocrx_word' id='word_1_341' title='bbox 112 1422 257 1459; x_wconf 81' lang='grc' dir='ltr'>ἀνθρώπου</span> <span class='ocrx_word' id='word_1_342' title='bbox 278 1423 372 1455; x_wconf 82' lang='grc' dir='ltr'>νέκυες</span> <span class='ocrx_word' id='word_1_343' title='bbox 393 1423 436 1450; x_wconf 72' lang='grc' dir='ltr'><strong>διὰ</strong></span> <span class='ocrx_word' id='word_1_344' title='bbox 453 1423 502 1459; x_wconf 85' lang='grc' dir='ltr'><strong>τὴν</strong></span> <span class='ocrx_word' id='word_1_345' title='bbox 521 1425 701 1460; x_wconf 84' lang='grc' dir='ltr'>ὲνοικήσασαν</span> <span class='ocrx_word' id='word_1_346' title='bbox 717 1425 816 1461; x_wconf 78' lang='grc' dir='ltr'>ψυχὴν,</span> 
     </span>
    </p>
   </div>
   <div class='ocr_carea' id='block_1_47' title="bbox 33 1467 817 1505">
    <p class='ocr_par' dir='ltr' id='par_1_47' title="bbox 33 1467 817 1505">
     <span class='ocr_line' id='line_1_47' title="bbox 33 1467 817 1505; baseline 0.004 -10"><span class='ocrx_word' id='word_1_347' title='bbox 33 1469 78 1495; x_wconf 78' lang='grc' dir='ltr'>καὶ</span> <span class='ocrx_word' id='word_1_348' title='bbox 100 1468 218 1497; x_wconf 74' lang='grc' dir='ltr'>μάλιστα</span> <span class='ocrx_word' id='word_1_349' title='bbox 233 1469 281 1496; x_wconf 74' lang='grc' dir='ltr'>ἐὰν</span> <span class='ocrx_word' id='word_1_350' title='bbox 334 1469 504 1504; x_wconf 78' lang='grc' dir='ltr'>ἀστειοτὲρα,</span> <span class='ocrx_word' id='word_1_351' title='bbox 521 1470 571 1497; x_wconf 88' lang='grc' dir='ltr'>οὐκ</span> <span class='ocrx_word' id='word_1_352' title='bbox 587 1470 720 1505; x_wconf 77' lang='grc' dir='ltr'>ἑκϐλητοί.</span> <span class='ocrx_word' id='word_1_353' title='bbox 739 1471 817 1498; x_wconf 85' lang='grc' dir='ltr'>Κατὰ</span> 
     </span>
    </p>
   </div>
   <div class='ocr_carea' id='block_1_48' title="bbox 33 1511 818 1552">
    <p class='ocr_par' dir='ltr' id='par_1_48' title="bbox 33 1511 818 1552">
     <span class='ocr_line' id='line_1_48' title="bbox 33 1511 818 1552; baseline 0.004 -12"><span class='ocrx_word' id='word_1_354' title='bbox 33 1513 84 1549; x_wconf 78' lang='grc' dir='ltr'>γὰρ</span> <span class='ocrx_word' id='word_1_355' title='bbox 96 1514 159 1546; x_wconf 85' lang='grc' dir='ltr'>τοὺς</span> <span class='ocrx_word' id='word_1_356' title='bbox 174 1511 361 1551; x_wconf 78' lang='grc' dir='ltr'>ἀστειοτέρους</span> <span class='ocrx_word' id='word_1_357' title='bbox 374 1514 428 1541; x_wconf 89' lang='grc' dir='ltr'>τῶν</span> <span class='ocrx_word' id='word_1_358' title='bbox 444 1515 543 1550; x_wconf 86' lang='grc' dir='ltr'>νόμων,</span> <span class='ocrx_word' id='word_1_359' title='bbox 561 1515 629 1551; x_wconf 89' lang='grc' dir='ltr'><strong>μετά</strong></span> <span class='ocrx_word' id='word_1_360' title='bbox 643 1516 692 1551; x_wconf 85' lang='grc' dir='ltr'>τῆς</span> <span class='ocrx_word' id='word_1_361' title='bbox 714 1516 818 1552; x_wconf 71' lang='grc' dir='ltr'>ἐνδεχο-</span> 
     </span>
    </p>
   </div>
   <div class='ocr_carea' id='block_1_49' title="bbox 35 1551 852 1597">
    <p class='ocr_par' dir='ltr' id='par_1_49' title="bbox 35 1551 852 1597">
     <span class='ocr_line' id='line_1_49' title="bbox 35 1551 852 1597; baseline 0.005 -12"><span class='ocrx_word' id='word_1_362' title='bbox 35 1559 113 1595; x_wconf 81' lang='grc' dir='ltr'>μένης</span> <span class='ocrx_word' id='word_1_363' title='bbox 123 1560 162 1591; x_wconf 84' lang='grc' dir='ltr'>ὡς</span> <span class='ocrx_word' id='word_1_364' title='bbox 173 1560 242 1595; x_wconf 78' lang='grc' dir='ltr'>πρὸς</span> <span class='ocrx_word' id='word_1_365' title='bbox 249 1560 282 1587; x_wconf 83' lang='grc' dir='ltr'><strong>τὰ</strong></span> <span class='ocrx_word' id='word_1_366' title='bbox 289 1559 400 1586; x_wconf 83' lang='grc' dir='ltr'>τοιαῦτα</span> <span class='ocrx_word' id='word_1_367' title='bbox 409 1560 492 1596; x_wconf 80' lang='grc' dir='ltr'>τιμῆς</span> <span class='ocrx_word' id='word_1_368' title='bbox 502 1561 593 1596; x_wconf 73' lang='grc' dir='ltr'>ταφῆς</span> <span class='ocrx_word' id='word_1_369' title='bbox 600 1561 737 1594; x_wconf 79' lang='grc' dir='ltr'>ἀξιοῦνται</span> <span class='ocrx_word' id='word_1_370' title='bbox 747 1551 813 1597; x_wconf 59' lang='grc' dir='ltr'>(8ιί)’</span> <span class='ocrx_word' id='word_1_371' title='bbox 831 1551 852 1581; x_wconf 79' lang='lat' dir='ltr'><strong>C</strong></span> 
     </span>
    </p>
   </div>
   <div class='ocr_carea' id='block_1_50' title="bbox 33 1604 816 1642">
    <p class='ocr_par' dir='ltr' id='par_1_50' title="bbox 33 1604 816 1642">
     <span class='ocr_line' id='line_1_50' title="bbox 33 1604 816 1642; baseline 0.006 -12"><span class='ocrx_word' id='word_1_372' title='bbox 33 1604 73 1631; x_wconf 83' lang='grc' dir='ltr'><strong>ἵνα</strong></span> <span class='ocrx_word' id='word_1_373' title='bbox 90 1604 126 1641; x_wconf 79' lang='grc' dir='ltr'>μὴ</span> <span class='ocrx_word' id='word_1_374' title='bbox 149 1605 303 1640; x_wconf 77' lang='grc' dir='ltr'>ὑϐρίζωμεν</span> <span class='ocrx_word' id='word_1_375' title='bbox 316 1606 348 1640; x_wconf 80' lang='grc' dir='ltr'>τῇ</span> <span class='ocrx_word' id='word_1_376' title='bbox 371 1605 484 1640; x_wconf 83' lang='grc' dir='ltr'>δυνάμει</span> <span class='ocrx_word' id='word_1_377' title='bbox 498 1605 547 1641; x_wconf 86' lang='grc' dir='ltr'>τὴν</span> <span class='ocrx_word' id='word_1_378' title='bbox 566 1606 745 1642; x_wconf 80' lang='grc' dir='ltr'>ἑνοικήσασαν</span> <span class='ocrx_word' id='word_1_379' title='bbox 764 1607 816 1642; x_wconf 77' lang='grc' dir='ltr'>ψυ-</span> 
     </span>
    </p>
   </div>
   <div class='ocr_carea' id='block_1_51' title="bbox 32 1649 815 1686">
    <p class='ocr_par' dir='ltr' id='par_1_51' title="bbox 32 1649 815 1686">
     <span class='ocr_line' id='line_1_51' title="bbox 32 1649 815 1686; baseline 0.005 -11"><span class='ocrx_word' id='word_1_380' title='bbox 32 1649 89 1684; x_wconf 80' lang='grc' dir='ltr'>χὴν,</span> <span class='ocrx_word' id='word_1_381' title='bbox 111 1649 343 1686; x_wconf 69' lang='grc' dir='ltr'>ἀπορριπτοῦντες</span> <span class='ocrx_word' id='word_1_382' title='bbox 369 1650 439 1685; x_wconf 85' lang='grc' dir='ltr'>μετὰ</span> <span class='ocrx_word' id='word_1_383' title='bbox 463 1649 493 1676; x_wconf 80' lang='grc' dir='ltr'><strong>τὸ</strong></span> <span class='ocrx_word' id='word_1_384' title='bbox 517 1650 633 1683; x_wconf 73' lang='grc' dir='ltr'>ἐξελθεῖν</span> <span class='ocrx_word' id='word_1_385' title='bbox 653 1652 760 1686; x_wconf 76' lang='grc' dir='ltr'>ἐκείνην</span> <span class='ocrx_word' id='word_1_386' title='bbox 783 1652 815 1679; x_wconf 83' lang='grc' dir='ltr'><strong>τὸ</strong></span> 
     </span>
    </p>
   </div>
   <div class='ocr_carea' id='block_1_52' title="bbox 33 1694 814 1732">
    <p class='ocr_par' dir='ltr' id='par_1_52' title="bbox 33 1694 814 1732">
     <span class='ocr_line' id='line_1_52' title="bbox 33 1694 814 1732; baseline 0.003 -11"><span class='ocrx_word' id='word_1_387' title='bbox 33 1695 118 1730; x_wconf 84' lang='grc' dir='ltr'>σῶμα,</span> <span class='ocrx_word' id='word_1_388' title='bbox 129 1695 169 1727; x_wconf 84' lang='grc' dir='ltr'><strong>ὡς</strong></span> <span class='ocrx_word' id='word_1_389' title='bbox 183 1695 230 1722; x_wconf 65' lang='grc' dir='ltr'><strong>καὶ</strong></span> <span class='ocrx_word' id='word_1_390' title='bbox 244 1694 278 1721; x_wconf 84' lang='grc' dir='ltr'><strong>τὰ</strong></span> <span class='ocrx_word' id='word_1_391' title='bbox 293 1695 348 1722; x_wconf 83' lang='grc' dir='ltr'>τῶν</span> <span class='ocrx_word' id='word_1_392' title='bbox 362 1695 468 1731; x_wconf 84' lang='grc' dir='ltr'>κτηνῶν</span> <span class='ocrx_word' id='word_1_393' title='bbox 483 1696 604 1731; x_wconf 84' lang='grc' dir='ltr'>σώματα.</span> <span class='ocrx_word' id='word_1_394' title='bbox 619 1696 665 1724; x_wconf 65' lang='grc' dir='ltr'><strong>Μὴ</strong></span> <span class='ocrx_word' id='word_1_395' title='bbox 679 1696 814 1732; x_wconf 81' lang='grc' dir='ltr'>βουλέσθω</span> 
     </span>
    </p>
   </div>
   <div class='ocr_carea' id='block_1_53' title="bbox 31 1738 813 1777">
    <p class='ocr_par' dir='ltr' id='par_1_53' title="bbox 31 1738 813 1777">
     <span class='ocr_line' id='line_1_53' title="bbox 31 1738 813 1777; baseline 0.003 -11"><span class='ocrx_word' id='word_1_396' title='bbox 31 1738 74 1766; x_wconf 78' lang='grc' dir='ltr'>οὖν</span> <span class='ocrx_word' id='word_1_397' title='bbox 94 1740 109 1767; x_wconf 98' lang='lat'><strong>6</strong></span> <span class='ocrx_word' id='word_1_398' title='bbox 124 1740 192 1772; x_wconf 88' lang='grc' dir='ltr'>Θεὸς</span> <span class='ocrx_word' id='word_1_399' title='bbox 211 1741 375 1776; x_wconf 80' lang='grc' dir='ltr'>παραλόγως</span> <span class='ocrx_word' id='word_1_400' title='bbox 394 1741 501 1768; x_wconf 74' lang='grc' dir='ltr'>αἰώνιον</span> <span class='ocrx_word' id='word_1_401' title='bbox 521 1742 658 1776; x_wconf 80' lang='grc' dir='ltr'>ἀποφῆναι</span> <span class='ocrx_word' id='word_1_402' title='bbox 679 1743 747 1777; x_wconf 83' lang='grc' dir='ltr'>μήτε</span> <span class='ocrx_word' id='word_1_403' title='bbox 768 1743 813 1769; x_wconf 86' lang='grc' dir='ltr'><strong>τὸν</strong></span> 
     </span>
    </p>
   </div>
   <div class='ocr_carea' id='block_1_54' title="bbox 30 1784 814 1821">
    <p class='ocr_par' dir='ltr' id='par_1_54' title="bbox 30 1784 814 1821">
     <span class='ocr_line' id='line_1_54' title="bbox 30 1784 814 1821; baseline 0.001 -10"><span class='ocrx_word' id='word_1_404' title='bbox 30 1784 75 1811; x_wconf 83' lang='grc' dir='ltr'><strong>τοῦ</strong></span> <span class='ocrx_word' id='word_1_405' title='bbox 91 1785 165 1812; x_wconf 87' lang='grc' dir='ltr'>σίτου</span> <span class='ocrx_word' id='word_1_406' title='bbox 179 1785 289 1818; x_wconf 83' lang='grc' dir='ltr'>κόκκον,</span> <span class='ocrx_word' id='word_1_407' title='bbox 304 1785 361 1813; x_wconf 79' lang='grc' dir='ltr'>ἀλλ’</span> <span class='ocrx_word' id='word_1_408' title='bbox 379 1785 395 1821; x_wconf 84' lang='grc' dir='ltr'>ἢ</span> <span class='ocrx_word' id='word_1_409' title='bbox 414 1786 468 1821; x_wconf 83' lang='grc' dir='ltr'>ἄρα</span> <span class='ocrx_word' id='word_1_410' title='bbox 482 1786 536 1821; x_wconf 82' lang='grc'>(85)</span> <span class='ocrx_word' id='word_1_411' title='bbox 550 1787 596 1813; x_wconf 86' lang='grc' dir='ltr'><strong>τὸν</strong></span> <span class='ocrx_word' id='word_1_412' title='bbox 610 1786 639 1819; x_wconf 81' lang='grc' dir='ltr'>ἐξ</span> <span class='ocrx_word' id='word_1_413' title='bbox 653 1786 734 1813; x_wconf 84' lang='grc' dir='ltr'>αὐτοῦ</span> <span class='ocrx_word' id='word_1_414' title='bbox 751 1787 814 1813; x_wconf 85' lang='grc' dir='ltr'>στά-</span> 
     </span>
    </p>
   </div>
   <div class='ocr_carea' id='block_1_55' title="bbox 31 1830 812 1866">
    <p class='ocr_par' dir='ltr' id='par_1_55' title="bbox 31 1830 812 1866">
     <span class='ocr_line' id='line_1_55' title="bbox 31 1830 812 1866; baseline 0 -10"><span class='ocrx_word' id='word_1_415' title='bbox 31 1839 87 1865; x_wconf 87' lang='grc' dir='ltr'>χυν,</span> <span class='ocrx_word' id='word_1_416' title='bbox 105 1831 174 1866; x_wconf 86' lang='grc' dir='ltr'>μηδὲ</span> <span class='ocrx_word' id='word_1_417' title='bbox 190 1831 220 1857; x_wconf 86' lang='grc' dir='ltr'><strong>τὸ</strong></span> <span class='ocrx_word' id='word_1_418' title='bbox 237 1831 413 1866; x_wconf 83' lang='grc' dir='ltr'>σπειρόμενον</span> <span class='ocrx_word' id='word_1_419' title='bbox 430 1831 458 1857; x_wconf 82' lang='grc' dir='ltr'><strong>ὲν</strong></span> <span class='ocrx_word' id='word_1_420' title='bbox 474 1830 562 1866; x_wconf 82' lang='grc' dir='ltr'>φθορᾷ</span> <span class='ocrx_word' id='word_1_421' title='bbox 573 1830 641 1858; x_wconf 85' lang='grc' dir='ltr'>ἀλλὰ</span> <span class='ocrx_word' id='word_1_422' title='bbox 654 1830 684 1857; x_wconf 85' lang='grc' dir='ltr'><strong>τὸ</strong></span> <span class='ocrx_word' id='word_1_423' title='bbox 698 1830 745 1856; x_wconf 84' lang='grc' dir='ltr'><strong>ἀπ’</strong></span> <span class='ocrx_word' id='word_1_424' title='bbox 762 1831 812 1857; x_wconf 85' lang='grc' dir='ltr'><strong>αὐ-</strong></span> 
     </span>
    </p>
   </div>
   <div class='ocr_carea' id='block_1_56' title="bbox 30 1875 813 1912">
    <p class='ocr_par' dir='ltr' id='par_1_56' title="bbox 30 1875 813 1912">
     <span class='ocr_line' id='line_1_56' title="bbox 30 1875 813 1912; baseline 0 -11"><span class='ocrx_word' id='word_1_425' title='bbox 30 1875 74 1902; x_wconf 89' lang='grc' dir='ltr'><strong>τοῦ</strong></span> <span class='ocrx_word' id='word_1_426' title='bbox 90 1876 262 1911; x_wconf 75' lang='grc' dir='ltr'>ἐγειρόμενον</span> <span class='ocrx_word' id='word_1_427' title='bbox 276 1877 305 1903; x_wconf 83' lang='grc' dir='ltr'>ὲν</span> <span class='ocrx_word' id='word_1_428' title='bbox 321 1876 468 1912; x_wconf 81' lang='grc' dir='ltr'>ἀφθαρσίᾳ.</span> <span class='ocrx_word' id='word_1_429' title='bbox 487 1876 567 1903; x_wconf 78' lang='grc' dir='ltr'>Ἀλλὰ</span> <span class='ocrx_word' id='word_1_430' title='bbox 585 1876 632 1903; x_wconf 70' lang='grc' dir='ltr'><strong>καὶ</strong></span> <span class='ocrx_word' id='word_1_431' title='bbox 647 1877 661 1903; x_wconf 88' lang='grc' dir='ltr'>ὁ</span> <span class='ocrx_word' id='word_1_432' title='bbox 675 1875 729 1902; x_wconf 86' lang='grc' dir='ltr'><strong>τῶν</strong></span> <span class='ocrx_word' id='word_1_433' title='bbox 745 1876 813 1902; x_wconf 58' lang='grc' dir='ltr'>πάνυ</span> 
     </span>
    </p>
   </div>
   <div class='ocr_carea' id='block_1_57' title="bbox 29 1920 812 1957">
    <p class='ocr_par' dir='ltr' id='par_1_57' title="bbox 29 1920 812 1957">
     <span class='ocr_line' id='line_1_57' title="bbox 29 1920 812 1957; baseline 0 -10"><span class='ocrx_word' id='word_1_434' title='bbox 29 1928 79 1947; x_wconf 82' lang='grc' dir='ltr'><strong>των</strong></span> <span class='ocrx_word' id='word_1_435' title='bbox 91 1921 168 1956; x_wconf 86' lang='grc' dir='ltr'>λόγος</span> <span class='ocrx_word' id='word_1_436' title='bbox 184 1922 243 1948; x_wconf 75' lang='grc' dir='ltr'>ἐστὶ</span> <span class='ocrx_word' id='word_1_437' title='bbox 259 1921 330 1949; x_wconf 83' lang='grc' dir='ltr'><strong>κατά</strong></span> <span class='ocrx_word' id='word_1_438' title='bbox 348 1921 396 1957; x_wconf 81' lang='grc' dir='ltr'>μὲν</span> <span class='ocrx_word' id='word_1_439' title='bbox 411 1922 513 1948; x_wconf 79' lang='grc' dir='ltr'>Κέλσον</span> <span class='ocrx_word' id='word_1_440' title='bbox 526 1921 607 1953; x_wconf 79' lang='grc' dir='ltr'>αὐτὸς</span> <span class='ocrx_word' id='word_1_441' title='bbox 622 1922 636 1947; x_wconf 89' lang='lat'><strong>6</strong></span> <span class='ocrx_word' id='word_1_442' title='bbox 650 1921 725 1954; x_wconf 81' lang='grc' dir='ltr'>Θεὸς,</span> <span class='ocrx_word' id='word_1_443' title='bbox 742 1920 812 1948; x_wconf 70' lang='grc' dir='ltr'>κατὰ</span> 
     </span>
    </p>
   </div>
   <div class='ocr_carea' id='block_1_58' title="bbox 29 1963 811 2002">
    <p class='ocr_par' dir='ltr' id='par_1_58' title="bbox 29 1963 811 2002">
     <span class='ocr_line' id='line_1_58' title="bbox 29 1963 811 2002; baseline 0.004 -11"><span class='ocrx_word' id='word_1_444' title='bbox 29 1964 55 1991; x_wconf 77' lang='grc' dir='ltr'><strong>δὲ</strong></span> <span class='ocrx_word' id='word_1_445' title='bbox 69 1966 141 2001; x_wconf 76' lang='grc' dir='ltr'>ἡμᾶς</span> <span class='ocrx_word' id='word_1_446' title='bbox 153 1967 169 1992; x_wconf 88' lang='lat'><strong>6</strong></span> <span class='ocrx_word' id='word_1_447' title='bbox 184 1966 248 1998; x_wconf 84' lang='grc' dir='ltr'>Υἱὸς</span> <span class='ocrx_word' id='word_1_448' title='bbox 267 1965 365 1993; x_wconf 73' lang='grc' dir='ltr'>αὐτοῦ’</span> <span class='ocrx_word' id='word_1_449' title='bbox 385 1967 450 2002; x_wconf 77' lang='grc' dir='ltr'>περὶ</span> <span class='ocrx_word' id='word_1_450' title='bbox 466 1963 497 1993; x_wconf 75' lang='grc' dir='ltr'><strong>οὗ</strong></span> <span class='ocrx_word' id='word_1_451' title='bbox 511 1966 718 2001; x_wconf 67' lang='grc' dir='ltr'>φιλοσοφοῦντες</span> <span class='ocrx_word' id='word_1_452' title='bbox 736 1967 811 2002; x_wconf 83' lang='grc' dir='ltr'>λέγο-</span> 
     </span>
    </p>
   </div>
   <div class='ocr_carea' id='block_1_59' title="bbox 31 2010 811 2053">
    <p class='ocr_par' dir='ltr' id='par_1_59' title="bbox 31 2010 811 2053">
     <span class='ocr_line' id='line_1_59' title="bbox 31 2010 811 2053; baseline 0.005 -16"><span class='ocrx_word' id='word_1_453' title='bbox 31 2019 77 2045; x_wconf 82' lang='grc' dir='ltr'><strong>μεν</strong></span> <span class='ocrx_word' id='word_1_454' title='bbox 91 2011 130 2038; x_wconf 86' lang='grc' dir='ltr'>τό·</span> <span class='ocrx_word' id='word_1_455' title='bbox 148 2021 159 2038; x_wconf 83' lang='grc'><strong>‹</strong></span> <span class='ocrx_word' id='word_1_456' title='bbox 187 2012 232 2038; x_wconf 87' lang='grc' dir='ltr'><strong>Ἐν</strong></span> <span class='ocrx_word' id='word_1_457' title='bbox 245 2012 315 2048; x_wconf 84' lang='grc' dir='ltr'>ἀρχῇ</span> <span class='ocrx_word' id='word_1_458' title='bbox 328 2010 361 2048; x_wconf 80' lang='grc' dir='ltr'>ἦν</span> <span class='ocrx_word' id='word_1_459' title='bbox 373 2011 387 2038; x_wconf 84' lang='lat'><strong>6</strong></span> <span class='ocrx_word' id='word_1_460' title='bbox 399 2011 494 2046; x_wconf 83' lang='grc' dir='ltr'>Λόγος,</span> <span class='ocrx_word' id='word_1_461' title='bbox 508 2012 554 2038; x_wconf 76' lang='grc' dir='ltr'>καὶ</span> <span class='ocrx_word' id='word_1_462' title='bbox 568 2015 581 2040; x_wconf 87' lang='grc' dir='ltr'>ὁ</span> <span class='ocrx_word' id='word_1_463' title='bbox 597 2012 682 2047; x_wconf 83' lang='grc' dir='ltr'>Λόγος</span> <span class='ocrx_word' id='word_1_464' title='bbox 692 2012 725 2049; x_wconf 85' lang='grc' dir='ltr'>ἦν</span> <span class='ocrx_word' id='word_1_465' title='bbox 742 2017 811 2053; x_wconf 80' lang='grc' dir='ltr'>πρὸς</span> 
     </span>
    </p>
   </div>
   <div class='ocr_carea' id='block_1_60' title="bbox 29 2056 810 2093">
    <p class='ocr_par' dir='ltr' id='par_1_60' title="bbox 29 2056 810 2093">
     <span class='ocr_line' id='line_1_60' title="bbox 29 2056 810 2093; baseline 0.006 -10"><span class='ocrx_word' id='word_1_466' title='bbox 29 2057 70 2082; x_wconf 88' lang='grc' dir='ltr'><strong>τὸν</strong></span> <span class='ocrx_word' id='word_1_467' title='bbox 91 2057 167 2090; x_wconf 82' lang='grc' dir='ltr'>Θεὸν,</span> <span class='ocrx_word' id='word_1_468' title='bbox 188 2058 235 2084; x_wconf 77' lang='grc' dir='ltr'>καὶ</span> <span class='ocrx_word' id='word_1_469' title='bbox 259 2058 326 2090; x_wconf 84' lang='grc' dir='ltr'>Θεὸς</span> <span class='ocrx_word' id='word_1_470' title='bbox 344 2056 378 2093; x_wconf 76' lang='grc' dir='ltr'><strong>ἦν</strong></span> <span class='ocrx_word' id='word_1_471' title='bbox 395 2057 410 2084; x_wconf 87' lang='lat'><strong>6</strong></span> <span class='ocrx_word' id='word_1_472' title='bbox 432 2058 525 2092; x_wconf 83' lang='grc' dir='ltr'>Λόγος.</span> <span class='ocrx_word' id='word_1_473' title='bbox 546 2067 555 2084; x_wconf 73' lang='grc' dir='ltr'><strong>ι</strong></span> <span class='ocrx_word' id='word_1_474' title='bbox 582 2058 660 2086; x_wconf 82' lang='grc' dir='ltr'>Ἀλλά</span> <span class='ocrx_word' id='word_1_475' title='bbox 682 2061 729 2087; x_wconf 82' lang='grc' dir='ltr'><strong>καὶ</strong></span> <span class='ocrx_word' id='word_1_476' title='bbox 751 2063 810 2090; x_wconf 81' lang='grc' dir='ltr'>καθ’</span> 
     </span>
    </p>
   </div>
   <div class='ocr_carea' id='block_1_61' title="bbox 28 2099 810 2140">
    <p class='ocr_par' dir='ltr' id='par_1_61' title="bbox 28 2099 810 2140">
     <span class='ocr_line' id='line_1_61' title="bbox 28 2099 810 2140; baseline 0.006 -13"><span class='ocrx_word' id='word_1_477' title='bbox 28 2101 96 2135; x_wconf 83' lang='grc' dir='ltr'>ἡμᾶς</span> <span class='ocrx_word' id='word_1_478' title='bbox 106 2101 183 2128; x_wconf 66' lang='grc' dir='ltr'>οὐδὲν</span> <span class='ocrx_word' id='word_1_479' title='bbox 194 2099 249 2134; x_wconf 76' lang='grc' dir='ltr'>οἷός</span> <span class='ocrx_word' id='word_1_480' title='bbox 259 2110 289 2128; x_wconf 85' lang='grc' dir='ltr'><strong>τε</strong></span> <span class='ocrx_word' id='word_1_481' title='bbox 303 2102 456 2138; x_wconf 80' lang='grc' dir='ltr'>παράλογον</span> <span class='ocrx_word' id='word_1_482' title='bbox 469 2101 530 2129; x_wconf 76' lang='grc' dir='ltr'>οὔτε</span> <span class='ocrx_word' id='word_1_483' title='bbox 545 2104 608 2138; x_wconf 80' lang='grc' dir='ltr'>παρ’</span> <span class='ocrx_word' id='word_1_484' title='bbox 623 2103 717 2131; x_wconf 79' lang='grc' dir='ltr'>ἑαυτὸν</span> <span class='ocrx_word' id='word_1_485' title='bbox 729 2105 810 2140; x_wconf 84' lang='grc' dir='ltr'>ἐργά-</span> 
     </span>
    </p>
   </div>
   <div class='ocr_carea' id='block_1_62' title="bbox 29 2145 334 2179">
    <p class='ocr_par' dir='ltr' id='par_1_62' title="bbox 29 2145 334 2179">
     <span class='ocr_line' id='line_1_62' title="bbox 29 2145 334 2179; baseline 0.013 -9"><span class='ocrx_word' id='word_1_486' title='bbox 29 2145 121 2173; x_wconf 86' lang='grc' dir='ltr'>σασθαὶ</span> <span class='ocrx_word' id='word_1_487' title='bbox 137 2147 212 2173; x_wconf 74' lang='grc' dir='ltr'>ἐστιν</span> <span class='ocrx_word' id='word_1_488' title='bbox 227 2148 241 2174; x_wconf 86' lang='grc' dir='ltr'>ὁ</span> <span class='ocrx_word' id='word_1_489' title='bbox 258 2147 334 2179; x_wconf 83' lang='grc' dir='ltr'>Θεός.</span> 
     </span>
    </p>
   </div>
   <div class='ocr_carea' id='block_1_63' title="bbox 61 2191 809 2229">
    <p class='ocr_par' dir='ltr' id='par_1_63' title="bbox 61 2191 809 2229">
     <span class='ocr_line' id='line_1_63' title="bbox 61 2191 809 2229; baseline 0.005 -11"><span class='ocrx_word' id='word_1_490' title='bbox 61 2191 174 2228; x_wconf 82' lang='grc' dir='ltr'>’Ίδωμεν</span> <span class='ocrx_word' id='word_1_491' title='bbox 192 2192 220 2219; x_wconf 81' lang='grc' dir='ltr'><strong>δὲ</strong></span> <span class='ocrx_word' id='word_1_492' title='bbox 242 2193 289 2219; x_wconf 76' lang='grc' dir='ltr'>καὶ</span> <span class='ocrx_word' id='word_1_493' title='bbox 303 2193 354 2229; x_wconf 79' lang='grc' dir='ltr'><strong>τὴν</strong></span> <span class='ocrx_word' id='word_1_494' title='bbox 372 2192 436 2228; x_wconf 81' lang='grc' dir='ltr'>ἑξῆς</span> <span class='ocrx_word' id='word_1_495' title='bbox 454 2193 501 2220; x_wconf 81' lang='grc' dir='ltr'><strong>τοῦ</strong></span> <span class='ocrx_word' id='word_1_496' title='bbox 515 2194 618 2221; x_wconf 80' lang='grc' dir='ltr'>Κέλσου</span> <span class='ocrx_word' id='word_1_497' title='bbox 629 2194 711 2228; x_wconf 85' lang='grc' dir='ltr'>λέξιν,</span> <span class='ocrx_word' id='word_1_498' title='bbox 723 2195 809 2228; x_wconf 74' lang='grc' dir='ltr'>οὕτως</span> 
     </span>
    </p>
   </div>
   <div class='ocr_carea' id='block_1_64' title="bbox 27 2234 810 2276">
    <p class='ocr_par' dir='ltr' id='par_1_64' title="bbox 27 2234 810 2276">
     <span class='ocr_line' id='line_1_64' title="bbox 27 2234 810 2276; baseline 0.008 -14"><span class='ocrx_word' id='word_1_499' title='bbox 27 2234 151 2271; x_wconf 74' lang='grc' dir='ltr'>ἔχουσαν·</span> <span class='ocrx_word' id='word_1_500' title='bbox 172 2247 181 2264; x_wconf 77' lang='grc' dir='ltr'><strong>ε</strong></span> <span class='ocrx_word' id='word_1_501' title='bbox 207 2238 325 2265; x_wconf 80' lang='grc' dir='ltr'>Ἰουδαῖοι</span> <span class='ocrx_word' id='word_1_502' title='bbox 342 2238 392 2274; x_wconf 83' lang='grc' dir='ltr'>μὲν</span> <span class='ocrx_word' id='word_1_503' title='bbox 408 2236 464 2272; x_wconf 83' lang='grc' dir='ltr'>οὗν,</span> <span class='ocrx_word' id='word_1_504' title='bbox 483 2239 558 2272; x_wconf 71' lang='grc' dir='ltr'>ἔθνος</span> <span class='ocrx_word' id='word_1_505' title='bbox 573 2240 637 2267; x_wconf 74' lang='grc' dir='ltr'>ἴδιον</span> <span class='ocrx_word' id='word_1_506' title='bbox 659 2241 810 2276; x_wconf 87' lang='grc' dir='ltr'>γενόμενοι,</span> 
     </span>
    </p>
   </div>
   <div class='ocr_carea' id='block_1_65' title="bbox 28 2282 812 2321">
    <p class='ocr_par' dir='ltr' id='par_1_65' title="bbox 28 2282 812 2321">
     <span class='ocr_line' id='line_1_65' title="bbox 28 2282 812 2321; baseline 0.006 -13"><span class='ocrx_word' id='word_1_507' title='bbox 28 2282 71 2307; x_wconf 79' lang='grc' dir='ltr'>καὶ</span> <span class='ocrx_word' id='word_1_508' title='bbox 87 2282 159 2310; x_wconf 84' lang='grc' dir='ltr'><strong>κατά</strong></span> <span class='ocrx_word' id='word_1_509' title='bbox 174 2283 202 2310; x_wconf 81' lang='grc' dir='ltr'><strong>τὸ</strong></span> <span class='ocrx_word' id='word_1_510' title='bbox 220 2283 366 2320; x_wconf 81' lang='grc' dir='ltr'>ἐπιχώριον</span> <span class='ocrx_word' id='word_1_511' title='bbox 384 2285 483 2320; x_wconf 79' lang='grc' dir='ltr'>νόμους</span> <span class='ocrx_word' id='word_1_512' title='bbox 504 2285 621 2321; x_wconf 83' lang='grc' dir='ltr'>θέμενοι,</span> <span class='ocrx_word' id='word_1_513' title='bbox 639 2286 686 2313; x_wconf 67' lang='grc' dir='ltr'>καὶ.</span> <span class='ocrx_word' id='word_1_514' title='bbox 701 2286 812 2319; x_wconf 80' lang='grc' dir='ltr'>τούτους</span> 
     </span>
    </p>
   </div>
   <div class='ocr_carea' id='block_1_66' title="bbox 27 2326 811 2367">
    <p class='ocr_par' dir='ltr' id='par_1_66' title="bbox 27 2326 811 2367">
     <span class='ocr_line' id='line_1_66' title="bbox 27 2326 811 2367; baseline 0.005 -13"><span class='ocrx_word' id='word_1_515' title='bbox 27 2326 54 2352; x_wconf 82' lang='grc' dir='ltr'>ὲν</span> <span class='ocrx_word' id='word_1_516' title='bbox 78 2328 169 2362; x_wconf 83' lang='grc' dir='ltr'>σφίσιν</span> <span class='ocrx_word' id='word_1_517' title='bbox 193 2329 233 2356; x_wconf 72' lang='grc' dir='ltr'><strong>ἔτι</strong></span> <span class='ocrx_word' id='word_1_518' title='bbox 259 2330 307 2356; x_wconf 87' lang='grc' dir='ltr'>νῦν</span> <span class='ocrx_word' id='word_1_519' title='bbox 333 2329 562 2365; x_wconf 84' lang='grc' dir='ltr'>περιστέλλοντες,</span> <span class='ocrx_word' id='word_1_520' title='bbox 591 2331 638 2358; x_wconf 73' lang='grc' dir='ltr'>καὶ</span> <span class='ocrx_word' id='word_1_521' title='bbox 662 2331 811 2367; x_wconf 84' lang='grc' dir='ltr'>θρησκείαν</span> 
     </span>
    </p>
   </div>
   <div class='ocr_carea' id='block_1_67' title="bbox 27 2370 810 2412">
    <p class='ocr_par' dir='ltr' id='par_1_67' title="bbox 27 2370 810 2412">
     <span class='ocr_line' id='line_1_67' title="bbox 27 2370 810 2412; baseline 0.009 -16"><span class='ocrx_word' id='word_1_522' title='bbox 27 2370 116 2399; x_wconf 76' lang='grc' dir='ltr'>ὁποίαν</span> <span class='ocrx_word' id='word_1_523' title='bbox 133 2373 177 2409; x_wconf 85' lang='grc' dir='ltr'>δὴ,</span> <span class='ocrx_word' id='word_1_524' title='bbox 194 2373 309 2409; x_wconf 89' lang='grc' dir='ltr'>πάτριον</span> <span class='ocrx_word' id='word_1_525' title='bbox 325 2374 348 2401; x_wconf 80' lang='grc' dir='ltr'><strong>δ’</strong></span> <span class='ocrx_word' id='word_1_526' title='bbox 368 2372 425 2408; x_wconf 77' lang='grc' dir='ltr'>οὖν,</span> <span class='ocrx_word' id='word_1_527' title='bbox 442 2375 633 2410; x_wconf 80' lang='grc' dir='ltr'>φυλάσσοντες,</span> <span class='ocrx_word' id='word_1_528' title='bbox 654 2376 734 2412; x_wconf 82' lang='grc' dir='ltr'>ὅμοια</span> <span class='ocrx_word' id='word_1_529' title='bbox 754 2377 810 2408; x_wconf 83' lang='grc' dir='ltr'>τοῖς</span> 
     </span>
    </p>
   </div>
   <div class='ocr_carea' id='block_1_68' title="bbox 26 2415 809 2457">
    <p class='ocr_par' dir='ltr' id='par_1_68' title="bbox 26 2415 809 2457">
     <span class='ocr_line' id='line_1_68' title="bbox 26 2415 809 2457; baseline 0.008 -14"><span class='ocrx_word' id='word_1_530' title='bbox 26 2415 109 2450; x_wconf 73' lang='grc' dir='ltr'>ἄλλοις</span> <span class='ocrx_word' id='word_1_531' title='bbox 131 2418 285 2454; x_wconf 86' lang='grc' dir='ltr'>ἀνθρώποις</span> <span class='ocrx_word' id='word_1_532' title='bbox 307 2419 422 2456; x_wconf 81' lang='grc' dir='ltr'>δρῶσιν·</span> <span class='ocrx_word' id='word_1_533' title='bbox 446 2421 487 2447; x_wconf 79' lang='grc' dir='ltr'>ὅτι</span> <span class='ocrx_word' id='word_1_534' title='bbox 507 2421 616 2448; x_wconf 76' lang='grc' dir='ltr'>ἕκαστοι</span> <span class='ocrx_word' id='word_1_535' title='bbox 636 2422 670 2448; x_wconf 83' lang='grc' dir='ltr'>τὰ</span> <span class='ocrx_word' id='word_1_536' title='bbox 695 2421 809 2457; x_wconf 85' lang='grc' dir='ltr'>πάτρια,</span> 
     </span>
    </p>
   </div>
   <div class='ocr_carea' id='block_1_69' title="bbox 25 2461 810 2503">
    <p class='ocr_par' dir='ltr' id='par_1_69' title="bbox 25 2461 810 2503">
     <span class='ocr_line' id='line_1_69' title="bbox 25 2461 810 2503; baseline 0.009 -15"><span class='ocrx_word' id='word_1_537' title='bbox 25 2461 99 2490; x_wconf 82' lang='grc' dir='ltr'>ὁποῖά</span> <span class='ocrx_word' id='word_1_538' title='bbox 113 2464 174 2491; x_wconf 81' lang='grc' dir='ltr'>ποτ’</span> <span class='ocrx_word' id='word_1_539' title='bbox 186 2463 219 2491; x_wconf 81' lang='grc' dir='ltr'><strong>ἂν</strong></span> <span class='ocrx_word' id='word_1_540' title='bbox 231 2464 300 2501; x_wconf 80' lang='grc' dir='ltr'>τύχῃ</span> <span class='ocrx_word' id='word_1_541' title='bbox 310 2465 497 2501; x_wconf 78' lang='grc' dir='ltr'>καθεστηκότα</span> <span class='ocrx_word' id='word_1_542' title='bbox 506 2467 665 2502; x_wconf 82' lang='grc' dir='ltr'>περιέπουσι</span> <span class='ocrx_word' id='word_1_543' title='bbox 679 2467 745 2503; x_wconf 88' lang='grc'><strong>(86).</strong></span> <span class='ocrx_word' id='word_1_544' title='bbox 759 2469 810 2494; x_wconf 85' lang='grc' dir='ltr'><strong>Δο-</strong></span> 
     </span>
    </p>
   </div>
   <div class='ocr_carea' id='block_1_70' title="bbox 57 2507 267 2543">
    <p class='ocr_par' dir='ltr' id='par_1_70' title="bbox 57 2507 267 2543">
     <span class='ocr_line' id='line_1_70' title="bbox 57 2507 267 2543; baseline 0.005 -7"><span class='ocrx_word' id='word_1_545' title='bbox 57 2507 79 2524; x_wconf 85' lang='grc'><strong><em>³²</em></strong></span> <span class='ocrx_word' id='word_1_546' title='bbox 93 2508 173 2537; x_wconf 76' lang='lat' dir='ltr'><strong>Joan.</strong></span> <span class='ocrx_word' id='word_1_547' title='bbox 199 2518 219 2543; x_wconf 86' lang='grc' dir='ltr'><strong>ι,</strong></span> <span class='ocrx_word' id='word_1_548' title='bbox 241 2510 267 2537; x_wconf 79' lang='grc'><strong>1.</strong></span> 
     </span>
    </p>
   </div>
   <div class='ocr_carea' id='block_1_71' title="bbox 56 2553 800 2593">
    <p class='ocr_par' dir='ltr' id='par_1_71' title="bbox 56 2553 800 2593">
     <span class='ocr_line' id='line_1_71' title="bbox 56 2553 800 2593; baseline 0.008 -13"><span class='ocrx_word' id='word_1_549' title='bbox 56 2553 110 2593; x_wconf 61' lang='lat'><strong>(8})</strong></span> <span class='ocrx_word' id='word_1_550' title='bbox 131 2555 279 2593; x_wconf 64' lang='grc' dir='ltr'>Τοιοᾷτρν,</span> <span class='ocrx_word' id='word_1_551' title='bbox 293 2556 377 2584; x_wconf 76' lang='grc' dir='ltr'>ὅσον.</span> <span class='ocrx_word' id='word_1_552' title='bbox 397 2557 442 2586; x_wconf 67' lang='lat' dir='ltr'><strong>Sic</strong></span> <span class='ocrx_word' id='word_1_553' title='bbox 456 2565 520 2585; x_wconf 85' lang='lat' dir='ltr'><strong>mss.</strong></span> <span class='ocrx_word' id='word_1_554' title='bbox 534 2558 603 2591; x_wconf 86' lang='lat' dir='ltr'><strong>Quid</strong></span> <span class='ocrx_word' id='word_1_555' title='bbox 616 2560 637 2586; x_wconf 87' lang='lat' dir='ltr'><strong>si</strong></span> <span class='ocrx_word' id='word_1_556' title='bbox 653 2559 800 2593; x_wconf 84' lang='lat' dir='ltr'><strong>scribatur,</strong></span> 
     </span>
    </p>
   </div>
   <div class='ocr_carea' id='block_1_72' title="bbox 23 2590 802 2628">
    <p class='ocr_par' dir='ltr' id='par_1_72' title="bbox 23 2590 802 2628">
     <span class='ocr_line' id='line_1_72' title="bbox 23 2590 802 2628; baseline 0.01 -15"><span class='ocrx_word' id='word_1_557' title='bbox 23 2590 158 2628; x_wconf 49' lang='grc' dir='ltr'>τοιοῦτοι.</span> <span class='ocrx_word' id='word_1_558' title='bbox 167 2590 209 2625; x_wconf 78' lang='grc' dir='ltr'><strong>ἐφ’</strong></span> <span class='ocrx_word' id='word_1_559' title='bbox 230 2591 292 2628; x_wconf 60' lang='grc' dir='ltr'>ὅσον</span> <span class='ocrx_word' id='word_1_560' title='bbox 314 2592 362 2628; x_wconf 79' lang='grc' dir='ltr'>καὶ</span> <span class='ocrx_word' id='word_1_561' title='bbox 382 2593 397 2618; x_wconf 91' lang='lat'><strong>6</strong></span> <span class='ocrx_word' id='word_1_562' title='bbox 418 2590 602 2628; x_wconf 77' lang='grc' dir='ltr'>τηρούμενοςῖ</span> <span class='ocrx_word' id='word_1_563' title='bbox 619 2594 697 2621; x_wconf 86' lang='lat' dir='ltr'><strong>Lihb.</strong></span> <span class='ocrx_word' id='word_1_564' title='bbox 719 2590 802 2626; x_wconf 73' lang='lat' dir='ltr'><strong>editi,</strong></span> 
     </span>
    </p>
   </div>
   <div class='ocr_carea' id='block_1_73' title="bbox 24 2624 802 2664">
    <p class='ocr_par' dir='ltr' id='par_1_73' title="bbox 24 2624 802 2664">
     <span class='ocr_line' id='line_1_73' title="bbox 24 2624 802 2664; baseline 0.012 -16"><span class='ocrx_word' id='word_1_565' title='bbox 24 2624 128 2664; x_wconf 71' lang='grc' dir='ltr'>τοῦτον,</span> <span class='ocrx_word' id='word_1_566' title='bbox 141 2624 217 2664; x_wconf 57' lang='grc' dir='ltr'>οσον.</span> <span class='ocrx_word' id='word_1_567' title='bbox 239 2625 299 2653; x_wconf 80' lang='lat' dir='ltr'><strong>Mox</strong></span> <span class='ocrx_word' id='word_1_568' title='bbox 324 2627 407 2655; x_wconf 87' lang='lat' dir='ltr'><strong>iidem</strong></span> <span class='ocrx_word' id='word_1_569' title='bbox 428 2624 461 2655; x_wconf 76' lang='grc' dir='ltr'><strong>ἱιῖ</strong></span> <span class='ocrx_word' id='word_1_570' title='bbox 473 2624 611 2663; x_wconf 79' lang='lat' dir='ltr'><strong>margine,</strong></span> <span class='ocrx_word' id='word_1_571' title='bbox 631 2624 802 2664; x_wconf 77' lang='grc' dir='ltr'>περιίστησιν</span> 
     </span>
    </p>
   </div>
   <div class='ocr_carea' id='block_1_74' title="bbox 24 2660 252 2696">
    <p class='ocr_par' dir='ltr' id='par_1_74' title="bbox 24 2660 252 2696">
     <span class='ocr_line' id='line_1_74' title="bbox 24 2660 252 2696; baseline 0.009 -10"><span class='ocrx_word' id='word_1_572' title='bbox 24 2660 252 2696; x_wconf 33' lang='grc' dir='ltr'>Ρΐρηπαρίστησιν.</span> 
     </span>
    </p>
   </div>
   <div class='ocr_carea' id='block_1_75' title="bbox 56 2693 801 2734">
    <p class='ocr_par' dir='ltr' id='par_1_75' title="bbox 56 2693 801 2734">
     <span class='ocr_line' id='line_1_75' title="bbox 56 2693 801 2734; baseline 0.008 -14"><span class='ocrx_word' id='word_1_573' title='bbox 56 2693 207 2734; x_wconf 61' lang='grc' dir='ltr'><strong>(8ῒξ)ἸιὶΙ›ζί.</strong></span> <span class='ocrx_word' id='word_1_574' title='bbox 229 2695 309 2734; x_wconf 91' lang='lat' dir='ltr'><strong>edili_,</strong></span> <span class='ocrx_word' id='word_1_575' title='bbox 328 2696 443 2733; x_wconf 82' lang='grc' dir='ltr'>φύσεως.</span> <span class='ocrx_word' id='word_1_576' title='bbox 460 2697 545 2726; x_wconf 88' lang='lat' dir='ltr'><strong>Codd.</strong></span> <span class='ocrx_word' id='word_1_577' title='bbox 564 2698 664 2734; x_wconf 77' lang='lat' dir='ltr'><strong>Regius</strong></span> <span class='ocrx_word' id='word_1_578' title='bbox 683 2704 710 2734; x_wconf 78' lang='lat' dir='ltr'><strong>et</strong></span> <span class='ocrx_word' id='word_1_579' title='bbox 727 2698 801 2726; x_wconf 82' lang='lat' dir='ltr'><strong>Basi—</strong></span> 
     </span>
    </p>
   </div>
   <div class='ocr_carea' id='block_1_76' title="bbox 24 2724 800 2766">
    <p class='ocr_par' dir='ltr' id='par_1_76' title="bbox 24 2724 800 2766">
     <span class='ocr_line' id='line_1_76' title="bbox 24 2724 800 2766; baseline 0.008 -12"><span class='ocrx_word' id='word_1_580' title='bbox 24 2724 126 2766; x_wconf 35' lang='lat' dir='ltr'><strong>l&#39;qe&#39;usi&#39;s,</strong></span> <span class='ocrx_word' id='word_1_581' title='bbox 143 2730 270 2766; x_wconf 82' lang='grc' dir='ltr'>κρίσεως.</span> <span class='ocrx_word' id='word_1_582' title='bbox 289 2724 372 2760; x_wconf 62' lang='lat' dir='ltr'><strong>Paulo</strong></span> <span class='ocrx_word' id='word_1_583' title='bbox 387 2724 447 2766; x_wconf 69' lang='lat' dir='ltr'><strong>post</strong></span> <span class='ocrx_word' id='word_1_584' title='bbox 468 2724 549 2760; x_wconf 68' lang='lat' dir='ltr'><strong>iidem</strong></span> <span class='ocrx_word' id='word_1_585' title='bbox 565 2724 629 2760; x_wconf 54' lang='lat' dir='ltr'><strong>libb&#39;.</strong></span> <span class='ocrx_word' id='word_1_586' title='bbox 643 2724 800 2766; x_wconf 59' lang='grc' dir='ltr'>έάίὶίξιςᾶι</span> 
     </span>
    </p>
   </div>
   <div class='ocr_carea' id='block_1_77' title="bbox 24 2741 796 2802">
    <p class='ocr_par' dir='ltr' id='par_1_77' title="bbox 24 2741 796 2802">
     <span class='ocr_line' id='line_1_77' title="bbox 25 2741 796 2766; baseline 0.009 -13"><span class='ocrx_word' id='word_1_587' title='bbox 25 2741 126 2762; x_wconf 66' lang='grc' dir='ltr'>ιεειιδιε,</span> <span class='ocrx_word' id='word_1_588' title='bbox 143 2741 270 2765; x_wconf 78' lang='grc' dir='ltr'>χρισεως.</span> <span class='ocrx_word' id='word_1_589' title='bbox 289 2741 372 2760; x_wconf 78' lang='lat' dir='ltr'><strong>ramo</strong></span> <span class='ocrx_word' id='word_1_590' title='bbox 405 2741 447 2760; x_wconf 82' lang='lat' dir='ltr'><strong>ost</strong></span> <span class='ocrx_word' id='word_1_591' title='bbox 469 2741 549 2760; x_wconf 86' lang='lat' dir='ltr'><strong>nuem</strong></span> <span class='ocrx_word' id='word_1_592' title='bbox 565 2741 629 2760; x_wconf 84' lang='lat' dir='ltr'><strong>non.</strong></span> <span class='ocrx_word' id='word_1_593' title='bbox 643 2741 725 2766; x_wconf 82' lang='lat' dir='ltr'><strong>eam,</strong></span> <span class='ocrx_word' id='word_1_594' title='bbox 744 2741 796 2760; x_wconf 76' lang='lat' dir='ltr'><strong>mu</strong></span> 
     </span>
     <span class='ocr_line' id='line_1_78' title="bbox 24 2741 796 2802; baseline 0.009 -14"><span class='ocrx_word' id='word_1_595' title='bbox 24 2760 82 2802; x_wconf 56' lang='grc' dir='ltr'>ᾗλλο</span> <span class='ocrx_word' id='word_1_596' title='bbox 96 2772 122 2789; x_wconf 85' lang='grc' dir='ltr'><strong>τι</strong></span> <span class='ocrx_word' id='word_1_597' title='bbox 143 2765 232 2802; x_wconf 69' lang='grc' dir='ltr'>ψυχῆς</span> <span class='ocrx_word' id='word_1_598' title='bbox 258 2766 364 2795; x_wconf 76' lang='grc' dir='ltr'>αἰώνιον</span> <span class='ocrx_word' id='word_1_599' title='bbox 381 2741 473 2802; x_wconf 55' lang='grc' dir='ltr'>ξιοτὴν</span> <span class='ocrx_word' id='word_1_600' title='bbox 493 2767 637 2800; x_wconf 83' lang='grc' dir='ltr'>δύνασθαι,</span> <span class='ocrx_word' id='word_1_601' title='bbox 655 2769 701 2795; x_wconf 86' lang='lat' dir='ltr'><strong>sed</strong></span> <span class='ocrx_word' id='word_1_602' title='bbox 719 2769 796 2796; x_wconf 83' lang='lat' dir='ltr'><strong>codd.</strong></span> 
     </span>
    </p>
   </div>
   <div class='ocr_carea' id='block_1_78' title="bbox 26 2795 797 2838">
    <p class='ocr_par' dir='ltr' id='par_1_78' title="bbox 26 2795 797 2838">
     <span class='ocr_line' id='line_1_79' title="bbox 26 2795 797 2838; baseline 0.001 -10"><span class='ocrx_word' id='word_1_603' title='bbox 26 2795 118 2835; x_wconf 53' lang='lat' dir='ltr'><strong>[‘Pﬂius</strong></span> <span class='ocrx_word' id='word_1_604' title='bbox 129 2795 156 2826; x_wconf 79' lang='lat' dir='ltr'><strong>ei</strong></span> <span class='ocrx_word' id='word_1_605' title='bbox 171 2795 344 2838; x_wconf 28' lang='lat' dir='ltr'><strong>AI&#39;SPJ&#39;s‘ileensis,</strong></span> <span class='ocrx_word' id='word_1_606' title='bbox 357 2795 411 2829; x_wconf 73' lang='grc' dir='ltr'>καὶ</span> <span class='ocrx_word' id='word_1_607' title='bbox 427 2795 468 2829; x_wconf 71' lang='grc' dir='ltr'>ὅτι</span> <span class='ocrx_word' id='word_1_608' title='bbox 479 2803 568 2837; x_wconf 75' lang='grc' dir='ltr'>ψυχῆς</span> <span class='ocrx_word' id='word_1_609' title='bbox 583 2795 690 2830; x_wconf 69' lang='grc' dir='ltr'>αἰώνιον</span> <span class='ocrx_word' id='word_1_610' title='bbox 706 2795 797 2838; x_wconf 82' lang='grc' dir='ltr'>βιοτὴν</span> 
     </span>
    </p>
   </div>
   <div class='ocr_carea' id='block_1_79' title="bbox 24 2835 601 2872">
    <p class='ocr_par' dir='ltr' id='par_1_79' title="bbox 24 2835 601 2872">
     <span class='ocr_line' id='line_1_80' title="bbox 24 2835 601 2872; baseline 0.007 -13"><span class='ocrx_word' id='word_1_611' title='bbox 24 2838 141 2872; x_wconf 48' lang='grc' dir='ltr'><strong>(ιυκςξγξαι,Δ</strong></span> <span class='ocrx_word' id='word_1_612' title='bbox 153 2835 195 2872; x_wconf 77' lang='lat' dir='ltr'><strong>uhi</strong></span> <span class='ocrx_word' id='word_1_613' title='bbox 214 2843 262 2872; x_wconf 83' lang='lat' dir='ltr'><strong>pro</strong></span> <span class='ocrx_word' id='word_1_614' title='bbox 277 2835 375 2871; x_wconf 68' lang='grc' dir='ltr'>ψυχῆς,</span> <span class='ocrx_word' id='word_1_615' title='bbox 395 2835 500 2863; x_wconf 81' lang='lat' dir='ltr'><strong>mallem</strong></span> <span class='ocrx_word' id='word_1_616' title='bbox 517 2835 601 2872; x_wconf 55' lang='grc' dir='ltr'>ᾁυχῇ.</span> 
     </span>
    </p>
   </div>
   <div class='ocr_carea' id='block_1_80' title="bbox 56 2866 795 2906">
    <p class='ocr_par' dir='ltr' id='par_1_80' title="bbox 56 2866 795 2906">
     <span class='ocr_line' id='line_1_81' title="bbox 56 2866 795 2906; baseline 0.007 -13"><span class='ocrx_word' id='word_1_617' title='bbox 56 2866 109 2902; x_wconf 59' lang='grc'>(81)</span> <span class='ocrx_word' id='word_1_618' title='bbox 135 2866 304 2901; x_wconf 67' lang='grc' dir='ltr'>Ἀξιοῧνταὶ.</span> <span class='ocrx_word' id='word_1_619' title='bbox 315 2866 402 2898; x_wconf 64' lang='lat' dir='ltr'><strong>&#39;1&#39;th</strong></span> <span class='ocrx_word' id='word_1_620' title='bbox 419 2873 496 2900; x_wconf 82' lang='lat' dir='ltr'><strong>codd.</strong></span> <span class='ocrx_word' id='word_1_621' title='bbox 511 2866 609 2906; x_wconf 48' lang='lat' dir='ltr'><strong>tit-Q1135</strong></span> <span class='ocrx_word' id='word_1_622' title='bbox 622 2876 647 2899; x_wconf 89' lang='lat' dir='ltr'><strong>et</strong></span> <span class='ocrx_word' id='word_1_623' title='bbox 664 2871 795 2900; x_wconf 77' lang='lat' dir='ltr'><strong>Basilcen-</strong></span> 
     </span>
    </p>
   </div>
   <div class='ocr_carea' id='block_1_81' title="bbox 875 919 1656 956">
    <p class='ocr_par' dir='ltr' id='par_1_81' title="bbox 875 919 1656 956">
     <span class='ocr_line' id='line_1_82' title="bbox 875 919 1656 956; baseline 0.003 -9"><span class='ocrx_word' id='word_1_624' title='bbox 875 920 1027 956; x_wconf 84' lang='lat' dir='ltr'><strong>pendimus,</strong></span> <span class='ocrx_word' id='word_1_625' title='bbox 1040 921 1077 947; x_wconf 86' lang='lat' dir='ltr'><strong>ita</strong></span> <span class='ocrx_word' id='word_1_626' title='bbox 1086 920 1256 947; x_wconf 87' lang='lat' dir='ltr'><strong>contentiosc</strong></span> <span class='ocrx_word' id='word_1_627' title='bbox 1270 919 1328 954; x_wconf 81' lang='lat' dir='ltr'><strong>ejus</strong></span> <span class='ocrx_word' id='word_1_628' title='bbox 1343 920 1422 947; x_wconf 84' lang='lat' dir='ltr'><strong>dictis</strong></span> <span class='ocrx_word' id='word_1_629' title='bbox 1435 922 1656 956; x_wconf 80' lang='lat' dir='ltr'><strong>repugnabimus,</strong></span> 
     </span>
    </p>
   </div>
   <div class='ocr_carea' id='block_1_82' title="bbox 875 965 1645 996">
    <p class='ocr_par' dir='ltr' id='par_1_82' title="bbox 875 965 1645 996">
     <span class='ocr_line' id='line_1_83' title="bbox 875 965 1645 996; baseline 0.004 -3"><span class='ocrx_word' id='word_1_630' title='bbox 875 970 905 993; x_wconf 78' lang='grc' dir='ltr'><strong>..ι</strong></span> <span class='ocrx_word' id='word_1_631' title='bbox 921 966 957 993; x_wconf 89' lang='lat' dir='ltr'><strong>illi</strong></span> <span class='ocrx_word' id='word_1_632' title='bbox 973 974 1026 993; x_wconf 93' lang='lat' dir='ltr'><strong>non</strong></span> <span class='ocrx_word' id='word_1_633' title='bbox 1045 965 1224 993; x_wconf 87' lang='lat' dir='ltr'><strong>assentiamur</strong></span> <span class='ocrx_word' id='word_1_634' title='bbox 1238 965 1368 993; x_wconf 83' lang='lat' dir='ltr'><strong>asserenti</strong></span> <span class='ocrx_word' id='word_1_635' title='bbox 1385 966 1468 993; x_wconf 88' lang='lat' dir='ltr'><strong>Deum</strong></span> <span class='ocrx_word' id='word_1_636' title='bbox 1482 967 1645 996; x_wconf 87' lang='lat' dir='ltr'><strong>necvitioso</strong></span> 
     </span>
    </p>
   </div>
   <div class='ocr_carea' id='block_1_83' title="bbox 875 1012 1658 1045">
    <p class='ocr_par' dir='ltr' id='par_1_83' title="bbox 875 1012 1658 1045">
     <span class='ocr_line' id='line_1_84' title="bbox 875 1012 1658 1045; baseline 0 -5"><span class='ocrx_word' id='word_1_637' title='bbox 875 1020 933 1040; x_wconf 88' lang='lat' dir='ltr'><strong>rum</strong></span> <span class='ocrx_word' id='word_1_638' title='bbox 948 1012 1142 1040; x_wconf 87' lang='lat' dir='ltr'><strong>desideriorum</strong></span> <span class='ocrx_word' id='word_1_639' title='bbox 1158 1020 1208 1040; x_wconf 91' lang='lat' dir='ltr'><strong>nec</strong></span> <span class='ocrx_word' id='word_1_640' title='bbox 1222 1012 1594 1045; x_wconf 82' lang='lat' dir='ltr'><strong>inordinatarumlibidinum,</strong></span> <span class='ocrx_word' id='word_1_641' title='bbox 1609 1014 1658 1040; x_wconf 91' lang='lat' dir='ltr'><strong>sed</strong></span> 
     </span>
    </p>
   </div>
   <div class='ocr_carea' id='block_1_84' title="bbox 874 1058 1655 1094">
    <p class='ocr_par' dir='ltr' id='par_1_84' title="bbox 874 1058 1655 1094">
     <span class='ocr_line' id='line_1_85' title="bbox 874 1058 1655 1094; baseline 0.001 -9"><span class='ocrx_word' id='word_1_642' title='bbox 874 1059 1090 1094; x_wconf 79' lang='lat' dir='ltr'><strong>rectaejustaeque</strong></span> <span class='ocrx_word' id='word_1_643' title='bbox 1097 1064 1201 1086; x_wconf 86' lang='lat' dir='ltr'><strong>naturae</strong></span> <span class='ocrx_word' id='word_1_644' title='bbox 1213 1058 1298 1085; x_wconf 89' lang='lat' dir='ltr'><strong>Deum</strong></span> <span class='ocrx_word' id='word_1_645' title='bbox 1312 1065 1383 1090; x_wconf 80' lang='lat' dir='ltr'><strong>esse,</strong></span> <span class='ocrx_word' id='word_1_646' title='bbox 1403 1058 1503 1093; x_wconf 86' lang='lat' dir='ltr'><strong>quippe</strong></span> <span class='ocrx_word' id='word_1_647' title='bbox 1512 1059 1655 1093; x_wconf 80' lang='lat' dir='ltr'><strong>quiomnis</strong></span> 
     </span>
    </p>
   </div>
   <div class='ocr_carea' id='block_1_85' title="bbox 873 1102 1655 1139">
    <p class='ocr_par' dir='ltr' id='par_1_85' title="bbox 873 1102 1655 1139">
     <span class='ocr_line' id='line_1_86' title="bbox 873 1102 1655 1139; baseline 0 -8"><span class='ocrx_word' id='word_1_648' title='bbox 873 1102 980 1133; x_wconf 80' lang='lat' dir='ltr'><strong>honesti</strong></span> <span class='ocrx_word' id='word_1_649' title='bbox 991 1103 1052 1132; x_wconf 83' lang='lat' dir='ltr'><strong>l&#39;ons</strong></span> <span class='ocrx_word' id='word_1_650' title='bbox 1059 1109 1133 1132; x_wconf 88' lang='lat' dir='ltr'><strong>estet</strong></span> <span class='ocrx_word' id='word_1_651' title='bbox 1142 1103 1565 1139; x_wconf 85' lang='lat' dir='ltr'><strong>principium.Falemurquoque</strong></span> <span class='ocrx_word' id='word_1_652' title='bbox 1572 1104 1655 1132; x_wconf 88' lang='lat' dir='ltr'><strong>Deum</strong></span> 
     </span>
    </p>
   </div>
   <div class='ocr_carea' id='block_1_86' title="bbox 872 1149 1654 1184">
    <p class='ocr_par' dir='ltr' id='par_1_86' title="bbox 872 1149 1654 1184">
     <span class='ocr_line' id='line_1_87' title="bbox 872 1149 1654 1184; baseline 0.003 -7"><span class='ocrx_word' id='word_1_653' title='bbox 872 1156 953 1184; x_wconf 86' lang='lat' dir='ltr'><strong>posse</strong></span> <span class='ocrx_word' id='word_1_654' title='bbox 968 1149 1050 1177; x_wconf 87' lang='lat' dir='ltr'><strong>vitam</strong></span> <span class='ocrx_word' id='word_1_655' title='bbox 1064 1149 1163 1176; x_wconf 61' lang='lat' dir='ltr'><strong>animae</strong></span> <span class='ocrx_word' id='word_1_656' title='bbox 1179 1149 1273 1184; x_wconf 76' lang='lat' dir='ltr'><strong>largiri</strong></span> <span class='ocrx_word' id='word_1_657' title='bbox 1287 1150 1490 1184; x_wconf 87' lang='lat' dir='ltr'><strong>sempiternam,</strong></span> <span class='ocrx_word' id='word_1_658' title='bbox 1502 1157 1552 1178; x_wconf 85' lang='lat' dir='ltr'><strong>nec</strong></span> <span class='ocrx_word' id='word_1_659' title='bbox 1567 1151 1654 1179; x_wconf 90' lang='lat' dir='ltr'><strong>solum</strong></span> 
     </span>
    </p>
   </div>
   <div class='ocr_carea' id='block_1_87' title="bbox 872 1194 1655 1231">
    <p class='ocr_par' dir='ltr' id='par_1_87' title="bbox 872 1194 1655 1231">
     <span class='ocr_line' id='line_1_88' title="bbox 872 1194 1655 1231; baseline 0.003 -9"><span class='ocrx_word' id='word_1_660' title='bbox 872 1202 961 1229; x_wconf 79' lang='lat' dir='ltr'><strong>posse,</strong></span> <span class='ocrx_word' id='word_1_661' title='bbox 977 1195 1110 1222; x_wconf 87' lang='lat' dir='ltr'><strong>sedetiam</strong></span> <span class='ocrx_word' id='word_1_662' title='bbox 1119 1195 1207 1229; x_wconf 89' lang='lat' dir='ltr'><strong>reipsa</strong></span> <span class='ocrx_word' id='word_1_663' title='bbox 1214 1194 1320 1229; x_wconf 82' lang='lat' dir='ltr'><strong>largiri.</strong></span> <span class='ocrx_word' id='word_1_664' title='bbox 1328 1195 1416 1230; x_wconf 86' lang='lat' dir='ltr'><strong>Atque</strong></span> <span class='ocrx_word' id='word_1_665' title='bbox 1425 1203 1456 1222; x_wconf 79' lang='lat' dir='ltr'><strong>ex</strong></span> <span class='ocrx_word' id='word_1_666' title='bbox 1467 1195 1508 1222; x_wconf 87' lang='lat' dir='ltr'><strong>his</strong></span> <span class='ocrx_word' id='word_1_667' title='bbox 1515 1204 1575 1231; x_wconf 67' lang='lat' dir='ltr'><strong>quae</strong></span> <span class='ocrx_word' id='word_1_668' title='bbox 1583 1197 1655 1224; x_wconf 84' lang='lat' dir='ltr'><strong>dicta</strong></span> 
     </span>
    </p>
   </div>
   <div class='ocr_carea' id='block_1_88' title="bbox 872 1239 1655 1274">
    <p class='ocr_par' dir='ltr' id='par_1_88' title="bbox 872 1239 1655 1274">
     <span class='ocr_line' id='line_1_89' title="bbox 872 1239 1655 1274; baseline 0.003 -7"><span class='ocrx_word' id='word_1_669' title='bbox 872 1245 936 1267; x_wconf 86' lang='lat' dir='ltr'><strong>sunt</strong></span> <span class='ocrx_word' id='word_1_670' title='bbox 946 1240 1089 1270; x_wconf 77' lang='lat' dir='ltr'><strong>hactenus,</strong></span> <span class='ocrx_word' id='word_1_671' title='bbox 1102 1240 1256 1274; x_wconf 80' lang='lat' dir='ltr'><strong>intelligere</strong></span> <span class='ocrx_word' id='word_1_672' title='bbox 1274 1239 1337 1268; x_wconf 86' lang='lat' dir='ltr'><strong>licet</strong></span> <span class='ocrx_word' id='word_1_673' title='bbox 1349 1240 1428 1267; x_wconf 88' lang='lat' dir='ltr'><strong>nobis</strong></span> <span class='ocrx_word' id='word_1_674' title='bbox 1440 1241 1584 1268; x_wconf 84' lang='lat' dir='ltr'><strong>molestum</strong></span> <span class='ocrx_word' id='word_1_675' title='bbox 1599 1249 1655 1269; x_wconf 89' lang='lat' dir='ltr'><strong>non</strong></span> 
     </span>
    </p>
   </div>
   <div class='ocr_carea' id='block_1_89' title="bbox 871 1284 1654 1321">
    <p class='ocr_par' dir='ltr' id='par_1_89' title="bbox 871 1284 1654 1321">
     <span class='ocr_line' id='line_1_90' title="bbox 871 1284 1654 1321; baseline 0.001 -8"><span class='ocrx_word' id='word_1_676' title='bbox 871 1293 932 1313; x_wconf 84' lang='lat' dir='ltr'><strong>esse</strong></span> <span class='ocrx_word' id='word_1_677' title='bbox 945 1286 971 1313; x_wconf 89' lang='lat' dir='ltr'><strong>id</strong></span> <span class='ocrx_word' id='word_1_678' title='bbox 986 1287 1058 1321; x_wconf 87' lang='lat' dir='ltr'><strong>quod</strong></span> <span class='ocrx_word' id='word_1_679' title='bbox 1071 1286 1166 1314; x_wconf 84' lang='lat' dir='ltr'><strong>Celsus</strong></span> <span class='ocrx_word' id='word_1_680' title='bbox 1178 1284 1272 1320; x_wconf 89' lang='lat' dir='ltr'><strong>objicit</strong></span> <span class='ocrx_word' id='word_1_681' title='bbox 1289 1293 1324 1313; x_wconf 73' lang='lat' dir='ltr'><strong>ex</strong></span> <span class='ocrx_word' id='word_1_682' title='bbox 1338 1285 1486 1320; x_wconf 85' lang='lat' dir='ltr'><strong>Heraclito,</strong></span> <span class='ocrx_word' id='word_1_683' title='bbox 1501 1295 1511 1311; x_wconf 74' lang='grc' dir='ltr'><strong>ι</strong></span> <span class='ocrx_word' id='word_1_684' title='bbox 1521 1286 1654 1315; x_wconf 87' lang='lat' dir='ltr'><strong>cadavera</strong></span> 
     </span>
    </p>
   </div>
   <div class='ocr_carea' id='block_1_90' title="bbox 870 1330 1655 1365">
    <p class='ocr_par' dir='ltr' id='par_1_90' title="bbox 870 1330 1655 1365">
     <span class='ocr_line' id='line_1_91' title="bbox 870 1330 1655 1365; baseline 0.003 -8"><span class='ocrx_word' id='word_1_685' title='bbox 870 1330 912 1358; x_wconf 87' lang='lat' dir='ltr'><strong>vel</strong></span> <span class='ocrx_word' id='word_1_686' title='bbox 929 1331 1093 1358; x_wconf 85' lang='lat' dir='ltr'><strong>stercoribus</strong></span> <span class='ocrx_word' id='word_1_687' title='bbox 1102 1338 1164 1358; x_wconf 89' lang='lat' dir='ltr'><strong>esse</strong></span> <span class='ocrx_word' id='word_1_688' title='bbox 1179 1330 1288 1363; x_wconf 82' lang='lat' dir='ltr'><strong>viliora;</strong></span> <span class='ocrx_word' id='word_1_689' title='bbox 1307 1338 1317 1356; x_wconf 82' lang='grc' dir='ltr'><strong>ι</strong></span> <span class='ocrx_word' id='word_1_690' title='bbox 1332 1337 1486 1365; x_wconf 86' lang='lat' dir='ltr'><strong>quanquam</strong></span> <span class='ocrx_word' id='word_1_691' title='bbox 1506 1330 1556 1358; x_wconf 89' lang='lat' dir='ltr'><strong>hac</strong></span> <span class='ocrx_word' id='word_1_692' title='bbox 1569 1330 1603 1358; x_wconf 88' lang='lat' dir='ltr'><strong>de</strong></span> <span class='ocrx_word' id='word_1_693' title='bbox 1626 1337 1655 1359; x_wconf 84' lang='lat' dir='ltr'><strong>re</strong></span> 
     </span>
    </p>
   </div>
   <div class='ocr_carea' id='block_1_91' title="bbox 871 1376 1654 1411">
    <p class='ocr_par' dir='ltr' id='par_1_91' title="bbox 871 1376 1654 1411">
     <span class='ocr_line' id='line_1_92' title="bbox 871 1376 1654 1411; baseline 0.001 -7"><span class='ocrx_word' id='word_1_694' title='bbox 871 1377 961 1405; x_wconf 86' lang='lat' dir='ltr'><strong>dicere</strong></span> <span class='ocrx_word' id='word_1_695' title='bbox 976 1377 1037 1411; x_wconf 91' lang='lat' dir='ltr'><strong>quis</strong></span> <span class='ocrx_word' id='word_1_696' title='bbox 1049 1380 1139 1411; x_wconf 86' lang='lat' dir='ltr'><strong>potest</strong></span> <span class='ocrx_word' id='word_1_697' title='bbox 1152 1376 1216 1403; x_wconf 87' lang='lat' dir='ltr'><strong>vilia</strong></span> <span class='ocrx_word' id='word_1_698' title='bbox 1234 1377 1341 1411; x_wconf 87' lang='lat' dir='ltr'><strong>quidem</strong></span> <span class='ocrx_word' id='word_1_699' title='bbox 1361 1383 1422 1404; x_wconf 88' lang='lat' dir='ltr'><strong>esse</strong></span> <span class='ocrx_word' id='word_1_700' title='bbox 1435 1380 1555 1404; x_wconf 89' lang='lat' dir='ltr'><strong>stercora</strong></span> <span class='ocrx_word' id='word_1_701' title='bbox 1565 1398 1572 1410; x_wconf 85' lang='lat'><strong>,</strong></span> <span class='ocrx_word' id='word_1_702' title='bbox 1599 1384 1654 1405; x_wconf 88' lang='lat' dir='ltr'><strong>non</strong></span> 
     </span>
    </p>
   </div>
   <div class='ocr_carea' id='block_1_92' title="bbox 870 1421 1655 1456">
    <p class='ocr_par' dir='ltr' id='par_1_92' title="bbox 870 1421 1655 1456">
     <span class='ocr_line' id='line_1_93' title="bbox 870 1421 1655 1456; baseline 0.001 -7"><span class='ocrx_word' id='word_1_703' title='bbox 870 1425 960 1449; x_wconf 84' lang='lat' dir='ltr'><strong>autem</strong></span> <span class='ocrx_word' id='word_1_704' title='bbox 975 1421 1122 1449; x_wconf 90' lang='lat' dir='ltr'><strong>humanum</strong></span> <span class='ocrx_word' id='word_1_705' title='bbox 1136 1421 1264 1454; x_wconf 83' lang='lat' dir='ltr'><strong>cadaver,</strong></span> <span class='ocrx_word' id='word_1_706' title='bbox 1285 1421 1357 1456; x_wconf 89' lang='lat' dir='ltr'><strong>quod</strong></span> <span class='ocrx_word' id='word_1_707' title='bbox 1382 1421 1472 1448; x_wconf 84' lang='lat' dir='ltr'><strong>anima</strong></span> <span class='ocrx_word' id='word_1_708' title='bbox 1486 1421 1609 1454; x_wconf 84' lang='lat' dir='ltr'><strong>incoluit,</strong></span> <span class='ocrx_word' id='word_1_709' title='bbox 1625 1426 1655 1450; x_wconf 81' lang='lat' dir='ltr'><strong>et</strong></span> 
     </span>
    </p>
   </div>
   <div class='ocr_carea' id='block_1_93' title="bbox 871 1467 1652 1503">
    <p class='ocr_par' dir='ltr' id='par_1_93' title="bbox 871 1467 1652 1503">
     <span class='ocr_line' id='line_1_94' title="bbox 871 1467 1652 1503; baseline 0.003 -9"><span class='ocrx_word' id='word_1_710' title='bbox 871 1469 1020 1503; x_wconf 61' lang='lat' dir='ltr'><strong>praesertim</strong></span> <span class='ocrx_word' id='word_1_711' title='bbox 1050 1467 1073 1495; x_wconf 89' lang='lat' dir='ltr'><strong>si</strong></span> <span class='ocrx_word' id='word_1_712' title='bbox 1106 1467 1187 1495; x_wconf 80' lang='lat' dir='ltr'><strong>fuerit</strong></span> <span class='ocrx_word' id='word_1_713' title='bbox 1211 1468 1333 1495; x_wconf 90' lang='lat' dir='ltr'><strong>studiosa</strong></span> <span class='ocrx_word' id='word_1_714' title='bbox 1358 1467 1476 1495; x_wconf 83' lang='lat' dir='ltr'><strong>virtutis.</strong></span> <span class='ocrx_word' id='word_1_715' title='bbox 1507 1467 1563 1496; x_wconf 88' lang='lat' dir='ltr'><strong>lloc</strong></span> <span class='ocrx_word' id='word_1_716' title='bbox 1578 1468 1652 1496; x_wconf 89' lang='lat' dir='ltr'><strong>enim</strong></span> 
     </span>
    </p>
   </div>
   <div class='ocr_carea' id='block_1_94' title="bbox 871 1512 1653 1548">
    <p class='ocr_par' dir='ltr' id='par_1_94' title="bbox 871 1512 1653 1548">
     <span class='ocr_line' id='line_1_95' title="bbox 871 1512 1653 1548; baseline 0.001 -9"><span class='ocrx_word' id='word_1_717' title='bbox 871 1513 1005 1548; x_wconf 76' lang='lat' dir='ltr'><strong>aequiores</strong></span> <span class='ocrx_word' id='word_1_718' title='bbox 1020 1513 1093 1548; x_wconf 78' lang='lat' dir='ltr'><strong>leges</strong></span> <span class='ocrx_word' id='word_1_719' title='bbox 1107 1512 1202 1540; x_wconf 89' lang='lat' dir='ltr'><strong>donari</strong></span> <span class='ocrx_word' id='word_1_720' title='bbox 1217 1512 1356 1548; x_wconf 84' lang='lat' dir='ltr'><strong>sepultura</strong></span> <span class='ocrx_word' id='word_1_721' title='bbox 1376 1513 1478 1545; x_wconf 85' lang='lat' dir='ltr'><strong>volunt,</strong></span> <span class='ocrx_word' id='word_1_722' title='bbox 1501 1513 1582 1548; x_wconf 85' lang='lat' dir='ltr'><strong>idque</strong></span> <span class='ocrx_word' id='word_1_723' title='bbox 1603 1513 1653 1542; x_wconf 86' lang='lat' dir='ltr'><strong>ho-</strong></span> 
     </span>
    </p>
   </div>
   <div class='ocr_carea' id='block_1_95' title="bbox 868 1559 1652 1595">
    <p class='ocr_par' dir='ltr' id='par_1_95' title="bbox 868 1559 1652 1595">
     <span class='ocr_line' id='line_1_96' title="bbox 868 1559 1652 1595; baseline 0 -8"><span class='ocrx_word' id='word_1_724' title='bbox 868 1559 984 1587; x_wconf 77' lang='lat' dir='ltr'><strong>noriﬁco</strong></span> <span class='ocrx_word' id='word_1_725' title='bbox 997 1560 1051 1586; x_wconf 87' lang='lat' dir='ltr'><strong>ritu</strong></span> <span class='ocrx_word' id='word_1_726' title='bbox 1066 1559 1112 1595; x_wconf 91' lang='lat' dir='ltr'><strong>qui</strong></span> <span class='ocrx_word' id='word_1_727' title='bbox 1134 1564 1190 1587; x_wconf 91' lang='lat' dir='ltr'><strong>tum</strong></span> <span class='ocrx_word' id='word_1_728' title='bbox 1213 1559 1337 1587; x_wconf 82' lang='lat' dir='ltr'><strong>adhiberi</strong></span> <span class='ocrx_word' id='word_1_729' title='bbox 1360 1559 1429 1587; x_wconf 86' lang='lat' dir='ltr'><strong>solet</strong></span> <span class='ocrx_word' id='word_1_730' title='bbox 1446 1569 1453 1587; x_wconf 85' lang='lat'><strong>:</strong></span> <span class='ocrx_word' id='word_1_731' title='bbox 1472 1567 1507 1588; x_wconf 91' lang='lat' dir='ltr'><strong>ne</strong></span> <span class='ocrx_word' id='word_1_732' title='bbox 1525 1560 1652 1588; x_wconf 85' lang='lat' dir='ltr'><strong>videlicet</strong></span> 
     </span>
    </p>
   </div>
   <div class='ocr_carea' id='block_1_96' title="bbox 868 1605 1651 1641">
    <p class='ocr_par' dir='ltr' id='par_1_96' title="bbox 868 1605 1651 1641">
     <span class='ocr_line' id='line_1_97' title="bbox 868 1605 1651 1641; baseline 0.001 -9"><span class='ocrx_word' id='word_1_733' title='bbox 868 1605 1016 1632; x_wconf 82' lang='lat' dir='ltr'><strong>humanum</strong></span> <span class='ocrx_word' id='word_1_734' title='bbox 1030 1612 1142 1638; x_wconf 78' lang='lat' dir='ltr'><strong>corpus,</strong></span> <span class='ocrx_word' id='word_1_735' title='bbox 1163 1609 1301 1632; x_wconf 79' lang='lat' dir='ltr'><strong>utcaetera</strong></span> <span class='ocrx_word' id='word_1_736' title='bbox 1322 1606 1483 1638; x_wconf 87' lang='lat' dir='ltr'><strong>bestiarum,</strong></span> <span class='ocrx_word' id='word_1_737' title='bbox 1507 1605 1651 1641; x_wconf 85' lang='lat' dir='ltr'><strong>projicien-</strong></span> 
     </span>
    </p>
   </div>
   <div class='ocr_carea' id='block_1_97' title="bbox 869 1650 1651 1686">
    <p class='ocr_par' dir='ltr' id='par_1_97' title="bbox 869 1650 1651 1686">
     <span class='ocr_line' id='line_1_98' title="bbox 869 1650 1651 1686; baseline 0.004 -10"><span class='ocrx_word' id='word_1_738' title='bbox 869 1654 919 1684; x_wconf 88' lang='lat' dir='ltr'><strong>tes,</strong></span> <span class='ocrx_word' id='word_1_739' title='bbox 935 1650 1053 1677; x_wconf 87' lang='lat' dir='ltr'><strong>animam</strong></span> <span class='ocrx_word' id='word_1_740' title='bbox 1068 1656 1084 1677; x_wconf 90' lang='lat' dir='ltr'><strong>e</strong></span> <span class='ocrx_word' id='word_1_741' title='bbox 1095 1657 1209 1685; x_wconf 91' lang='lat' dir='ltr'><strong>corpore</strong></span> <span class='ocrx_word' id='word_1_742' title='bbox 1223 1658 1361 1686; x_wconf 77' lang='lat' dir='ltr'><strong>egressam</strong></span> <span class='ocrx_word' id='word_1_743' title='bbox 1377 1655 1506 1685; x_wconf 87' lang='lat' dir='ltr'><strong>quantum</strong></span> <span class='ocrx_word' id='word_1_744' title='bbox 1521 1652 1548 1678; x_wconf 91' lang='lat' dir='ltr'><strong>in</strong></span> <span class='ocrx_word' id='word_1_745' title='bbox 1573 1651 1651 1680; x_wconf 85' lang='lat' dir='ltr'><strong>nobis</strong></span> 
     </span>
    </p>
   </div>
   <div class='ocr_carea' id='block_1_98' title="bbox 866 1695 1641 1731">
    <p class='ocr_par' dir='ltr' id='par_1_98' title="bbox 866 1695 1641 1731">
     <span class='ocr_line' id='line_1_99' title="bbox 866 1695 1641 1731; baseline 0.003 -8"><span class='ocrx_word' id='word_1_746' title='bbox 866 1700 909 1724; x_wconf 82' lang='lat' dir='ltr'><strong>est</strong></span> <span class='ocrx_word' id='word_1_747' title='bbox 927 1695 1075 1723; x_wconf 80' lang='lat' dir='ltr'><strong>allieiamus</strong></span> <span class='ocrx_word' id='word_1_748' title='bbox 1087 1696 1263 1723; x_wconf 83' lang='lat' dir='ltr'><strong>contumelia.</strong></span> <span class='ocrx_word' id='word_1_749' title='bbox 1289 1695 1331 1722; x_wconf 86' lang='lat' dir='ltr'><strong>Sit</strong></span> <span class='ocrx_word' id='word_1_750' title='bbox 1347 1697 1428 1731; x_wconf 78' lang='lat' dir='ltr'><strong>igitur</strong></span> <span class='ocrx_word' id='word_1_751' title='bbox 1443 1697 1588 1724; x_wconf 71' lang='lat' dir='ltr'><strong>absurdum</strong></span> <span class='ocrx_word' id='word_1_752' title='bbox 1603 1697 1641 1725; x_wconf 86' lang='lat' dir='ltr'><strong>im</strong></span> 
     </span>
    </p>
   </div>
   <div class='ocr_carea' id='block_1_99' title="bbox 867 1741 1650 1777">
    <p class='ocr_par' dir='ltr' id='par_1_99' title="bbox 867 1741 1650 1777">
     <span class='ocr_line' id='line_1_100' title="bbox 867 1741 1650 1777; baseline 0.005 -10"><span class='ocrx_word' id='word_1_753' title='bbox 867 1741 1059 1768; x_wconf 79' lang='lat' dir='ltr'><strong>mortalitatem</strong></span> <span class='ocrx_word' id='word_1_754' title='bbox 1074 1748 1089 1767; x_wconf 85' lang='lat' dir='ltr'><strong>a</strong></span> <span class='ocrx_word' id='word_1_755' title='bbox 1104 1741 1160 1768; x_wconf 89' lang='lat' dir='ltr'><strong>Deo</strong></span> <span class='ocrx_word' id='word_1_756' title='bbox 1186 1741 1243 1769; x_wconf 85' lang='lat' dir='ltr'><strong>dari</strong></span> <span class='ocrx_word' id='word_1_757' title='bbox 1266 1749 1352 1776; x_wconf 82' lang='lat' dir='ltr'><strong>grano</strong></span> <span class='ocrx_word' id='word_1_758' title='bbox 1367 1742 1463 1774; x_wconf 84' lang='lat' dir='ltr'><strong>tritici,</strong></span> <span class='ocrx_word' id='word_1_759' title='bbox 1478 1748 1525 1769; x_wconf 91' lang='lat' dir='ltr'><strong>aut</strong></span> <span class='ocrx_word' id='word_1_760' title='bbox 1539 1743 1579 1770; x_wconf 86' lang='lat' dir='ltr'><strong>rei</strong></span> <span class='ocrx_word' id='word_1_761' title='bbox 1590 1750 1650 1777; x_wconf 66' lang='lat' dir='ltr'><strong>quae</strong></span> 
     </span>
    </p>
   </div>
   <div class='ocr_carea' id='block_1_100' title="bbox 866 1786 1651 1822">
    <p class='ocr_par' dir='ltr' id='par_1_100' title="bbox 866 1786 1651 1822">
     <span class='ocr_line' id='line_1_101' title="bbox 866 1786 1651 1822; baseline 0.001 -8"><span class='ocrx_word' id='word_1_762' title='bbox 866 1787 1016 1814; x_wconf 87' lang='lat' dir='ltr'><strong>seminatur</strong></span> <span class='ocrx_word' id='word_1_763' title='bbox 1032 1786 1057 1813; x_wconf 93' lang='lat' dir='ltr'><strong>in</strong></span> <span class='ocrx_word' id='word_1_764' title='bbox 1075 1787 1326 1822; x_wconf 85' lang='lat' dir='ltr'><strong>corruptione;sed</strong></span> <span class='ocrx_word' id='word_1_765' title='bbox 1339 1787 1442 1822; x_wconf 88' lang='lat' dir='ltr'><strong>spicam</strong></span> <span class='ocrx_word' id='word_1_766' title='bbox 1455 1795 1486 1815; x_wconf 76' lang='lat' dir='ltr'><strong>cx</strong></span> <span class='ocrx_word' id='word_1_767' title='bbox 1501 1796 1585 1821; x_wconf 77' lang='lat' dir='ltr'><strong>grano</strong></span> <span class='ocrx_word' id='word_1_768' title='bbox 1601 1796 1651 1816; x_wconf 86' lang='lat' dir='ltr'><strong>na-</strong></span> 
     </span>
    </p>
   </div>
   <div class='ocr_carea' id='block_1_101' title="bbox 867 1833 1651 1868">
    <p class='ocr_par' dir='ltr' id='par_1_101' title="bbox 867 1833 1651 1868">
     <span class='ocr_line' id='line_1_102' title="bbox 867 1833 1651 1868; baseline 0.001 -9"><span class='ocrx_word' id='word_1_769' title='bbox 867 1836 921 1860; x_wconf 91' lang='lat' dir='ltr'><strong>tam</strong></span> <span class='ocrx_word' id='word_1_770' title='bbox 939 1840 986 1859; x_wconf 85' lang='lat' dir='ltr'><strong>scu</strong></span> <span class='ocrx_word' id='word_1_771' title='bbox 1002 1833 1027 1859; x_wconf 91' lang='lat' dir='ltr'><strong>id</strong></span> <span class='ocrx_word' id='word_1_772' title='bbox 1045 1833 1116 1867; x_wconf 92' lang='lat' dir='ltr'><strong>quod</strong></span> <span class='ocrx_word' id='word_1_773' title='bbox 1130 1833 1216 1867; x_wconf 79' lang='lat' dir='ltr'><strong>surgit</strong></span> <span class='ocrx_word' id='word_1_774' title='bbox 1228 1833 1253 1859; x_wconf 93' lang='lat' dir='ltr'><strong>in</strong></span> <span class='ocrx_word' id='word_1_775' title='bbox 1268 1833 1481 1868; x_wconf 79' lang='lat' dir='ltr'><strong>incorruptione,</strong></span> <span class='ocrx_word' id='word_1_776' title='bbox 1497 1834 1651 1861; x_wconf 81' lang='lat' dir='ltr'><strong>immortale</strong></span> 
     </span>
    </p>
   </div>
   <div class='ocr_carea' id='block_1_102' title="bbox 866 1877 1648 1914">
    <p class='ocr_par' dir='ltr' id='par_1_102' title="bbox 866 1877 1648 1914">
     <span class='ocr_line' id='line_1_103' title="bbox 866 1877 1648 1914; baseline 0 -9"><span class='ocrx_word' id='word_1_777' title='bbox 866 1877 926 1906; x_wconf 76' lang='lat' dir='ltr'><strong>ﬁeri</strong></span> <span class='ocrx_word' id='word_1_778' title='bbox 943 1885 996 1905; x_wconf 91' lang='lat' dir='ltr'><strong>non</strong></span> <span class='ocrx_word' id='word_1_779' title='bbox 1014 1883 1055 1905; x_wconf 87' lang='lat' dir='ltr'><strong>est</strong></span> <span class='ocrx_word' id='word_1_780' title='bbox 1068 1879 1226 1905; x_wconf 88' lang='lat' dir='ltr'><strong>absurdum.</strong></span> <span class='ocrx_word' id='word_1_781' title='bbox 1245 1878 1376 1912; x_wconf 86' lang='lat' dir='ltr'><strong>Denique,</strong></span> <span class='ocrx_word' id='word_1_782' title='bbox 1394 1878 1476 1914; x_wconf 79' lang='lat'><strong>596</strong></span> <span class='ocrx_word' id='word_1_783' title='bbox 1494 1878 1516 1905; x_wconf 89' lang='lat' dir='ltr'><strong>si</strong></span> <span class='ocrx_word' id='word_1_784' title='bbox 1540 1878 1648 1906; x_wconf 85' lang='lat' dir='ltr'><strong>Celsum</strong></span> 
     </span>
    </p>
   </div>
   <div class='ocr_carea' id='block_1_103' title="bbox 865 1923 1647 1959">
    <p class='ocr_par' dir='ltr' id='par_1_103' title="bbox 865 1923 1647 1959">
     <span class='ocr_line' id='line_1_104' title="bbox 865 1923 1647 1959; baseline 0 -8"><span class='ocrx_word' id='word_1_785' title='bbox 865 1923 972 1958; x_wconf 86' lang='lat' dir='ltr'><strong>audias,</strong></span> <span class='ocrx_word' id='word_1_786' title='bbox 986 1923 1057 1952; x_wconf 88' lang='lat' dir='ltr'><strong>Deus</strong></span> <span class='ocrx_word' id='word_1_787' title='bbox 1070 1925 1128 1959; x_wconf 86' lang='lat' dir='ltr'><strong>ipse</strong></span> <span class='ocrx_word' id='word_1_788' title='bbox 1141 1932 1233 1952; x_wconf 86' lang='lat' dir='ltr'><strong>rerum</strong></span> <span class='ocrx_word' id='word_1_789' title='bbox 1252 1925 1372 1951; x_wconf 87' lang='lat' dir='ltr'><strong>omnium</strong></span> <span class='ocrx_word' id='word_1_790' title='bbox 1390 1925 1458 1952; x_wconf 86' lang='lat' dir='ltr'><strong>ratio</strong></span> <span class='ocrx_word' id='word_1_791' title='bbox 1472 1929 1529 1957; x_wconf 86' lang='lat' dir='ltr'><strong>est;</strong></span> <span class='ocrx_word' id='word_1_792' title='bbox 1551 1923 1598 1951; x_wconf 82' lang='lat' dir='ltr'><strong>sed</strong></span> <span class='ocrx_word' id='word_1_793' title='bbox 1613 1932 1647 1951; x_wconf 84' lang='lat' dir='ltr'><strong>ex</strong></span> 
     </span>
    </p>
   </div>
   <div class='ocr_carea' id='block_1_104' title="bbox 864 1969 1646 2005">
    <p class='ocr_par' dir='ltr' id='par_1_104' title="bbox 864 1969 1646 2005">
     <span class='ocr_line' id='line_1_105' title="bbox 864 1969 1646 2005; baseline -0.001 -8"><span class='ocrx_word' id='word_1_794' title='bbox 864 1969 953 2002; x_wconf 88' lang='lat' dir='ltr'><strong>nobis,</strong></span> <span class='ocrx_word' id='word_1_795' title='bbox 971 1969 1031 2003; x_wconf 91' lang='lat' dir='ltr'><strong>ejus</strong></span> <span class='ocrx_word' id='word_1_796' title='bbox 1044 1974 1088 1996; x_wconf 90' lang='lat' dir='ltr'><strong>est</strong></span> <span class='ocrx_word' id='word_1_797' title='bbox 1102 1969 1207 2003; x_wconf 88' lang='lat' dir='ltr'><strong>Filius;</strong></span> <span class='ocrx_word' id='word_1_798' title='bbox 1226 1970 1258 1998; x_wconf 89' lang='lat' dir='ltr'><strong>de</strong></span> <span class='ocrx_word' id='word_1_799' title='bbox 1273 1977 1329 2005; x_wconf 89' lang='lat' dir='ltr'><strong>quo</strong></span> <span class='ocrx_word' id='word_1_800' title='bbox 1341 1969 1564 2005; x_wconf 87' lang='lat' dir='ltr'><strong>philosophantes</strong></span> <span class='ocrx_word' id='word_1_801' title='bbox 1575 1969 1646 1996; x_wconf 85' lang='lat' dir='ltr'><strong>dici-</strong></span> 
     </span>
    </p>
   </div>
   <div class='ocr_carea' id='block_1_105' title="bbox 864 2009 1647 2050">
    <p class='ocr_par' dir='ltr' id='par_1_105' title="bbox 864 2009 1647 2050">
     <span class='ocr_line' id='line_1_106' title="bbox 864 2009 1647 2050; baseline 0 -9"><span class='ocrx_word' id='word_1_802' title='bbox 864 2022 925 2042; x_wconf 87' lang='lat' dir='ltr'><strong>mus</strong></span> <span class='ocrx_word' id='word_1_803' title='bbox 941 2024 948 2042; x_wconf 91' lang='lat'>:</span> <span class='ocrx_word' id='word_1_804' title='bbox 964 2024 974 2041; x_wconf 89' lang='grc'><strong>‹</strong></span> <span class='ocrx_word' id='word_1_805' title='bbox 992 2014 1022 2041; x_wconf 82' lang='grc' dir='ltr'>1η</span> <span class='ocrx_word' id='word_1_806' title='bbox 1039 2015 1174 2050; x_wconf 88' lang='lat' dir='ltr'><strong>principio</strong></span> <span class='ocrx_word' id='word_1_807' title='bbox 1187 2020 1245 2044; x_wconf 89' lang='lat' dir='ltr'><strong>erat</strong></span> <span class='ocrx_word' id='word_1_808' title='bbox 1257 2015 1393 2048; x_wconf 85' lang='lat' dir='ltr'><strong>Verbum,</strong></span> <span class='ocrx_word' id='word_1_809' title='bbox 1415 2019 1443 2041; x_wconf 88' lang='lat' dir='ltr'><strong>et</strong></span> <span class='ocrx_word' id='word_1_810' title='bbox 1457 2013 1574 2042; x_wconf 80' lang='lat' dir='ltr'><strong>Verbum</strong></span> <span class='ocrx_word' id='word_1_811' title='bbox 1589 2009 1647 2041; x_wconf 76' lang='lat' dir='ltr'><strong>erat</strong></span> 
     </span>
    </p>
   </div>
   <div class='ocr_carea' id='block_1_106' title="bbox 863 2058 1647 2094">
    <p class='ocr_par' dir='ltr' id='par_1_106' title="bbox 863 2058 1647 2094">
     <span class='ocr_line' id='line_1_107' title="bbox 863 2058 1647 2094; baseline 0 -8"><span class='ocrx_word' id='word_1_812' title='bbox 863 2059 932 2094; x_wconf 87' lang='lat' dir='ltr'><strong>apud</strong></span> <span class='ocrx_word' id='word_1_813' title='bbox 949 2059 1045 2093; x_wconf 88' lang='lat' dir='ltr'><strong>Deum,</strong></span> <span class='ocrx_word' id='word_1_814' title='bbox 1068 2064 1096 2087; x_wconf 90' lang='lat' dir='ltr'><strong>et</strong></span> <span class='ocrx_word' id='word_1_815' title='bbox 1112 2060 1182 2088; x_wconf 90' lang='lat' dir='ltr'><strong>Deus</strong></span> <span class='ocrx_word' id='word_1_816' title='bbox 1204 2065 1264 2088; x_wconf 84' lang='lat' dir='ltr'><strong>erat</strong></span> <span class='ocrx_word' id='word_1_817' title='bbox 1280 2060 1397 2087; x_wconf 87' lang='lat' dir='ltr'><strong>Verbum</strong></span> <span class='ocrx_word' id='word_1_818' title='bbox 1412 2059 1446 2087; x_wconf 82' lang='grc'><strong>³².</strong></span> <span class='ocrx_word' id='word_1_819' title='bbox 1466 2068 1476 2086; x_wconf 74' lang='grc' dir='ltr'><strong>ι</strong></span> <span class='ocrx_word' id='word_1_820' title='bbox 1495 2059 1547 2087; x_wconf 87' lang='lat' dir='ltr'><strong>Sed</strong></span> <span class='ocrx_word' id='word_1_821' title='bbox 1561 2063 1590 2086; x_wconf 90' lang='lat' dir='ltr'><strong>et</strong></span> <span class='ocrx_word' id='word_1_822' title='bbox 1605 2058 1647 2086; x_wconf 79' lang='lat' dir='ltr'><strong>fa-</strong></span> 
     </span>
    </p>
   </div>
   <div class='ocr_carea' id='block_1_107' title="bbox 864 2105 1646 2137">
    <p class='ocr_par' dir='ltr' id='par_1_107' title="bbox 864 2105 1646 2137">
     <span class='ocr_line' id='line_1_108' title="bbox 864 2105 1646 2137; baseline 0 -5"><span class='ocrx_word' id='word_1_823' title='bbox 864 2109 952 2133; x_wconf 89' lang='lat' dir='ltr'><strong>temur</strong></span> <span class='ocrx_word' id='word_1_824' title='bbox 967 2106 1051 2133; x_wconf 90' lang='lat' dir='ltr'><strong>Deum</strong></span> <span class='ocrx_word' id='word_1_825' title='bbox 1077 2105 1145 2133; x_wconf 89' lang='lat' dir='ltr'><strong>nihil</strong></span> <span class='ocrx_word' id='word_1_826' title='bbox 1169 2110 1265 2134; x_wconf 86' lang='lat' dir='ltr'><strong>contra</strong></span> <span class='ocrx_word' id='word_1_827' title='bbox 1289 2106 1433 2137; x_wconf 82' lang='lat' dir='ltr'><strong>rationem,</strong></span> <span class='ocrx_word' id='word_1_828' title='bbox 1460 2105 1528 2133; x_wconf 89' lang='lat' dir='ltr'><strong>nihil</strong></span> <span class='ocrx_word' id='word_1_829' title='bbox 1551 2109 1646 2133; x_wconf 86' lang='lat' dir='ltr'><strong>contra</strong></span> 
     </span>
    </p>
   </div>
   <div class='ocr_carea' id='block_1_108' title="bbox 862 2151 1189 2186">
    <p class='ocr_par' dir='ltr' id='par_1_108' title="bbox 862 2151 1189 2186">
     <span class='ocr_line' id='line_1_109' title="bbox 862 2151 1189 2186; baseline 0 -8"><span class='ocrx_word' id='word_1_830' title='bbox 862 2151 980 2185; x_wconf 82' lang='lat' dir='ltr'><strong>seipsum</strong></span> <span class='ocrx_word' id='word_1_831' title='bbox 996 2159 1075 2186; x_wconf 88' lang='lat' dir='ltr'><strong>posse</strong></span> <span class='ocrx_word' id='word_1_832' title='bbox 1088 2152 1189 2179; x_wconf 80' lang='lat' dir='ltr'><strong>facere.</strong></span> 
     </span>
    </p>
   </div>
   <div class='ocr_carea' id='block_1_109' title="bbox 897 2195 1644 2232">
    <p class='ocr_par' dir='ltr' id='par_1_109' title="bbox 897 2195 1644 2232">
     <span class='ocr_line' id='line_1_110' title="bbox 897 2195 1644 2232; baseline 0.003 -9"><span class='ocrx_word' id='word_1_833' title='bbox 897 2195 943 2224; x_wconf 72' lang='lat'><strong>25.</strong></span> <span class='ocrx_word' id='word_1_834' title='bbox 956 2196 1015 2224; x_wconf 87' lang='lat' dir='ltr'><strong>Jam</strong></span> <span class='ocrx_word' id='word_1_835' title='bbox 1030 2197 1170 2224; x_wconf 84' lang='lat' dir='ltr'><strong>videamus</strong></span> <span class='ocrx_word' id='word_1_836' title='bbox 1185 2204 1246 2232; x_wconf 82' lang='lat' dir='ltr'><strong>quae</strong></span> <span class='ocrx_word' id='word_1_837' title='bbox 1266 2201 1418 2232; x_wconf 86' lang='lat' dir='ltr'><strong>sequuntur</strong></span> <span class='ocrx_word' id='word_1_838' title='bbox 1432 2196 1504 2232; x_wconf 87' lang='lat' dir='ltr'><strong>apud</strong></span> <span class='ocrx_word' id='word_1_839' title='bbox 1524 2195 1644 2225; x_wconf 86' lang='lat' dir='ltr'><strong>Celsum.</strong></span> 
     </span>
    </p>
   </div>
   <div class='ocr_carea' id='block_1_110' title="bbox 826 2223 1642 2278">
    <p class='ocr_par' dir='ltr' id='par_1_110' title="bbox 826 2223 1642 2278">
     <span class='ocr_line' id='line_1_111' title="bbox 826 2223 1642 2278; baseline -0.002 -8"><span class='ocrx_word' id='word_1_840' title='bbox 826 2223 848 2251; x_wconf 69' lang='grc' dir='ltr'><strong>Β</strong></span> <span class='ocrx_word' id='word_1_841' title='bbox 862 2241 910 2270; x_wconf 88' lang='lat' dir='ltr'><strong>Sic</strong></span> <span class='ocrx_word' id='word_1_842' title='bbox 921 2223 978 2270; x_wconf 63' lang='lat' dir='ltr'><strong>me</strong></span> <span class='ocrx_word' id='word_1_843' title='bbox 992 2249 999 2268; x_wconf 73' lang='grc' dir='ltr'><strong>ε</strong></span> <span class='ocrx_word' id='word_1_844' title='bbox 1019 2223 1125 2270; x_wconf 53' lang='grc' dir='ltr'><strong>εἰ)ιᾷιῆ</strong></span> <span class='ocrx_word' id='word_1_845' title='bbox 1141 2223 1243 2278; x_wconf 47' lang='lat' dir='ltr'><strong>ista&quot;</strong></span> <span class='ocrx_word' id='word_1_846' title='bbox 1254 2223 1496 2278; x_wconf 50' lang='lat' dir='ltr'><strong>J&#39;ua;:&quot;&#39;§;¢uiig.ra</strong></span> <span class='ocrx_word' id='word_1_847' title='bbox 1525 2223 1642 2276; x_wconf 71' lang='lat' dir='ltr'><strong>quadarn</strong></span> 
     </span>
    </p>
   </div>
   <div class='ocr_carea' id='block_1_111' title="bbox 859 2287 1641 2323">
    <p class='ocr_par' dir='ltr' id='par_1_111' title="bbox 859 2287 1641 2323">
     <span class='ocr_line' id='line_1_112' title="bbox 859 2287 1641 2323; baseline -0.001 -8"><span class='ocrx_word' id='word_1_848' title='bbox 859 2292 940 2323; x_wconf 79' lang='lat' dir='ltr'><strong>gente</strong></span> <span class='ocrx_word' id='word_1_849' title='bbox 962 2288 1108 2315; x_wconf 81' lang='lat' dir='ltr'><strong>constituta</strong></span> <span class='ocrx_word' id='word_1_850' title='bbox 1122 2287 1191 2318; x_wconf 85' lang='lat' dir='ltr'><strong>latas</strong></span> <span class='ocrx_word' id='word_1_851' title='bbox 1207 2295 1257 2323; x_wconf 88' lang='lat' dir='ltr'><strong>pro</strong></span> <span class='ocrx_word' id='word_1_852' title='bbox 1278 2295 1328 2315; x_wconf 90' lang='lat' dir='ltr'><strong>suo</strong></span> <span class='ocrx_word' id='word_1_853' title='bbox 1350 2287 1459 2322; x_wconf 82' lang='lat' dir='ltr'><strong>ingenio</strong></span> <span class='ocrx_word' id='word_1_854' title='bbox 1475 2287 1547 2322; x_wconf 80' lang='lat' dir='ltr'><strong>leges</strong></span> <span class='ocrx_word' id='word_1_855' title='bbox 1560 2287 1641 2314; x_wconf 82' lang='lat' dir='ltr'><strong>etiam</strong></span> 
     </span>
    </p>
   </div>
   <div class='ocr_carea' id='block_1_112' title="bbox 859 2333 1637 2368">
    <p class='ocr_par' dir='ltr' id='par_1_112' title="bbox 859 2333 1637 2368">
     <span class='ocr_line' id='line_1_113' title="bbox 859 2333 1637 2368; baseline 0 -8"><span class='ocrx_word' id='word_1_856' title='bbox 859 2341 932 2360; x_wconf 88' lang='lat' dir='ltr'><strong>nunc</strong></span> <span class='ocrx_word' id='word_1_857' title='bbox 953 2333 1113 2366; x_wconf 83' lang='lat' dir='ltr'><strong>observant,</strong></span> <span class='ocrx_word' id='word_1_858' title='bbox 1129 2337 1157 2361; x_wconf 89' lang='lat' dir='ltr'><strong>et</strong></span> <span class='ocrx_word' id='word_1_859' title='bbox 1173 2334 1330 2368; x_wconf 75' lang='lat' dir='ltr'><strong>religionem</strong></span> <span class='ocrx_word' id='word_1_860' title='bbox 1356 2341 1416 2367; x_wconf 81' lang='lat' dir='ltr'><strong>qme</strong></span> <span class='ocrx_word' id='word_1_861' title='bbox 1440 2333 1637 2367; x_wconf 86' lang='lat' dir='ltr'><strong>qualiscunque</strong></span> 
     </span>
    </p>
   </div>
   <div class='ocr_carea' id='block_1_113' title="bbox 858 2377 1641 2413">
    <p class='ocr_par' dir='ltr' id='par_1_113' title="bbox 858 2377 1641 2413">
     <span class='ocr_line' id='line_1_114' title="bbox 858 2377 1641 2413; baseline 0 -8"><span class='ocrx_word' id='word_1_862' title='bbox 858 2378 904 2410; x_wconf 89' lang='lat' dir='ltr'><strong>sit,</strong></span> <span class='ocrx_word' id='word_1_863' title='bbox 921 2379 1007 2413; x_wconf 81' lang='lat' dir='ltr'><strong>patria</strong></span> <span class='ocrx_word' id='word_1_864' title='bbox 1023 2384 1064 2407; x_wconf 90' lang='lat' dir='ltr'><strong>est</strong></span> <span class='ocrx_word' id='word_1_865' title='bbox 1079 2384 1181 2412; x_wconf 87' lang='lat' dir='ltr'><strong>tamen,</strong></span> <span class='ocrx_word' id='word_1_866' title='bbox 1197 2384 1377 2410; x_wconf 87' lang='lat' dir='ltr'><strong>conservant;</strong></span> <span class='ocrx_word' id='word_1_867' title='bbox 1407 2377 1510 2404; x_wconf 82' lang='lat' dir='ltr'><strong>faciunt</strong></span> <span class='ocrx_word' id='word_1_868' title='bbox 1526 2377 1641 2411; x_wconf 85' lang='lat' dir='ltr'><strong>perinde</strong></span> 
     </span>
    </p>
   </div>
   <div class='ocr_carea' id='block_1_114' title="bbox 858 2423 1640 2460">
    <p class='ocr_par' dir='ltr' id='par_1_114' title="bbox 858 2423 1640 2460">
     <span class='ocr_line' id='line_1_115' title="bbox 858 2423 1640 2460; baseline -0.003 -10"><span class='ocrx_word' id='word_1_869' title='bbox 858 2431 891 2451; x_wconf 81' lang='lat' dir='ltr'><strong>ac</strong></span> <span class='ocrx_word' id='word_1_870' title='bbox 904 2425 996 2452; x_wconf 73' lang='lat' dir='ltr'><strong>caeteri</strong></span> <span class='ocrx_word' id='word_1_871' title='bbox 1011 2425 1143 2459; x_wconf 84' lang='lat' dir='ltr'><strong>homines,</strong></span> <span class='ocrx_word' id='word_1_872' title='bbox 1160 2425 1205 2460; x_wconf 91' lang='lat' dir='ltr'><strong>qui</strong></span> <span class='ocrx_word' id='word_1_873' title='bbox 1225 2424 1312 2459; x_wconf 87' lang='lat' dir='ltr'><strong>patria</strong></span> <span class='ocrx_word' id='word_1_874' title='bbox 1329 2423 1452 2450; x_wconf 87' lang='lat' dir='ltr'><strong>instituta</strong></span> <span class='ocrx_word' id='word_1_875' title='bbox 1478 2428 1640 2458; x_wconf 85' lang='lat' dir='ltr'><strong>sequuntur,</strong></span> 
     </span>
    </p>
   </div>
   <div class='ocr_carea' id='block_1_115' title="bbox 858 2468 1642 2506">
    <p class='ocr_par' dir='ltr' id='par_1_115' title="bbox 858 2468 1642 2506">
     <span class='ocr_line' id='line_1_116' title="bbox 858 2468 1642 2506; baseline -0.001 -11"><span class='ocrx_word' id='word_1_876' title='bbox 858 2468 1058 2505; x_wconf 84' lang='lat' dir='ltr'><strong>qualiacunque</strong></span> <span class='ocrx_word' id='word_1_877' title='bbox 1071 2471 1136 2500; x_wconf 88' lang='lat' dir='ltr'><strong>sint.</strong></span> <span class='ocrx_word' id='word_1_878' title='bbox 1150 2471 1237 2506; x_wconf 83' lang='lat' dir='ltr'><strong>Atque</strong></span> <span class='ocrx_word' id='word_1_879' title='bbox 1252 2471 1288 2497; x_wconf 86' lang='lat' dir='ltr'><strong>ita</strong></span> <span class='ocrx_word' id='word_1_880' title='bbox 1311 2469 1370 2497; x_wconf 86' lang='lat' dir='ltr'><strong>ﬁeri</strong></span> <span class='ocrx_word' id='word_1_881' title='bbox 1385 2468 1555 2496; x_wconf 86' lang='lat' dir='ltr'><strong>conducibile</strong></span> <span class='ocrx_word' id='word_1_882' title='bbox 1569 2468 1642 2494; x_wconf 83' lang='lat' dir='ltr'><strong>vide-</strong></span> 
     </span>
    </p>
   </div>
   <div class='ocr_carea' id='block_1_116' title="bbox 855 2557 1636 2594">
    <p class='ocr_par' dir='ltr' id='par_1_116' title="bbox 855 2557 1636 2594">
     <span class='ocr_line' id='line_1_117' title="bbox 855 2557 1636 2594; baseline -0.005 -6"><span class='ocrx_word' id='word_1_883' title='bbox 855 2561 904 2592; x_wconf 85' lang='lat' dir='ltr'><strong>sis.</strong></span> <span class='ocrx_word' id='word_1_884' title='bbox 918 2559 1032 2587; x_wconf 79' lang='lat' dir='ltr'><strong>refertur</strong></span> <span class='ocrx_word' id='word_1_885' title='bbox 1055 2560 1127 2588; x_wconf 90' lang='lat' dir='ltr'><strong>enim</strong></span> <span class='ocrx_word' id='word_1_886' title='bbox 1150 2561 1183 2587; x_wconf 87' lang='lat' dir='ltr'><strong>ad</strong></span> <span class='ocrx_word' id='word_1_887' title='bbox 1202 2560 1336 2594; x_wconf 89' lang='lat' dir='ltr'><strong>superius,</strong></span> <span class='ocrx_word' id='word_1_888' title='bbox 1359 2560 1384 2586; x_wconf 77' lang='grc' dir='ltr'>οἱ</span> <span class='ocrx_word' id='word_1_889' title='bbox 1401 2559 1423 2586; x_wconf 77' lang='grc' dir='ltr'><strong>δ’</strong></span> <span class='ocrx_word' id='word_1_890' title='bbox 1439 2559 1471 2591; x_wconf 78' lang='grc' dir='ltr'>ἐξ</span> <span class='ocrx_word' id='word_1_891' title='bbox 1491 2557 1636 2594; x_wconf 82' lang='grc' dir='ltr'>ἀνθρώπου</span> 
     </span>
    </p>
   </div>
   <div class='ocr_carea' id='block_1_117' title="bbox 855 2595 1285 2627">
    <p class='ocr_par' dir='ltr' id='par_1_117' title="bbox 855 2595 1285 2627">
     <span class='ocr_line' id='line_1_118' title="bbox 855 2595 1285 2627; baseline -0.002 -5"><span class='ocrx_word' id='word_1_892' title='bbox 855 2595 959 2626; x_wconf 80' lang='grc' dir='ltr'>νέκυες.</span> <span class='ocrx_word' id='word_1_893' title='bbox 975 2595 1053 2622; x_wconf 81' lang='lat' dir='ltr'><strong>Lihb.</strong></span> <span class='ocrx_word' id='word_1_894' title='bbox 1066 2595 1141 2627; x_wconf 83' lang='lat' dir='ltr'><strong>editi,</strong></span> <span class='ocrx_word' id='word_1_895' title='bbox 1153 2595 1285 2627; x_wconf 80' lang='grc' dir='ltr'>ἀξιοῦται.</span> 
     </span>
    </p>
   </div>
   <div class='ocr_carea' id='block_1_118' title="bbox 852 2628 1633 2691">
    <p class='ocr_par' dir='ltr' id='par_1_118' title="bbox 852 2628 1633 2691">
     <span class='ocr_line' id='line_1_119' title="bbox 889 2628 1633 2664; baseline -0.004 -6"><span class='ocrx_word' id='word_1_896' title='bbox 889 2630 946 2664; x_wconf 82' lang='grc'><strong>(85)</strong></span> <span class='ocrx_word' id='word_1_897' title='bbox 973 2631 1048 2657; x_wconf 75' lang='grc' dir='ltr'><strong>Ἀλλ’</strong></span> <span class='ocrx_word' id='word_1_898' title='bbox 1065 2630 1084 2664; x_wconf 83' lang='grc' dir='ltr'><strong>ἢ</strong></span> <span class='ocrx_word' id='word_1_899' title='bbox 1102 2629 1168 2664; x_wconf 82' lang='grc' dir='ltr'>ἄρα.</span> <span class='ocrx_word' id='word_1_900' title='bbox 1193 2632 1238 2658; x_wconf 69' lang='lat' dir='ltr'><strong>Sic</strong></span> <span class='ocrx_word' id='word_1_901' title='bbox 1261 2637 1326 2657; x_wconf 84' lang='lat' dir='ltr'><strong>mss.</strong></span> <span class='ocrx_word' id='word_1_902' title='bbox 1343 2629 1420 2657; x_wconf 85' lang='lat' dir='ltr'><strong>Lihh.</strong></span> <span class='ocrx_word' id='word_1_903' title='bbox 1444 2632 1533 2656; x_wconf 85' lang='lat' dir='ltr'><strong>autem</strong></span> <span class='ocrx_word' id='word_1_904' title='bbox 1552 2628 1633 2662; x_wconf 89' lang='lat' dir='ltr'><strong>editi,</strong></span> 
     </span>
     <span class='ocr_line' id='line_1_120' title="bbox 852 2664 1028 2691; baseline 0 0"><span class='ocrx_word' id='word_1_905' title='bbox 852 2664 909 2691; x_wconf 81' lang='grc' dir='ltr'>ἀλλ’</span> <span class='ocrx_word' id='word_1_906' title='bbox 925 2666 948 2691; x_wconf 85' lang='grc' dir='ltr'><strong>εί</strong></span> <span class='ocrx_word' id='word_1_907' title='bbox 964 2665 1028 2691; x_wconf 71' lang='grc' dir='ltr'>ἄρα.</span> 
     </span>
    </p>
   </div>
   <div class='ocr_carea' id='block_1_119' title="bbox 903 2665 1028 2691">
    <p class='ocr_par' dir='ltr' id='par_1_119' title="bbox 903 2665 1028 2691">
     <span class='ocr_line' id='line_1_121' title="bbox 903 2665 1028 2691; baseline 0.008 -1"><span class='ocrx_word' id='word_1_908' title='bbox 903 2665 909 2675; x_wconf 94' lang='lat'>&#39;</span> <span class='ocrx_word' id='word_1_909' title='bbox 925 2666 948 2691; x_wconf 85' lang='grc' dir='ltr'><strong>εί</strong></span> <span class='ocrx_word' id='word_1_910' title='bbox 964 2665 1028 2691; x_wconf 71' lang='grc' dir='ltr'>ἄρα.</span> 
     </span>
    </p>
   </div>
   <div class='ocr_carea' id='block_1_120' title="bbox 888 2673 1632 2735">
    <p class='ocr_par' dir='ltr' id='par_1_120' title="bbox 888 2673 1632 2735">
     <span class='ocr_line' id='line_1_122' title="bbox 888 2673 1632 2735; baseline -0.004 -8"><span class='ocrx_word' id='word_1_911' title='bbox 888 2673 948 2734; x_wconf 39' lang='lat' dir='ltr'><strong>2‘86?)L</strong></span> <span class='ocrx_word' id='word_1_912' title='bbox 964 2673 1132 2735; x_wconf 43' lang='lat' dir='ltr'><strong>ﬁgsehelius</strong></span> <span class='ocrx_word' id='word_1_913' title='bbox 1143 2704 1170 2735; x_wconf 82' lang='lat' dir='ltr'><strong>et</strong></span> <span class='ocrx_word' id='word_1_914' title='bbox 1186 2699 1348 2733; x_wconf 87' lang='lat' dir='ltr'><strong>Spencerus,</strong></span> <span class='ocrx_word' id='word_1_915' title='bbox 1365 2700 1418 2735; x_wconf 83' lang='grc' dir='ltr'>ὅπη</span> <span class='ocrx_word' id='word_1_916' title='bbox 1435 2698 1494 2725; x_wconf 84' lang='grc' dir='ltr'>ποτ’</span> <span class='ocrx_word' id='word_1_917' title='bbox 1506 2698 1538 2724; x_wconf 82' lang='grc' dir='ltr'><strong>ἂν</strong></span> <span class='ocrx_word' id='word_1_918' title='bbox 1551 2697 1632 2735; x_wconf 70' lang='grc' dir='ltr'>τύχῃ,</span> 
     </span>
    </p>
   </div>
   <div class='ocr_carea' id='block_1_121' title="bbox 852 2733 1634 2766">
    <p class='ocr_par' dir='ltr' id='par_1_121' title="bbox 852 2733 1634 2766">
     <span class='ocr_line' id='line_1_123' title="bbox 852 2733 1634 2766; baseline -0.003 -5"><span class='ocrx_word' id='word_1_919' title='bbox 852 2733 1021 2766; x_wconf 82' lang='grc' dir='ltr'>περιέπουσι,</span> <span class='ocrx_word' id='word_1_920' title='bbox 1035 2734 1080 2760; x_wconf 84' lang='lat' dir='ltr'><strong>sed</strong></span> <span class='ocrx_word' id='word_1_921' title='bbox 1097 2734 1242 2761; x_wconf 71' lang='lat' dir='ltr'><strong>Philae-alia</strong></span> <span class='ocrx_word' id='word_1_922' title='bbox 1255 2740 1284 2760; x_wconf 88' lang='lat' dir='ltr'><strong>ut</strong></span> <span class='ocrx_word' id='word_1_923' title='bbox 1300 2735 1325 2761; x_wconf 91' lang='lat' dir='ltr'><strong>in</strong></span> <span class='ocrx_word' id='word_1_924' title='bbox 1342 2733 1434 2761; x_wconf 74' lang='lat' dir='ltr'><strong>nostro</strong></span> <span class='ocrx_word' id='word_1_925' title='bbox 1450 2738 1534 2760; x_wconf 82' lang='lat' dir='ltr'><strong>textu.</strong></span> <span class='ocrx_word' id='word_1_926' title='bbox 1550 2733 1634 2760; x_wconf 70' lang='lat' dir='ltr'><strong>Paulo</strong></span> 
     </span>
    </p>
   </div>
   <div class='ocr_carea' id='block_1_122' title="bbox 852 2768 1632 2804">
    <p class='ocr_par' dir='ltr' id='par_1_122' title="bbox 852 2768 1632 2804">
     <span class='ocr_line' id='line_1_124' title="bbox 852 2768 1632 2804; baseline -0.001 -8"><span class='ocrx_word' id='word_1_927' title='bbox 852 2768 922 2796; x_wconf 76' lang='lat' dir='ltr'><strong>infra</strong></span> <span class='ocrx_word' id='word_1_928' title='bbox 940 2769 1033 2796; x_wconf 79' lang='lat' dir='ltr'><strong>eadem</strong></span> <span class='ocrx_word' id='word_1_929' title='bbox 1049 2768 1205 2799; x_wconf 80' lang='lat' dir='ltr'><strong>Philocalia.</strong></span> <span class='ocrx_word' id='word_1_930' title='bbox 1222 2769 1268 2804; x_wconf 72' lang='grc' dir='ltr'>καὶ</span> <span class='ocrx_word' id='word_1_931' title='bbox 1279 2769 1319 2795; x_wconf 79' lang='grc' dir='ltr'><strong>δεῖ</strong></span> <span class='ocrx_word' id='word_1_932' title='bbox 1334 2769 1486 2804; x_wconf 81' lang='grc' dir='ltr'>φυλάττειν.</span> <span class='ocrx_word' id='word_1_933' title='bbox 1504 2768 1632 2795; x_wconf 72' lang='lat' dir='ltr'><strong>lltesche-</strong></span> 
     </span>
    </p>
   </div>
   <div class='ocr_carea' id='block_1_123' title="bbox 851 2803 1630 2838">
    <p class='ocr_par' dir='ltr' id='par_1_123' title="bbox 851 2803 1630 2838">
     <span class='ocr_line' id='line_1_125' title="bbox 851 2803 1630 2838; baseline -0.001 -8"><span class='ocrx_word' id='word_1_934' title='bbox 851 2805 902 2831; x_wconf 89' lang='lat' dir='ltr'><strong>lius</strong></span> <span class='ocrx_word' id='word_1_935' title='bbox 921 2809 948 2830; x_wconf 83' lang='lat' dir='ltr'><strong>et</strong></span> <span class='ocrx_word' id='word_1_936' title='bbox 973 2805 1136 2838; x_wconf 62' lang='lat' dir='ltr'><strong>Spcncerus,</strong></span> <span class='ocrx_word' id='word_1_937' title='bbox 1159 2803 1206 2830; x_wconf 75' lang='grc' dir='ltr'>καὶ</span> <span class='ocrx_word' id='word_1_938' title='bbox 1221 2803 1275 2829; x_wconf 79' lang='grc' dir='ltr'>δεῖν</span> <span class='ocrx_word' id='word_1_939' title='bbox 1294 2805 1444 2838; x_wconf 66' lang='grc' dir='ltr'>φυλάττειν.</span> <span class='ocrx_word' id='word_1_940' title='bbox 1464 2804 1496 2831; x_wconf 87' lang='lat' dir='ltr'><strong>Et</strong></span> <span class='ocrx_word' id='word_1_941' title='bbox 1521 2811 1583 2830; x_wconf 80' lang='lat' dir='ltr'><strong>mox</strong></span> <span class='ocrx_word' id='word_1_942' title='bbox 1605 2803 1630 2830; x_wconf 90' lang='lat' dir='ltr'><strong>in</strong></span> 
     </span>
    </p>
   </div>
   <div class='ocr_carea' id='block_1_124' title="bbox 850 2837 1312 2873">
    <p class='ocr_par' dir='ltr' id='par_1_124' title="bbox 850 2837 1312 2873">
     <span class='ocr_line' id='line_1_126' title="bbox 850 2837 1312 2873; baseline 0.002 -9"><span class='ocrx_word' id='word_1_943' title='bbox 850 2840 983 2873; x_wconf 73' lang='lat' dir='ltr'><strong>margine,</strong></span> <span class='ocrx_word' id='word_1_944' title='bbox 996 2839 1061 2865; x_wconf 79' lang='grc' dir='ltr'>ἀλλά</span> <span class='ocrx_word' id='word_1_945' title='bbox 1078 2837 1124 2865; x_wconf 76' lang='grc' dir='ltr'>καὶ</span> <span class='ocrx_word' id='word_1_946' title='bbox 1141 2838 1214 2868; x_wconf 80' lang='grc' dir='ltr'>ὅπως</span> <span class='ocrx_word' id='word_1_947' title='bbox 1228 2838 1312 2870; x_wconf 78' lang='grc' dir='ltr'>εἰκὸς.</span> 
     </span>
    </p>
   </div>
  </div>
