1877 3100
221 129 291 158 me

936 128 1098 160 ORIGENIS

1786 129 1844 158 12Ξο

219 193 264 216 tur
279 196 286 214 ε
302 191 357 215 tum
373 186 437 223 quia
459 186 519 215 alite
541 186 602 215 aliis
617 186 693 222 leges
709 186 738 215 in
755 191 875 215 mentem
892 195 998 221 venere,

1091 189 1100 214 ἰ
1113 186 1136 214 δ’
1146 186 1217 214 οὕτω
1231 187 1279 214 καὶ
1295 186 1456 223 συμφέρειν,
1469 188 1501 214 οὐ
1517 186 1600 223 μόνον
1614 186 1714 214 καθότι
1730 185 1777 214 ἐπὶ
1796 187 1844 214 »οὖν

220 239 247 263 et
256 233 358 262 servari
376 237 484 267 oportet
499 240 530 260 ea
547 240 608 268 (ποτε
630 232 737 268 publice
753 234 903 260 constituta
919 239 1004 268 sunt;

219 284 276 307 tum
286 271 357 313 qdod
368 278 509 313 probabile
519 283 560 306 est
568 277 691 305 diversas
700 282 778 305 terra:
789 283 881 313 partes
891 271 1007 307 div'ersis

217 325 408 362 potestatibus,
424 323 504 360 quasi
521 324 653 359 quasdam
670 325 865 359 praefecturas,
879 325 1006 353 commis-

219 377 263 398 sas
276 370 311 397 ab
337 370 426 402 initio,
451 369 545 397 eodem
571 376 644 397 nunc
659 369 738 396 modo
756 369 954 397 administrari.
971 370 1006 397 Et

218 419 293 443 recte
305 422 367 442 cum
378 414 492 449 singulis
508 414 608 448 agitus,
623 421 683 441 cum
697 419 830 448 reguntur
843 422 874 442 ea
888 415 1005 448 ratione.

217 467 278 489 uuae
295 461 348 488 illis
359 460 540 494 potestatibus
555 460 663 495 placet;
679 468 731 488 nec
747 460 788 488 {as
800 465 842 488 est
857 461 1006 488 dissolvere

218 514 278 542 quae
291 515 341 542 pro
353 506 411 534 suis
427 513 539 540 quaeque
556 506 623 533 locis
645 506 699 540 jam
715 511 771 534 tum
783 507 817 534 ab
830 507 908 534 initio
926 507 1007 535 insti-

219 558 275 580 tuta
288 557 361 579 sunt.
378 563 388 579 ι
410 551 459 578 llic
470 551 564 579 Celsus
579 552 681 580 indicat
695 551 805 591 Iudaeos
821 553 855 580 ab
871 552 1006 588 Egyptiis

218 598 349 626 oriundos
362 598 526 632 peculiarem
543 603 634 634 postea
649 598 821 626 constituisse
832 604 951 633 gentem,
968 599 1006 627 lc-

219 651 268 679 gcs
287 644 394 677 tulisse,
407 651 507 680 easque
527 645 686 672 observare.
708 644 807 679 Atque,
830 649 907 672 utne
923 645 1006 673 verba

219 689 278 724 eius
295 690 435 723 iteremus,
450 690 586 724 signiﬁcat
597 697 612 718 e
628 697 659 717 re
673 689 773 724 fuisse,
787 694 818 717 ut
829 690 946 725 patriam
963 698 1007 718 re-

218 735 345 771 ligionem
362 740 518 768 tuerentur,
541 735 768 770 quemadmodum
782 740 888 763 caeteras.
912 739 1006 771 gentes

218 781 329 815 propria
345 788 393 808 sua
407 781 530 809 instituta
551 781 676 809 retinent.
691 781 761 815 Quin
784 786 812 809 et
826 782 1006 815 arcaniorem,

219 834 268 854 cur
288 826 314 853 id
330 825 396 853 utile
412 825 513 859 fuerit,
533 833 643 854 causam
660 826 753 859 ail'ert,
775 834 837 854 cum
855 826 1009 854 subindicat

1057 230 1139 268 ἦλθεν
1153 232 1243 263 ἄλλοις
1257 231 1345 264 ἄλλως
1358 232 1478 267 νομίσαι,
1491 233 1539 259 καὶ
1556 233 1599 259 δεῖ
1613 232 1763 266 φυλάττειν
1774 232 1805 259 τὰ
1823 234 1844 264 ἐς

1057 277 1146 304 κοινδν
1161 277 1350 312 κεκυρωμένα,
1365 277 1434 304 ἀλλὰ
1451 278 1498 304 xal.
1509 278 1560 310 ὅτι,
1571 277 1612 309 ὡς
1629 277 1717 309 είκδς,
1733 277 1769 304 τὰ
1783 278 1844 313 μέρη

1055 322 1104 358 τῆς
1120 322 1171 358 γῆς
1183 322 1213 354 ἐξ
1227 322 1316 357 ἀρχῆς
1329 322 1396 349 ἄλλα
1408 323 1498 354 ἄλλοις
1517 323 1653 355 ἐπόπταις
1666 324 1843 358 νενεμημένα,

1056 367 1104 394 καὶ
1118 368 1189 394 κατά
1205 376 1280 399 τινας
1294 368 1471 404 ἐπικρατείας
1489 368 1686 403 διειλημμένα,
1703 368 1790 404 ταύτῃ
1805 370 1845 395 καὶ

1056 413 1206 440 διοικπῖται.
1222 413 1277 439 Kal
1293 413 1324 448 δὴ
1338 412 1373 440 τὰ
1389 414 1454 448 παρ’
1466 413 1593 444 ἑκάστοις
1607 413 1700 448 ὀρθῶς
1717 413 1752 439 ἂν
1767 414 1845 448 πράτ-

1055 466 1128 484 τοιτο
1141 456 1226 493 ταύτῃ
1242 457 1379 492 δρώμενα,
1395 458 1449 493 ὅπη
1463 458 1578 489 ἐκείνοις
1591 457 1683 492 φίλον·
1704 458 1843 493 παραλύειν

1056 502 1084 529 δὲ
1097 502 1144 537 οὐχ
1161 502 1234 529 ὅσιον
1252 501 1322 529 εἶναι
1345 502 1380 529 τὰ
1406 502 1436 534 ἐξ
1457 503 1545 538 ἀρχῆς
1563 504 1636 529 κατὰ
1659 503 1762 535 τόπους
1781 513 1843 530 νενο-

1058 548 1196 582 μισμένα·
1217 557 1226 573 ι
1249 548 1278 574 ἐν
1290 547 1394 580 τούτοις
1409 547 1442 582 δὴ
1460 548 1475 573 ό
1491 547 1597 580 Κέλσος
1613 548 1755 583 ἐμφαίνει,
1776 549 1843 575 Eme!

1056 593 1140 620 πάλαι
1157 593 1300 627 Αἰγύπτιοι
1316 594 1435 620 Ἰουδαῖοι
1447 593 1560 629 ὕστερον
1571 594 1646 626 ἔθνος
1657 596 1785 629 ἐγένοντο
1795 596 1843 631 (Si)

1057 637 1132 670 ῐδιον,
1157 638 1204 665 καὶ
1224 638 1323 674 νόμους
1343 638 1469 674 θέμενοι,
1493 640 1607 672 τούτους
1632 641 1843 676 περιστέλλουσι.

1056 684 1112 711 Kal.
1126 685 1170 711 ἵνα
1192 684 1230 720 μὴ
1244 684 1457 720 ὲπαναλάόωμεν
1472 685 1522 717 τὰς
1534 685 1700 720 ἐπικειμένας
1719 686 1767 712 τοῦ
1783 687 1845 712 Κέλ-

1058 735 1104 754 σου
1126 727 1224 760 λέξεις,
1242 728 1309 764 φησὶ
1323 728 1370 754 καὶ
1389 729 1539 764 συμφέρειν
1557 729 1611 764 (88)
1627 729 1733 761 τούτοις
1753 730 1787 756 τὰ
1800 731 1845 756 πά-

1057 780 1122 808 τρια
1141 772 1312 808 θρησκεύειν,
1333 773 1433 808 ὁμοίως
1454 775 1511 806 τοῖς
1529 774 1620 806 ἄλλοις
1642 774 1735 801 ἔθνεσι
1748 774 1784 801 τὰ
1799 776 1843 802 ἰδία

1059 819 1232 854 περιέπουσι.
1247 819 1302 846 Καὶ
1318 819 1468 855 βαθυτέραν
1484 821 1546 847 τινὰ
1561 821 1702 848 ὲκτίθεται
1725 822 1790 857 περὶ
1805 822 1842 848 τοῦ

219 877 278 903 eos.
295 870 396 905 quibus
412 870 510 898 sortito
523 870 622 905 obtigit
636 870 802 905 quibusdam
820 875 901 898 terrae
920 870 998 905 parti-

1095 863 1208 900 μιρέρειν
1235 865 1370 898 Ἰουδαίοις
1395 866 1537 901 περιέπειν
1562 866 1597 893 τὰ
1617 866 1726 902 πάτρια
1753 867 1841 897 αἰτίαν,

219 917 271 944 bus
284 924 417 952 praeesse,
437 924 515 944 suam
529 918 565 944 ad
578 916 737 944 condendas
751 916 825 951 leges
843 924 954 951 operam
969 916 1009 944 le-

219 962 395 997 gislatoribus
409 962 613 990 commodasse.
640 961 741 989 Statuit
752 961 835 997 igitur
851 960 1007 989 Iudaeorum

218 1007 322 1042 regioni
334 1007 461 1043 gentique
477 1007 550 1034 illam
568 1007 696 1035 incolenti
713 1005 831 1043 aliquem
839 1012 888 1035 aut
903 1007 1009 1043 aliquos

219 1053 388 1088 invigilasse,
406 1061 461 1090 quo
479 1053 520 1081 vel
532 1055 631 1089 quibus
653 1053 842 1082 collaborante
863 1055 906 1082 vel
925 1055 1009 1083 colla-

218 1097 378 1126 borantibus
396 1097 480 1134 Moysi
496 1098 570 1134 leges
584 1098 706 1127 Iudaica:
720 1100 833 1127 sancite;
848 1104 924 1127 sunt.
976 1119 980 1122 .

256 1239 302 1267 26.
320 1248 330 1266 ι
347 1239 437 1275 Atque
451 1244 568 1278 oportet,
585 1240 684 1276 inquit,
709 1249 821 1270 servare
845 1242 931 1279 leges,
951 1247 1006 1270 tum

220 1286 283 1320 quia
297 1285 365 1314 alias
376 1286 438 1313 aliis
454 1287 624 1315 constituere
642 1287 717 1322 leges
732 1287 844 1323 placuit,
861 1294 888 1316 et
901 1289 1006 1316 servari

218 1335 327 1365 oportet
339 1338 370 1359 ea
388 1339 449 1367 quae
471 1332 580 1367 publice
597 1334 744 1360 constituta
769 1337 853 1368 sunt;
871 1339 927 1361 tum
944 1335 1006 1370 quia

219 1375 367 1412 probabile
396 1381 440 1404 est
462 1378 584 1405 diversas
596 1382 677 1405 terra:
689 1385 781 1413 partes
796 1379 912 1407 diversis
929 1385 1007 1414 pote-

219 1423 346 1458 statibus,
355 1423 435 1458 quasi
448 1424 580 1458 quasdam
594 1424 786 1459 praefecturas,
801 1426 962 1454 commissas
974 1425 1008 1453 ab

219 1469 308 1502 initio,
333 1469 431 1496 eodem
458 1477 531 1497 nunc
554 1469 634 1497 modo
659 1470 857 1498 administrari.
880 1481 890 1498 ι
904 1472 1008 1500 Deinde

219 1515 315 1543 Celsus
325 1515 402 1550 quasi
413 1522 507 1543 eorum
522 1515 689 1551 oblitusquae
701 1522 797 1545 contra
806 1517 914 1545 .Iudzeos
927 1518 1006 1552 dixit,
1021 1535 1042 1564 ο

219 1567 291 1587 nunc
311 1560 384 1594 ipsos
400 1560 519 1595 generali
531 1560 621 1594 laude,
634 1568 716 1597 quam
731 1562 882 1597 patriorum
896 1562 1007 1592 institu-

221 1610 308 1632 lorum
322 1605 501 1634 retinentibus
514 1606 646 1641 impertit,
657 1607 859 1643 complectitur,
872 1615 934 1636 cum
946 1609 984 1636 ait
998 1619 1004 1638 :

222 1659 232 1676 ι
252 1649 384 1677 Praeclare
400 1658 461 1678 cum
477 1652 594 1683 singulis
609 1652 714 1687 agitur,
726 1653 749 1681 si
768 1659 900 1688 reguntur
914 1662 945 1682 ea
963 1663 1005 1682 ra-

219 1695 305 1728 tione.
316 1702 377 1730 qua:
388 1696 566 1731 potestatibus
579 1696 633 1724 illis
644 1697 743 1733 placet.
759 1707 768 1724 I
780 1698 819 1726 Ae
833 1699 893 1726 ride
905 1707 1004 1733 annon,

218 1745 351 1776 quantum
366 1741 393 1768 in
408 1747 438 1769 se
449 1746 503 1775 est,
521 1741 644 1770 Judaeum
667 1743 734 1773 velit
749 1744 777 1772 in
792 1751 903 1772 suarum
917 1745 1005 1781 legum

218 1787 414 1816 observatione
430 1796 622 1824 perseverare,
641 1791 719 1824 quasi
743 1790 857 1825 impium
882 1791 1005 1820 futurum

218 1830 291 1858 si‘ab
306 1831 360 1859 illis
374 1832 545 1860 abscederet.
561 1833 606 1860 Ait
620 1835 692 1861 enim
711 1843 719 1862 :
734 1845 744 1861 ι
762 1834 818 1863 Nec
836 1836 878 1864 fas
892 1841 935 1864 est
950 1837 1006 1864 dis-

219 1878 324 1905 solvere
336 1886 395 1913 quut
407 1887 457 1914 pro
469 1880 526 1908 suis
537 1887 652 1916 quaeque
667 1881 734 1909 locis
744 1881 801 1916 jam
814 1886 869 1910 tum
881 1883 914 1911 ab
928 1882 1005 1910 initio

218 1922 299 1958 597
312 1923 436 1952 instituta
449 1930 523 1953 sunt.
538 1934 548 1951 ι
564 1926 615 1954 Hic
626 1926 700 1954 illum
713 1926 867 1962 cadentque
880 1935 940 1955 cum
959 1927 1005 1956 illo

218 1969 368 1997 sentientes
391 1970 617 2006 interrogaverim
632 1972 750 2000 lubens:
768 1974 864 2008 ecquis
879 1973 925 2001 ille
943 1974 1004 2007 fuit,

217 2015 264 2050 qui
279 2019 358 2043 terrae
371 2021 464 2050 partes
477 2017 511 2044 ab
528 2017 605 2045 initio
617 2017 687 2046 alias
702 2018 764 2046 aliis
776 2019 947 2047 distribuerit
960 2020 1003 2047 in-

217 2061 518 2097 spectoribus?Ecquis
534 2061 688 2090 Judmorum
701 2064 838 2098 regionem
852 2069 881 2092 et
896 2064 1005 2093 Judatos

218 2105 291 2140 ipsos
307 2107 447 2134 commisit
463 2106 502 2134 illi
531 2107 574 2134 vel
598 2107 652 2135 illis
680 2109 842 2143 praesidibus
859 2109 906 2144 qui
931 2109 1003 2137 illam

217 2151 308 2179 sortiti
322 2152 403 2179 sunt?
418 2151 586 2187 AnJupiter,
609 2158 638 2181 ut
652 2153 728 2189 loqui
746 2159 819 2182 amat
835 2154 940 2188 Celsus,
959 2155 1005 2182 Ju-

1058 910 1255 945 αἰνισσόμενος,
1277 911 1317 937 ὃτι
1333 912 1396 942 τοὺς
1418 911 1541 938 ἑκάστων
1557 911 1658 947 νόμους
1677 913 1704 938 οἱ
1724 912 1844 947 λαχόντες

1059 954 1176 982 ἐπόπται
1195 953 1264 982 εἷναι
1285 956 1334 991 τῆς
1355 956 1405 991 γῆς
1419 957 1472 983 τῶν
1488 957 1741 992 νομοθετουμένων,
1759 966 1844 993 συνερ-

1058 1000 1168 1034 γοῦντες
1182 1002 1238 1034 τοῖς
1252 1002 1409 1037 νομοθέταις
1425 1002 1479 1038 (89)
1498 1002 1599 1030 ἔθεντο.
1618 1003 1731 1030 Ἔοικεν
1747 1002 1793 1030 οὖν
1806 1004 1846 1038 δη-

1058 1046 1130 1079 λοῦν,
1147 1047 1188 1073 ὃτι
1208 1047 1255 1074 καὶ
1270 1047 1319 1082 τὴν
1342 1047 1474 1074 Ἰουδαίων
1489 1047 1582 1084 χώραν
1596 1048 1691 1075 καὶτὸ
1708 1049 1752 1076 ἐπ’
1770 1049 1847 1083 uim];

1058 1091 1134 1124 ἔθνος
1147 1092 1292 1119 ἐποπτεύει
1305 1101 1347 1124 τις
1363 1094 1380 1127 ῆ
1394 1101 1474 1124 τινες,
1491 1091 1537 1128 ὕφ’
1551 1090 1582 1120 οὗ
1595 1094 1612 1129 ἢ
1628 1093 1674 1127 ὑφ’
1691 1090 1731 1121 ὧν
1743 1095 1769 1121 οἱ
1790 1095 1845 1121 Ἰσά-

1057 1136 1140 1163 δαίων
1163 1137 1239 1172 νόμοι
1263 1137 1456 1173 συνεργοῦντος
1477 1138 1494 1173 ἣ
1518 1139 1725 1174 συνεργούντων
1742 1140 1846 1166 Min-issi

1057 1182 1199 1218 ἐτέθησαν.

1095 1248 1105 1265 ι
1125 1239 1179 1266 Kal.
1197 1239 1260 1275 χρὴ,
1287 1239 1362 1275 φησι,
1379 1239 1442 1272 τοὺς
1461 1240 1560 1275 νόμους
1583 1241 1698 1276 τηρεῖν,
1717 1241 1750 1268 οὗ
1775 1241 1848 1277 μόνω

1058 1285 1152 1312 καθότι
1167 1286 1213 1312 ἐπὶ
1228 1285 1290 1312 νοῦν
1305 1284 1386 1321 ’ἦλθεν
1400 1286 1490 1318 ἄλλοις
1504 1286 1592 1318 ἄλλως
1604 1287 1730 1321 νομίσαι,
1748 1288 1797 1314 καὶ
1812 1288 1849 1314 Est

1057 1330 1098 1357 δεῖ
1118 1330 1264 1365 φυλάσσειν
1282 1331 1317 1357 τὰ
1336 1331 1365 1362 ἐς
1386 1331 1475 1358 κοινὸν
1497 1333 1692 1367 κεκυρωμένα,
1712 1333 1784 1359 ἀλλὰ
1807 1334 1848 1359 καὶ

1057 1377 1108 1409 ὅτι,
1125 1376 1163 1409 ὡς
1186 1377 1268 1410 εἰκὸς,
1289 1377 1324 1404 τὰ
1340 1377 1410 1413 μέρη
1428 1377 1479 1412 τῆς
1495 1377 1547 1412 γῆς
1565 1379 1596 1412 ὲξ
1613 1379 1702 1414 ἀρχῆς
1717 1379 1787 1406 ἄλλα
1806 1380 1847 1406 ἄλ-

1057 1421 1113 1454 λοις
1128 1422 1260 1455 ἐπόπταις
1275 1423 1462 1459 νενεμημένα,
1479 1423 1527 1450 καὶ
1547 1424 1619 1451 κατά
1634 1433 1713 1457 τινας
1735 1426 1846 1460 ἐπικρι-

1057 1467 1132 1499 τείας
1151 1467 1348 1503 διειλημμένα,
1363 1468 1449 1504 ταύτῃ
1463 1469 1510 1495 καὶ
1521 1468 1672 1496 διοικεῖται.
1694 1479 1704 1495 ι
1717 1469 1790 1503 Εἶθ’,
1801 1470 1849 1496 ὼε-

1059 1513 1136 1548 περεὶ
1145 1513 1338 1548 ἐπιλαθόμενος
1348 1514 1362 1540 ό
1374 1513 1476 1545 Κέλσος
1490 1511 1528 1540 ὧν
1538 1512 1599 1541 εἷπε
1611 1515 1685 1542 κατὰ
1705 1515 1847 1546 'loﬁaim.

1058 1558 1106 1585 νῦν
1122 1559 1151 1585 ὲν
1164 1558 1203 1594 τῷ
1218 1558 1354 1594 καθολικῷ
1368 1559 1433 1594 περὶ
1449 1559 1558 1586 πάντων
1572 1560 1627 1586 τῶν
1643 1560 1681 1587 τὰ
1693 1561 1799 1596 πάτρια
1810 1570 1850 1596 τη-

1060 1603 1178 1640 ρούντων
1200 1604 1304 1640 ἐπαίνῳ
1323 1605 1372 1632 καὶ
1391 1605 1504 1638 τούτους
1527 1606 1728 1642 περιλαμϐάνει
1750 1608 1847 1641 λέγων·

1061 1658 1070 1674 ς
1102 1649 1156 1675 Καὶ
1182 1649 1214 1684 δὴ
1241 1649 1275 1676 τὰ
1301 1650 1364 1685 παρ’
1394 1651 1520 1683 ἑκάστοις
1539 1651 1627 1686 ὀρθῶς
1650 1652 1685 1679 ἂν
1707 1653 1849 1687 πράττοιτε

1058 1694 1144 1730 ταύτῃ
1159 1693 1296 1730 δρώμενα,
1312 1695 1366 1730 ὅπη
1378 1695 1497 1727 ἐκείνοις
1513 1688 1599 1730 φίλονξ
1619 1705 1628 1722 t
1644 1696 1702 1723 Καὶ
1712 1699 1767 1733 ὅρα
1781 1699 1803 1724 εἰ
1817 1699 1848 1733 μὴ

1058 1739 1198 1776 ἄντικρυς,
1216 1740 1248 1767 τδ
1264 1741 1326 1768 ὅσον
1344 1741 1386 1776 ἐφ’
1404 1741 1502 1777 ἐαυτῷ,
1525 1742 1574 1768 τὸν
1599 1742 1730 1770 Ἰουδαῖον
1747 1745 1778 1771 ὲν
1800 1746 1847 1775 τοῖς

1060 1787 1134 1818 ἰδίοις
1156 1787 1249 1822 νόμοις
1275 1786 1397 1821 βούλεται
1422 1786 1531 1822 βιοῦντα
1553 1787 1591 1822 μὴ
1614 1788 1785 1822 ἀφίστασθαι
1807 1791 1846 1817 a3-

1057 1833 1111 1860 τῶν
1129 1833 1194 1869 (90),
1209 1833 1246 1864 ὼς
1263 1833 1312 1868 οὐχ
1327 1833 1399 1860 ὅσιον
1419 1833 1584 1868 πράττοντα,
1600 1834 1648 1861 ἐὰν
1665 1834 1778 1872 ἀποστῇ
1789 1845 1795 1851 -
1812 1836 1848 1862 λέ-

1057 1887 1102 1913 γει
1120 1878 1184 1914 γὰρ,
1200 1879 1240 1905 ὅτι
1259 1888 1268 1904 ι
1292 1878 1441 1914 παραλύειν
1465 1879 1514 1914 οὐχ
1533 1879 1608 1905 ὅσιον
1624 1877 1696 1907 εἶναι
1712 1881 1750 1907 τὰ
1765 1881 1795 1914 ἔξ
1808 1883 1848 1917 ἁρ-

1058 1925 1108 1960 χῆς
1123 1924 1193 1951 κατὰ
1207 1924 1304 1956 τόπους
1316 1924 1506 1960 νενομισμένα.
1527 1934 1537 1950 ι
1562 1925 1733 1962 Ἐϐουλόμην
1746 1927 1775 1953 δὲ
1790 1928 1850 1962 1:92»;

1057 1970 1143 1997 ταῦτα
1159 1969 1241 1997 αὑτοῦ
1259 1969 1276 2005 ἢ
1292 1970 1348 1997 τῶν
1363 1970 1589 2005 συμφρονούντων
1606 1971 1684 2006 αὐτῷ
1708 1973 1849 2002 πυθέσθαι,

1057 2016 1098 2048 τίς
1110 2017 1165 2051 ἄρα
1178 2016 1220 2051 εἴη
1234 2017 1248 2042 ό
1264 2016 1298 2042 τὰ
1315 2015 1386 2051 μέρη
1399 2015 1450 2050 τῆς
1463 2016 1515 2051 γῆς
1527 2015 1557 2049 ἐξ
1570 2016 1659 2053 ἀρχῆς
1679 2018 1751 2045 ἄλλα
1768 2019 1850 2049 ἄλλοις

1058 2062 1189 2094 ἐπόπταις
1204 2062 1358 2097 διανείμας;
1375 2061 1430 2088 Kal.
1446 2061 1566 2096 δηλονότι
1582 2062 1638 2098 (91)
1649 2063 1703 2098 τὴν
1720 2065 1849 2091 Ἰουδαίων

1057 2108 1148 2143 χώραν
1165 2108 1211 2134 καὶ
1226 2108 1289 2139 τοὺς
1309 2107 1450 2140 Ἰουδαίους
1466 2107 1504 2143 τῷ
1520 2108 1631 2143 λαχόντι
1647 2110 1666 2144 ἢ
1683 2111 1745 2142 τοῖς
1759 2110 1847 2145 λαχςί‹

1057 2162 1099 2180 σιν
1121 2154 1223 2189 αὑτήν;
1239 2151 1313 2187 Ἀρα
1332 2153 1396 2189 γὰρ,
1412 2153 1450 2186 ὡς
1466 2154 1599 2189 ὀνομάσαι
1615 2155 1650 2181 ἂν
1670 2156 1687 2182 ὁ
1707 2157 1824 2188 Κέλσος.
1838 2157 1848 2180 ὃ

218 2197 338 2224 diuorum
354 2201 462 2232 gentem
487 2198 681 2234 regionemque
700 2199 809 2226 cuidam
827 2204 874 2226 aut
892 2200 998 2234 quibus-

1094 2199 1124 2231 ὺς
1137 2199 1191 2226 τίνι
1205 2199 1221 2234 ἢ
1238 2199 1293 2225 τίσι
1309 2199 1426 2234 διένειμε
1441 2199 1471 2225 τὸ
1495 2199 1630 2226 Ἰουδαίων
1647 2200 1730 2233 ἔθνος
1746 2202 1795 2228 καὶ
1810 2202 1848 2235 τὴν

218 2242 280 2270 dam
297 2243 421 2276 credidit,
436 2243 574 2279 voluitque
593 2249 633 2277 ut,
649 2244 692 2273 cui
711 2244 878 2278 obtingeret,
896 2246 919 2273 is
935 2245 1004 2273 tales

216 2287 318 2316 Judaeis
339 2288 412 2323 leges
435 2289 605 2324 imponeret?
622 2289 664 2317 An
682 2290 707 2316 id
723 2290 824 2317 factum
847 2294 889 2317 est
902 2295 1003 2325 prmlcr

215 2334 290 2362 Jovis
305 2334 490 2363 voluntatem?
517 2335 658 2364 Utrumvis
678 2335 849 2370 respondeat,
864 2336 939 2364 vides
953 2345 1004 2364 an-

217 2380 399 2414 gustiasesse.
410 2380 466 2409 Nisi
477 2386 566 2408 autem
578 2381 611 2409 ab
621 2388 674 2408 uno
682 2381 809 2416 quopiam
821 2386 912 2416 partes
923 2386 1003 2409 terra:

216 2426 377 2460 praesidibus
402 2428 553 2454 distributa:
567 2426 670 2455 luerint
680 2447 687 2460 ,
713 2434 776 2462 ergo
790 2427 887 2462 singuli
902 2427 1004 2462 quique

218 2471 329 2500 fortuito
341 2478 369 2501 et
384 2473 442 2500 sine
450 2473 597 2508 superioris
611 2477 680 2500 nutu
696 2477 795 2500 terram
813 2473 905 2508 partiti
920 2479 1001 2501 sunt:

252 2595 307 2630 (8'1)
327 2593 588 2628 Ρὶιίιοο.,“εγένοντο.
607 2593 776 2622 11ωεθί.ο1ἰυε
792 2599 819 2622 ct
837 2595 1000 2629 Spencerus,

216 2631 362 2657 ἐγίγνοντο.

232 2639 498 2700 Ymg?vllﬁnsclielius
517 2665 544 2692 in
560 2670 646 2697 textu,
667 2664 830 2700 θρησκεύειν
848 2663 953 2695 τούτοις
968 2663 1002 2690 τὰ

216 2701 318 2735 πάτρια
331 2700 472 2735 συμφέρει.

254 2733 319 2769 (89)
330 2733 399 2770 Ideni
416 2733 442 2761 i'u
461 2739 545 2765 textu.
562 2735 764 2770 νόμοιςιΡΩιιΙΟ
778 2739 840 2768 post
857 2739 930 2761 recte
943 2733 1002 2760 Plri-

217 2769 311 2796 localia
322 2789 328 2800 ,
343 2769 373 2794 τὸ
388 2769 430 2795 ἐπ’
445 2770 530 2804 αὐτῆς
551 2769 634 2801 ἔθνος.
654 2769 823 2796 Ilwscltelius
838 2774 864 2796 et
883 2770 1002 2802 Spenve—

219 2810 274 2833 rns,
291 2804 321 2829 τὸ
347 2803 388 2828 ἐπ’
406 2804 496 2835 αὐτοῖς
516 2804 599 2836 ἔθνος.
626 2805 708 2831 Paulo
738 2804 808 2831 infra
834 2804 999 2836 Philoculia,

217 2836 320 2871 Μωῦσῇ
336 2837 474 2873 ἐτέθησαν.

1055 2245 1146 2281 χώραν
1158 2245 1262 2277 αὺτῶν;
1275 2246 1321 2272 καὶ
1333 2244 1458 2271 ἐϐούλετο
1468 2245 1514 2272 τὸν
1525 2245 1643 2281 λαχόντα
1653 2246 1708 2282 τὴν
1725 2247 1849 2274 Ἰουδαίαν

1055 2290 1193 2322 τοιούτους
1210 2290 1303 2317 θέσθαι
1327 2291 1356 2317 ἐν
1376 2291 1513 2322 Ἰουδαίοις
1535 2291 1656 2326 νόμους;
1679 2293 1698 2327 ἢ
1725 2293 1802 2329 παρὰ
1824 2292 1848 2316 τὲ

1057 2336 1180 2371 βούλημα
1191 2335 1273 2362 αὐτοῦ
1287 2335 1366 2362 τοῦτο
1381 2335 1436 2371 (92)
1451 2335 1615 2371 γεγένηται;
1637 2337 1684 2369 Ὠς
1700 2337 1723 2364 δ’
1743 2337 1777 2364 ἂν
1790 2338 1847 2363 ir,-

1056 2381 1190 2416 κρίνηται,
1205 2381 1281 2416 ὀρᾷς,
1298 2380 1339 2407 ὅτι
1355 2381 1369 2407 ό
1382 2380 1460 2414 λόγος
1480 2381 1768 2416 στενοχωρηθὴσεται.
1787 2381 1846 2407 ΕΞ

1059 2427 1097 2463 μὴ
1108 2427 1161 2453 ἀπό
1171 2435 1243 2458 τινος
1255 2426 1313 2458 ἑνὸς
1328 2426 1518 2461 διανενέμηται
1532 2425 1566 2452 τὰ
1580 2426 1653 2461 μέρη
1669 2426 1722 2460 τῆς
1737 2427 1790 2462 γῆς

1057 2473 1188 2505 ἑπόπτὶις
1200 2473 1298 2506 αὐτῶν,
1315 2473 1369 2508 ἄρα
1385 2472 1439 2515 (95)
1454 2471 1694 2508 ἀποκληρωτικῶς
1710 2473 1758 2499 καὶ
1775 2472 1846 2508 χωρὶς

1089 2594 1145 2630 (90)
1165 2592 1281 2630 ᾼῦτων.
1302 2591 1386 2630 Recte
1406 2591 1582 2630 _Ph_ilocalia;
1603 2591 1844 2630 llaascheliusian-

1055 2627 1107 2656 tum
1121 2627 1147 2656 et
1163 2629 1331 2662 Spencerus,
1347 2627 1438 2653 αὐτόν.
1456 2627 1539 2653 Paulo
1555 2633 1616 2660 post
1627 2649 1635 2660 ,
1652 2636 1703 2662 pro
1718 2629 1769 2662 οὐχ
1782 2629 1843 2655 ὂςιεει

1053 2663 1132 2696 εἶναι,
1151 2665 1292 2697 legendum
1309 2663 1425 2693 videtur,
1439 2662 1488 2696 οὺχ
1503 2662 1576 2688 ὅσιόν
1592 2664 1663 2689 ἐστι.

1089 2699 1147 2734 illi)
1168 2697 1378 2734 llmscltelius_et
1394 2698 1564 2734 Speticerns,
1575 2697 1657 2732 δῆλον
1673 2698 1727 2724 ὅτι.

1091 2731 1152 2769 (92)
1175 2733 1291 2765 I’niloc.,
1309 2731 1399 2758 τοῦτο.
1426 2731 1602 2760 stcbelius
1622 2738 1651 2760 et
1685 2734 1842 2768 Spencerus,

1054 2770 1084 2796 τὸ
1101 2768 1228 2795 τοιοῦτον.

1093 2804 1147 2840 (95)
1169 2802 1335 2830 ιιωεοιιριὶαε
1350 2802 1376 2828 in
1391 2805 1477 2834 textu,
1489 2801 1609 2834 ἑαυτῶν,
1625 2800 1691 2838 ἆρα.
