  <div class='ocr_page' id='page_1' title='image "/cluster/home/n/w/nwhite01/storage/ocr_20150623/11/njp.32101077772414/731.png"; bbox 0 0 1877 3100; ppageno 0'>
   <div class='ocr_carea' id='block_1_1' title="bbox 190 114 260 143">
    <p class='ocr_par' dir='ltr' id='par_1_1' title="bbox 190 114 260 143">
     <span class='ocr_line' id='line_1_1' title="bbox 190 114 260 143; baseline 0 0"><span class='ocrx_word' id='word_1_1' title='bbox 190 114 260 143; x_wconf 72' lang='grc'><strong>1223</strong></span> 
     </span>
    </p>
   </div>
   <div class='ocr_carea' id='block_1_2' title="bbox 911 102 1075 136">
    <p class='ocr_par' dir='ltr' id='par_1_2' title="bbox 911 102 1075 136">
     <span class='ocr_line' id='line_1_2' title="bbox 911 102 1075 136; baseline -0.006 -1"><span class='ocrx_word' id='word_1_2' title='bbox 911 102 1075 136; x_wconf 84' lang='lat' dir='ltr'><strong>ORIGENIS</strong></span> 
     </span>
    </p>
   </div>
   <div class='ocr_carea' id='block_1_3' title="bbox 1763 109 1834 136">
    <p class='ocr_par' dir='ltr' id='par_1_3' title="bbox 1763 109 1834 136">
     <span class='ocr_line' id='line_1_3' title="bbox 1763 109 1834 136; baseline -0.014 0"><span class='ocrx_word' id='word_1_3' title='bbox 1763 109 1834 136; x_wconf 66' lang='grc' dir='ltr'>ίεξι</span> 
     </span>
    </p>
   </div>
   <div class='ocr_carea' id='block_1_4' title="bbox 189 164 984 207">
    <p class='ocr_par' dir='ltr' id='par_1_4' title="bbox 189 166 982 207">
     <span class='ocr_line' id='line_1_4' title="bbox 189 166 982 207; baseline -0.01 -6"><span class='ocrx_word' id='word_1_4' title='bbox 189 174 254 202; x_wconf 83' lang='lat' dir='ltr'><strong>licet</strong></span> <span class='ocrx_word' id='word_1_5' title='bbox 273 171 344 207; x_wconf 87' lang='lat' dir='ltr'><strong>apud</strong></span> <span class='ocrx_word' id='word_1_6' title='bbox 359 169 491 205; x_wconf 82' lang='lat' dir='ltr'><strong>quosdam</strong></span> <span class='ocrx_word' id='word_1_7' title='bbox 519 168 620 204; x_wconf 83' lang='lat' dir='ltr'><strong>impius</strong></span> <span class='ocrx_word' id='word_1_8' title='bbox 635 167 783 200; x_wconf 83' lang='lat' dir='ltr'><strong>habeatur,</strong></span> <span class='ocrx_word' id='word_1_9' title='bbox 806 166 865 202; x_wconf 89' lang='lat' dir='ltr'><strong>qui,</strong></span> <span class='ocrx_word' id='word_1_10' title='bbox 894 166 982 201; x_wconf 80' lang='lat' dir='ltr'><strong>patria</strong></span> 
     </span>
    </p>
   </div>
   <div class='ocr_carea' id='block_1_5' title="bbox 1073 164 1833 207">
    <p class='ocr_par' dir='ltr' id='par_1_5' title="bbox 1073 164 1833 206">
     <span class='ocr_line' id='line_1_5' title="bbox 1073 164 1833 206; baseline 0.003 -14"><span class='ocrx_word' id='word_1_11' title='bbox 1073 166 1196 194; x_wconf 81' lang='grc' dir='ltr'>ιισθέντα</span> <span class='ocrx_word' id='word_1_12' title='bbox 1213 167 1318 195; x_wconf 81' lang='grc' dir='ltr'>ἀνόσιον</span> <span class='ocrx_word' id='word_1_13' title='bbox 1333 166 1402 196; x_wconf 76' lang='grc' dir='ltr'>εῖναι</span> <span class='ocrx_word' id='word_1_14' title='bbox 1423 169 1498 206; x_wconf 82' lang='grc' dir='ltr'>παρὰ</span> <span class='ocrx_word' id='word_1_15' title='bbox 1511 171 1569 201; x_wconf 81' lang='grc' dir='ltr'>τοῖς</span> <span class='ocrx_word' id='word_1_16' title='bbox 1587 169 1617 196; x_wconf 78' lang='grc' dir='ltr'>δέ</span> <span class='ocrx_word' id='word_1_17' title='bbox 1631 176 1690 195; x_wconf 87' lang='grc' dir='ltr'>τισι</span> <span class='ocrx_word' id='word_1_18' title='bbox 1710 168 1750 204; x_wconf 82' lang='grc' dir='ltr'>μὴ</span> <span class='ocrx_word' id='word_1_19' title='bbox 1767 164 1833 195; x_wconf 68' lang='grc' dir='ltr'>εἶναι</span> 
     </span>
    </p>
   </div>
   <div class='ocr_carea' id='block_1_6' title="bbox 189 212 978 249">
    <p class='ocr_par' dir='ltr' id='par_1_6' title="bbox 189 212 978 249">
     <span class='ocr_line' id='line_1_6' title="bbox 189 212 978 249; baseline -0.01 -3"><span class='ocrx_word' id='word_1_20' title='bbox 189 225 304 247; x_wconf 81' lang='lat' dir='ltr'><strong>servans</strong></span> <span class='ocrx_word' id='word_1_21' title='bbox 317 216 450 247; x_wconf 88' lang='lat' dir='ltr'><strong>instituta,</strong></span> <span class='ocrx_word' id='word_1_22' title='bbox 463 214 605 249; x_wconf 81' lang='lat' dir='ltr'><strong>impugnat</strong></span> <span class='ocrx_word' id='word_1_23' title='bbox 617 218 645 240; x_wconf 90' lang='lat' dir='ltr'><strong>et</strong></span> <span class='ocrx_word' id='word_1_24' title='bbox 656 212 794 248; x_wconf 87' lang='lat' dir='ltr'><strong>epulando</strong></span> <span class='ocrx_word' id='word_1_25' title='bbox 806 212 925 239; x_wconf 99' lang='lat' dir='ltr'><strong>absumit</strong></span> <span class='ocrx_word' id='word_1_26' title='bbox 935 219 978 244; x_wconf 88' lang='lat' dir='ltr'><strong>ea,</strong></span> 
     </span>
    </p>
   </div>
   <div class='ocr_carea' id='block_1_7' title="bbox 189 257 978 300">
    <p class='ocr_par' dir='ltr' id='par_1_7' title="bbox 189 257 978 300">
     <span class='ocr_line' id='line_1_7' title="bbox 189 257 978 300; baseline -0.011 -8"><span class='ocrx_word' id='word_1_27' title='bbox 189 271 249 300; x_wconf 68' lang='lat' dir='ltr'><strong>quae</strong></span> <span class='ocrx_word' id='word_1_28' title='bbox 262 261 352 297; x_wconf 81' lang='lat' dir='ltr'><strong>populi</strong></span> <span class='ocrx_word' id='word_1_29' title='bbox 368 260 430 288; x_wconf 85' lang='lat' dir='ltr'><strong>aliis</strong></span> <span class='ocrx_word' id='word_1_30' title='bbox 444 259 551 287; x_wconf 86' lang='lat' dir='ltr'><strong>astricti</strong></span> <span class='ocrx_word' id='word_1_31' title='bbox 567 258 674 293; x_wconf 81' lang='lat' dir='ltr'><strong>legibus</strong></span> <span class='ocrx_word' id='word_1_32' title='bbox 685 258 790 286; x_wconf 79' lang='lat' dir='ltr'><strong>colunt.</strong></span> <span class='ocrx_word' id='word_1_33' title='bbox 816 257 878 285; x_wconf 83' lang='lat' dir='ltr'><strong>Haec</strong></span> <span class='ocrx_word' id='word_1_34' title='bbox 889 262 978 284; x_wconf 86' lang='lat' dir='ltr'><strong>autem</strong></span> 
     </span>
    </p>
   </div>
   <div class='ocr_carea' id='block_1_8' title="bbox 189 301 978 340">
    <p class='ocr_par' dir='ltr' id='par_1_8' title="bbox 189 301 978 340">
     <span class='ocr_line' id='line_1_8' title="bbox 189 301 978 340; baseline -0.011 -3"><span class='ocrx_word' id='word_1_35' title='bbox 189 309 252 337; x_wconf 84' lang='lat' dir='ltr'><strong>vide</strong></span> <span class='ocrx_word' id='word_1_36' title='bbox 262 315 353 336; x_wconf 88' lang='lat' dir='ltr'><strong>annon</strong></span> <span class='ocrx_word' id='word_1_37' title='bbox 373 306 458 334; x_wconf 83' lang='lat' dir='ltr'><strong>multa</strong></span> <span class='ocrx_word' id='word_1_38' title='bbox 481 305 598 340; x_wconf 85' lang='lat' dir='ltr'><strong>dejusto</strong></span> <span class='ocrx_word' id='word_1_39' title='bbox 614 309 710 332; x_wconf 88' lang='lat' dir='ltr'><strong>sancto</strong></span> <span class='ocrx_word' id='word_1_40' title='bbox 728 308 757 331; x_wconf 92' lang='lat' dir='ltr'><strong>et</strong></span> <span class='ocrx_word' id='word_1_41' title='bbox 780 303 826 338; x_wconf 91' lang='lat' dir='ltr'><strong>pio</strong></span> <span class='ocrx_word' id='word_1_42' title='bbox 838 301 978 338; x_wconf 85' lang='lat' dir='ltr'><strong>perturba-</strong></span> 
     </span>
    </p>
   </div>
   <div class='ocr_carea' id='block_1_9' title="bbox 190 348 978 383">
    <p class='ocr_par' dir='ltr' id='par_1_9' title="bbox 190 348 978 383">
     <span class='ocr_line' id='line_1_9' title="bbox 190 348 978 383; baseline -0.011 -1"><span class='ocrx_word' id='word_1_43' title='bbox 190 354 291 382; x_wconf 92' lang='lat' dir='ltr'><strong>tionem</strong></span> <span class='ocrx_word' id='word_1_44' title='bbox 308 352 451 380; x_wconf 88' lang='lat' dir='ltr'><strong>inducant.</strong></span> <span class='ocrx_word' id='word_1_45' title='bbox 468 350 513 378; x_wconf 90' lang='lat' dir='ltr'><strong>Sic</strong></span> <span class='ocrx_word' id='word_1_46' title='bbox 531 349 604 377; x_wconf 89' lang='lat' dir='ltr'><strong>enim</strong></span> <span class='ocrx_word' id='word_1_47' title='bbox 616 356 670 376; x_wconf 87' lang='lat' dir='ltr'><strong>non</strong></span> <span class='ocrx_word' id='word_1_48' title='bbox 685 348 865 383; x_wconf 81' lang='lat' dir='ltr'><strong>distinguitur</strong></span> <span class='ocrx_word' id='word_1_49' title='bbox 879 348 978 382; x_wconf 84' lang='lat' dir='ltr'><strong>pietas,</strong></span> 
     </span>
    </p>
   </div>
   <div class='ocr_carea' id='block_1_10' title="bbox 190 392 979 433">
    <p class='ocr_par' dir='ltr' id='par_1_10' title="bbox 190 392 979 433">
     <span class='ocr_line' id='line_1_10' title="bbox 190 392 979 433; baseline -0.009 -7"><span class='ocrx_word' id='word_1_50' title='bbox 190 405 244 426; x_wconf 88' lang='lat' dir='ltr'><strong>non</strong></span> <span class='ocrx_word' id='word_1_51' title='bbox 263 397 401 433; x_wconf 79' lang='lat' dir='ltr'><strong>propriam</strong></span> <span class='ocrx_word' id='word_1_52' title='bbox 414 400 540 423; x_wconf 90' lang='lat' dir='ltr'><strong>naturam</strong></span> <span class='ocrx_word' id='word_1_53' title='bbox 561 395 655 428; x_wconf 89' lang='lat' dir='ltr'><strong>habet,</strong></span> <span class='ocrx_word' id='word_1_54' title='bbox 679 401 730 422; x_wconf 89' lang='lat' dir='ltr'><strong>nec</strong></span> <span class='ocrx_word' id='word_1_55' title='bbox 744 393 892 429; x_wconf 87' lang='lat' dir='ltr'><strong>quidquam</strong></span> <span class='ocrx_word' id='word_1_56' title='bbox 906 392 979 420; x_wconf 91' lang='lat' dir='ltr'><strong>aliud</strong></span> 
     </span>
    </p>
   </div>
   <div class='ocr_carea' id='block_1_11' title="bbox 189 440 980 481">
    <p class='ocr_par' dir='ltr' id='par_1_11' title="bbox 189 440 980 481">
     <span class='ocr_line' id='line_1_11' title="bbox 189 440 980 481; baseline -0.009 -9"><span class='ocrx_word' id='word_1_57' title='bbox 189 451 244 481; x_wconf 85' lang='lat' dir='ltr'><strong>quo</strong></span> <span class='ocrx_word' id='word_1_58' title='bbox 257 444 317 479; x_wconf 90' lang='lat' dir='ltr'><strong>pios</strong></span> <span class='ocrx_word' id='word_1_59' title='bbox 333 443 394 470; x_wconf 88' lang='lat' dir='ltr'><strong>illos</strong></span> <span class='ocrx_word' id='word_1_60' title='bbox 410 442 534 477; x_wconf 76' lang='lat' dir='ltr'><strong>judicare</strong></span> <span class='ocrx_word' id='word_1_61' title='bbox 550 441 650 476; x_wconf 84' lang='lat' dir='ltr'><strong>possis,</strong></span> <span class='ocrx_word' id='word_1_62' title='bbox 663 440 709 475; x_wconf 89' lang='lat' dir='ltr'><strong>qui</strong></span> <span class='ocrx_word' id='word_1_63' title='bbox 724 440 851 474; x_wconf 81' lang='lat' dir='ltr'><strong>pietatem</strong></span> <span class='ocrx_word' id='word_1_64' title='bbox 871 442 980 466; x_wconf 83' lang='lat' dir='ltr'><strong>sectan-</strong></span> 
     </span>
    </p>
   </div>
   <div class='ocr_carea' id='block_1_12' title="bbox 189 484 979 523">
    <p class='ocr_par' dir='ltr' id='par_1_12' title="bbox 189 484 979 523">
     <span class='ocr_line' id='line_1_12' title="bbox 189 484 979 523; baseline -0.009 -5"><span class='ocrx_word' id='word_1_65' title='bbox 189 495 243 518; x_wconf 87' lang='lat' dir='ltr'><strong>tur.</strong></span> <span class='ocrx_word' id='word_1_66' title='bbox 262 490 356 523; x_wconf 83' lang='lat' dir='ltr'><strong>Itaque</strong></span> <span class='ocrx_word' id='word_1_67' title='bbox 371 488 394 516; x_wconf 88' lang='lat' dir='ltr'><strong>si</strong></span> <span class='ocrx_word' id='word_1_68' title='bbox 408 487 510 522; x_wconf 85' lang='lat' dir='ltr'><strong>pietas,</strong></span> <span class='ocrx_word' id='word_1_69' title='bbox 524 486 546 513; x_wconf 92' lang='lat' dir='ltr'><strong>si</strong></span> <span class='ocrx_word' id='word_1_70' title='bbox 563 486 697 514; x_wconf 83' lang='lat' dir='ltr'><strong>sanctitas</strong></span> <span class='ocrx_word' id='word_1_71' title='bbox 711 484 857 518; x_wconf 84' lang='lat' dir='ltr'><strong>etjustitia</strong></span> <span class='ocrx_word' id='word_1_72' title='bbox 872 488 979 512; x_wconf 79' lang='lat' dir='ltr'><strong>suntex</strong></span> 
     </span>
    </p>
   </div>
   <div class='ocr_carea' id='block_1_13' title="bbox 188 528 979 566">
    <p class='ocr_par' dir='ltr' id='par_1_13' title="bbox 188 528 979 566">
     <span class='ocr_line' id='line_1_13' title="bbox 188 528 979 566; baseline -0.01 -3"><span class='ocrx_word' id='word_1_73' title='bbox 188 543 283 564; x_wconf 89' lang='lat' dir='ltr'><strong>earum</strong></span> <span class='ocrx_word' id='word_1_74' title='bbox 298 540 390 562; x_wconf 87' lang='lat' dir='ltr'><strong>rerum</strong></span> <span class='ocrx_word' id='word_1_75' title='bbox 403 537 599 566; x_wconf 68' lang='lat' dir='ltr'><strong>numero,quae</strong></span> <span class='ocrx_word' id='word_1_76' title='bbox 610 530 678 559; x_wconf 82' lang='lat' dir='ltr'><strong>tales</strong></span> <span class='ocrx_word' id='word_1_77' title='bbox 690 538 745 558; x_wconf 91' lang='lat' dir='ltr'><strong>non</strong></span> <span class='ocrx_word' id='word_1_78' title='bbox 761 534 824 558; x_wconf 85' lang='lat' dir='ltr'><strong>sunt</strong></span> <span class='ocrx_word' id='word_1_79' title='bbox 838 528 888 556; x_wconf 87' lang='lat' dir='ltr'><strong>nisi</strong></span> <span class='ocrx_word' id='word_1_80' title='bbox 904 535 979 556; x_wconf 76' lang='lat' dir='ltr'><strong>com-</strong></span> 
     </span>
    </p>
   </div>
   <div class='ocr_carea' id='block_1_14' title="bbox 191 575 982 616">
    <p class='ocr_par' dir='ltr' id='par_1_14' title="bbox 191 575 982 616">
     <span class='ocr_line' id='line_1_14' title="bbox 191 575 982 616; baseline -0.006 -8"><span class='ocrx_word' id='word_1_81' title='bbox 191 587 301 616; x_wconf 80' lang='lat' dir='ltr'><strong>parate;</strong></span> <span class='ocrx_word' id='word_1_82' title='bbox 313 586 343 611; x_wconf 83' lang='lat' dir='ltr'><strong>ut</strong></span> <span class='ocrx_word' id='word_1_83' title='bbox 354 587 398 607; x_wconf 91' lang='lat' dir='ltr'><strong>res</strong></span> <span class='ocrx_word' id='word_1_84' title='bbox 410 579 455 614; x_wconf 83' lang='lat' dir='ltr'><strong>pia</strong></span> <span class='ocrx_word' id='word_1_85' title='bbox 470 579 561 606; x_wconf 86' lang='lat' dir='ltr'><strong>sitaut</strong></span> <span class='ocrx_word' id='word_1_86' title='bbox 578 577 671 612; x_wconf 83' lang='lat' dir='ltr'><strong>impia,</strong></span> <span class='ocrx_word' id='word_1_87' title='bbox 688 581 768 612; x_wconf 84' lang='lat' dir='ltr'><strong>prout</strong></span> <span class='ocrx_word' id='word_1_88' title='bbox 786 584 849 604; x_wconf 91' lang='lat' dir='ltr'><strong>cum</strong></span> <span class='ocrx_word' id='word_1_89' title='bbox 866 575 982 603; x_wconf 84' lang='lat' dir='ltr'><strong>diversis</strong></span> 
     </span>
    </p>
   </div>
   <div class='ocr_carea' id='block_1_15' title="bbox 191 621 981 662">
    <p class='ocr_par' dir='ltr' id='par_1_15' title="bbox 191 621 981 662">
     <span class='ocr_line' id='line_1_15' title="bbox 191 621 981 662; baseline -0.008 -8"><span class='ocrx_word' id='word_1_90' title='bbox 191 626 303 662; x_wconf 80' lang='lat' dir='ltr'><strong>legibus</strong></span> <span class='ocrx_word' id='word_1_91' title='bbox 317 629 509 659; x_wconf 87' lang='lat' dir='ltr'><strong>comparatur;</strong></span> <span class='ocrx_word' id='word_1_92' title='bbox 533 623 622 658; x_wconf 76' lang='lat' dir='ltr'><strong>cogita</strong></span> <span class='ocrx_word' id='word_1_93' title='bbox 638 630 728 650; x_wconf 89' lang='lat' dir='ltr'><strong>annon</strong></span> <span class='ocrx_word' id='word_1_94' title='bbox 744 621 814 649; x_wconf 87' lang='lat' dir='ltr'><strong>idem</strong></span> <span class='ocrx_word' id='word_1_95' title='bbox 831 621 865 649; x_wconf 90' lang='lat' dir='ltr'><strong>dc</strong></span> <span class='ocrx_word' id='word_1_96' title='bbox 877 626 981 656; x_wconf 88' lang='lat' dir='ltr'><strong>tempe-</strong></span> 
     </span>
    </p>
   </div>
   <div class='ocr_carea' id='block_1_16' title="bbox 192 667 982 704">
    <p class='ocr_par' dir='ltr' id='par_1_16' title="bbox 192 667 982 704">
     <span class='ocr_line' id='line_1_16' title="bbox 192 667 982 704; baseline -0.008 -5"><span class='ocrx_word' id='word_1_97' title='bbox 192 672 293 704; x_wconf 84' lang='lat' dir='ltr'><strong>rantia,</strong></span> <span class='ocrx_word' id='word_1_98' title='bbox 311 672 345 699; x_wconf 87' lang='lat' dir='ltr'><strong>de</strong></span> <span class='ocrx_word' id='word_1_99' title='bbox 359 670 532 702; x_wconf 78' lang='lat' dir='ltr'><strong>fortitudine,</strong></span> <span class='ocrx_word' id='word_1_100' title='bbox 550 669 583 696; x_wconf 92' lang='lat' dir='ltr'><strong>de</strong></span> <span class='ocrx_word' id='word_1_101' title='bbox 595 667 752 703; x_wconf 83' lang='lat' dir='ltr'><strong>prudentia,</strong></span> <span class='ocrx_word' id='word_1_102' title='bbox 766 667 800 695; x_wconf 86' lang='lat' dir='ltr'><strong>de</strong></span> <span class='ocrx_word' id='word_1_103' title='bbox 821 667 934 694; x_wconf 84' lang='lat' dir='ltr'><strong>scientia</strong></span> <span class='ocrx_word' id='word_1_104' title='bbox 954 669 982 694; x_wconf 89' lang='lat' dir='ltr'><strong>et</strong></span> 
     </span>
    </p>
   </div>
   <div class='ocr_carea' id='block_1_17' title="bbox 193 713 980 748">
    <p class='ocr_par' dir='ltr' id='par_1_17' title="bbox 193 713 980 748">
     <span class='ocr_line' id='line_1_17' title="bbox 193 713 980 748; baseline -0.01 -2"><span class='ocrx_word' id='word_1_105' title='bbox 193 719 227 746; x_wconf 89' lang='lat' dir='ltr'><strong>de</strong></span> <span class='ocrx_word' id='word_1_106' title='bbox 244 717 306 745; x_wconf 88' lang='lat' dir='ltr'><strong>aliis</strong></span> <span class='ocrx_word' id='word_1_107' title='bbox 327 716 476 743; x_wconf 83' lang='lat' dir='ltr'><strong>virtutibus</strong></span> <span class='ocrx_word' id='word_1_108' title='bbox 491 715 584 742; x_wconf 83' lang='lat' dir='ltr'><strong>dicere</strong></span> <span class='ocrx_word' id='word_1_109' title='bbox 608 713 689 742; x_wconf 84' lang='lat' dir='ltr'><strong>liceat</strong></span> <span class='ocrx_word' id='word_1_110' title='bbox 705 721 712 740; x_wconf 91' lang='lat'>:</span> <span class='ocrx_word' id='word_1_111' title='bbox 727 718 781 748; x_wconf 86' lang='lat' dir='ltr'><strong>qua</strong></span> <span class='ocrx_word' id='word_1_112' title='bbox 807 716 899 739; x_wconf 89' lang='lat' dir='ltr'><strong>tamen</strong></span> <span class='ocrx_word' id='word_1_113' title='bbox 916 719 980 739; x_wconf 91' lang='lat' dir='ltr'><strong>sen-</strong></span> 
     </span>
    </p>
   </div>
   <div class='ocr_carea' id='block_1_18' title="bbox 194 758 980 794">
    <p class='ocr_par' dir='ltr' id='par_1_18' title="bbox 194 758 980 794">
     <span class='ocr_line' id='line_1_18' title="bbox 194 758 980 794; baseline -0.009 -3"><span class='ocrx_word' id='word_1_114' title='bbox 194 763 279 791; x_wconf 83' lang='lat' dir='ltr'><strong>tentia</strong></span> <span class='ocrx_word' id='word_1_115' title='bbox 305 762 373 790; x_wconf 84' lang='lat' dir='ltr'><strong>nihil</strong></span> <span class='ocrx_word' id='word_1_116' title='bbox 388 760 545 788; x_wconf 82' lang='lat' dir='ltr'><strong>absurdius.</strong></span> <span class='ocrx_word' id='word_1_117' title='bbox 556 759 646 794; x_wconf 76' lang='lat' dir='ltr'><strong>Atque</strong></span> <span class='ocrx_word' id='word_1_118' title='bbox 657 759 716 786; x_wconf 68' lang='lat' dir='ltr'><strong>haec</strong></span> <span class='ocrx_word' id='word_1_119' title='bbox 729 766 744 785; x_wconf 90' lang='lat' dir='ltr'><strong>a</strong></span> <span class='ocrx_word' id='word_1_120' title='bbox 758 758 838 786; x_wconf 89' lang='lat' dir='ltr'><strong>nobis</strong></span> <span class='ocrx_word' id='word_1_121' title='bbox 850 759 980 785; x_wconf 88' lang='lat' dir='ltr'><strong>hactenus</strong></span> 
     </span>
    </p>
   </div>
   <div class='ocr_carea' id='block_1_19' title="bbox 191 805 979 842">
    <p class='ocr_par' dir='ltr' id='par_1_19' title="bbox 191 805 979 842">
     <span class='ocr_line' id='line_1_19' title="bbox 191 805 979 842; baseline -0.008 -5"><span class='ocrx_word' id='word_1_122' title='bbox 191 809 264 837; x_wconf 86' lang='lat' dir='ltr'><strong>dicta</strong></span> <span class='ocrx_word' id='word_1_123' title='bbox 277 808 401 836; x_wconf 78' lang='lat' dir='ltr'><strong>suiﬂeere</strong></span> <span class='ocrx_word' id='word_1_124' title='bbox 414 811 528 842; x_wconf 86' lang='lat' dir='ltr'><strong>possent</strong></span> <span class='ocrx_word' id='word_1_125' title='bbox 546 806 589 836; x_wconf 89' lang='lat' dir='ltr'><strong>iis,</strong></span> <span class='ocrx_word' id='word_1_126' title='bbox 603 805 702 840; x_wconf 88' lang='lat' dir='ltr'><strong>quibus</strong></span> <span class='ocrx_word' id='word_1_127' title='bbox 717 805 784 832; x_wconf 81' lang='lat' dir='ltr'><strong>satis</strong></span> <span class='ocrx_word' id='word_1_128' title='bbox 798 808 870 832; x_wconf 85' lang='lat' dir='ltr'><strong>esset</strong></span> <span class='ocrx_word' id='word_1_129' title='bbox 883 809 979 831; x_wconf 84' lang='lat' dir='ltr'><strong>contra</strong></span> 
     </span>
    </p>
   </div>
   <div class='ocr_carea' id='block_1_20' title="bbox 192 840 1018 887">
    <p class='ocr_par' dir='ltr' id='par_1_20' title="bbox 192 840 1018 887">
     <span class='ocr_line' id='line_1_20' title="bbox 192 840 1018 887; baseline -0.007 -4"><span class='ocrx_word' id='word_1_130' title='bbox 192 855 300 884; x_wconf 89' lang='lat' dir='ltr'><strong>Celsum</strong></span> <span class='ocrx_word' id='word_1_131' title='bbox 317 840 423 881; x_wconf 24' lang='lat' dir='ltr'><strong>aﬂ&#39;errer</strong></span> <span class='ocrx_word' id='word_1_132' title='bbox 435 853 462 880; x_wconf 89' lang='lat' dir='ltr'><strong>id</strong></span> <span class='ocrx_word' id='word_1_133' title='bbox 477 852 549 887; x_wconf 88' lang='lat' dir='ltr'><strong>quod</strong></span> <span class='ocrx_word' id='word_1_134' title='bbox 561 850 713 886; x_wconf 86' lang='lat' dir='ltr'><strong>simplicius</strong></span> <span class='ocrx_word' id='word_1_135' title='bbox 728 854 768 878; x_wconf 80' lang='lat' dir='ltr'><strong>est</strong></span> <span class='ocrx_word' id='word_1_136' title='bbox 784 855 811 878; x_wconf 91' lang='lat' dir='ltr'><strong>et</strong></span> <span class='ocrx_word' id='word_1_137' title='bbox 822 849 981 885; x_wconf 82' lang='lat' dir='ltr'><strong>vulgarius;</strong></span> <span class='ocrx_word' id='word_1_138' title='bbox 997 840 1018 868; x_wconf 73' lang='grc' dir='ltr'><strong><em>Β</em></strong></span> 
     </span>
    </p>
   </div>
   <div class='ocr_carea' id='block_1_21' title="bbox 191 895 982 936">
    <p class='ocr_par' dir='ltr' id='par_1_21' title="bbox 191 895 982 936">
     <span class='ocr_line' id='line_1_21' title="bbox 191 895 982 936; baseline -0.009 -8"><span class='ocrx_word' id='word_1_139' title='bbox 191 900 321 936; x_wconf 90' lang='lat' dir='ltr'><strong>quoniam</strong></span> <span class='ocrx_word' id='word_1_140' title='bbox 338 906 404 926; x_wconf 90' lang='lat' dir='ltr'><strong>vero</strong></span> <span class='ocrx_word' id='word_1_141' title='bbox 427 903 556 933; x_wconf 87' lang='lat' dir='ltr'><strong>putamus</strong></span> <span class='ocrx_word' id='word_1_142' title='bbox 574 897 626 925; x_wconf 89' lang='lat' dir='ltr'><strong>hoc</strong></span> <span class='ocrx_word' id='word_1_143' title='bbox 648 897 782 932; x_wconf 86' lang='lat' dir='ltr'><strong>scriptum</strong></span> <span class='ocrx_word' id='word_1_144' title='bbox 802 895 828 923; x_wconf 86' lang='lat' dir='ltr'><strong>in</strong></span> <span class='ocrx_word' id='word_1_145' title='bbox 851 902 982 930; x_wconf 84' lang='lat' dir='ltr'><strong>quorum-</strong></span> 
     </span>
    </p>
   </div>
   <div class='ocr_carea' id='block_1_22' title="bbox 192 942 981 979">
    <p class='ocr_par' dir='ltr' id='par_1_22' title="bbox 192 942 981 979">
     <span class='ocr_line' id='line_1_22' title="bbox 192 942 981 979; baseline -0.006 -8"><span class='ocrx_word' id='word_1_146' title='bbox 192 945 265 977; x_wconf 76' lang='lat' dir='ltr'><strong>dam,</strong></span> <span class='ocrx_word' id='word_1_147' title='bbox 281 944 327 979; x_wconf 90' lang='lat' dir='ltr'><strong>qui</strong></span> <span class='ocrx_word' id='word_1_148' title='bbox 340 950 383 971; x_wconf 89' lang='lat' dir='ltr'><strong>res</strong></span> <span class='ocrx_word' id='word_1_149' title='bbox 395 942 476 970; x_wconf 87' lang='lat' dir='ltr'><strong>altius</strong></span> <span class='ocrx_word' id='word_1_150' title='bbox 490 946 658 972; x_wconf 80' lang='lat' dir='ltr'><strong>scrutantur.</strong></span> <span class='ocrx_word' id='word_1_151' title='bbox 674 947 770 968; x_wconf 88' lang='lat' dir='ltr'><strong>manus</strong></span> <span class='ocrx_word' id='word_1_152' title='bbox 786 944 981 975; x_wconf 87' lang='lat' dir='ltr'><strong>perventurum</strong></span> 
     </span>
    </p>
   </div>
   <div class='ocr_carea' id='block_1_23' title="bbox 193 985 984 1024">
    <p class='ocr_par' dir='ltr' id='par_1_23' title="bbox 193 985 984 1024">
     <span class='ocr_line' id='line_1_23' title="bbox 193 985 984 1024; baseline -0.006 -7"><span class='ocrx_word' id='word_1_153' title='bbox 193 996 268 1023; x_wconf 90' lang='lat' dir='ltr'><strong>esse;</strong></span> <span class='ocrx_word' id='word_1_154' title='bbox 284 995 333 1024; x_wconf 78' lang='lat' dir='ltr'><strong>age</strong></span> <span class='ocrx_word' id='word_1_155' title='bbox 343 994 432 1023; x_wconf 87' lang='lat' dir='ltr'><strong>pauca</strong></span> <span class='ocrx_word' id='word_1_156' title='bbox 452 994 485 1014; x_wconf 84' lang='lat' dir='ltr'><strong>ex</strong></span> <span class='ocrx_word' id='word_1_157' title='bbox 502 986 734 1014; x_wconf 89' lang='lat' dir='ltr'><strong>recouditioribus</strong></span> <span class='ocrx_word' id='word_1_158' title='bbox 749 985 873 1020; x_wconf 79' lang='lat' dir='ltr'><strong>proferre</strong></span> <span class='ocrx_word' id='word_1_159' title='bbox 895 988 984 1012; x_wconf 83' lang='lat' dir='ltr'><strong>tente-</strong></span> 
     </span>
    </p>
   </div>
   <div class='ocr_carea' id='block_1_24' title="bbox 193 1031 984 1064">
    <p class='ocr_par' dir='ltr' id='par_1_24' title="bbox 193 1031 984 1064">
     <span class='ocr_line' id='line_1_24' title="bbox 193 1031 984 1064; baseline -0.005 -2"><span class='ocrx_word' id='word_1_160' title='bbox 193 1041 263 1062; x_wconf 88' lang='lat' dir='ltr'><strong>mus.</strong></span> <span class='ocrx_word' id='word_1_161' title='bbox 275 1034 330 1062; x_wconf 83' lang='lat' dir='ltr'><strong>Res</strong></span> <span class='ocrx_word' id='word_1_162' title='bbox 341 1037 385 1061; x_wconf 85' lang='lat' dir='ltr'><strong>est</strong></span> <span class='ocrx_word' id='word_1_163' title='bbox 397 1034 525 1060; x_wconf 86' lang='lat' dir='ltr'><strong>abstrusa</strong></span> <span class='ocrx_word' id='word_1_164' title='bbox 538 1036 567 1059; x_wconf 87' lang='lat' dir='ltr'><strong>et</strong></span> <span class='ocrx_word' id='word_1_165' title='bbox 589 1036 714 1060; x_wconf 85' lang='lat' dir='ltr'><strong>scrutatu</strong></span> <span class='ocrx_word' id='word_1_166' title='bbox 734 1031 864 1059; x_wconf 80' lang='lat' dir='ltr'><strong>ditlicilis.</strong></span> <span class='ocrx_word' id='word_1_167' title='bbox 885 1031 984 1064; x_wconf 77' lang='lat' dir='ltr'><strong>Agitur</strong></span> 
     </span>
    </p>
   </div>
   <div class='ocr_carea' id='block_1_25' title="bbox 192 1076 983 1113">
    <p class='ocr_par' dir='ltr' id='par_1_25' title="bbox 192 1076 983 1113">
     <span class='ocr_line' id='line_1_25' title="bbox 192 1076 983 1113; baseline -0.005 -5"><span class='ocrx_word' id='word_1_168' title='bbox 192 1081 265 1108; x_wconf 89' lang='lat' dir='ltr'><strong>enim</strong></span> <span class='ocrx_word' id='word_1_169' title='bbox 281 1080 315 1108; x_wconf 92' lang='lat' dir='ltr'><strong>de</strong></span> <span class='ocrx_word' id='word_1_170' title='bbox 329 1079 538 1111; x_wconf 77' lang='lat' dir='ltr'><strong>distributimie,</strong></span> <span class='ocrx_word' id='word_1_171' title='bbox 564 1085 617 1113; x_wconf 89' lang='lat' dir='ltr'><strong>qua</strong></span> <span class='ocrx_word' id='word_1_172' title='bbox 639 1082 719 1105; x_wconf 65' lang='lat' dir='ltr'><strong>terrae</strong></span> <span class='ocrx_word' id='word_1_173' title='bbox 741 1082 834 1112; x_wconf 87' lang='lat' dir='ltr'><strong>partes</strong></span> <span class='ocrx_word' id='word_1_174' title='bbox 850 1077 884 1104; x_wconf 84' lang='lat' dir='ltr'><strong>ab</strong></span> <span class='ocrx_word' id='word_1_175' title='bbox 905 1076 983 1104; x_wconf 85' lang='lat' dir='ltr'><strong>initio</strong></span> 
     </span>
    </p>
   </div>
   <div class='ocr_carea' id='block_1_26' title="bbox 194 1122 982 1160">
    <p class='ocr_par' dir='ltr' id='par_1_26' title="bbox 194 1122 982 1160">
     <span class='ocr_line' id='line_1_26' title="bbox 194 1122 982 1160; baseline -0.008 -6"><span class='ocrx_word' id='word_1_176' title='bbox 194 1127 254 1154; x_wconf 73' lang='lat' dir='ltr'><strong>alia:</strong></span> <span class='ocrx_word' id='word_1_177' title='bbox 267 1125 327 1154; x_wconf 90' lang='lat' dir='ltr'><strong>aliis</strong></span> <span class='ocrx_word' id='word_1_178' title='bbox 343 1125 542 1160; x_wconf 85' lang='lat' dir='ltr'><strong>inspectoribus</strong></span> <span class='ocrx_word' id='word_1_179' title='bbox 554 1124 666 1152; x_wconf 75' lang='lat' dir='ltr'><strong>credita:</strong></span> <span class='ocrx_word' id='word_1_180' title='bbox 676 1127 750 1151; x_wconf 88' lang='lat' dir='ltr'><strong>sunt.</strong></span> <span class='ocrx_word' id='word_1_181' title='bbox 766 1122 819 1150; x_wconf 87' lang='lat' dir='ltr'><strong>Sed</strong></span> <span class='ocrx_word' id='word_1_182' title='bbox 833 1122 982 1157; x_wconf 61' lang='lat' dir='ltr'><strong>praesertim</strong></span> 
     </span>
    </p>
   </div>
   <div class='ocr_carea' id='block_1_27' title="bbox 194 1168 983 1205">
    <p class='ocr_par' dir='ltr' id='par_1_27' title="bbox 194 1168 983 1205">
     <span class='ocr_line' id='line_1_27' title="bbox 194 1168 983 1205; baseline -0.008 -6"><span class='ocrx_word' id='word_1_183' title='bbox 194 1173 430 1203; x_wconf 81' lang='lat' dir='ltr'><strong>demonstremus,</strong></span> <span class='ocrx_word' id='word_1_184' title='bbox 458 1171 548 1205; x_wconf 82' lang='lat' dir='ltr'><strong>quoad</strong></span> <span class='ocrx_word' id='word_1_185' title='bbox 569 1169 630 1204; x_wconf 81' lang='lat' dir='ltr'><strong>ejus</strong></span> <span class='ocrx_word' id='word_1_186' title='bbox 650 1169 707 1196; x_wconf 85' lang='lat' dir='ltr'><strong>lieri</strong></span> <span class='ocrx_word' id='word_1_187' title='bbox 727 1168 840 1203; x_wconf 85' lang='lat' dir='ltr'><strong>poterit,</strong></span> <span class='ocrx_word' id='word_1_188' title='bbox 862 1172 983 1194; x_wconf 81' lang='lat' dir='ltr'><strong>nostram</strong></span> 
     </span>
    </p>
   </div>
   <div class='ocr_carea' id='block_1_28' title="bbox 194 1215 983 1249">
    <p class='ocr_par' dir='ltr' id='par_1_28' title="bbox 194 1215 983 1249">
     <span class='ocr_line' id='line_1_28' title="bbox 194 1215 983 1249; baseline -0.006 -4"><span class='ocrx_word' id='word_1_189' title='bbox 194 1217 347 1245; x_wconf 84' lang='lat' dir='ltr'><strong>doctrinam</strong></span> <span class='ocrx_word' id='word_1_190' title='bbox 364 1216 397 1244; x_wconf 89' lang='lat' dir='ltr'><strong>iis</strong></span> <span class='ocrx_word' id='word_1_191' title='bbox 420 1216 568 1243; x_wconf 86' lang='lat' dir='ltr'><strong>immunem</strong></span> <span class='ocrx_word' id='word_1_192' title='bbox 588 1223 649 1243; x_wconf 86' lang='lat' dir='ltr'><strong>esse</strong></span> <span class='ocrx_word' id='word_1_193' title='bbox 673 1215 809 1247; x_wconf 86' lang='lat' dir='ltr'><strong>absurdis,</strong></span> <span class='ocrx_word' id='word_1_194' title='bbox 829 1220 890 1249; x_wconf 65' lang='lat' dir='ltr'><strong>quae</strong></span> <span class='ocrx_word' id='word_1_195' title='bbox 901 1220 983 1248; x_wconf 82' lang='lat' dir='ltr'><strong>supra</strong></span> 
     </span>
    </p>
   </div>
   <div class='ocr_carea' id='block_1_29' title="bbox 195 1266 436 1291">
    <p class='ocr_par' dir='ltr' id='par_1_29' title="bbox 195 1266 436 1291">
     <span class='ocr_line' id='line_1_29' title="bbox 195 1266 436 1291; baseline -0.008 -1"><span class='ocrx_word' id='word_1_196' title='bbox 195 1266 344 1291; x_wconf 81' lang='lat' dir='ltr'><strong>memorata</strong></span> <span class='ocrx_word' id='word_1_197' title='bbox 360 1266 436 1290; x_wconf 88' lang='lat' dir='ltr'><strong>sunt.</strong></span> 
     </span>
    </p>
   </div>
   <div class='ocr_carea' id='block_1_30' title="bbox 228 1305 984 1342">
    <p class='ocr_par' dir='ltr' id='par_1_30' title="bbox 228 1305 984 1342">
     <span class='ocr_line' id='line_1_30' title="bbox 228 1305 984 1342; baseline -0.007 -6"><span class='ocrx_word' id='word_1_198' title='bbox 228 1308 274 1336; x_wconf 77' lang='lat'><strong>29.</strong></span> <span class='ocrx_word' id='word_1_199' title='bbox 294 1308 334 1336; x_wconf 86' lang='lat' dir='ltr'><strong>Ac</strong></span> <span class='ocrx_word' id='word_1_200' title='bbox 347 1307 413 1335; x_wconf 91' lang='lat' dir='ltr'><strong>mihi</strong></span> <span class='ocrx_word' id='word_1_201' title='bbox 430 1307 539 1342; x_wconf 85' lang='lat' dir='ltr'><strong>quidem</strong></span> <span class='ocrx_word' id='word_1_202' title='bbox 559 1305 668 1334; x_wconf 79' lang='lat' dir='ltr'><strong>videtur</strong></span> <span class='ocrx_word' id='word_1_203' title='bbox 678 1305 775 1333; x_wconf 88' lang='lat' dir='ltr'><strong>Celsus</strong></span> <span class='ocrx_word' id='word_1_204' title='bbox 794 1313 848 1332; x_wconf 89' lang='lat' dir='ltr'><strong>non</strong></span> <span class='ocrx_word' id='word_1_205' title='bbox 872 1308 946 1332; x_wconf 86' lang='lat' dir='ltr'><strong>recte</strong></span> <span class='ocrx_word' id='word_1_206' title='bbox 968 1311 984 1331; x_wconf 89' lang='lat' dir='ltr'><strong>a</strong></span> 
     </span>
    </p>
   </div>
   <div class='ocr_carea' id='block_1_31' title="bbox 195 1351 984 1391">
    <p class='ocr_par' dir='ltr' id='par_1_31' title="bbox 195 1351 984 1391">
     <span class='ocr_line' id='line_1_31' title="bbox 195 1351 984 1391; baseline -0.005 -10"><span class='ocrx_word' id='word_1_207' title='bbox 195 1354 356 1391; x_wconf 84' lang='lat' dir='ltr'><strong>quibusdam</strong></span> <span class='ocrx_word' id='word_1_208' title='bbox 369 1354 508 1389; x_wconf 87' lang='lat' dir='ltr'><strong>accepisse</strong></span> <span class='ocrx_word' id='word_1_209' title='bbox 515 1353 678 1381; x_wconf 84' lang='lat' dir='ltr'><strong>occultiores</strong></span> <span class='ocrx_word' id='word_1_210' title='bbox 688 1352 803 1387; x_wconf 82' lang='lat' dir='ltr'><strong>hujusce</strong></span> <span class='ocrx_word' id='word_1_211' title='bbox 812 1351 984 1378; x_wconf 74' lang='lat' dir='ltr'><strong>distributio-</strong></span> 
     </span>
    </p>
   </div>
   <div class='ocr_carea' id='block_1_32' title="bbox 194 1394 985 1434">
    <p class='ocr_par' dir='ltr' id='par_1_32' title="bbox 194 1394 985 1434">
     <span class='ocr_line' id='line_1_32' title="bbox 194 1394 985 1434; baseline -0.006 -5"><span class='ocrx_word' id='word_1_212' title='bbox 194 1402 238 1429; x_wconf 89' lang='lat' dir='ltr'><strong>nis</strong></span> <span class='ocrx_word' id='word_1_213' title='bbox 254 1394 386 1432; x_wconf 72' lang='lat' dir='ltr'><strong>rationes,</strong></span> <span class='ocrx_word' id='word_1_214' title='bbox 402 1406 472 1434; x_wconf 86' lang='lat' dir='ltr'><strong>quas</strong></span> <span class='ocrx_word' id='word_1_215' title='bbox 491 1403 581 1426; x_wconf 84' lang='lat' dir='ltr'><strong>tamen</strong></span> <span class='ocrx_word' id='word_1_216' title='bbox 595 1398 688 1433; x_wconf 85' lang='lat' dir='ltr'><strong>aliquo</strong></span> <span class='ocrx_word' id='word_1_217' title='bbox 708 1398 787 1425; x_wconf 89' lang='lat' dir='ltr'><strong>modo</strong></span> <span class='ocrx_word' id='word_1_218' title='bbox 807 1398 898 1432; x_wconf 76' lang='lat' dir='ltr'><strong>attigit</strong></span> <span class='ocrx_word' id='word_1_219' title='bbox 910 1396 985 1425; x_wconf 67' lang='grc' dir='ltr'>ϐιω-</span> 
     </span>
    </p>
   </div>
   <div class='ocr_carea' id='block_1_33' title="bbox 195 1442 985 1479">
    <p class='ocr_par' dir='ltr' id='par_1_33' title="bbox 195 1442 985 1479">
     <span class='ocr_line' id='line_1_33' title="bbox 195 1442 985 1479; baseline -0.006 -5"><span class='ocrx_word' id='word_1_220' title='bbox 195 1447 288 1474; x_wconf 88' lang='lat' dir='ltr'><strong>canica</strong></span> <span class='ocrx_word' id='word_1_221' title='bbox 307 1445 432 1474; x_wconf 87' lang='lat' dir='ltr'><strong>historia.</strong></span> <span class='ocrx_word' id='word_1_222' title='bbox 445 1445 473 1472; x_wconf 95' lang='lat' dir='ltr'><strong>In</strong></span> <span class='ocrx_word' id='word_1_223' title='bbox 487 1452 519 1472; x_wconf 88' lang='lat' dir='ltr'><strong>ea</strong></span> <span class='ocrx_word' id='word_1_224' title='bbox 530 1445 602 1471; x_wconf 89' lang='lat' dir='ltr'><strong>enim</strong></span> <span class='ocrx_word' id='word_1_225' title='bbox 617 1445 646 1475; x_wconf 91' lang='lat' dir='ltr'><strong>ii,</strong></span> <span class='ocrx_word' id='word_1_226' title='bbox 657 1444 703 1479; x_wconf 88' lang='lat' dir='ltr'><strong>qui</strong></span> <span class='ocrx_word' id='word_1_227' title='bbox 715 1451 765 1478; x_wconf 95' lang='lat' dir='ltr'><strong>pro</strong></span> <span class='ocrx_word' id='word_1_228' title='bbox 777 1443 830 1470; x_wconf 88' lang='lat' dir='ltr'><strong>diis</strong></span> <span class='ocrx_word' id='word_1_229' title='bbox 845 1442 985 1470; x_wconf 85' lang='lat' dir='ltr'><strong>habeban-</strong></span> 
     </span>
    </p>
   </div>
   <div class='ocr_carea' id='block_1_34' title="bbox 196 1488 983 1524">
    <p class='ocr_par' dir='ltr' id='par_1_34' title="bbox 196 1488 983 1524">
     <span class='ocr_line' id='line_1_34' title="bbox 196 1488 983 1524; baseline -0.006 -5"><span class='ocrx_word' id='word_1_230' title='bbox 196 1498 252 1524; x_wconf 86' lang='lat' dir='ltr'><strong>tur,</strong></span> <span class='ocrx_word' id='word_1_231' title='bbox 268 1499 361 1519; x_wconf 88' lang='lat' dir='ltr'><strong>secum</strong></span> <span class='ocrx_word' id='word_1_232' title='bbox 378 1491 493 1518; x_wconf 86' lang='lat' dir='ltr'><strong>invicem</strong></span> <span class='ocrx_word' id='word_1_233' title='bbox 505 1495 680 1518; x_wconf 85' lang='lat' dir='ltr'><strong>concertasse</strong></span> <span class='ocrx_word' id='word_1_234' title='bbox 694 1489 823 1524; x_wconf 77' lang='lat' dir='ltr'><strong>leguntur</strong></span> <span class='ocrx_word' id='word_1_235' title='bbox 834 1489 867 1515; x_wconf 86' lang='lat' dir='ltr'><strong>de</strong></span> <span class='ocrx_word' id='word_1_236' title='bbox 883 1488 983 1520; x_wconf 80' lang='lat' dir='ltr'><strong>Attica,</strong></span> 
     </span>
    </p>
   </div>
   <div class='ocr_carea' id='block_1_35' title="bbox 195 1533 981 1572">
    <p class='ocr_par' dir='ltr' id='par_1_35' title="bbox 195 1533 981 1572">
     <span class='ocr_line' id='line_1_35' title="bbox 195 1533 981 1572; baseline -0.006 -7"><span class='ocrx_word' id='word_1_237' title='bbox 195 1543 223 1565; x_wconf 92' lang='lat' dir='ltr'><strong>et</strong></span> <span class='ocrx_word' id='word_1_238' title='bbox 233 1537 304 1572; x_wconf 82' lang='lat' dir='ltr'><strong>apud</strong></span> <span class='ocrx_word' id='word_1_239' title='bbox 321 1541 415 1571; x_wconf 82' lang='lat' dir='ltr'><strong>poetas</strong></span> <span class='ocrx_word' id='word_1_240' title='bbox 425 1536 534 1571; x_wconf 86' lang='lat' dir='ltr'><strong>quidam</strong></span> <span class='ocrx_word' id='word_1_241' title='bbox 549 1543 583 1563; x_wconf 80' lang='lat' dir='ltr'><strong>ex</strong></span> <span class='ocrx_word' id='word_1_242' title='bbox 598 1535 651 1563; x_wconf 85' lang='lat' dir='ltr'><strong>illis</strong></span> <span class='ocrx_word' id='word_1_243' title='bbox 665 1535 717 1562; x_wconf 89' lang='lat' dir='ltr'><strong>diis</strong></span> <span class='ocrx_word' id='word_1_244' title='bbox 728 1534 850 1570; x_wconf 57' lang='lat' dir='ltr'><strong>quaedam</strong></span> <span class='ocrx_word' id='word_1_245' title='bbox 861 1534 918 1561; x_wconf 84' lang='lat' dir='ltr'><strong>loca</strong></span> <span class='ocrx_word' id='word_1_246' title='bbox 930 1533 981 1561; x_wconf 87' lang='lat' dir='ltr'><strong>sibi</strong></span> 
     </span>
    </p>
   </div>
   <div class='ocr_carea' id='block_1_36' title="bbox 195 1581 983 1618">
    <p class='ocr_par' dir='ltr' id='par_1_36' title="bbox 195 1581 983 1618">
     <span class='ocr_line' id='line_1_36' title="bbox 195 1581 983 1618; baseline -0.004 -8"><span class='ocrx_word' id='word_1_247' title='bbox 195 1584 282 1618; x_wconf 77' lang='lat' dir='ltr'><strong>magis</strong></span> <span class='ocrx_word' id='word_1_248' title='bbox 297 1583 420 1610; x_wconf 88' lang='lat' dir='ltr'><strong>arridere</strong></span> <span class='ocrx_word' id='word_1_249' title='bbox 445 1582 575 1617; x_wconf 88' lang='lat' dir='ltr'><strong>cordique</strong></span> <span class='ocrx_word' id='word_1_250' title='bbox 596 1588 657 1609; x_wconf 84' lang='lat' dir='ltr'><strong>esse</strong></span> <span class='ocrx_word' id='word_1_251' title='bbox 679 1582 859 1608; x_wconf 81' lang='lat' dir='ltr'><strong>conﬁtentur.</strong></span> <span class='ocrx_word' id='word_1_252' title='bbox 880 1581 983 1614; x_wconf 84' lang='lat' dir='ltr'><strong>Quibus</strong></span> 
     </span>
    </p>
   </div>
   <div class='ocr_carea' id='block_1_37' title="bbox 195 1625 983 1664">
    <p class='ocr_par' dir='ltr' id='par_1_37' title="bbox 195 1625 983 1664">
     <span class='ocr_line' id='line_1_37' title="bbox 195 1625 983 1664; baseline -0.003 -8"><span class='ocrx_word' id='word_1_253' title='bbox 195 1629 318 1664; x_wconf 66' lang='lat' dir='ltr'><strong>quaadam</strong></span> <span class='ocrx_word' id='word_1_254' title='bbox 329 1628 428 1655; x_wconf 88' lang='lat' dir='ltr'><strong>similia</strong></span> <span class='ocrx_word' id='word_1_255' title='bbox 443 1628 567 1655; x_wconf 85' lang='lat' dir='ltr'><strong>videntur</strong></span> <span class='ocrx_word' id='word_1_256' title='bbox 581 1627 606 1654; x_wconf 89' lang='lat' dir='ltr'><strong>iu</strong></span> <span class='ocrx_word' id='word_1_257' title='bbox 616 1627 795 1654; x_wconf 88' lang='lat' dir='ltr'><strong>barbarorum</strong></span> <span class='ocrx_word' id='word_1_258' title='bbox 811 1625 983 1660; x_wconf 78' lang='lat' dir='ltr'><strong>maximeque</strong></span> 
     </span>
    </p>
   </div>
   <div class='ocr_carea' id='block_1_38' title="bbox 195 1670 983 1710">
    <p class='ocr_par' dir='ltr' id='par_1_38' title="bbox 195 1670 983 1710">
     <span class='ocr_line' id='line_1_38' title="bbox 195 1670 983 1710; baseline -0.004 -10"><span class='ocrx_word' id='word_1_259' title='bbox 195 1673 384 1710; x_wconf 58' lang='lat' dir='ltr'><strong>(Egyptiorum</strong></span> <span class='ocrx_word' id='word_1_260' title='bbox 400 1674 513 1701; x_wconf 85' lang='lat' dir='ltr'><strong>historia</strong></span> <span class='ocrx_word' id='word_1_261' title='bbox 529 1674 563 1700; x_wconf 88' lang='lat' dir='ltr'><strong>de</strong></span> <span class='ocrx_word' id='word_1_262' title='bbox 575 1672 686 1707; x_wconf 62' lang='lat' dir='ltr'><strong>Egypti</strong></span> <span class='ocrx_word' id='word_1_263' title='bbox 703 1672 729 1699; x_wconf 92' lang='lat' dir='ltr'><strong>in</strong></span> <span class='ocrx_word' id='word_1_264' title='bbox 743 1671 899 1708; x_wconf 83' lang='lat' dir='ltr'><strong>provincias</strong></span> <span class='ocrx_word' id='word_1_265' title='bbox 914 1670 983 1698; x_wconf 92' lang='lat' dir='ltr'><strong>divi-</strong></span> 
     </span>
    </p>
   </div>
   <div class='ocr_carea' id='block_1_39' title="bbox 194 1715 983 1751">
    <p class='ocr_par' dir='ltr' id='par_1_39' title="bbox 194 1715 983 1751">
     <span class='ocr_line' id='line_1_39' title="bbox 194 1715 983 1751; baseline -0.004 -6"><span class='ocrx_word' id='word_1_266' title='bbox 194 1719 282 1746; x_wconf 86' lang='lat' dir='ltr'><strong>sione.</strong></span> <span class='ocrx_word' id='word_1_267' title='bbox 295 1717 350 1745; x_wconf 88' lang='lat' dir='ltr'><strong>lllic</strong></span> <span class='ocrx_word' id='word_1_268' title='bbox 364 1718 436 1745; x_wconf 88' lang='lat' dir='ltr'><strong>enim</strong></span> <span class='ocrx_word' id='word_1_269' title='bbox 461 1717 564 1751; x_wconf 74' lang='lat' dir='ltr'><strong>legitur</strong></span> <span class='ocrx_word' id='word_1_270' title='bbox 581 1717 647 1744; x_wconf 84' lang='lat' dir='ltr'><strong>Sain</strong></span> <span class='ocrx_word' id='word_1_271' title='bbox 667 1717 766 1744; x_wconf 89' lang='lat' dir='ltr'><strong>sortito</strong></span> <span class='ocrx_word' id='word_1_272' title='bbox 785 1716 918 1751; x_wconf 82' lang='lat' dir='ltr'><strong>obtigisse</strong></span> <span class='ocrx_word' id='word_1_273' title='bbox 933 1715 983 1743; x_wconf 83' lang='lat' dir='ltr'><strong>Mi-</strong></span> 
     </span>
    </p>
   </div>
   <div class='ocr_carea' id='block_1_40' title="bbox 196 1761 983 1798">
    <p class='ocr_par' dir='ltr' id='par_1_40' title="bbox 196 1761 983 1798">
     <span class='ocr_line' id='line_1_40' title="bbox 196 1761 983 1798; baseline -0.004 -7"><span class='ocrx_word' id='word_1_274' title='bbox 196 1771 295 1797; x_wconf 77' lang='lat' dir='ltr'><strong>nervae,</strong></span> <span class='ocrx_word' id='word_1_275' title='bbox 317 1770 379 1798; x_wconf 69' lang='lat' dir='ltr'><strong>qua:</strong></span> <span class='ocrx_word' id='word_1_276' title='bbox 393 1763 475 1790; x_wconf 86' lang='lat' dir='ltr'><strong>etiam</strong></span> <span class='ocrx_word' id='word_1_277' title='bbox 490 1763 588 1790; x_wconf 69' lang='lat' dir='ltr'><strong>Atticm</strong></span> <span class='ocrx_word' id='word_1_278' title='bbox 608 1763 775 1798; x_wconf 86' lang='lat' dir='ltr'><strong>provinciam</strong></span> <span class='ocrx_word' id='word_1_279' title='bbox 790 1762 920 1797; x_wconf 84' lang='lat' dir='ltr'><strong>possidet.</strong></span> <span class='ocrx_word' id='word_1_280' title='bbox 950 1761 983 1788; x_wconf 85' lang='lat' dir='ltr'><strong>Et</strong></span> 
     </span>
    </p>
   </div>
   <div class='ocr_carea' id='block_1_41' title="bbox 196 1809 981 1846">
    <p class='ocr_par' dir='ltr' id='par_1_41' title="bbox 196 1809 981 1846">
     <span class='ocr_line' id='line_1_41' title="bbox 196 1809 981 1846; baseline -0.005 -9"><span class='ocrx_word' id='word_1_281' title='bbox 196 1809 386 1846; x_wconf 63' lang='lat' dir='ltr'><strong>Egyptiorum</strong></span> <span class='ocrx_word' id='word_1_282' title='bbox 402 1809 540 1844; x_wconf 85' lang='lat' dir='ltr'><strong>sapientes</strong></span> <span class='ocrx_word' id='word_1_283' title='bbox 553 1809 695 1836; x_wconf 88' lang='lat' dir='ltr'><strong>innumera</strong></span> <span class='ocrx_word' id='word_1_284' title='bbox 711 1809 736 1835; x_wconf 86' lang='lat' dir='ltr'><strong>id</strong></span> <span class='ocrx_word' id='word_1_285' title='bbox 757 1815 842 1843; x_wconf 82' lang='lat' dir='ltr'><strong>genus</strong></span> <span class='ocrx_word' id='word_1_286' title='bbox 859 1811 981 1839; x_wconf 88' lang='lat' dir='ltr'><strong>narrant.</strong></span> 
     </span>
    </p>
   </div>
   <div class='ocr_carea' id='block_1_42' title="bbox 195 1854 981 1888">
    <p class='ocr_par' dir='ltr' id='par_1_42' title="bbox 195 1854 981 1888">
     <span class='ocr_line' id='line_1_42' title="bbox 195 1854 981 1888; baseline -0.004 -5"><span class='ocrx_word' id='word_1_287' title='bbox 195 1863 246 1883; x_wconf 89' lang='lat' dir='ltr'><strong>nec</strong></span> <span class='ocrx_word' id='word_1_288' title='bbox 260 1855 317 1883; x_wconf 88' lang='lat' dir='ltr'><strong>scio</strong></span> <span class='ocrx_word' id='word_1_289' title='bbox 331 1862 422 1882; x_wconf 83' lang='lat' dir='ltr'><strong>annon</strong></span> <span class='ocrx_word' id='word_1_290' title='bbox 439 1855 522 1882; x_wconf 87' lang='lat' dir='ltr'><strong>etiam</strong></span> <span class='ocrx_word' id='word_1_291' title='bbox 539 1854 645 1883; x_wconf 58' lang='lat' dir='ltr'><strong>Iudaeos</strong></span> <span class='ocrx_word' id='word_1_292' title='bbox 668 1861 819 1888; x_wconf 88' lang='lat' dir='ltr'><strong>eorumque</strong></span> <span class='ocrx_word' id='word_1_293' title='bbox 844 1854 981 1888; x_wconf 77' lang='lat' dir='ltr'><strong>regionem</strong></span> 
     </span>
    </p>
   </div>
   <div class='ocr_carea' id='block_1_43' title="bbox 196 1900 983 1935">
    <p class='ocr_par' dir='ltr' id='par_1_43' title="bbox 196 1900 983 1935">
     <span class='ocr_line' id='line_1_43' title="bbox 196 1900 983 1935; baseline 0 -8"><span class='ocrx_word' id='word_1_294' title='bbox 196 1900 223 1928; x_wconf 91' lang='lat' dir='ltr'><strong>in</strong></span> <span class='ocrx_word' id='word_1_295' title='bbox 236 1902 288 1935; x_wconf 83' lang='lat' dir='ltr'><strong>hac</strong></span> <span class='ocrx_word' id='word_1_296' title='bbox 300 1900 434 1928; x_wconf 83' lang='lat' dir='ltr'><strong>divisione</strong></span> <span class='ocrx_word' id='word_1_297' title='bbox 445 1901 688 1935; x_wconf 85' lang='lat' dir='ltr'><strong>comprehendant.</strong></span> <span class='ocrx_word' id='word_1_298' title='bbox 705 1900 804 1928; x_wconf 82' lang='lat' dir='ltr'><strong>Verum</strong></span> <span class='ocrx_word' id='word_1_299' title='bbox 818 1900 904 1927; x_wconf 86' lang='lat' dir='ltr'><strong>dehis</strong></span> <span class='ocrx_word' id='word_1_300' title='bbox 915 1900 983 1928; x_wconf 89' lang='lat' dir='ltr'><strong>satis</strong></span> 
     </span>
    </p>
   </div>
   <div class='ocr_carea' id='block_1_44' title="bbox 196 1946 982 1981">
    <p class='ocr_par' dir='ltr' id='par_1_44' title="bbox 196 1946 982 1981">
     <span class='ocr_line' id='line_1_44' title="bbox 196 1946 982 1981; baseline -0.001 -8"><span class='ocrx_word' id='word_1_301' title='bbox 196 1947 402 1979; x_wconf 84' lang='lat' dir='ltr'><strong>auctoritatum,</strong></span> <span class='ocrx_word' id='word_1_302' title='bbox 430 1953 490 1981; x_wconf 69' lang='lat' dir='ltr'><strong>qua:</strong></span> <span class='ocrx_word' id='word_1_303' title='bbox 505 1946 597 1973; x_wconf 85' lang='lat' dir='ltr'><strong>divina</strong></span> <span class='ocrx_word' id='word_1_304' title='bbox 617 1946 741 1974; x_wconf 88' lang='lat' dir='ltr'><strong>doctrina</strong></span> <span class='ocrx_word' id='word_1_305' title='bbox 767 1953 821 1973; x_wconf 92' lang='lat' dir='ltr'><strong>nou</strong></span> <span class='ocrx_word' id='word_1_306' title='bbox 845 1946 982 1973; x_wconf 91' lang='lat' dir='ltr'><strong>nituntur.</strong></span> 
     </span>
    </p>
   </div>
   <div class='ocr_carea' id='block_1_45' title="bbox 195 1990 983 2026">
    <p class='ocr_par' dir='ltr' id='par_1_45' title="bbox 195 1990 983 2026">
     <span class='ocr_line' id='line_1_45' title="bbox 195 1990 983 2026; baseline -0.001 -7"><span class='ocrx_word' id='word_1_307' title='bbox 195 1990 250 2019; x_wconf 84' lang='lat' dir='ltr'><strong>Nos</strong></span> <span class='ocrx_word' id='word_1_308' title='bbox 267 1999 330 2019; x_wconf 89' lang='lat' dir='ltr'><strong>vero</strong></span> <span class='ocrx_word' id='word_1_309' title='bbox 341 1991 454 2019; x_wconf 85' lang='lat' dir='ltr'><strong>dicimus</strong></span> <span class='ocrx_word' id='word_1_310' title='bbox 468 1991 587 2026; x_wconf 84' lang='lat' dir='ltr'><strong>Moysem</strong></span> <span class='ocrx_word' id='word_1_311' title='bbox 601 1992 759 2026; x_wconf 70' lang='lat' dir='ltr'><strong>propincum</strong></span> <span class='ocrx_word' id='word_1_312' title='bbox 773 1991 819 2018; x_wconf 85' lang='lat' dir='ltr'><strong>Dei</strong></span> <span class='ocrx_word' id='word_1_313' title='bbox 834 1992 983 2018; x_wconf 85' lang='lat' dir='ltr'><strong>sincerum-</strong></span> 
     </span>
    </p>
   </div>
   <div class='ocr_carea' id='block_1_46' title="bbox 197 2036 983 2072">
    <p class='ocr_par' dir='ltr' id='par_1_46' title="bbox 197 2036 983 2072">
     <span class='ocr_line' id='line_1_46' title="bbox 197 2036 983 2072; baseline -0.001 -8"><span class='ocrx_word' id='word_1_314' title='bbox 197 2044 249 2072; x_wconf 89' lang='lat' dir='ltr'><strong>que</strong></span> <span class='ocrx_word' id='word_1_315' title='bbox 265 2037 324 2071; x_wconf 85' lang='lat' dir='ltr'><strong>ejus</strong></span> <span class='ocrx_word' id='word_1_316' title='bbox 338 2037 473 2064; x_wconf 89' lang='lat' dir='ltr'><strong>cultorem</strong></span> <span class='ocrx_word' id='word_1_317' title='bbox 486 2036 569 2072; x_wconf 81' lang='lat'><strong>599</strong></span> <span class='ocrx_word' id='word_1_318' title='bbox 583 2037 616 2064; x_wconf 92' lang='lat' dir='ltr'><strong>de</strong></span> <span class='ocrx_word' id='word_1_319' title='bbox 629 2036 674 2064; x_wconf 89' lang='lat' dir='ltr'><strong>illa</strong></span> <span class='ocrx_word' id='word_1_320' title='bbox 690 2037 808 2072; x_wconf 87' lang='lat' dir='ltr'><strong>partium</strong></span> <span class='ocrx_word' id='word_1_321' title='bbox 823 2040 902 2064; x_wconf 70' lang='lat' dir='ltr'><strong>terra:</strong></span> <span class='ocrx_word' id='word_1_322' title='bbox 911 2036 983 2063; x_wconf 86' lang='lat' dir='ltr'><strong>divi-</strong></span> 
     </span>
    </p>
   </div>
   <div class='ocr_carea' id='block_1_47' title="bbox 195 2081 981 2111">
    <p class='ocr_par' dir='ltr' id='par_1_47' title="bbox 195 2081 981 2111">
     <span class='ocr_line' id='line_1_47' title="bbox 195 2081 981 2111; baseline -0.003 -1"><span class='ocrx_word' id='word_1_323' title='bbox 195 2083 275 2110; x_wconf 85' lang='lat' dir='ltr'><strong>sione</strong></span> <span class='ocrx_word' id='word_1_324' title='bbox 308 2083 430 2110; x_wconf 91' lang='lat' dir='ltr'><strong>Iocutum</strong></span> <span class='ocrx_word' id='word_1_325' title='bbox 457 2090 520 2111; x_wconf 88' lang='lat' dir='ltr'><strong>esse</strong></span> <span class='ocrx_word' id='word_1_326' title='bbox 549 2083 575 2109; x_wconf 89' lang='lat' dir='ltr'><strong>in</strong></span> <span class='ocrx_word' id='word_1_327' title='bbox 609 2081 813 2110; x_wconf 86' lang='lat' dir='ltr'><strong>Deuteronomii</strong></span> <span class='ocrx_word' id='word_1_328' title='bbox 840 2082 948 2109; x_wconf 91' lang='lat' dir='ltr'><strong>cantico</strong></span> <span class='ocrx_word' id='word_1_329' title='bbox 974 2089 981 2108; x_wconf 90' lang='lat'><strong>:</strong></span> 
     </span>
    </p>
   </div>
   <div class='ocr_carea' id='block_1_48' title="bbox 199 2127 983 2163">
    <p class='ocr_par' dir='ltr' id='par_1_48' title="bbox 199 2127 983 2163">
     <span class='ocr_line' id='line_1_48' title="bbox 199 2127 983 2163; baseline -0.003 -8"><span class='ocrx_word' id='word_1_330' title='bbox 199 2137 210 2155; x_wconf 74' lang='grc' dir='ltr'><strong>ε</strong></span> <span class='ocrx_word' id='word_1_331' title='bbox 229 2128 366 2161; x_wconf 86' lang='lat' dir='ltr'><strong>Quando,</strong></span> <span class='ocrx_word' id='word_1_332' title='bbox 392 2128 491 2163; x_wconf 89' lang='lat' dir='ltr'><strong>inquit,</strong></span> <span class='ocrx_word' id='word_1_333' title='bbox 519 2127 657 2156; x_wconf 73' lang='lat' dir='ltr'><strong>dividebat</strong></span> <span class='ocrx_word' id='word_1_334' title='bbox 686 2127 842 2156; x_wconf 80' lang='lat' dir='ltr'><strong>Altissimus</strong></span> <span class='ocrx_word' id='word_1_335' title='bbox 870 2132 983 2162; x_wconf 82' lang='lat' dir='ltr'><strong>gentes,</strong></span> 
     </span>
    </p>
   </div>
   <div class='ocr_carea' id='block_1_49' title="bbox 197 2173 1023 2218">
    <p class='ocr_par' dir='ltr' id='par_1_49' title="bbox 197 2173 1023 2218">
     <span class='ocr_line' id='line_1_49' title="bbox 197 2173 1023 2218; baseline 0.001 -19"><span class='ocrx_word' id='word_1_336' title='bbox 197 2173 307 2218; x_wconf 79' lang='lat' dir='ltr'><strong>quando</strong></span> <span class='ocrx_word' id='word_1_337' title='bbox 319 2173 465 2209; x_wconf 87' lang='lat' dir='ltr'><strong>scparabat</strong></span> <span class='ocrx_word' id='word_1_338' title='bbox 481 2173 549 2201; x_wconf 85' lang='lat' dir='ltr'><strong>ﬁlios</strong></span> <span class='ocrx_word' id='word_1_339' title='bbox 564 2174 660 2206; x_wconf 82' lang='lat' dir='ltr'><strong>Adam,</strong></span> <span class='ocrx_word' id='word_1_340' title='bbox 687 2174 830 2202; x_wconf 88' lang='lat' dir='ltr'><strong>constituit</strong></span> <span class='ocrx_word' id='word_1_341' title='bbox 851 2173 984 2218; x_wconf 79' lang='lat' dir='ltr'><strong>terminos</strong></span> <span class='ocrx_word' id='word_1_342' title='bbox 1000 2188 1023 2218; x_wconf 67' lang='grc' dir='ltr'>υ</span> 
     </span>
    </p>
   </div>
   <div class='ocr_carea' id='block_1_50' title="bbox 197 2217 985 2253">
    <p class='ocr_par' dir='ltr' id='par_1_50' title="bbox 197 2217 985 2253">
     <span class='ocr_line' id='line_1_50' title="bbox 197 2217 985 2253; baseline 0.001 -9"><span class='ocrx_word' id='word_1_343' title='bbox 197 2217 359 2253; x_wconf 88' lang='lat' dir='ltr'><strong>populormn</strong></span> <span class='ocrx_word' id='word_1_344' title='bbox 375 2219 524 2246; x_wconf 83' lang='lat' dir='ltr'><strong>secundum</strong></span> <span class='ocrx_word' id='word_1_345' title='bbox 540 2226 682 2245; x_wconf 84' lang='lat' dir='ltr'><strong>munerum</strong></span> <span class='ocrx_word' id='word_1_346' title='bbox 696 2218 853 2253; x_wconf 77' lang='lat' dir='ltr'><strong>angelorum</strong></span> <span class='ocrx_word' id='word_1_347' title='bbox 873 2217 932 2246; x_wconf 89' lang='lat' dir='ltr'><strong>Dei.</strong></span> <span class='ocrx_word' id='word_1_348' title='bbox 951 2218 985 2245; x_wconf 85' lang='lat' dir='ltr'><strong>Et</strong></span> 
     </span>
    </p>
   </div>
   <div class='ocr_carea' id='block_1_51' title="bbox 198 2263 984 2299">
    <p class='ocr_par' dir='ltr' id='par_1_51' title="bbox 198 2263 984 2299">
     <span class='ocr_line' id='line_1_51' title="bbox 198 2263 984 2299; baseline 0 -9"><span class='ocrx_word' id='word_1_349' title='bbox 198 2264 286 2292; x_wconf 77' lang='lat' dir='ltr'><strong>laetus</strong></span> <span class='ocrx_word' id='word_1_350' title='bbox 298 2268 340 2291; x_wconf 88' lang='lat' dir='ltr'><strong>est</strong></span> <span class='ocrx_word' id='word_1_351' title='bbox 353 2272 416 2299; x_wconf 89' lang='lat' dir='ltr'><strong>pars</strong></span> <span class='ocrx_word' id='word_1_352' title='bbox 429 2264 534 2291; x_wconf 88' lang='lat' dir='ltr'><strong>Domini</strong></span> <span class='ocrx_word' id='word_1_353' title='bbox 551 2264 668 2299; x_wconf 90' lang='lat' dir='ltr'><strong>populus</strong></span> <span class='ocrx_word' id='word_1_354' title='bbox 686 2265 746 2299; x_wconf 87' lang='lat' dir='ltr'><strong>ejus</strong></span> <span class='ocrx_word' id='word_1_355' title='bbox 760 2263 857 2296; x_wconf 81' lang='lat' dir='ltr'><strong>Jacob,</strong></span> <span class='ocrx_word' id='word_1_356' title='bbox 876 2263 984 2291; x_wconf 79' lang='lat' dir='ltr'><strong>funicu-</strong></span> 
     </span>
    </p>
   </div>
   <div class='ocr_carea' id='block_1_52' title="bbox 198 2309 987 2345">
    <p class='ocr_par' dir='ltr' id='par_1_52' title="bbox 198 2309 987 2345">
     <span class='ocr_line' id='line_1_52' title="bbox 198 2309 987 2345; baseline -0.003 -7"><span class='ocrx_word' id='word_1_357' title='bbox 198 2310 240 2338; x_wconf 87' lang='lat' dir='ltr'><strong>lus</strong></span> <span class='ocrx_word' id='word_1_358' title='bbox 257 2310 424 2338; x_wconf 71' lang='lat' dir='ltr'><strong>haareditatis</strong></span> <span class='ocrx_word' id='word_1_359' title='bbox 447 2310 504 2345; x_wconf 84' lang='lat' dir='ltr'><strong>ejus</strong></span> <span class='ocrx_word' id='word_1_360' title='bbox 522 2310 606 2338; x_wconf 89' lang='lat' dir='ltr'><strong>Israel</strong></span> <span class='ocrx_word' id='word_1_361' title='bbox 621 2310 654 2338; x_wconf 81' lang='grc'><strong>⁸³.</strong></span> <span class='ocrx_word' id='word_1_362' title='bbox 673 2319 682 2336; x_wconf 74' lang='grc' dir='ltr'><strong>ι</strong></span> <span class='ocrx_word' id='word_1_363' title='bbox 701 2309 739 2336; x_wconf 89' lang='lat' dir='ltr'><strong>De</strong></span> <span class='ocrx_word' id='word_1_364' title='bbox 753 2309 848 2336; x_wconf 86' lang='lat' dir='ltr'><strong>eadem</strong></span> <span class='ocrx_word' id='word_1_365' title='bbox 865 2309 907 2335; x_wconf 85' lang='lat' dir='ltr'><strong>illa</strong></span> <span class='ocrx_word' id='word_1_366' title='bbox 921 2317 987 2344; x_wconf 70' lang='lat' dir='ltr'><strong>gen-</strong></span> 
     </span>
    </p>
   </div>
   <div class='ocr_carea' id='block_1_53' title="bbox 199 2355 987 2391">
    <p class='ocr_par' dir='ltr' id='par_1_53' title="bbox 199 2355 987 2391">
     <span class='ocr_line' id='line_1_53' title="bbox 199 2355 987 2391; baseline -0.003 -7"><span class='ocrx_word' id='word_1_367' title='bbox 199 2357 264 2384; x_wconf 89' lang='lat' dir='ltr'><strong>tium</strong></span> <span class='ocrx_word' id='word_1_368' title='bbox 279 2357 470 2384; x_wconf 88' lang='lat' dir='ltr'><strong>distributione</strong></span> <span class='ocrx_word' id='word_1_369' title='bbox 485 2356 605 2391; x_wconf 83' lang='lat' dir='ltr'><strong>Moyses,</strong></span> <span class='ocrx_word' id='word_1_370' title='bbox 620 2356 646 2382; x_wconf 90' lang='lat' dir='ltr'><strong>in</strong></span> <span class='ocrx_word' id='word_1_371' title='bbox 662 2355 732 2382; x_wconf 76' lang='lat' dir='ltr'><strong>libro</strong></span> <span class='ocrx_word' id='word_1_372' title='bbox 758 2355 804 2390; x_wconf 89' lang='lat' dir='ltr'><strong>qui</strong></span> <span class='ocrx_word' id='word_1_373' title='bbox 828 2355 987 2382; x_wconf 57' lang='lat' dir='ltr'><strong>inscribitur</strong></span> 
     </span>
    </p>
   </div>
   <div class='ocr_carea' id='block_1_54' title="bbox 197 2400 988 2437">
    <p class='ocr_par' dir='ltr' id='par_1_54' title="bbox 197 2400 988 2437">
     <span class='ocr_line' id='line_1_54' title="bbox 197 2400 988 2437; baseline -0.001 -8"><span class='ocrx_word' id='word_1_374' title='bbox 197 2401 320 2435; x_wconf 84' lang='lat' dir='ltr'><strong>Genesis,</strong></span> <span class='ocrx_word' id='word_1_375' title='bbox 336 2403 393 2430; x_wconf 69' lang='lat' dir='ltr'><strong>hinc</strong></span> <span class='ocrx_word' id='word_1_376' title='bbox 409 2402 487 2437; x_wconf 87' lang='lat' dir='ltr'><strong>quasi</strong></span> <span class='ocrx_word' id='word_1_377' title='bbox 514 2402 644 2429; x_wconf 82' lang='lat' dir='ltr'><strong>historice</strong></span> <span class='ocrx_word' id='word_1_378' title='bbox 671 2404 788 2428; x_wconf 88' lang='lat' dir='ltr'><strong>narrat:</strong></span> <span class='ocrx_word' id='word_1_379' title='bbox 810 2409 819 2426; x_wconf 76' lang='grc' dir='ltr'><strong>ι</strong></span> <span class='ocrx_word' id='word_1_380' title='bbox 839 2400 904 2428; x_wconf 86' lang='lat' dir='ltr'><strong>Erat</strong></span> <span class='ocrx_word' id='word_1_381' title='bbox 925 2400 988 2428; x_wconf 90' lang='lat' dir='ltr'><strong>uni-</strong></span> 
     </span>
    </p>
   </div>
   <div class='ocr_carea' id='block_1_55' title="bbox 197 2447 983 2480">
    <p class='ocr_par' dir='ltr' id='par_1_55' title="bbox 197 2447 983 2480">
     <span class='ocr_line' id='line_1_55' title="bbox 197 2447 983 2480; baseline -0.001 -4"><span class='ocrx_word' id='word_1_382' title='bbox 197 2455 277 2476; x_wconf 89' lang='lat' dir='ltr'><strong>versa</strong></span> <span class='ocrx_word' id='word_1_383' title='bbox 297 2453 369 2476; x_wconf 89' lang='lat' dir='ltr'><strong>terra</strong></span> <span class='ocrx_word' id='word_1_384' title='bbox 389 2448 490 2476; x_wconf 85' lang='lat' dir='ltr'><strong>Iabium</strong></span> <span class='ocrx_word' id='word_1_385' title='bbox 517 2456 613 2480; x_wconf 86' lang='lat' dir='ltr'><strong>unum,</strong></span> <span class='ocrx_word' id='word_1_386' title='bbox 630 2451 658 2475; x_wconf 89' lang='lat' dir='ltr'><strong>et</strong></span> <span class='ocrx_word' id='word_1_387' title='bbox 684 2454 737 2474; x_wconf 82' lang='lat' dir='ltr'><strong>una</strong></span> <span class='ocrx_word' id='word_1_388' title='bbox 763 2453 816 2474; x_wconf 76' lang='lat' dir='ltr'><strong>vox</strong></span> <span class='ocrx_word' id='word_1_389' title='bbox 845 2447 983 2475; x_wconf 88' lang='lat' dir='ltr'><strong>omnibus.</strong></span> 
     </span>
    </p>
   </div>
   <div class='ocr_carea' id='block_1_56' title="bbox 239 2517 532 2550">
    <p class='ocr_par' dir='ltr' id='par_1_56' title="bbox 239 2517 532 2550">
     <span class='ocr_line' id='line_1_56' title="bbox 239 2517 532 2550; baseline -0.003 -4"><span class='ocrx_word' id='word_1_390' title='bbox 239 2519 261 2535; x_wconf 88' lang='grc'><em>³³</em></span> <span class='ocrx_word' id='word_1_391' title='bbox 276 2518 354 2546; x_wconf 88' lang='lat' dir='ltr'><strong>Deut.</strong></span> <span class='ocrx_word' id='word_1_392' title='bbox 364 2525 450 2550; x_wconf 77' lang='lat' dir='ltr'><strong>xxx&quot;,</strong></span> <span class='ocrx_word' id='word_1_393' title='bbox 460 2517 486 2550; x_wconf 87' lang='lat'><strong>8,</strong></span> <span class='ocrx_word' id='word_1_394' title='bbox 501 2517 532 2545; x_wconf 88' lang='lat'><strong>9.</strong></span> 
     </span>
    </p>
   </div>
   <div class='ocr_carea' id='block_1_57' title="bbox 233 2584 982 2623">
    <p class='ocr_par' dir='ltr' id='par_1_57' title="bbox 233 2584 982 2623">
     <span class='ocr_line' id='line_1_57' title="bbox 233 2584 982 2623; baseline -0.004 -9"><span class='ocrx_word' id='word_1_395' title='bbox 233 2588 271 2623; x_wconf 84' lang='lat'><strong>(&#39;5)</strong></span> <span class='ocrx_word' id='word_1_396' title='bbox 293 2588 334 2614; x_wconf 81' lang='grc' dir='ltr'>οὐ</span> <span class='ocrx_word' id='word_1_397' title='bbox 352 2584 595 2623; x_wconf 61' lang='grc' dir='ltr'>διαρθρουμένῃς,</span> <span class='ocrx_word' id='word_1_398' title='bbox 614 2584 685 2623; x_wconf 62' lang='grc' dir='ltr'><strong>οὐδὲ</strong></span> <span class='ocrx_word' id='word_1_399' title='bbox 702 2585 796 2620; x_wconf 68' lang='grc' dir='ltr'>φύσιν</span> <span class='ocrx_word' id='word_1_400' title='bbox 817 2584 890 2623; x_wconf 48' lang='grc' dir='ltr'>τιν-ἐι,</span> <span class='ocrx_word' id='word_1_401' title='bbox 903 2584 982 2623; x_wconf 54' lang='lat' dir='ltr'><strong>{diar-</strong></span> 
     </span>
    </p>
   </div>
   <div class='ocr_carea' id='block_1_58' title="bbox 197 2618 982 2658">
    <p class='ocr_par' dir='ltr' id='par_1_58' title="bbox 197 2618 982 2658">
     <span class='ocr_line' id='line_1_58' title="bbox 197 2618 982 2658; baseline -0.005 -8"><span class='ocrx_word' id='word_1_402' title='bbox 197 2618 342 2658; x_wconf 72' lang='grc' dir='ltr'>ἐχούσης.</span> <span class='ocrx_word' id='word_1_403' title='bbox 368 2618 418 2648; x_wconf 72' lang='lat' dir='ltr'><strong>mil</strong></span> <span class='ocrx_word' id='word_1_404' title='bbox 435 2618 675 2658; x_wconf 45' lang='lat' dir='ltr'><strong>&#39;szboieﬁsi¢_€I;-at</strong></span> <span class='ocrx_word' id='word_1_405' title='bbox 704 2618 982 2658; x_wconf 27' lang='lat' dir='ltr'><strong>‘quaempté&#39;ot&#39;zgqc</strong></span> 
     </span>
    </p>
   </div>
   <div class='ocr_carea' id='block_1_59' title="bbox 197 2653 982 2691">
    <p class='ocr_par' dir='ltr' id='par_1_59' title="bbox 197 2653 982 2691">
     <span class='ocr_line' id='line_1_59' title="bbox 197 2653 982 2691; baseline -0.006 -7"><span class='ocrx_word' id='word_1_406' title='bbox 197 2653 269 2691; x_wconf 59' lang='lat'><strong>22513;-</strong></span> <span class='ocrx_word' id='word_1_407' title='bbox 286 2653 323 2684; x_wconf 72' lang='grc' dir='ltr'><em>τᾶ</em></span> <span class='ocrx_word' id='word_1_408' title='bbox 341 2658 404 2683; x_wconf 84' lang='grc' dir='ltr'>κατ’</span> <span class='ocrx_word' id='word_1_409' title='bbox 417 2656 513 2690; x_wconf 74' lang='grc' dir='ltr'>αὐτὴν</span> <span class='ocrx_word' id='word_1_410' title='bbox 530 2653 804 2691; x_wconf 22' lang='grc' dir='ltr'>πράττονταρειιαῑιξ</span> <span class='ocrx_word' id='word_1_411' title='bbox 828 2661 889 2686; x_wconf 67' lang='lat' dir='ltr'><strong>qua:</strong></span> <span class='ocrx_word' id='word_1_412' title='bbox 916 2653 982 2680; x_wconf 80' lang='lat' dir='ltr'><strong>Phi-</strong></span> 
     </span>
    </p>
   </div>
   <div class='ocr_carea' id='block_1_60' title="bbox 198 2688 984 2723">
    <p class='ocr_par' dir='ltr' id='par_1_60' title="bbox 198 2688 984 2723">
     <span class='ocr_line' id='line_1_60' title="bbox 198 2688 984 2723; baseline -0.005 -4"><span class='ocrx_word' id='word_1_413' title='bbox 198 2688 292 2719; x_wconf 81' lang='lat' dir='ltr'><strong>lneaIia</strong></span> <span class='ocrx_word' id='word_1_414' title='bbox 317 2693 443 2722; x_wconf 80' lang='lat' dir='ltr'><strong>exhibet,</strong></span> <span class='ocrx_word' id='word_1_415' title='bbox 465 2688 590 2718; x_wconf 81' lang='lat' dir='ltr'><strong>videntur</strong></span> <span class='ocrx_word' id='word_1_416' title='bbox 613 2690 755 2717; x_wconf 75' lang='lat' dir='ltr'><strong>Boherello</strong></span> <span class='ocrx_word' id='word_1_417' title='bbox 780 2688 912 2723; x_wconf 60' lang='lat' dir='ltr'><strong>glossema</strong></span> <span class='ocrx_word' id='word_1_418' title='bbox 938 2693 984 2715; x_wconf 81' lang='lat' dir='ltr'><strong>aut</strong></span> 
     </span>
    </p>
   </div>
   <div class='ocr_carea' id='block_1_61' title="bbox 199 2723 982 2760">
    <p class='ocr_par' dir='ltr' id='par_1_61' title="bbox 199 2723 982 2760">
     <span class='ocr_line' id='line_1_61' title="bbox 199 2723 982 2760; baseline -0.004 -8"><span class='ocrx_word' id='word_1_419' title='bbox 199 2728 320 2754; x_wconf 79' lang='lat' dir='ltr'><strong>scholion</strong></span> <span class='ocrx_word' id='word_1_420' title='bbox 348 2734 458 2760; x_wconf 83' lang='lat' dir='ltr'><strong>sapere,</strong></span> <span class='ocrx_word' id='word_1_421' title='bbox 483 2727 529 2753; x_wconf 86' lang='lat' dir='ltr'><strong>sed</strong></span> <span class='ocrx_word' id='word_1_422' title='bbox 554 2733 614 2753; x_wconf 82' lang='lat' dir='ltr'><strong>euut</strong></span> <span class='ocrx_word' id='word_1_423' title='bbox 646 2726 671 2751; x_wconf 92' lang='lat' dir='ltr'><strong>iu</strong></span> <span class='ocrx_word' id='word_1_424' title='bbox 690 2723 982 2760; x_wconf 19' lang='lat' dir='ltr'><strong>oumibusrexemplu—</strong></span> 
     </span>
    </p>
   </div>
   <div class='ocr_carea' id='block_1_62' title="bbox 198 2759 982 2794">
    <p class='ocr_par' dir='ltr' id='par_1_62' title="bbox 198 2759 982 2794">
     <span class='ocr_line' id='line_1_62' title="bbox 198 2759 982 2794; baseline 0 -8"><span class='ocrx_word' id='word_1_425' title='bbox 198 2762 274 2788; x_wconf 84' lang='lat' dir='ltr'><strong>ribus</strong></span> <span class='ocrx_word' id='word_1_426' title='bbox 300 2769 366 2788; x_wconf 85' lang='lat' dir='ltr'><strong>mss.</strong></span> <span class='ocrx_word' id='word_1_427' title='bbox 380 2759 480 2794; x_wconf 21' lang='lat' dir='ltr'><strong>reperis</strong></span> <span class='ocrx_word' id='word_1_428' title='bbox 501 2767 592 2787; x_wconf 80' lang='lat' dir='ltr'><strong>contra</strong></span> <span class='ocrx_word' id='word_1_429' title='bbox 617 2760 722 2787; x_wconf 78' lang='lat' dir='ltr'><strong>Celsum</strong></span> <span class='ocrx_word' id='word_1_430' title='bbox 745 2759 927 2793; x_wconf 79' lang='lat' dir='ltr'><strong>reperiuntur,</strong></span> <span class='ocrx_word' id='word_1_431' title='bbox 949 2765 982 2786; x_wconf 89' lang='lat' dir='ltr'><strong>ea</strong></span> 
     </span>
    </p>
   </div>
   <div class='ocr_carea' id='block_1_63' title="bbox 201 2795 653 2829">
    <p class='ocr_par' dir='ltr' id='par_1_63' title="bbox 201 2795 653 2829">
     <span class='ocr_line' id='line_1_63' title="bbox 201 2795 653 2829; baseline -0.002 -8"><span class='ocrx_word' id='word_1_432' title='bbox 201 2796 283 2821; x_wconf 85' lang='lat' dir='ltr'><strong>textni</strong></span> <span class='ocrx_word' id='word_1_433' title='bbox 297 2796 437 2822; x_wconf 82' lang='lat' dir='ltr'><strong>inserenda</strong></span> <span class='ocrx_word' id='word_1_434' title='bbox 452 2803 511 2822; x_wconf 88' lang='lat' dir='ltr'><strong>esse</strong></span> <span class='ocrx_word' id='word_1_435' title='bbox 523 2795 653 2829; x_wconf 83' lang='lat' dir='ltr'><strong>judicavi.</strong></span> 
     </span>
    </p>
   </div>
   <div class='ocr_carea' id='block_1_64' title="bbox 236 2828 986 2865">
    <p class='ocr_par' dir='ltr' id='par_1_64' title="bbox 236 2828 986 2865">
     <span class='ocr_line' id='line_1_64' title="bbox 236 2828 986 2865; baseline 0.001 -11"><span class='ocrx_word' id='word_1_436' title='bbox 236 2829 273 2863; x_wconf 70' lang='lat' dir='ltr'><strong>(tt</strong></span> <span class='ocrx_word' id='word_1_437' title='bbox 294 2829 463 2858; x_wconf 68' lang='lat' dir='ltr'><strong>litesthelius</strong></span> <span class='ocrx_word' id='word_1_438' title='bbox 483 2835 511 2857; x_wconf 89' lang='lat' dir='ltr'><strong>et</strong></span> <span class='ocrx_word' id='word_1_439' title='bbox 526 2828 701 2865; x_wconf 36' lang='lat' dir='ltr'><strong>&#39;Speucerus,</strong></span> <span class='ocrx_word' id='word_1_440' title='bbox 725 2828 915 2862; x_wconf 79' lang='grc' dir='ltr'>ἀτοπώτατον,</span> <span class='ocrx_word' id='word_1_441' title='bbox 938 2828 986 2855; x_wconf 86' lang='lat' dir='ltr'><strong>sed</strong></span> 
     </span>
    </p>
   </div>
   <div class='ocr_carea' id='block_1_65' title="bbox 1034 212 1834 251">
    <p class='ocr_par' dir='ltr' id='par_1_65' title="bbox 1034 212 1834 251">
     <span class='ocr_line' id='line_1_65' title="bbox 1034 212 1834 251; baseline 0.003 -13"><span class='ocrx_word' id='word_1_442' title='bbox 1034 212 1150 243; x_wconf 80' lang='grc' dir='ltr'>ἀνόσιον,</span> <span class='ocrx_word' id='word_1_443' title='bbox 1169 212 1232 239; x_wconf 81' lang='grc' dir='ltr'>ὅταν</span> <span class='ocrx_word' id='word_1_444' title='bbox 1245 213 1315 240; x_wconf 81' lang='grc' dir='ltr'>κατὰ</span> <span class='ocrx_word' id='word_1_445' title='bbox 1325 214 1360 241; x_wconf 79' lang='grc' dir='ltr'><strong>τὰ</strong></span> <span class='ocrx_word' id='word_1_446' title='bbox 1373 215 1475 251; x_wconf 82' lang='grc' dir='ltr'>πάτρια</span> <span class='ocrx_word' id='word_1_447' title='bbox 1491 215 1525 242; x_wconf 77' lang='grc' dir='ltr'><strong>τὰ</strong></span> <span class='ocrx_word' id='word_1_448' title='bbox 1539 215 1588 251; x_wconf 81' lang='grc' dir='ltr'>μὲν</span> <span class='ocrx_word' id='word_1_449' title='bbox 1600 214 1655 241; x_wconf 80' lang='grc' dir='ltr'>ἴδια</span> <span class='ocrx_word' id='word_1_450' title='bbox 1672 213 1754 249; x_wconf 75' lang='grc' dir='ltr'>σέϐῃ,</span> <span class='ocrx_word' id='word_1_451' title='bbox 1766 216 1800 240; x_wconf 81' lang='grc' dir='ltr'><strong>τὸ.</strong></span> <span class='ocrx_word' id='word_1_452' title='bbox 1809 214 1834 241; x_wconf 75' lang='grc' dir='ltr'><strong>δὲ</strong></span> 
     </span>
    </p>
   </div>
   <div class='ocr_carea' id='block_1_66' title="bbox 1034 258 1833 296">
    <p class='ocr_par' dir='ltr' id='par_1_66' title="bbox 1034 258 1833 296">
     <span class='ocr_line' id='line_1_66' title="bbox 1034 258 1833 296; baseline 0.004 -13"><span class='ocrx_word' id='word_1_453' title='bbox 1034 258 1108 292; x_wconf 82' lang='grc' dir='ltr'>παρὰ</span> <span class='ocrx_word' id='word_1_454' title='bbox 1124 260 1179 289; x_wconf 85' lang='grc' dir='ltr'>τοῖς</span> <span class='ocrx_word' id='word_1_455' title='bbox 1199 259 1339 291; x_wconf 75' lang='grc' dir='ltr'><strong>ἐναντίους</strong></span> <span class='ocrx_word' id='word_1_456' title='bbox 1354 259 1445 295; x_wconf 81' lang='grc' dir='ltr'>ἔχουσι</span> <span class='ocrx_word' id='word_1_457' title='bbox 1465 261 1566 296; x_wconf 83' lang='grc' dir='ltr'>νόμους</span> <span class='ocrx_word' id='word_1_458' title='bbox 1580 260 1770 296; x_wconf 79' lang='grc' dir='ltr'>προσπολεμῇ</span> <span class='ocrx_word' id='word_1_459' title='bbox 1790 262 1833 287; x_wconf 74' lang='grc' dir='ltr'><strong>καὶ</strong></span> 
     </span>
    </p>
   </div>
   <div class='ocr_carea' id='block_1_67' title="bbox 1034 304 1831 342">
    <p class='ocr_par' dir='ltr' id='par_1_67' title="bbox 1034 304 1831 342">
     <span class='ocr_line' id='line_1_67' title="bbox 1034 304 1831 342; baseline 0.001 -12"><span class='ocrx_word' id='word_1_460' title='bbox 1034 304 1237 330; x_wconf 83' lang='grc' dir='ltr'>καταθοινᾶται.</span> <span class='ocrx_word' id='word_1_461' title='bbox 1257 305 1348 332; x_wconf 87' lang='grc' dir='ltr'>Ταῦτα</span> <span class='ocrx_word' id='word_1_462' title='bbox 1363 305 1391 333; x_wconf 81' lang='grc' dir='ltr'><strong>δὲ</strong></span> <span class='ocrx_word' id='word_1_463' title='bbox 1413 307 1462 342; x_wconf 81' lang='grc' dir='ltr'>ὃρα</span> <span class='ocrx_word' id='word_1_464' title='bbox 1481 308 1506 333; x_wconf 85' lang='grc' dir='ltr'><strong>εί</strong></span> <span class='ocrx_word' id='word_1_465' title='bbox 1525 306 1563 342; x_wconf 85' lang='grc' dir='ltr'>μὴ</span> <span class='ocrx_word' id='word_1_466' title='bbox 1582 306 1688 341; x_wconf 78' lang='grc' dir='ltr'>πολλὴν</span> <span class='ocrx_word' id='word_1_467' title='bbox 1707 306 1831 340; x_wconf 70' lang='grc' dir='ltr'>ἐμφαίνει</span> 
     </span>
    </p>
   </div>
   <div class='ocr_carea' id='block_1_68' title="bbox 1033 349 1822 386">
    <p class='ocr_par' dir='ltr' id='par_1_68' title="bbox 1033 349 1822 386">
     <span class='ocr_line' id='line_1_68' title="bbox 1033 349 1822 386; baseline 0.001 -11"><span class='ocrx_word' id='word_1_468' title='bbox 1033 349 1082 385; x_wconf 84' lang='grc' dir='ltr'>τὴν</span> <span class='ocrx_word' id='word_1_469' title='bbox 1102 349 1167 385; x_wconf 82' lang='grc' dir='ltr'>περὶ</span> <span class='ocrx_word' id='word_1_470' title='bbox 1182 349 1229 377; x_wconf 89' lang='grc' dir='ltr'><strong>τοῦ</strong></span> <span class='ocrx_word' id='word_1_471' title='bbox 1247 350 1352 378; x_wconf 80' lang='grc' dir='ltr'><strong>δικαίου</strong></span> <span class='ocrx_word' id='word_1_472' title='bbox 1368 351 1414 378; x_wconf 76' lang='grc' dir='ltr'>καὶ</span> <span class='ocrx_word' id='word_1_473' title='bbox 1430 352 1504 378; x_wconf 86' lang='grc' dir='ltr'>όσίου</span> <span class='ocrx_word' id='word_1_474' title='bbox 1519 352 1574 379; x_wconf 55' lang='grc' dir='ltr'>καὶ</span> <span class='ocrx_word' id='word_1_475' title='bbox 1586 351 1736 382; x_wconf 79' lang='grc' dir='ltr'>εὐσεϐείας</span> <span class='ocrx_word' id='word_1_476' title='bbox 1754 358 1822 386; x_wconf 80' lang='grc' dir='ltr'>ταρα</span> 
     </span>
    </p>
   </div>
   <div class='ocr_carea' id='block_1_69' title="bbox 1032 395 1831 432">
    <p class='ocr_par' dir='ltr' id='par_1_69' title="bbox 1032 395 1831 432">
     <span class='ocr_line' id='line_1_69' title="bbox 1032 395 1831 432; baseline 0.004 -11"><span class='ocrx_word' id='word_1_477' title='bbox 1032 395 1092 430; x_wconf 84' lang='grc' dir='ltr'>χὴν,</span> <span class='ocrx_word' id='word_1_478' title='bbox 1107 396 1136 422; x_wconf 73' lang='grc' dir='ltr'>οὐ</span> <span class='ocrx_word' id='word_1_479' title='bbox 1148 396 1373 432; x_wconf 68' lang='grc' dir='ltr'>ὁιαρθρουμένης,</span> <span class='ocrx_word' id='word_1_480' title='bbox 1384 397 1444 424; x_wconf 75' lang='grc' dir='ltr'>οὐδὲ</span> <span class='ocrx_word' id='word_1_481' title='bbox 1458 397 1537 432; x_wconf 79' lang='grc' dir='ltr'>φύσιν</span> <span class='ocrx_word' id='word_1_482' title='bbox 1548 397 1611 424; x_wconf 79' lang='grc' dir='ltr'>τινὰ</span> <span class='ocrx_word' id='word_1_483' title='bbox 1625 398 1695 424; x_wconf 85' lang='grc' dir='ltr'>ἰδίαν</span> <span class='ocrx_word' id='word_1_484' title='bbox 1707 397 1831 432; x_wconf 74' lang='grc' dir='ltr'>ἐχούσης,</span> 
     </span>
    </p>
   </div>
   <div class='ocr_carea' id='block_1_70' title="bbox 1032 440 1832 479">
    <p class='ocr_par' dir='ltr' id='par_1_70' title="bbox 1032 440 1832 479">
     <span class='ocr_line' id='line_1_70' title="bbox 1032 440 1832 479; baseline 0.001 -12"><span class='ocrx_word' id='word_1_485' title='bbox 1032 442 1080 468; x_wconf 75' lang='grc' dir='ltr'><strong>καὶ</strong></span> <span class='ocrx_word' id='word_1_486' title='bbox 1103 442 1224 474; x_wconf 73' lang='grc' dir='ltr'>εὐσεϐεῖς</span> <span class='ocrx_word' id='word_1_487' title='bbox 1246 440 1316 469; x_wconf 86' lang='grc' dir='ltr'>εἶναι</span> <span class='ocrx_word' id='word_1_488' title='bbox 1336 443 1594 479; x_wconf 77' lang='grc' dir='ltr'>χαρακτηριζούσ-ης</span> <span class='ocrx_word' id='word_1_489' title='bbox 1616 443 1686 475; x_wconf 70' lang='grc' dir='ltr'>τοὺς</span> <span class='ocrx_word' id='word_1_490' title='bbox 1712 443 1750 469; x_wconf 78' lang='grc' dir='ltr'><strong>τὰ</strong></span> <span class='ocrx_word' id='word_1_491' title='bbox 1776 443 1832 469; x_wconf 79' lang='grc' dir='ltr'>κατ’</span> 
     </span>
    </p>
   </div>
   <div class='ocr_carea' id='block_1_71' title="bbox 1031 485 1833 525">
    <p class='ocr_par' dir='ltr' id='par_1_71' title="bbox 1031 485 1833 525">
     <span class='ocr_line' id='line_1_71' title="bbox 1031 485 1833 525; baseline 0.004 -13"><span class='ocrx_word' id='word_1_492' title='bbox 1031 485 1116 521; x_wconf 76' lang='grc' dir='ltr'>αὐτὴν</span> <span class='ocrx_word' id='word_1_493' title='bbox 1135 486 1306 522; x_wconf 76' lang='grc' dir='ltr'><strong>πράττοντας</strong></span> <span class='ocrx_word' id='word_1_494' title='bbox 1322 487 1372 524; x_wconf 78' lang='grc'>(5).</span> <span class='ocrx_word' id='word_1_495' title='bbox 1393 489 1480 525; x_wconf 77' lang='grc' dir='ltr'>Εἴπερ</span> <span class='ocrx_word' id='word_1_496' title='bbox 1492 486 1538 516; x_wconf 85' lang='grc' dir='ltr'>οὖν</span> <span class='ocrx_word' id='word_1_497' title='bbox 1561 489 1578 524; x_wconf 89' lang='grc' dir='ltr'><strong>ή</strong></span> <span class='ocrx_word' id='word_1_498' title='bbox 1597 488 1745 519; x_wconf 74' lang='grc' dir='ltr'>εὐσέϐεια,</span> <span class='ocrx_word' id='word_1_499' title='bbox 1759 489 1833 523; x_wconf 76' lang='grc' dir='ltr'><strong>καὶὴ</strong></span> 
     </span>
    </p>
   </div>
   <div class='ocr_carea' id='block_1_72' title="bbox 1030 529 1834 569">
    <p class='ocr_par' dir='ltr' id='par_1_72' title="bbox 1030 529 1834 569">
     <span class='ocr_line' id='line_1_72' title="bbox 1030 529 1834 569; baseline 0.004 -14"><span class='ocrx_word' id='word_1_500' title='bbox 1030 529 1151 565; x_wconf 80' lang='grc' dir='ltr'><strong>ὁσιότης,</strong></span> <span class='ocrx_word' id='word_1_501' title='bbox 1167 531 1214 557; x_wconf 77' lang='grc' dir='ltr'><strong>καὶ</strong></span> <span class='ocrx_word' id='word_1_502' title='bbox 1228 532 1244 567; x_wconf 83' lang='grc' dir='ltr'>ἡ</span> <span class='ocrx_word' id='word_1_503' title='bbox 1261 532 1418 568; x_wconf 79' lang='grc' dir='ltr'><strong>δικαιοσύνη</strong></span> <span class='ocrx_word' id='word_1_504' title='bbox 1437 533 1492 560; x_wconf 83' lang='grc' dir='ltr'>τῶν</span> <span class='ocrx_word' id='word_1_505' title='bbox 1512 533 1580 569; x_wconf 83' lang='grc' dir='ltr'>πρός</span> <span class='ocrx_word' id='word_1_506' title='bbox 1599 533 1625 560; x_wconf 85' lang='grc' dir='ltr'><strong>τί</strong></span> <span class='ocrx_word' id='word_1_507' title='bbox 1641 534 1732 565; x_wconf 77' lang='grc' dir='ltr'>ἐστιν,</span> <span class='ocrx_word' id='word_1_508' title='bbox 1753 533 1791 564; x_wconf 79' lang='grc' dir='ltr'>ὡς</span> <span class='ocrx_word' id='word_1_509' title='bbox 1807 533 1834 559; x_wconf 62' lang='grc' dir='ltr'><strong>τό</strong></span> 
     </span>
    </p>
   </div>
   <div class='ocr_carea' id='block_1_73' title="bbox 1034 574 1836 616">
    <p class='ocr_par' dir='ltr' id='par_1_73' title="bbox 1034 574 1836 616">
     <span class='ocr_line' id='line_1_73' title="bbox 1034 574 1836 616; baseline 0.002 -14"><span class='ocrx_word' id='word_1_510' title='bbox 1034 575 1101 602; x_wconf 81' lang='grc' dir='ltr'>αὐτὸ</span> <span class='ocrx_word' id='word_1_511' title='bbox 1121 574 1192 603; x_wconf 77' lang='grc' dir='ltr'>εἶναι</span> <span class='ocrx_word' id='word_1_512' title='bbox 1215 578 1289 605; x_wconf 84' lang='grc' dir='ltr'>ὅσιον</span> <span class='ocrx_word' id='word_1_513' title='bbox 1313 578 1361 605; x_wconf 77' lang='grc' dir='ltr'><strong>καὶ</strong></span> <span class='ocrx_word' id='word_1_514' title='bbox 1383 579 1489 606; x_wconf 82' lang='grc' dir='ltr'>ἀνόσιον</span> <span class='ocrx_word' id='word_1_515' title='bbox 1512 579 1590 616; x_wconf 77' lang='grc' dir='ltr'>παρὰ.</span> <span class='ocrx_word' id='word_1_516' title='bbox 1609 579 1662 611; x_wconf 75' lang='grc' dir='ltr'>τὰς</span> <span class='ocrx_word' id='word_1_517' title='bbox 1688 579 1836 614; x_wconf 62' lang='grc' dir='ltr'>διαφόρους</span> 
     </span>
    </p>
   </div>
   <div class='ocr_carea' id='block_1_74' title="bbox 1036 622 1834 660">
    <p class='ocr_par' dir='ltr' id='par_1_74' title="bbox 1036 622 1834 660">
     <span class='ocr_line' id='line_1_74' title="bbox 1036 622 1834 660; baseline 0.005 -13"><span class='ocrx_word' id='word_1_518' title='bbox 1036 622 1143 656; x_wconf 73' lang='grc' dir='ltr'>σχέσεις</span> <span class='ocrx_word' id='word_1_519' title='bbox 1163 622 1210 649; x_wconf 81' lang='grc' dir='ltr'><strong>καὶ</strong></span> <span class='ocrx_word' id='word_1_520' title='bbox 1225 623 1289 655; x_wconf 82' lang='grc' dir='ltr'>τοὺς</span> <span class='ocrx_word' id='word_1_521' title='bbox 1309 623 1423 659; x_wconf 86' lang='grc' dir='ltr'>νόμους·</span> <span class='ocrx_word' id='word_1_522' title='bbox 1440 625 1501 660; x_wconf 75' lang='grc' dir='ltr'>δρα,</span> <span class='ocrx_word' id='word_1_523' title='bbox 1521 626 1545 650; x_wconf 84' lang='grc' dir='ltr'>εἰ</span> <span class='ocrx_word' id='word_1_524' title='bbox 1564 624 1602 660; x_wconf 80' lang='grc' dir='ltr'>μὴ</span> <span class='ocrx_word' id='word_1_525' title='bbox 1621 625 1672 651; x_wconf 70' lang='grc' dir='ltr'><strong>καὶ</strong></span> <span class='ocrx_word' id='word_1_526' title='bbox 1687 626 1705 659; x_wconf 73' lang='grc' dir='ltr'><strong>ἡ</strong></span> <span class='ocrx_word' id='word_1_527' title='bbox 1730 633 1834 659; x_wconf 60' lang='grc' dir='ltr'>σωςρο-</span> 
     </span>
    </p>
   </div>
   <div class='ocr_carea' id='block_1_75' title="bbox 1035 666 1835 706">
    <p class='ocr_par' dir='ltr' id='par_1_75' title="bbox 1035 666 1835 706">
     <span class='ocr_line' id='line_1_75' title="bbox 1035 666 1835 706; baseline 0.005 -13"><span class='ocrx_word' id='word_1_528' title='bbox 1035 666 1100 703; x_wconf 81' lang='grc' dir='ltr'>σύνη</span> <span class='ocrx_word' id='word_1_529' title='bbox 1117 667 1171 694; x_wconf 77' lang='grc' dir='ltr'>τῶν</span> <span class='ocrx_word' id='word_1_530' title='bbox 1192 668 1260 704; x_wconf 82' lang='grc' dir='ltr'>πρός</span> <span class='ocrx_word' id='word_1_531' title='bbox 1282 677 1308 695; x_wconf 83' lang='grc' dir='ltr'><strong>τι</strong></span> <span class='ocrx_word' id='word_1_532' title='bbox 1332 669 1484 702; x_wconf 76' lang='grc' dir='ltr'><strong>ἀκολούθως</strong></span> <span class='ocrx_word' id='word_1_533' title='bbox 1501 670 1587 702; x_wconf 79' lang='grc' dir='ltr'>ἔσται,</span> <span class='ocrx_word' id='word_1_534' title='bbox 1611 671 1661 697; x_wconf 72' lang='grc' dir='ltr'>καὶ</span> <span class='ocrx_word' id='word_1_535' title='bbox 1678 671 1695 706; x_wconf 84' lang='grc' dir='ltr'>ἡ</span> <span class='ocrx_word' id='word_1_536' title='bbox 1715 670 1835 706; x_wconf 70' lang='grc' dir='ltr'>ἀνδρεία,</span> 
     </span>
    </p>
   </div>
   <div class='ocr_carea' id='block_1_76' title="bbox 1034 714 1837 752">
    <p class='ocr_par' dir='ltr' id='par_1_76' title="bbox 1034 714 1837 752">
     <span class='ocr_line' id='line_1_76' title="bbox 1034 714 1837 752; baseline 0.002 -12"><span class='ocrx_word' id='word_1_537' title='bbox 1034 714 1080 740; x_wconf 76' lang='grc' dir='ltr'><strong>καὶ</strong></span> <span class='ocrx_word' id='word_1_538' title='bbox 1095 715 1111 749; x_wconf 88' lang='grc' dir='ltr'>ὴ</span> <span class='ocrx_word' id='word_1_539' title='bbox 1129 714 1270 749; x_wconf 79' lang='grc' dir='ltr'>φρόνησις,</span> <span class='ocrx_word' id='word_1_540' title='bbox 1289 715 1335 741; x_wconf 77' lang='grc' dir='ltr'><strong>καὶ</strong></span> <span class='ocrx_word' id='word_1_541' title='bbox 1351 716 1367 750; x_wconf 84' lang='grc' dir='ltr'>ἡ</span> <span class='ocrx_word' id='word_1_542' title='bbox 1385 716 1536 751; x_wconf 76' lang='grc' dir='ltr'>ἐπιστήμη,</span> <span class='ocrx_word' id='word_1_543' title='bbox 1554 717 1603 743; x_wconf 69' lang='grc' dir='ltr'><strong>καὶ</strong></span> <span class='ocrx_word' id='word_1_544' title='bbox 1619 717 1648 743; x_wconf 84' lang='grc' dir='ltr'>αἱ</span> <span class='ocrx_word' id='word_1_545' title='bbox 1666 716 1764 743; x_wconf 68' lang='grc' dir='ltr'>λοιπαὶ</span> <span class='ocrx_word' id='word_1_546' title='bbox 1780 716 1837 752; x_wconf 83' lang='grc' dir='ltr'>ἁρε-</span> 
     </span>
    </p>
   </div>
   <div class='ocr_carea' id='block_1_77' title="bbox 1033 757 1837 797">
    <p class='ocr_par' dir='ltr' id='par_1_77' title="bbox 1033 757 1837 797">
     <span class='ocr_line' id='line_1_77' title="bbox 1033 757 1837 797; baseline 0.004 -12"><span class='ocrx_word' id='word_1_547' title='bbox 1033 759 1095 786; x_wconf 67' lang='grc' dir='ltr'>ταίε</span> <span class='ocrx_word' id='word_1_548' title='bbox 1114 757 1151 786; x_wconf 80' lang='grc' dir='ltr'>ὧν</span> <span class='ocrx_word' id='word_1_549' title='bbox 1166 760 1242 786; x_wconf 72' lang='grc' dir='ltr'>οὐδὲν</span> <span class='ocrx_word' id='word_1_550' title='bbox 1260 760 1292 787; x_wconf 87' lang='grc' dir='ltr'>ἂν</span> <span class='ocrx_word' id='word_1_551' title='bbox 1306 761 1349 795; x_wconf 80' lang='grc' dir='ltr'>εἴη</span> <span class='ocrx_word' id='word_1_552' title='bbox 1364 761 1537 796; x_wconf 79' lang='grc' dir='ltr'><strong>ἀτοπώτερον</strong></span> <span class='ocrx_word' id='word_1_553' title='bbox 1558 762 1607 797; x_wconf 71' lang='grc' dir='ltr'><strong>(Δ).</strong></span> <span class='ocrx_word' id='word_1_554' title='bbox 1635 761 1837 797; x_wconf 70' lang='grc' dir='ltr'>Ἀπλούστερον</span> 
     </span>
    </p>
   </div>
   <div class='ocr_carea' id='block_1_78' title="bbox 1035 802 1835 842">
    <p class='ocr_par' dir='ltr' id='par_1_78' title="bbox 1035 802 1835 842">
     <span class='ocr_line' id='line_1_78' title="bbox 1035 802 1835 842; baseline 0.003 -10"><span class='ocrx_word' id='word_1_555' title='bbox 1035 805 1083 840; x_wconf 82' lang='grc' dir='ltr'>μὲν</span> <span class='ocrx_word' id='word_1_556' title='bbox 1100 802 1146 832; x_wconf 85' lang='grc' dir='ltr'><strong>οῦν</strong></span> <span class='ocrx_word' id='word_1_557' title='bbox 1166 806 1213 832; x_wconf 74' lang='grc' dir='ltr'><strong>καὶ</strong></span> <span class='ocrx_word' id='word_1_558' title='bbox 1228 806 1380 841; x_wconf 78' lang='grc' dir='ltr'>κοινότερον</span> <span class='ocrx_word' id='word_1_559' title='bbox 1397 807 1553 842; x_wconf 80' lang='grc' dir='ltr'><strong>ἱσταμένοις</strong></span> <span class='ocrx_word' id='word_1_560' title='bbox 1572 807 1642 842; x_wconf 75' lang='grc' dir='ltr'>πρὸς</span> <span class='ocrx_word' id='word_1_561' title='bbox 1658 807 1712 839; x_wconf 76' lang='grc' dir='ltr'><strong>τὰς</strong></span> <span class='ocrx_word' id='word_1_562' title='bbox 1734 807 1835 834; x_wconf 75' lang='grc' dir='ltr'>Κέλσου</span> 
     </span>
    </p>
   </div>
   <div class='ocr_carea' id='block_1_79' title="bbox 1034 851 1836 888">
    <p class='ocr_par' dir='ltr' id='par_1_79' title="bbox 1034 851 1836 888">
     <span class='ocr_line' id='line_1_79' title="bbox 1034 851 1836 888; baseline 0.002 -11"><span class='ocrx_word' id='word_1_563' title='bbox 1034 851 1197 886; x_wconf 78' lang='grc' dir='ltr'>ὲκκειμένας</span> <span class='ocrx_word' id='word_1_564' title='bbox 1212 851 1299 885; x_wconf 81' lang='grc' dir='ltr'><strong>λέξεις</strong></span> <span class='ocrx_word' id='word_1_565' title='bbox 1316 851 1440 887; x_wconf 71' lang='grc' dir='ltr'>αὐτάρκη</span> <span class='ocrx_word' id='word_1_566' title='bbox 1452 852 1487 878; x_wconf 74' lang='grc' dir='ltr'><strong>τὰ</strong></span> <span class='ocrx_word' id='word_1_567' title='bbox 1501 853 1637 888; x_wconf 76' lang='grc' dir='ltr'><strong>εἰρημένα</strong></span> <span class='ocrx_word' id='word_1_568' title='bbox 1647 861 1654 868; x_wconf 90' lang='grc'><strong>·</strong></span> <span class='ocrx_word' id='word_1_569' title='bbox 1672 853 1740 879; x_wconf 71' lang='grc' dir='ltr'>ἐπεὶ</span> <span class='ocrx_word' id='word_1_570' title='bbox 1755 853 1784 880; x_wconf 77' lang='grc' dir='ltr'><strong>δὲ</strong></span> <span class='ocrx_word' id='word_1_571' title='bbox 1799 861 1836 879; x_wconf 83' lang='grc' dir='ltr'>νο-</span> 
     </span>
    </p>
   </div>
   <div class='ocr_carea' id='block_1_80' title="bbox 1035 895 1836 935">
    <p class='ocr_par' dir='ltr' id='par_1_80' title="bbox 1035 895 1836 935">
     <span class='ocr_line' id='line_1_80' title="bbox 1035 895 1836 935; baseline 0.005 -13"><span class='ocrx_word' id='word_1_572' title='bbox 1035 895 1150 932; x_wconf 75' lang='grc' dir='ltr'>μίζομεν</span> <span class='ocrx_word' id='word_1_573' title='bbox 1164 897 1212 923; x_wconf 75' lang='grc' dir='ltr'><strong>καὶ</strong></span> <span class='ocrx_word' id='word_1_574' title='bbox 1225 897 1280 924; x_wconf 82' lang='grc' dir='ltr'>τῶν</span> <span class='ocrx_word' id='word_1_575' title='bbox 1296 897 1551 935; x_wconf 77' lang='grc' dir='ltr'>ὲξεταστικωτέρων</span> <span class='ocrx_word' id='word_1_576' title='bbox 1565 899 1643 930; x_wconf 80' lang='grc' dir='ltr'>τινὰς</span> <span class='ocrx_word' id='word_1_577' title='bbox 1661 898 1836 933; x_wconf 66' lang='grc' dir='ltr'><strong>ἐντεύξεσθαι</strong></span> 
     </span>
    </p>
   </div>
   <div class='ocr_carea' id='block_1_81' title="bbox 1032 942 1836 980">
    <p class='ocr_par' dir='ltr' id='par_1_81' title="bbox 1032 942 1836 980">
     <span class='ocr_line' id='line_1_81' title="bbox 1032 942 1836 980; baseline 0.004 -12"><span class='ocrx_word' id='word_1_578' title='bbox 1032 942 1096 977; x_wconf 80' lang='grc' dir='ltr'>τῇδε</span> <span class='ocrx_word' id='word_1_579' title='bbox 1119 943 1153 978; x_wconf 83' lang='grc' dir='ltr'>τῇ</span> <span class='ocrx_word' id='word_1_580' title='bbox 1175 944 1279 979; x_wconf 71' lang='grc' dir='ltr'>γραφῇ,</span> <span class='ocrx_word' id='word_1_581' title='bbox 1297 943 1375 979; x_wconf 76' lang='grc' dir='ltr'>φέρε,</span> <span class='ocrx_word' id='word_1_582' title='bbox 1391 943 1469 978; x_wconf 80' lang='grc' dir='ltr'>ὀλίγα</span> <span class='ocrx_word' id='word_1_583' title='bbox 1492 944 1548 970; x_wconf 80' lang='grc' dir='ltr'>τῶν</span> <span class='ocrx_word' id='word_1_584' title='bbox 1568 944 1732 980; x_wconf 80' lang='grc' dir='ltr'>βαθυτέρων</span> <span class='ocrx_word' id='word_1_585' title='bbox 1750 953 1836 980; x_wconf 72' lang='grc' dir='ltr'>παρα-</span> 
     </span>
    </p>
   </div>
   <div class='ocr_carea' id='block_1_82' title="bbox 1033 988 1837 1026">
    <p class='ocr_par' dir='ltr' id='par_1_82' title="bbox 1033 988 1837 1026">
     <span class='ocr_line' id='line_1_82' title="bbox 1033 988 1837 1026; baseline 0.004 -12"><span class='ocrx_word' id='word_1_586' title='bbox 1033 989 1234 1021; x_wconf 82' lang='grc' dir='ltr'>κινδυνεύοντες</span> <span class='ocrx_word' id='word_1_587' title='bbox 1257 988 1412 1025; x_wconf 79' lang='grc' dir='ltr'>ὲκθώμεθα,</span> <span class='ocrx_word' id='word_1_588' title='bbox 1432 989 1529 1024; x_wconf 83' lang='grc' dir='ltr'>ἔχοντά</span> <span class='ocrx_word' id='word_1_589' title='bbox 1549 998 1611 1016; x_wconf 85' lang='grc' dir='ltr'>τινα</span> <span class='ocrx_word' id='word_1_590' title='bbox 1635 991 1778 1026; x_wconf 79' lang='grc' dir='ltr'>μυστικὴν</span> <span class='ocrx_word' id='word_1_591' title='bbox 1794 991 1837 1017; x_wconf 79' lang='grc' dir='ltr'><strong>καὶ</strong></span> 
     </span>
    </p>
   </div>
   <div class='ocr_carea' id='block_1_83' title="bbox 1033 1033 1838 1072">
    <p class='ocr_par' dir='ltr' id='par_1_83' title="bbox 1033 1033 1838 1072">
     <span class='ocr_line' id='line_1_83' title="bbox 1033 1033 1838 1072; baseline 0.002 -12"><span class='ocrx_word' id='word_1_592' title='bbox 1033 1033 1189 1070; x_wconf 75' lang='grc' dir='ltr'>ἀπόρρητον</span> <span class='ocrx_word' id='word_1_593' title='bbox 1207 1034 1333 1070; x_wconf 77' lang='grc' dir='ltr'>θεωρίαν,</span> <span class='ocrx_word' id='word_1_594' title='bbox 1352 1035 1417 1071; x_wconf 78' lang='grc' dir='ltr'>περὶ</span> <span class='ocrx_word' id='word_1_595' title='bbox 1432 1036 1478 1062; x_wconf 90' lang='grc' dir='ltr'><strong>τοῦ</strong></span> <span class='ocrx_word' id='word_1_596' title='bbox 1498 1035 1528 1069; x_wconf 76' lang='grc' dir='ltr'>ἐξ</span> <span class='ocrx_word' id='word_1_597' title='bbox 1549 1036 1640 1072; x_wconf 81' lang='grc' dir='ltr'>ἀρχῆς</span> <span class='ocrx_word' id='word_1_598' title='bbox 1661 1036 1736 1063; x_wconf 77' lang='grc' dir='ltr'>ἄλλα</span> <span class='ocrx_word' id='word_1_599' title='bbox 1752 1036 1838 1067; x_wconf 75' lang='grc' dir='ltr'>ἄλλοις</span> 
     </span>
    </p>
   </div>
   <div class='ocr_carea' id='block_1_84' title="bbox 1033 1079 1837 1117">
    <p class='ocr_par' dir='ltr' id='par_1_84' title="bbox 1033 1079 1837 1117">
     <span class='ocr_line' id='line_1_84' title="bbox 1033 1079 1837 1117; baseline 0.002 -12"><span class='ocrx_word' id='word_1_600' title='bbox 1033 1079 1167 1110; x_wconf 75' lang='grc' dir='ltr'><strong>ἐπόπταις</strong></span> <span class='ocrx_word' id='word_1_601' title='bbox 1182 1080 1349 1116; x_wconf 80' lang='grc' dir='ltr'>νενεμῆσθαι</span> <span class='ocrx_word' id='word_1_602' title='bbox 1369 1081 1456 1117; x_wconf 84' lang='grc' dir='ltr'>χωρία</span> <span class='ocrx_word' id='word_1_603' title='bbox 1480 1081 1535 1108; x_wconf 80' lang='grc' dir='ltr'>τῶν</span> <span class='ocrx_word' id='word_1_604' title='bbox 1552 1081 1600 1108; x_wconf 77' lang='grc' dir='ltr'>ὲπὶ</span> <span class='ocrx_word' id='word_1_605' title='bbox 1620 1082 1690 1116; x_wconf 81' lang='grc' dir='ltr'><strong>γῆς·</strong></span> <span class='ocrx_word' id='word_1_606' title='bbox 1721 1082 1771 1108; x_wconf 76' lang='grc' dir='ltr'><strong>καὶ</strong></span> <span class='ocrx_word' id='word_1_607' title='bbox 1787 1081 1837 1107; x_wconf 78' lang='grc' dir='ltr'>τῶν</span> 
     </span>
    </p>
   </div>
   <div class='ocr_carea' id='block_1_85' title="bbox 1034 1125 1837 1164">
    <p class='ocr_par' dir='ltr' id='par_1_85' title="bbox 1034 1125 1837 1164">
     <span class='ocr_line' id='line_1_85' title="bbox 1034 1125 1837 1164; baseline 0.004 -12"><span class='ocrx_word' id='word_1_608' title='bbox 1034 1125 1252 1160; x_wconf 80' lang='grc' dir='ltr'>κατειλεγμένων</span> <span class='ocrx_word' id='word_1_609' title='bbox 1268 1127 1387 1160; x_wconf 80' lang='grc' dir='ltr'><strong>ἀτόπων,</strong></span> <span class='ocrx_word' id='word_1_610' title='bbox 1404 1127 1483 1163; x_wconf 76' lang='grc' dir='ltr'>φέρε,</span> <span class='ocrx_word' id='word_1_611' title='bbox 1500 1128 1551 1164; x_wconf 77' lang='grc' dir='ltr'><strong>ὅση</strong></span> <span class='ocrx_word' id='word_1_612' title='bbox 1569 1127 1701 1163; x_wconf 79' lang='grc' dir='ltr'>δυνάμις,</span> <span class='ocrx_word' id='word_1_613' title='bbox 1719 1127 1837 1162; x_wconf 68' lang='grc' dir='ltr'>καθαρὸν</span> 
     </span>
    </p>
   </div>
   <div class='ocr_carea' id='block_1_86' title="bbox 1035 1172 1479 1209">
    <p class='ocr_par' dir='ltr' id='par_1_86' title="bbox 1035 1172 1479 1209">
     <span class='ocr_line' id='line_1_86' title="bbox 1035 1172 1479 1209; baseline 0.007 -12"><span class='ocrx_word' id='word_1_614' title='bbox 1035 1172 1257 1208; x_wconf 79' lang='grc' dir='ltr'><strong>παραστήσωμεν</strong></span> <span class='ocrx_word' id='word_1_615' title='bbox 1275 1173 1312 1209; x_wconf 80' lang='grc'><strong>(5)</strong></span> <span class='ocrx_word' id='word_1_616' title='bbox 1329 1172 1375 1200; x_wconf 82' lang='grc' dir='ltr'>τὸν</span> <span class='ocrx_word' id='word_1_617' title='bbox 1390 1173 1479 1208; x_wconf 80' lang='grc' dir='ltr'>λόγον.</span> 
     </span>
    </p>
   </div>
   <div class='ocr_carea' id='block_1_87' title="bbox 1071 1306 1840 1344">
    <p class='ocr_par' dir='ltr' id='par_1_87' title="bbox 1071 1306 1840 1344">
     <span class='ocr_line' id='line_1_87' title="bbox 1071 1306 1840 1344; baseline 0.001 -11"><span class='ocrx_word' id='word_1_618' title='bbox 1071 1307 1150 1334; x_wconf 82' lang='grc' dir='ltr'>Δοκεῖ</span> <span class='ocrx_word' id='word_1_619' title='bbox 1159 1307 1189 1343; x_wconf 85' lang='grc' dir='ltr'><strong>δή</strong></span> <span class='ocrx_word' id='word_1_620' title='bbox 1205 1316 1250 1343; x_wconf 86' lang='grc' dir='ltr'><strong>μοι</strong></span> <span class='ocrx_word' id='word_1_621' title='bbox 1261 1307 1466 1344; x_wconf 80' lang='grc' dir='ltr'>παρακηκοέναι</span> <span class='ocrx_word' id='word_1_622' title='bbox 1477 1307 1560 1335; x_wconf 86' lang='grc' dir='ltr'>τινῶν</span> <span class='ocrx_word' id='word_1_623' title='bbox 1569 1307 1585 1335; x_wconf 89' lang='grc' dir='ltr'><strong>ό</strong></span> <span class='ocrx_word' id='word_1_624' title='bbox 1592 1306 1704 1339; x_wconf 80' lang='grc' dir='ltr'>Κέλσος</span> <span class='ocrx_word' id='word_1_625' title='bbox 1716 1307 1840 1344; x_wconf 71' lang='grc' dir='ltr'>περὶτῆς</span> 
     </span>
    </p>
   </div>
   <div class='ocr_carea' id='block_1_88' title="bbox 1033 1350 1840 1389">
    <p class='ocr_par' dir='ltr' id='par_1_88' title="bbox 1033 1350 1840 1389">
     <span class='ocr_line' id='line_1_88' title="bbox 1033 1350 1840 1389; baseline 0.001 -11"><span class='ocrx_word' id='word_1_626' title='bbox 1033 1352 1218 1388; x_wconf 83' lang='grc' dir='ltr'><strong>διανεμήσεως</strong></span> <span class='ocrx_word' id='word_1_627' title='bbox 1236 1353 1290 1380; x_wconf 85' lang='grc' dir='ltr'>τῶν</span> <span class='ocrx_word' id='word_1_628' title='bbox 1312 1354 1358 1380; x_wconf 79' lang='grc' dir='ltr'><strong>ὲπὶ</strong></span> <span class='ocrx_word' id='word_1_629' title='bbox 1375 1354 1426 1389; x_wconf 86' lang='grc' dir='ltr'><strong>γῆς</strong></span> <span class='ocrx_word' id='word_1_630' title='bbox 1444 1353 1661 1389; x_wconf 79' lang='grc' dir='ltr'>μυστικωτέρων</span> <span class='ocrx_word' id='word_1_631' title='bbox 1677 1352 1786 1387; x_wconf 83' lang='grc' dir='ltr'>λόγων,</span> <span class='ocrx_word' id='word_1_632' title='bbox 1807 1350 1840 1380; x_wconf 75' lang='grc' dir='ltr'>ὧν</span> 
     </span>
    </p>
   </div>
   <div class='ocr_carea' id='block_1_89' title="bbox 1035 1398 1839 1435">
    <p class='ocr_par' dir='ltr' id='par_1_89' title="bbox 1035 1398 1839 1435">
     <span class='ocr_line' id='line_1_89' title="bbox 1035 1398 1839 1435; baseline -0.001 -10"><span class='ocrx_word' id='word_1_633' title='bbox 1035 1398 1185 1433; x_wconf 73' lang='grc' dir='ltr'>ἐφάπτεται</span> <span class='ocrx_word' id='word_1_634' title='bbox 1210 1399 1258 1434; x_wconf 84' lang='grc' dir='ltr'><strong>μέν</strong></span> <span class='ocrx_word' id='word_1_635' title='bbox 1272 1408 1331 1432; x_wconf 81' lang='grc' dir='ltr'><strong>πως</strong></span> <span class='ocrx_word' id='word_1_636' title='bbox 1348 1400 1394 1426; x_wconf 72' lang='grc' dir='ltr'><strong>καὶ</strong></span> <span class='ocrx_word' id='word_1_637' title='bbox 1415 1400 1432 1435; x_wconf 87' lang='grc' dir='ltr'>ὴ</span> <span class='ocrx_word' id='word_1_638' title='bbox 1453 1399 1599 1435; x_wconf 83' lang='grc' dir='ltr'>Ἑλληνικὴ</span> <span class='ocrx_word' id='word_1_639' title='bbox 1619 1399 1749 1434; x_wconf 75' lang='grc' dir='ltr'>ἱστορία,</span> <span class='ocrx_word' id='word_1_640' title='bbox 1767 1399 1839 1425; x_wconf 81' lang='grc' dir='ltr'>εἱσα-</span> 
     </span>
    </p>
   </div>
   <div class='ocr_carea' id='block_1_90' title="bbox 1035 1443 1840 1481">
    <p class='ocr_par' dir='ltr' id='par_1_90' title="bbox 1035 1443 1840 1481">
     <span class='ocr_line' id='line_1_90' title="bbox 1035 1443 1840 1481; baseline 0.002 -11"><span class='ocrx_word' id='word_1_641' title='bbox 1035 1443 1159 1478; x_wconf 79' lang='grc' dir='ltr'>γαγοῦσά</span> <span class='ocrx_word' id='word_1_642' title='bbox 1168 1453 1244 1476; x_wconf 78' lang='grc' dir='ltr'>τινας</span> <span class='ocrx_word' id='word_1_643' title='bbox 1258 1445 1311 1472; x_wconf 88' lang='grc' dir='ltr'>τῶν</span> <span class='ocrx_word' id='word_1_644' title='bbox 1327 1444 1511 1481; x_wconf 77' lang='grc' dir='ltr'>νομιζομένων</span> <span class='ocrx_word' id='word_1_645' title='bbox 1522 1445 1592 1472; x_wconf 83' lang='grc' dir='ltr'>θεῶν</span> <span class='ocrx_word' id='word_1_646' title='bbox 1604 1446 1673 1481; x_wconf 79' lang='grc' dir='ltr'>περὶ</span> <span class='ocrx_word' id='word_1_647' title='bbox 1682 1446 1739 1481; x_wconf 76' lang='grc' dir='ltr'>τῆς</span> <span class='ocrx_word' id='word_1_648' title='bbox 1759 1446 1840 1472; x_wconf 75' lang='grc' dir='ltr'>Ἀττι-</span> 
     </span>
    </p>
   </div>
   <div class='ocr_carea' id='block_1_91' title="bbox 997 1489 1840 1543">
    <p class='ocr_par' dir='ltr' id='par_1_91' title="bbox 997 1489 1840 1543">
     <span class='ocr_line' id='line_1_91' title="bbox 997 1489 1840 1543; baseline 0.001 -27"><span class='ocrx_word' id='word_1_649' title='bbox 997 1513 1019 1543; x_wconf 77' lang='lat' dir='ltr'>c</span> <span class='ocrx_word' id='word_1_650' title='bbox 1036 1490 1088 1525; x_wconf 82' lang='grc' dir='ltr'><strong>κῆς</strong></span> <span class='ocrx_word' id='word_1_651' title='bbox 1104 1490 1172 1525; x_wconf 80' lang='grc' dir='ltr'>πρὸς</span> <span class='ocrx_word' id='word_1_652' title='bbox 1185 1489 1317 1526; x_wconf 78' lang='grc' dir='ltr'><strong>ἀλλήλους</strong></span> <span class='ocrx_word' id='word_1_653' title='bbox 1332 1491 1497 1526; x_wconf 81' lang='grc' dir='ltr'>ἡμιλλῆσθαι</span> <span class='ocrx_word' id='word_1_654' title='bbox 1514 1491 1571 1527; x_wconf 85' lang='grc'><strong>(6)·</strong></span> <span class='ocrx_word' id='word_1_655' title='bbox 1590 1491 1714 1518; x_wconf 83' lang='grc' dir='ltr'>ποιοῦσα</span> <span class='ocrx_word' id='word_1_656' title='bbox 1727 1492 1757 1518; x_wconf 81' lang='grc' dir='ltr'><strong>δὲ</strong></span> <span class='ocrx_word' id='word_1_657' title='bbox 1771 1492 1840 1526; x_wconf 64' lang='grc' dir='ltr'>παρὰ</span> 
     </span>
    </p>
   </div>
   <div class='ocr_carea' id='block_1_92' title="bbox 1035 1537 1841 1572">
    <p class='ocr_par' dir='ltr' id='par_1_92' title="bbox 1035 1537 1841 1572">
     <span class='ocr_line' id='line_1_92' title="bbox 1035 1537 1841 1572; baseline 0.001 -10"><span class='ocrx_word' id='word_1_658' title='bbox 1035 1537 1091 1567; x_wconf 80' lang='grc' dir='ltr'>τοῖς</span> <span class='ocrx_word' id='word_1_659' title='bbox 1103 1537 1227 1571; x_wconf 81' lang='grc' dir='ltr'>ποιηταῖς</span> <span class='ocrx_word' id='word_1_660' title='bbox 1238 1545 1314 1568; x_wconf 83' lang='grc' dir='ltr'>τινας</span> <span class='ocrx_word' id='word_1_661' title='bbox 1325 1537 1378 1563; x_wconf 76' lang='grc' dir='ltr'>τῶν</span> <span class='ocrx_word' id='word_1_662' title='bbox 1387 1537 1540 1572; x_wconf 75' lang='grc' dir='ltr'>λεγομένων</span> <span class='ocrx_word' id='word_1_663' title='bbox 1555 1537 1624 1563; x_wconf 84' lang='grc' dir='ltr'>θεῶν</span> <span class='ocrx_word' id='word_1_664' title='bbox 1638 1537 1792 1571; x_wconf 76' lang='grc' dir='ltr'>ὁμολογεῖν</span> <span class='ocrx_word' id='word_1_665' title='bbox 1805 1545 1841 1562; x_wconf 78' lang='grc' dir='ltr'>τι-</span> 
     </span>
    </p>
   </div>
   <div class='ocr_carea' id='block_1_93' title="bbox 1036 1582 1841 1618">
    <p class='ocr_par' dir='ltr' id='par_1_93' title="bbox 1036 1582 1841 1618">
     <span class='ocr_line' id='line_1_93' title="bbox 1036 1582 1841 1618; baseline -0.001 -10"><span class='ocrx_word' id='word_1_666' title='bbox 1036 1590 1084 1614; x_wconf 84' lang='grc' dir='ltr'><strong>νας</strong></span> <span class='ocrx_word' id='word_1_667' title='bbox 1100 1583 1198 1614; x_wconf 83' lang='grc' dir='ltr'>τόπους</span> <span class='ocrx_word' id='word_1_668' title='bbox 1215 1583 1396 1617; x_wconf 75' lang='grc' dir='ltr'>οἰκειοτέρους</span> <span class='ocrx_word' id='word_1_669' title='bbox 1412 1582 1513 1613; x_wconf 69' lang='grc' dir='ltr'>αὐτοῖς.</span> <span class='ocrx_word' id='word_1_670' title='bbox 1530 1582 1586 1609; x_wconf 70' lang='grc' dir='ltr'><strong>Καὶ</strong></span> <span class='ocrx_word' id='word_1_671' title='bbox 1636 1582 1805 1618; x_wconf 72' lang='grc' dir='ltr'>βαρὸαρικὴ</span> <span class='ocrx_word' id='word_1_672' title='bbox 1819 1582 1841 1607; x_wconf 73' lang='grc' dir='ltr'>δε</span> 
     </span>
    </p>
   </div>
   <div class='ocr_carea' id='block_1_94' title="bbox 1037 1627 1841 1664">
    <p class='ocr_par' dir='ltr' id='par_1_94' title="bbox 1037 1627 1841 1664">
     <span class='ocr_line' id='line_1_94' title="bbox 1037 1627 1841 1664; baseline -0.001 -9"><span class='ocrx_word' id='word_1_673' title='bbox 1037 1629 1152 1664; x_wconf 74' lang='grc' dir='ltr'>ἱστορία,</span> <span class='ocrx_word' id='word_1_674' title='bbox 1168 1629 1213 1655; x_wconf 70' lang='grc' dir='ltr'>καὶ</span> <span class='ocrx_word' id='word_1_675' title='bbox 1229 1628 1345 1664; x_wconf 82' lang='grc' dir='ltr'>μάλιστα</span> <span class='ocrx_word' id='word_1_676' title='bbox 1360 1629 1376 1663; x_wconf 83' lang='grc' dir='ltr'>ἡ</span> <span class='ocrx_word' id='word_1_677' title='bbox 1392 1628 1561 1662; x_wconf 74' lang='grc' dir='ltr'>Αἰγυπτίων,</span> <span class='ocrx_word' id='word_1_678' title='bbox 1575 1627 1699 1654; x_wconf 83' lang='grc' dir='ltr'>τοιαῦτά</span> <span class='ocrx_word' id='word_1_679' title='bbox 1714 1637 1779 1655; x_wconf 78' lang='grc' dir='ltr'>τινα</span> <span class='ocrx_word' id='word_1_680' title='bbox 1795 1629 1841 1663; x_wconf 76' lang='grc' dir='ltr'><strong>ἐμ.-</strong></span> 
     </span>
    </p>
   </div>
   <div class='ocr_carea' id='block_1_95' title="bbox 1036 1673 1843 1711">
    <p class='ocr_par' dir='ltr' id='par_1_95' title="bbox 1036 1673 1843 1711">
     <span class='ocr_line' id='line_1_95' title="bbox 1036 1673 1843 1711; baseline -0.004 -9"><span class='ocrx_word' id='word_1_681' title='bbox 1036 1676 1126 1710; x_wconf 86' lang='grc' dir='ltr'>φαίνει</span> <span class='ocrx_word' id='word_1_682' title='bbox 1141 1675 1206 1710; x_wconf 83' lang='grc' dir='ltr'>περὶ</span> <span class='ocrx_word' id='word_1_683' title='bbox 1220 1674 1267 1701; x_wconf 83' lang='grc' dir='ltr'><strong>τοῦ</strong></span> <span class='ocrx_word' id='word_1_684' title='bbox 1290 1673 1425 1710; x_wconf 77' lang='grc' dir='ltr'>μερισμοῦ</span> <span class='ocrx_word' id='word_1_685' title='bbox 1438 1673 1495 1711; x_wconf 65' lang='grc' dir='ltr'>τῶν</span> <span class='ocrx_word' id='word_1_686' title='bbox 1511 1674 1561 1709; x_wconf 80' lang='grc' dir='ltr'>τῆς</span> <span class='ocrx_word' id='word_1_687' title='bbox 1577 1673 1728 1707; x_wconf 76' lang='grc' dir='ltr'>Αἰγύπτου</span> <span class='ocrx_word' id='word_1_688' title='bbox 1748 1674 1843 1700; x_wconf 71' lang='grc' dir='ltr'>καλου-</span> 
     </span>
    </p>
   </div>
   <div class='ocr_carea' id='block_1_96' title="bbox 1038 1718 1842 1756">
    <p class='ocr_par' dir='ltr' id='par_1_96' title="bbox 1038 1718 1842 1756">
     <span class='ocr_line' id='line_1_96' title="bbox 1038 1718 1842 1756; baseline -0.005 -9"><span class='ocrx_word' id='word_1_689' title='bbox 1038 1722 1126 1756; x_wconf 82' lang='grc' dir='ltr'>μένων</span> <span class='ocrx_word' id='word_1_690' title='bbox 1144 1720 1234 1755; x_wconf 85' lang='grc' dir='ltr'>νομῶν</span> <span class='ocrx_word' id='word_1_691' title='bbox 1258 1720 1390 1754; x_wconf 77' lang='grc' dir='ltr'>λέγουσα·</span> <span class='ocrx_word' id='word_1_692' title='bbox 1417 1720 1457 1746; x_wconf 77' lang='grc' dir='ltr'>ὅτι</span> <span class='ocrx_word' id='word_1_693' title='bbox 1497 1719 1514 1754; x_wconf 82' lang='grc' dir='ltr'>ἡ</span> <span class='ocrx_word' id='word_1_694' title='bbox 1543 1718 1668 1754; x_wconf 78' lang='grc' dir='ltr'>λαχοῦσα</span> <span class='ocrx_word' id='word_1_695' title='bbox 1697 1719 1754 1755; x_wconf 76' lang='grc' dir='ltr'>τὴν</span> <span class='ocrx_word' id='word_1_696' title='bbox 1783 1719 1842 1745; x_wconf 76' lang='grc' dir='ltr'><strong>Σάϊν</strong></span> 
     </span>
    </p>
   </div>
   <div class='ocr_carea' id='block_1_97' title="bbox 1043 1763 1841 1801">
    <p class='ocr_par' dir='ltr' id='par_1_97' title="bbox 1043 1763 1841 1801">
     <span class='ocr_line' id='line_1_97' title="bbox 1043 1763 1841 1801; baseline -0.001 -9"><span class='ocrx_word' id='word_1_697' title='bbox 1043 1765 1152 1800; x_wconf 77' lang='grc' dir='ltr'>Ἀθηνᾶ,</span> <span class='ocrx_word' id='word_1_698' title='bbox 1172 1766 1188 1801; x_wconf 82' lang='grc' dir='ltr'>ἡ</span> <span class='ocrx_word' id='word_1_699' title='bbox 1207 1764 1274 1799; x_wconf 85' lang='grc' dir='ltr'>αὑτὴ</span> <span class='ocrx_word' id='word_1_700' title='bbox 1292 1764 1348 1799; x_wconf 70' lang='grc' dir='ltr'>ἔχει</span> <span class='ocrx_word' id='word_1_701' title='bbox 1368 1764 1415 1791; x_wconf 81' lang='grc' dir='ltr'>καὶ</span> <span class='ocrx_word' id='word_1_702' title='bbox 1445 1763 1496 1799; x_wconf 84' lang='grc' dir='ltr'>τὴν</span> <span class='ocrx_word' id='word_1_703' title='bbox 1521 1763 1662 1798; x_wconf 77' lang='grc' dir='ltr'>Ἀττικήν.</span> <span class='ocrx_word' id='word_1_704' title='bbox 1682 1763 1841 1798; x_wconf 71' lang='grc' dir='ltr'>Αἰγυπτίων</span> 
     </span>
    </p>
   </div>
   <div class='ocr_carea' id='block_1_98' title="bbox 1036 1811 1840 1848">
    <p class='ocr_par' dir='ltr' id='par_1_98' title="bbox 1036 1811 1840 1848">
     <span class='ocr_line' id='line_1_98' title="bbox 1036 1811 1840 1848; baseline 0 -9"><span class='ocrx_word' id='word_1_705' title='bbox 1036 1813 1064 1840; x_wconf 85' lang='grc' dir='ltr'><strong>δὲ</strong></span> <span class='ocrx_word' id='word_1_706' title='bbox 1080 1813 1104 1839; x_wconf 88' lang='grc' dir='ltr'>οἰ</span> <span class='ocrx_word' id='word_1_707' title='bbox 1127 1812 1214 1846; x_wconf 80' lang='grc' dir='ltr'>λόγιοι</span> <span class='ocrx_word' id='word_1_708' title='bbox 1239 1813 1324 1848; x_wconf 87' lang='grc' dir='ltr'>μυρία</span> <span class='ocrx_word' id='word_1_709' title='bbox 1342 1812 1391 1839; x_wconf 79' lang='grc' dir='ltr'>ὅσα</span> <span class='ocrx_word' id='word_1_710' title='bbox 1413 1811 1526 1838; x_wconf 82' lang='grc' dir='ltr'>τοιαῦτα</span> <span class='ocrx_word' id='word_1_711' title='bbox 1544 1812 1698 1847; x_wconf 75' lang='grc' dir='ltr'>φήσουσιν·</span> <span class='ocrx_word' id='word_1_712' title='bbox 1719 1813 1775 1839; x_wconf 76' lang='grc' dir='ltr'><strong>οὐκ</strong></span> <span class='ocrx_word' id='word_1_713' title='bbox 1790 1811 1840 1839; x_wconf 69' lang='grc' dir='ltr'>οἷέσ</span> 
     </span>
    </p>
   </div>
   <div class='ocr_carea' id='block_1_99' title="bbox 1036 1857 1840 1893">
    <p class='ocr_par' dir='ltr' id='par_1_99' title="bbox 1036 1857 1840 1893">
     <span class='ocr_line' id='line_1_99' title="bbox 1036 1857 1840 1893; baseline -0.001 -8"><span class='ocrx_word' id='word_1_714' title='bbox 1036 1859 1059 1885; x_wconf 80' lang='grc' dir='ltr'><strong>δ’</strong></span> <span class='ocrx_word' id='word_1_715' title='bbox 1085 1860 1110 1886; x_wconf 82' lang='grc' dir='ltr'>εἰ</span> <span class='ocrx_word' id='word_1_716' title='bbox 1134 1859 1182 1885; x_wconf 73' lang='grc' dir='ltr'>καὶ</span> <span class='ocrx_word' id='word_1_717' title='bbox 1208 1858 1353 1890; x_wconf 81' lang='grc' dir='ltr'>Ἰουδαίους</span> <span class='ocrx_word' id='word_1_718' title='bbox 1370 1857 1708 1893; x_wconf 71' lang='grc' dir='ltr'>συμπαραλαμϐάνοντες,</span> <span class='ocrx_word' id='word_1_719' title='bbox 1728 1859 1779 1885; x_wconf 70' lang='grc' dir='ltr'>καὶ</span> <span class='ocrx_word' id='word_1_720' title='bbox 1798 1858 1840 1892; x_wconf 65' lang='grc' dir='ltr'>τὴν</span> 
     </span>
    </p>
   </div>
   <div class='ocr_carea' id='block_1_100' title="bbox 1037 1903 1842 1940">
    <p class='ocr_par' dir='ltr' id='par_1_100' title="bbox 1037 1903 1842 1940">
     <span class='ocr_line' id='line_1_100' title="bbox 1037 1903 1842 1940; baseline -0.001 -10"><span class='ocrx_word' id='word_1_721' title='bbox 1037 1904 1129 1940; x_wconf 80' lang='grc' dir='ltr'>χώραν</span> <span class='ocrx_word' id='word_1_722' title='bbox 1144 1904 1244 1937; x_wconf 82' lang='grc' dir='ltr'>αὐτῶν,</span> <span class='ocrx_word' id='word_1_723' title='bbox 1263 1905 1296 1940; x_wconf 85' lang='grc' dir='ltr'><strong>τῇ</strong></span> <span class='ocrx_word' id='word_1_724' title='bbox 1315 1904 1384 1940; x_wconf 83' lang='grc' dir='ltr'>πρός</span> <span class='ocrx_word' id='word_1_725' title='bbox 1402 1912 1464 1930; x_wconf 83' lang='grc' dir='ltr'>τινα</span> <span class='ocrx_word' id='word_1_726' title='bbox 1478 1904 1650 1938; x_wconf 82' lang='grc' dir='ltr'>διανεμήσει.</span> <span class='ocrx_word' id='word_1_727' title='bbox 1673 1903 1763 1930; x_wconf 76' lang='grc' dir='ltr'><strong>Ἀλλά</strong></span> <span class='ocrx_word' id='word_1_728' title='bbox 1784 1904 1842 1938; x_wconf 71' lang='grc' dir='ltr'>περὶ</span> 
     </span>
    </p>
   </div>
   <div class='ocr_carea' id='block_1_101' title="bbox 1038 1949 1842 1986">
    <p class='ocr_par' dir='ltr' id='par_1_101' title="bbox 1038 1949 1842 1986">
     <span class='ocr_line' id='line_1_101' title="bbox 1038 1949 1842 1986; baseline -0.002 -9"><span class='ocrx_word' id='word_1_729' title='bbox 1038 1951 1087 1986; x_wconf 80' lang='grc' dir='ltr'>μὲν</span> <span class='ocrx_word' id='word_1_730' title='bbox 1098 1950 1152 1977; x_wconf 79' lang='grc' dir='ltr'>τῶν</span> <span class='ocrx_word' id='word_1_731' title='bbox 1162 1949 1214 1982; x_wconf 80' lang='grc' dir='ltr'><strong>ἔξω</strong></span> <span class='ocrx_word' id='word_1_732' title='bbox 1226 1949 1272 1977; x_wconf 87' lang='grc' dir='ltr'><strong>τοῦ</strong></span> <span class='ocrx_word' id='word_1_733' title='bbox 1285 1949 1356 1976; x_wconf 84' lang='grc' dir='ltr'>θείου</span> <span class='ocrx_word' id='word_1_734' title='bbox 1373 1949 1453 1984; x_wconf 80' lang='grc' dir='ltr'>λόγου</span> <span class='ocrx_word' id='word_1_735' title='bbox 1472 1949 1628 1984; x_wconf 80' lang='grc' dir='ltr'>λεγομένων</span> <span class='ocrx_word' id='word_1_736' title='bbox 1643 1949 1688 1980; x_wconf 80' lang='grc' dir='ltr'>εἰς</span> <span class='ocrx_word' id='word_1_737' title='bbox 1701 1949 1794 1976; x_wconf 80' lang='grc' dir='ltr'>ταῦτα</span> <span class='ocrx_word' id='word_1_738' title='bbox 1808 1950 1842 1983; x_wconf 68' lang='lat'><strong>(7)</strong></span> 
     </span>
    </p>
   </div>
   <div class='ocr_carea' id='block_1_102' title="bbox 1038 1995 1842 2030">
    <p class='ocr_par' dir='ltr' id='par_1_102' title="bbox 1038 1995 1842 2030">
     <span class='ocr_line' id='line_1_102' title="bbox 1038 1995 1842 2030; baseline 0 -8"><span class='ocrx_word' id='word_1_739' title='bbox 1038 1995 1097 2027; x_wconf 73' lang='grc' dir='ltr'>ἅλις</span> <span class='ocrx_word' id='word_1_740' title='bbox 1113 1995 1160 2022; x_wconf 73' lang='grc' dir='ltr'><strong>ἐπὶ</strong></span> <span class='ocrx_word' id='word_1_741' title='bbox 1180 1995 1227 2021; x_wconf 89' lang='grc' dir='ltr'><strong>τοῦ</strong></span> <span class='ocrx_word' id='word_1_742' title='bbox 1251 1995 1400 2029; x_wconf 81' lang='grc' dir='ltr'>παρόντος·</span> <span class='ocrx_word' id='word_1_743' title='bbox 1424 1995 1514 2030; x_wconf 77' lang='grc' dir='ltr'>φαμὲν</span> <span class='ocrx_word' id='word_1_744' title='bbox 1537 1995 1560 2021; x_wconf 80' lang='grc' dir='ltr'><strong>δ’</strong></span> <span class='ocrx_word' id='word_1_745' title='bbox 1581 1995 1622 2021; x_wconf 79' lang='grc' dir='ltr'>ὅτι</span> <span class='ocrx_word' id='word_1_746' title='bbox 1643 1996 1658 2021; x_wconf 79' lang='grc' dir='ltr'>ὁ</span> <span class='ocrx_word' id='word_1_747' title='bbox 1681 1996 1751 2022; x_wconf 73' lang='grc' dir='ltr'>καθ’</span> <span class='ocrx_word' id='word_1_748' title='bbox 1771 1997 1842 2030; x_wconf 70' lang='grc' dir='ltr'>ἡμᾶς</span> 
     </span>
    </p>
   </div>
   <div class='ocr_carea' id='block_1_103' title="bbox 1038 2039 1842 2075">
    <p class='ocr_par' dir='ltr' id='par_1_103' title="bbox 1038 2039 1842 2075">
     <span class='ocr_line' id='line_1_103' title="bbox 1038 2039 1842 2075; baseline 0.001 -9"><span class='ocrx_word' id='word_1_749' title='bbox 1038 2041 1178 2075; x_wconf 73' lang='grc' dir='ltr'>προφήτης</span> <span class='ocrx_word' id='word_1_750' title='bbox 1187 2040 1233 2066; x_wconf 86' lang='grc' dir='ltr'><strong>τοῦ</strong></span> <span class='ocrx_word' id='word_1_751' title='bbox 1246 2039 1313 2066; x_wconf 88' lang='grc' dir='ltr'>Θεοῦ</span> <span class='ocrx_word' id='word_1_752' title='bbox 1328 2039 1376 2066; x_wconf 79' lang='grc' dir='ltr'><strong>καὶ</strong></span> <span class='ocrx_word' id='word_1_753' title='bbox 1389 2040 1500 2075; x_wconf 84' lang='grc' dir='ltr'>γνήσιος</span> <span class='ocrx_word' id='word_1_754' title='bbox 1512 2039 1643 2074; x_wconf 77' lang='grc' dir='ltr'>θεράπων</span> <span class='ocrx_word' id='word_1_755' title='bbox 1654 2041 1746 2068; x_wconf 75' lang='grc' dir='ltr'>αὐτοῦ</span> <span class='ocrx_word' id='word_1_756' title='bbox 1761 2042 1842 2068; x_wconf 64' lang='lat' dir='ltr'><strong>Ritu-3-</strong></span> 
     </span>
    </p>
   </div>
   <div class='ocr_carea' id='block_1_104' title="bbox 1039 2085 1839 2122">
    <p class='ocr_par' dir='ltr' id='par_1_104' title="bbox 1039 2085 1839 2122">
     <span class='ocr_line' id='line_1_104' title="bbox 1039 2085 1839 2122; baseline 0.001 -10"><span class='ocrx_word' id='word_1_757' title='bbox 1039 2086 1089 2121; x_wconf 83' lang='grc' dir='ltr'>σῆς</span> <span class='ocrx_word' id='word_1_758' title='bbox 1101 2087 1130 2113; x_wconf 82' lang='grc' dir='ltr'>ὲν</span> <span class='ocrx_word' id='word_1_759' title='bbox 1144 2087 1177 2121; x_wconf 83' lang='grc' dir='ltr'><strong>τῇ</strong></span> <span class='ocrx_word' id='word_1_760' title='bbox 1193 2086 1239 2112; x_wconf 89' lang='grc' dir='ltr'><strong>τοῦ</strong></span> <span class='ocrx_word' id='word_1_761' title='bbox 1251 2086 1462 2121; x_wconf 85' lang='grc' dir='ltr'>Δευτερονομίου</span> <span class='ocrx_word' id='word_1_762' title='bbox 1477 2085 1531 2121; x_wconf 80' lang='grc' dir='ltr'><strong>ᾠδῇ</strong></span> <span class='ocrx_word' id='word_1_763' title='bbox 1549 2085 1690 2113; x_wconf 78' lang='grc' dir='ltr'>ἐκτίθεται</span> <span class='ocrx_word' id='word_1_764' title='bbox 1711 2087 1781 2122; x_wconf 71' lang='grc' dir='ltr'>περὶ</span> <span class='ocrx_word' id='word_1_765' title='bbox 1799 2087 1839 2113; x_wconf 79' lang='grc' dir='ltr'>τοι]</span> 
     </span>
    </p>
   </div>
   <div class='ocr_carea' id='block_1_105' title="bbox 1040 2130 1841 2167">
    <p class='ocr_par' dir='ltr' id='par_1_105' title="bbox 1040 2130 1841 2167">
     <span class='ocr_line' id='line_1_105' title="bbox 1040 2130 1841 2167; baseline 0.002 -10"><span class='ocrx_word' id='word_1_766' title='bbox 1040 2131 1174 2167; x_wconf 86' lang='grc' dir='ltr'>μερισμοῦ</span> <span class='ocrx_word' id='word_1_767' title='bbox 1191 2131 1245 2158; x_wconf 83' lang='grc' dir='ltr'>τῶν</span> <span class='ocrx_word' id='word_1_768' title='bbox 1262 2131 1309 2158; x_wconf 78' lang='grc' dir='ltr'>ἐπὶ</span> <span class='ocrx_word' id='word_1_769' title='bbox 1324 2131 1375 2166; x_wconf 84' lang='grc' dir='ltr'><strong>γῆς</strong></span> <span class='ocrx_word' id='word_1_770' title='bbox 1391 2130 1505 2157; x_wconf 82' lang='grc' dir='ltr'>τοιαῦτα</span> <span class='ocrx_word' id='word_1_771' title='bbox 1524 2131 1611 2165; x_wconf 78' lang='grc' dir='ltr'>λέγων</span> <span class='ocrx_word' id='word_1_772' title='bbox 1632 2141 1641 2157; x_wconf 78' lang='grc' dir='ltr'><strong>ι</strong></span> <span class='ocrx_word' id='word_1_773' title='bbox 1665 2133 1737 2158; x_wconf 82' lang='grc' dir='ltr'><strong>Ὅτε</strong></span> <span class='ocrx_word' id='word_1_774' title='bbox 1753 2132 1841 2167; x_wconf 51' lang='grc' dir='ltr'><strong>δπμέι</strong></span> 
     </span>
    </p>
   </div>
   <div class='ocr_carea' id='block_1_106' title="bbox 1040 2176 1839 2213">
    <p class='ocr_par' dir='ltr' id='par_1_106' title="bbox 1040 2176 1839 2213">
     <span class='ocr_line' id='line_1_106' title="bbox 1040 2176 1839 2213; baseline 0 -10"><span class='ocrx_word' id='word_1_775' title='bbox 1040 2176 1114 2213; x_wconf 79' lang='grc' dir='ltr'>ριζεν</span> <span class='ocrx_word' id='word_1_776' title='bbox 1130 2179 1144 2203; x_wconf 87' lang='grc' dir='ltr'>ὁ</span> <span class='ocrx_word' id='word_1_777' title='bbox 1163 2177 1294 2212; x_wconf 71' lang='grc' dir='ltr'>Ὕψιστος</span> <span class='ocrx_word' id='word_1_778' title='bbox 1311 2177 1386 2213; x_wconf 74' lang='grc' dir='ltr'>ἔθνη,</span> <span class='ocrx_word' id='word_1_779' title='bbox 1404 2178 1443 2208; x_wconf 84' lang='grc' dir='ltr'>ὡς</span> <span class='ocrx_word' id='word_1_780' title='bbox 1459 2177 1614 2212; x_wconf 79' lang='grc' dir='ltr'>διέσπειρεν</span> <span class='ocrx_word' id='word_1_781' title='bbox 1635 2178 1716 2209; x_wconf 78' lang='grc' dir='ltr'>υἱοὺς</span> <span class='ocrx_word' id='word_1_782' title='bbox 1747 2179 1839 2213; x_wconf 61' lang='grc' dir='ltr'>Ἀδάμ,</span> 
     </span>
    </p>
   </div>
   <div class='ocr_carea' id='block_1_107' title="bbox 1032 2222 1842 2259">
    <p class='ocr_par' dir='ltr' id='par_1_107' title="bbox 1032 2222 1842 2259">
     <span class='ocr_line' id='line_1_107' title="bbox 1032 2222 1842 2259; baseline -0.001 -9"><span class='ocrx_word' id='word_1_783' title='bbox 1032 2223 1145 2259; x_wconf 78' lang='grc' dir='ltr'>ἔστησεν</span> <span class='ocrx_word' id='word_1_784' title='bbox 1156 2223 1217 2258; x_wconf 80' lang='grc' dir='ltr'>ὅρια</span> <span class='ocrx_word' id='word_1_785' title='bbox 1231 2222 1315 2249; x_wconf 73' lang='grc' dir='ltr'>ἐθνῶν</span> <span class='ocrx_word' id='word_1_786' title='bbox 1330 2222 1400 2249; x_wconf 75' lang='grc' dir='ltr'>κατὰ</span> <span class='ocrx_word' id='word_1_787' title='bbox 1410 2223 1526 2258; x_wconf 74' lang='grc' dir='ltr'>ἀριθμὸν</span> <span class='ocrx_word' id='word_1_788' title='bbox 1547 2222 1676 2256; x_wconf 80' lang='grc' dir='ltr'>ἀγγέλων</span> <span class='ocrx_word' id='word_1_789' title='bbox 1687 2222 1773 2249; x_wconf 81' lang='grc' dir='ltr'>Θεοῦ.</span> <span class='ocrx_word' id='word_1_790' title='bbox 1791 2224 1842 2249; x_wconf 69' lang='grc' dir='ltr'><strong>Καὶ</strong></span> 
     </span>
    </p>
   </div>
   <div class='ocr_carea' id='block_1_108' title="bbox 1034 2267 1842 2304">
    <p class='ocr_par' dir='ltr' id='par_1_108' title="bbox 1034 2267 1842 2304">
     <span class='ocr_line' id='line_1_108' title="bbox 1034 2267 1842 2304; baseline -0.002 -8"><span class='ocrx_word' id='word_1_791' title='bbox 1034 2269 1149 2304; x_wconf 75' lang='grc' dir='ltr'>ἐγενήθη</span> <span class='ocrx_word' id='word_1_792' title='bbox 1166 2270 1243 2304; x_wconf 74' lang='grc' dir='ltr'>μερὶς</span> <span class='ocrx_word' id='word_1_793' title='bbox 1256 2269 1360 2304; x_wconf 83' lang='grc' dir='ltr'>Κυρίου</span> <span class='ocrx_word' id='word_1_794' title='bbox 1380 2269 1442 2299; x_wconf 84' lang='grc' dir='ltr'>λαὸς</span> <span class='ocrx_word' id='word_1_795' title='bbox 1460 2268 1542 2295; x_wconf 77' lang='grc' dir='ltr'>αὑτοῦ</span> <span class='ocrx_word' id='word_1_796' title='bbox 1565 2267 1676 2299; x_wconf 67' lang='grc' dir='ltr'>Ἰακὼϐ,</span> <span class='ocrx_word' id='word_1_797' title='bbox 1697 2268 1842 2303; x_wconf 74' lang='grc' dir='ltr'>σχοίνιςμα</span> 
     </span>
    </p>
   </div>
   <div class='ocr_carea' id='block_1_109' title="bbox 1036 2313 1842 2349">
    <p class='ocr_par' dir='ltr' id='par_1_109' title="bbox 1036 2313 1842 2349">
     <span class='ocr_line' id='line_1_109' title="bbox 1036 2313 1842 2349; baseline -0.002 -9"><span class='ocrx_word' id='word_1_798' title='bbox 1036 2314 1220 2349; x_wconf 77' lang='grc' dir='ltr'>κληρονομίας</span> <span class='ocrx_word' id='word_1_799' title='bbox 1232 2314 1315 2340; x_wconf 84' lang='grc' dir='ltr'>αὑτοῦ</span> <span class='ocrx_word' id='word_1_800' title='bbox 1333 2313 1448 2349; x_wconf 80' lang='grc' dir='ltr'>Ἰσραήλ.</span> <span class='ocrx_word' id='word_1_801' title='bbox 1465 2323 1474 2338; x_wconf 74' lang='grc' dir='ltr'><strong>ι</strong></span> <span class='ocrx_word' id='word_1_802' title='bbox 1486 2313 1526 2339; x_wconf 68' lang='lat' dir='ltr'><strong>Ti</strong></span> <span class='ocrx_word' id='word_1_803' title='bbox 1539 2313 1567 2339; x_wconf 76' lang='grc' dir='ltr'><strong>δὲ</strong></span> <span class='ocrx_word' id='word_1_804' title='bbox 1580 2313 1705 2348; x_wconf 71' lang='grc' dir='ltr'>περὶτῆς</span> <span class='ocrx_word' id='word_1_805' title='bbox 1716 2313 1842 2347; x_wconf 77' lang='grc' dir='ltr'>διανεμή-</span> 
     </span>
    </p>
   </div>
   <div class='ocr_carea' id='block_1_110' title="bbox 1036 2359 1841 2394">
    <p class='ocr_par' dir='ltr' id='par_1_110' title="bbox 1036 2359 1841 2394">
     <span class='ocr_line' id='line_1_110' title="bbox 1036 2359 1841 2394; baseline -0.002 -8"><span class='ocrx_word' id='word_1_806' title='bbox 1036 2359 1165 2391; x_wconf 82' lang='grc' dir='ltr'>σεωςτῶν</span> <span class='ocrx_word' id='word_1_807' title='bbox 1177 2359 1261 2387; x_wconf 73' lang='grc' dir='ltr'>ἐθνῶν</span> <span class='ocrx_word' id='word_1_808' title='bbox 1272 2361 1286 2387; x_wconf 89' lang='grc' dir='ltr'>ὁ</span> <span class='ocrx_word' id='word_1_809' title='bbox 1297 2360 1376 2391; x_wconf 73' lang='grc' dir='ltr'>αὐτὸς</span> <span class='ocrx_word' id='word_1_810' title='bbox 1385 2359 1505 2393; x_wconf 80' lang='grc' dir='ltr'>Μωῡσῆς</span> <span class='ocrx_word' id='word_1_811' title='bbox 1515 2359 1544 2385; x_wconf 74' lang='grc' dir='ltr'>ἐν</span> <span class='ocrx_word' id='word_1_812' title='bbox 1553 2359 1592 2394; x_wconf 80' lang='grc' dir='ltr'>τῷ</span> <span class='ocrx_word' id='word_1_813' title='bbox 1603 2359 1841 2394; x_wconf 61' lang='grc' dir='ltr'>ὲπιγεγραμμὲπρ</span> 
     </span>
    </p>
   </div>
   <div class='ocr_carea' id='block_1_111' title="bbox 1041 2404 1839 2441">
    <p class='ocr_par' dir='ltr' id='par_1_111' title="bbox 1041 2404 1839 2441">
     <span class='ocr_line' id='line_1_111' title="bbox 1041 2404 1839 2441; baseline -0.001 -11"><span class='ocrx_word' id='word_1_814' title='bbox 1041 2404 1135 2440; x_wconf 77' lang='grc' dir='ltr'>βιϐλίῳ</span> <span class='ocrx_word' id='word_1_815' title='bbox 1146 2405 1254 2437; x_wconf 83' lang='grc' dir='ltr'>Γένεσις</span> <span class='ocrx_word' id='word_1_816' title='bbox 1266 2407 1294 2432; x_wconf 81' lang='grc' dir='ltr'>ἐν</span> <span class='ocrx_word' id='word_1_817' title='bbox 1306 2405 1425 2441; x_wconf 79' lang='grc' dir='ltr'>ἱστορίας</span> <span class='ocrx_word' id='word_1_818' title='bbox 1437 2405 1530 2440; x_wconf 80' lang='grc' dir='ltr'>τρόπῳ</span> <span class='ocrx_word' id='word_1_819' title='bbox 1540 2405 1623 2440; x_wconf 69' lang='grc' dir='ltr'>φησιν</span> <span class='ocrx_word' id='word_1_820' title='bbox 1636 2404 1728 2436; x_wconf 74' lang='grc' dir='ltr'>οὕτως</span> <span class='ocrx_word' id='word_1_821' title='bbox 1737 2413 1743 2419; x_wconf 92' lang='grc'><strong>-</strong></span> <span class='ocrx_word' id='word_1_822' title='bbox 1762 2413 1772 2429; x_wconf 73' lang='grc' dir='ltr'><strong>ι</strong></span> <span class='ocrx_word' id='word_1_823' title='bbox 1793 2405 1839 2429; x_wconf 74' lang='lat' dir='ltr'><strong>Kz‘.</strong></span> 
     </span>
    </p>
   </div>
   <div class='ocr_carea' id='block_1_112' title="bbox 1037 2448 1838 2487">
    <p class='ocr_par' dir='ltr' id='par_1_112' title="bbox 1037 2448 1838 2487">
     <span class='ocr_line' id='line_1_112' title="bbox 1037 2448 1838 2487; baseline -0.004 -9"><span class='ocrx_word' id='word_1_824' title='bbox 1037 2448 1072 2486; x_wconf 81' lang='grc' dir='ltr'>ἦν</span> <span class='ocrx_word' id='word_1_825' title='bbox 1087 2452 1160 2478; x_wconf 85' lang='grc' dir='ltr'>πᾶσα</span> <span class='ocrx_word' id='word_1_826' title='bbox 1173 2453 1189 2487; x_wconf 85' lang='grc' dir='ltr'>ἡ</span> <span class='ocrx_word' id='word_1_827' title='bbox 1205 2452 1239 2486; x_wconf 84' lang='grc' dir='ltr'>γῆ</span> <span class='ocrx_word' id='word_1_828' title='bbox 1251 2451 1339 2487; x_wconf 83' lang='grc' dir='ltr'>χεῖλος</span> <span class='ocrx_word' id='word_1_829' title='bbox 1351 2451 1391 2484; x_wconf 82' lang='grc' dir='ltr'><strong>ἓν,</strong></span> <span class='ocrx_word' id='word_1_830' title='bbox 1406 2450 1454 2477; x_wconf 75' lang='grc' dir='ltr'>καὶ</span> <span class='ocrx_word' id='word_1_831' title='bbox 1468 2449 1544 2485; x_wconf 78' lang='grc' dir='ltr'>φωνὴ</span> <span class='ocrx_word' id='word_1_832' title='bbox 1555 2449 1605 2484; x_wconf 86' lang='grc' dir='ltr'><strong>μία</strong></span> <span class='ocrx_word' id='word_1_833' title='bbox 1617 2450 1698 2476; x_wconf 77' lang='grc' dir='ltr'>πᾶσι.</span> <span class='ocrx_word' id='word_1_834' title='bbox 1713 2450 1770 2476; x_wconf 77' lang='grc' dir='ltr'><strong>Καὶ</strong></span> <span class='ocrx_word' id='word_1_835' title='bbox 1784 2449 1838 2481; x_wconf 70' lang='grc' dir='ltr'><strong>ἐγέ-</strong></span> 
     </span>
    </p>
   </div>
   <div class='ocr_carea' id='block_1_113' title="bbox 1036 2581 1533 2618">
    <p class='ocr_par' dir='ltr' id='par_1_113' title="bbox 1036 2581 1533 2618">
     <span class='ocr_line' id='line_1_113' title="bbox 1036 2581 1533 2618; baseline -0.008 -6"><span class='ocrx_word' id='word_1_836' title='bbox 1036 2584 1199 2616; x_wconf 86' lang='lat' dir='ltr'><strong>Philoealia,</strong></span> <span class='ocrx_word' id='word_1_837' title='bbox 1218 2583 1342 2609; x_wconf 82' lang='grc' dir='ltr'>ἀτοπώτε</span> <span class='ocrx_word' id='word_1_838' title='bbox 1348 2590 1406 2618; x_wconf 64' lang='grc' dir='ltr'><strong>ρονΖ</strong></span> <span class='ocrx_word' id='word_1_839' title='bbox 1422 2581 1533 2618; x_wconf 84' lang='lat' dir='ltr'><strong>rectius.</strong></span> 
     </span>
    </p>
   </div>
   <div class='ocr_carea' id='block_1_114' title="bbox 1076 2615 1839 2655">
    <p class='ocr_par' dir='ltr' id='par_1_114' title="bbox 1076 2615 1839 2655">
     <span class='ocr_line' id='line_1_114' title="bbox 1076 2615 1839 2655; baseline -0.003 -9"><span class='ocrx_word' id='word_1_840' title='bbox 1076 2620 1116 2655; x_wconf 83' lang='lat'><strong>(5)</strong></span> <span class='ocrx_word' id='word_1_841' title='bbox 1138 2619 1222 2646; x_wconf 69' lang='lat' dir='ltr'><strong>Codd.</strong></span> <span class='ocrx_word' id='word_1_842' title='bbox 1241 2615 1382 2655; x_wconf 59' lang='lat' dir='ltr'><strong>Regius&#39;et</strong></span> <span class='ocrx_word' id='word_1_843' title='bbox 1395 2617 1488 2649; x_wconf 84' lang='lat' dir='ltr'><strong>Basil.,</strong></span> <span class='ocrx_word' id='word_1_844' title='bbox 1505 2615 1752 2652; x_wconf 81' lang='grc' dir='ltr'>παραστήσωμεν.</span> <span class='ocrx_word' id='word_1_845' title='bbox 1769 2615 1839 2644; x_wconf 73' lang='grc' dir='ltr'>ιὶίιδ.</span> 
     </span>
    </p>
   </div>
   <div class='ocr_carea' id='block_1_115' title="bbox 1035 2654 1372 2689">
    <p class='ocr_par' dir='ltr' id='par_1_115' title="bbox 1035 2654 1372 2689">
     <span class='ocr_line' id='line_1_115' title="bbox 1035 2654 1372 2689; baseline -0.015 -6"><span class='ocrx_word' id='word_1_846' title='bbox 1035 2655 1113 2687; x_wconf 79' lang='lat' dir='ltr'><strong>editi,</strong></span> <span class='ocrx_word' id='word_1_847' title='bbox 1131 2654 1372 2689; x_wconf 82' lang='grc' dir='ltr'>παραστήσομεν.-</span> 
     </span>
    </p>
   </div>
   <div class='ocr_carea' id='block_1_116' title="bbox 1072 2685 1683 2724">
    <p class='ocr_par' dir='ltr' id='par_1_116' title="bbox 1072 2685 1683 2724">
     <span class='ocr_line' id='line_1_116' title="bbox 1072 2685 1683 2724; baseline -0.008 -8"><span class='ocrx_word' id='word_1_848' title='bbox 1072 2685 1111 2724; x_wconf 80' lang='lat'><strong>(6)</strong></span> <span class='ocrx_word' id='word_1_849' title='bbox 1132 2689 1152 2716; x_wconf 84' lang='lat' dir='ltr'><strong>L</strong></span> <span class='ocrx_word' id='word_1_850' title='bbox 1164 2685 1208 2716; x_wconf 73' lang='lat' dir='ltr'><strong>tib.</strong></span> <span class='ocrx_word' id='word_1_851' title='bbox 1223 2685 1329 2724; x_wconf 72' lang='lat' dir='ltr'><strong>editi&#39;in</strong></span> <span class='ocrx_word' id='word_1_852' title='bbox 1346 2686 1481 2724; x_wconf 68' lang='lat' dir='ltr'><strong>margine,</strong></span> <span class='ocrx_word' id='word_1_853' title='bbox 1499 2685 1683 2724; x_wconf 60' lang='grc' dir='ltr'>ἀμιλλξσθαι.</span> 
     </span>
    </p>
   </div>
   <div class='ocr_carea' id='block_1_117' title="bbox 1074 2720 1839 2759">
    <p class='ocr_par' dir='ltr' id='par_1_117' title="bbox 1074 2720 1839 2759">
     <span class='ocr_line' id='line_1_117' title="bbox 1074 2720 1839 2759; baseline -0.005 -8"><span class='ocrx_word' id='word_1_854' title='bbox 1074 2720 1113 2759; x_wconf 67' lang='grc'><strong>(7)</strong></span> <span class='ocrx_word' id='word_1_855' title='bbox 1133 2723 1302 2759; x_wconf 69' lang='lat' dir='ltr'><strong>Hteschelius</strong></span> <span class='ocrx_word' id='word_1_856' title='bbox 1313 2727 1341 2759; x_wconf 77' lang='lat' dir='ltr'><strong>et</strong></span> <span class='ocrx_word' id='word_1_857' title='bbox 1359 2720 1575 2759; x_wconf 47' lang='lat' dir='ltr'><strong>Similee_rus,_~.ﬁ</strong></span> <span class='ocrx_word' id='word_1_858' title='bbox 1595 2721 1766 2759; x_wconf 61' lang='grc' dir='ltr'>ξιανεμησει</span> <span class='ocrx_word' id='word_1_859' title='bbox 1783 2720 1839 2756; x_wconf 69' lang='grc' dir='ltr'>πρὸς</span> 
     </span>
    </p>
   </div>
   <div class='ocr_carea' id='block_1_118' title="bbox 1036 2729 1838 2793">
    <p class='ocr_par' dir='ltr' id='par_1_118' title="bbox 1036 2729 1838 2793">
     <span class='ocr_line' id='line_1_118' title="bbox 1074 2729 1838 2759; baseline -0.005 -8"><span class='ocrx_word' id='word_1_860' title='bbox 1074 2729 1113 2759; x_wconf 83' lang='grc'><strong>(7)</strong></span> <span class='ocrx_word' id='word_1_861' title='bbox 1133 2729 1302 2751; x_wconf 67' lang='grc' dir='ltr'>Ηωδεῐιυιιιιε</span> <span class='ocrx_word' id='word_1_862' title='bbox 1313 2729 1341 2749; x_wconf 85' lang='lat' dir='ltr'><strong>et</strong></span> <span class='ocrx_word' id='word_1_863' title='bbox 1359 2729 1528 2754; x_wconf 66' lang='lat' dir='ltr'><strong>apencerus,</strong></span> <span class='ocrx_word' id='word_1_864' title='bbox 1540 2729 1556 2747; x_wconf 87' lang='grc' dir='ltr'><strong>τ</strong></span> <span class='ocrx_word' id='word_1_865' title='bbox 1595 2729 1766 2755; x_wconf 63' lang='grc' dir='ltr'>οιανεμτπσει</span> <span class='ocrx_word' id='word_1_866' title='bbox 1783 2729 1838 2756; x_wconf 73' lang='grc' dir='ltr'>προς</span> 
     </span>
     <span class='ocr_line' id='line_1_119' title="bbox 1036 2729 1838 2793; baseline -0.007 -7"><span class='ocrx_word' id='word_1_867' title='bbox 1036 2767 1098 2786; x_wconf 82' lang='grc' dir='ltr'>τινα</span> <span class='ocrx_word' id='word_1_868' title='bbox 1120 2759 1196 2786; x_wconf 81' lang='grc' dir='ltr'>ἄλλα.</span> <span class='ocrx_word' id='word_1_869' title='bbox 1215 2757 1284 2793; x_wconf 80' lang='grc' dir='ltr'>Περὶ</span> <span class='ocrx_word' id='word_1_870' title='bbox 1309 2757 1358 2793; x_wconf 78' lang='grc' dir='ltr'>μὲν</span> <span class='ocrx_word' id='word_1_871' title='bbox 1376 2754 1422 2784; x_wconf 83' lang='grc' dir='ltr'>οὖν</span> <span class='ocrx_word' id='word_1_872' title='bbox 1438 2756 1504 2783; x_wconf 83' lang='grc' dir='ltr'>τῶν.</span> <span class='ocrx_word' id='word_1_873' title='bbox 1595 2745 1753 2784; x_wconf 65' lang='lat' dir='ltr'><strong>Philotaiia</strong></span> <span class='ocrx_word' id='word_1_874' title='bbox 1777 2762 1803 2784; x_wconf 87' lang='lat' dir='ltr'><strong>ut</strong></span> <span class='ocrx_word' id='word_1_875' title='bbox 1819 2765 1838 2782; x_wconf 82' lang='lat' dir='ltr'><strong>tu</strong></span> 
     </span>
    </p>
   </div>
   <div class='ocr_carea' id='block_1_119' title="bbox 1041 2799 1232 2823">
    <p class='ocr_par' dir='ltr' id='par_1_119' title="bbox 1041 2799 1232 2823">
     <span class='ocr_line' id='line_1_120' title="bbox 1041 2799 1232 2823; baseline -0.016 0"><span class='ocrx_word' id='word_1_876' title='bbox 1041 2799 1134 2823; x_wconf 75' lang='grc' dir='ltr'>ηοειιό</span> <span class='ocrx_word' id='word_1_877' title='bbox 1148 2799 1232 2822; x_wconf 78' lang='lat' dir='ltr'><strong>textu.</strong></span> 
     </span>
    </p>
   </div>
  </div>
