1877 3100
105 155 118 182 1
123 155 178 184 225

704 153 844 182 CONTRA
862 153 1002 182 CELSUM
1018 153 1082 180 LIB.
1102 153 1135 180 ν.

1671 159 1741 188 i223

105 221 167 239 νετο
181 212 209 239 ὲν
225 211 263 247 τῷ
277 210 389 246 κινῆσαι
404 210 503 242 αὐτοὺς
518 210 571 237 ἀπὸ
585 210 737 244 ἀνατολῶν,
758 207 836 248 εὗρον
849 220 898 238 τιε-

992 219 1070 247 mque
1096 212 1335 246 proficisccrentur
1357 213 1391 241 dc
1416 214 1545 248 Oriente,
1574 215 1741 246 invenerunt

101 258 162 286 δίον
177 258 206 286 ὲν
220 258 255 293 γῇ
271 257 402 292 Σενναὰρ,
420 256 466 283 καὶ
480 255 643 292 κατῴκησαν
657 256 723 283 ἐκεῖ.
745 265 754 282 ›
770 257 823 283 Καὶ
838 257 896 292 μετ’

102 304 196 338 ὀλίγα,
216 312 225 328 ι
246 302 369 338 Κατέὃη,
392 303 470 338 φησι,
486 302 588 338 Κύριος
606 302 643 337 (8)
665 302 728 329 ἰδεῖν
741 304 791 338 τὴν
810 303 896 335 πόλιν,

103 350 154 376 καὶ
174 349 220 376 τὸν
238 348 353 384 πύργον,
369 347 400 374 ὃν
419 347 597 383 ᾠκοδόμησαν
613 347 637 372 οί
654 347 707 373 υἱοὶ
722 346 776 373 τῶν
793 346 898 382 ἀνθρώ-

103 403 179 421 πων·
197 394 243 421 καὶ
258 392 318 420 εἶπε
332 392 434 428 Κύριος
445 401 453 408 ν
480 392 546 419 Ἰδοὺ
561 392 638 426 γένος
655 392 694 424 ἓν,
709 392 756 419 καὶ
768 392 857 427 χεῖλος
869 391 898 418 ἓν

103 442 224 468 πάντων·
236 439 369 467 καὶτοῦτο
381 439 497 475 ἧρξαντο
507 439 627 473 ποιῆσαι,
640 438 686 465 καὶ
697 438 744 466 νῦν
754 439 804 465 οὐκ
816 438 899 465 ἐκλεί-

102 487 151 522 ψει
165 487 211 514 ἀπ’
222 486 311 513 αὐτῶν
320 485 420 516 πάντα,
429 485 479 511 ὃσα
486 484 518 511 ἂν
530 484 678 511 ἐπιθῶνται
690 485 776 510 ποιεῖν
789 492 795 499 ι
810 483 897 515 δεῦτε,

103 533 155 560 καὶ
170 532 338 563 καταϐάντες
352 531 511 566 συγχὲωμεν
525 531 583 557 ἐκεῖ
596 529 644 566 τὴν
656 530 780 565 γλῶσσαν
797 530 896 562 αὐτῶν,

104 579 152 605 ἵνα
168 578 205 614 μὴ
226 577 378 604 ἀκούσωσιν
402 577 438 612 (9)
454 576 569 608 ⁹ἑκαστος
591 576 638 611 τὴν
656 576 747 611 φωνὴν
761 576 809 602 τοῦ
829 575 897 610 πλη-

104 625 165 651 σίον
181 623 273 652 αὐτοῦ.
301 624 356 650 Καὶ
376 623 528 658 διέσπειρεν
550 623 646 654 αὐτοὺς
670 621 769 658 Κύριος
794 621 898 648 ἐκεῖθεν

103 670 155 697 ἐπὶ
166 670 197 697 τὸ
208 669 351 705 πρόσωπον
362 669 452 704 πάσης
464 668 514 704 τῆς
526 667 588 703 γῆς,
598 668 644 695 καὶ
659 667 814 694 ἐπαύσαντο
828 668 899 694 οἰκο-

102 716 253 752 δομοῦντες
277 716 326 751 τὴν
351 714 437 746 πόλιν,
461 715 507 742 καὶ
533 714 577 741 τὸν
603 714 717 750 πύργον.
745 714 795 741 Διὰ
820 713 899 740 τοῦτο

103 761 210 797 ἐκλήθη
224 762 254 788 τὸ
271 761 356 797 ὄνομα
374 762 458 797 αὐτῆς
475 761 531 797 (ιο)
545 761 686 796 σύγχυσις,
703 761 743 787 ὅτι
759 761 817 787 ἐκεῖ
838 769 899 787 συν-

103 808 168 843 έχεε
181 807 282 843 Κύριος
293 808 307 834 ό
319 808 386 839 Θεὸς
397 807 519 842 τὰχείλη
534 807 624 843 πάσης
637 807 686 842 τῆς
696 806 759 842 γῆς,
773 806 898 833 κάκεῖθεν

101 854 260 890 διέσπειρεν
274 854 371 885 αὐτοὺς
382 853 484 889 Κύριος
494 855 508 880 ὁ
519 854 585 886 Θεὸς
596 853 642 880 ἐπὶ
653 852 797 888 πρόσωπον
809 853 898 887 πάσης

951 266 1076 293 campum
1091 259 1118 285 in
1135 263 1208 286 terra
1221 259 1347 287 Sennaar
1360 264 1384 287 et
1399 261 1590 289 habitaverunt
1602 263 1629 290 in
1644 270 1677 291 eo
1687 263 1739 291 ³⁸.»

952 304 986 331 Ει
1001 304 1082 339 paulo
1095 308 1179 339 post:
1201 314 1209 329 ι
1226 305 1379 336 Descendit,
1395 305 1493 340 inquit,
1511 307 1642 335 Dominus
1654 314 1684 337 ut
1699 311 1741 336 vi-

952 349 1028 377 deret
1041 349 1182 377 civitatem
1202 354 1228 377 et
1246 350 1354 383 turrim,
1371 357 1452 385 quam
1469 352 1671 382 aediﬁcaverant
1692 355 1739 382 ﬁlii

953 395 1104 428 hominum,
1116 400 1143 423 et
1157 396 1226 422 dixit
1241 395 1373 424 Dominus
1392 405 1398 421 :
1415 397 1484 425 Ecce
1502 406 1572 427 unus
1589 405 1631 427 est
1656 408 1741 436 popu-

952 441 994 469 lus
1010 446 1037 469 et
1051 450 1133 469 unum
1146 441 1246 469 labium
1263 443 1391 470 omnibus
1406 452 1411 470 :
1428 450 1625 481 cmperuntqnc
1640 447 1691 475 hoc
1700 447 1741 475 fa-

953 495 1026 520 cere,
1045 495 1094 516 nec
1112 488 1245 516 desistcnt
1259 496 1273 515 a
1289 489 1497 523 cogitationibus
1515 491 1582 524 suis,
1596 493 1682 521 donec
1693 502 1741 522 eas

952 541 1035 570 opere
1046 534 1217 569 compleant;
1246 535 1336 562 venite
1352 535 1433 570 igitur
1445 541 1472 562 et
1487 537 1697 571 descendamus,
1711 545 1740 567 et

952 581 1150 608 canfundamus
1183 580 1219 608 ibi
1247 580 1367 616 linguam
1390 588 1497 614 eorum,
1521 587 1548 610 et
1575 591 1628 611 non
1647 585 1740 612 audiat

953 627 1140 662 unusquisque
1155 634 1247 654 vocem
1265 627 1381 661 proximi
1403 628 1455 655 sui.
1481 629 1570 663 Atque
1593 630 1630 657 ita
1648 631 1741 659 divisit

952 679 1000 700 c05
1022 673 1153 700 Dominus
1166 680 1199 699 ex
1212 672 1259 700 illo
1274 673 1333 700 loco
1344 681 1425 707 super
1438 673 1533 701 faciem
1547 676 1636 703 omnis
1651 681 1740 709 terrm,

952 723 980 746 et
997 722 1172 746 cessaverunt
1187 718 1324 746 tedilicare
1335 718 1472 746 civitatem
1488 723 1516 746 et
1528 721 1636 747 turrim.
1653 721 1685 748 Et
1699 722 1741 748 id-

953 764 1028 792 circo
1050 769 1176 792 vocatum
1190 770 1232 792 est
1259 772 1355 792 nomen
1382 764 1440 799 ejus
1461 765 1602 800 Coufusio,
1621 767 1685 801 quia
1705 769 1741 795 ibi

952 807 1074 836 confudit
1093 807 1164 835 Deus
1174 808 1245 836 labia
1262 809 1395 836 universa:
1406 815 1495 842 terrm,
1511 816 1538 837 et
1554 811 1615 839 inde
1638 813 1742 847 disper-

953 853 990 880 sit
1001 860 1049 881 eos
1066 853 1193 881 Dominus
1209 861 1293 888 super
1313 853 1412 881 faciem
1432 855 1515 881 totius
1533 860 1615 883 terrae
1626 856 1659 884 ³⁵.
1678 867 1687 883 ι
1708 857 1742 884 Et

101 900 158 936 τῆς
173 900 235 935 γῆς.
258 909 267 925 ι
284 899 338 926 Καὶ
355 900 383 925 ὲν
398 900 431 935 τῇ
449 899 676 935 ἐπιγεγραμμένη
690 899 718 926 δὲ
732 898 902 934 Σολομῶντος

999 899 1069 927 libro
1092 899 1138 934 qui
1158 898 1296 934 Sapientia
1311 900 1465 928 Salomonis
1494 907 1619 934 vocatur,
1638 905 1741 931 mentio

102 945 193 981 Σοφίᾳ
209 945 272 981 περὶ
290 945 340 980 τῆς
356 944 451 979 σοφίας
461 964 467 976 ,
486 945 532 972 καὶ
547 945 600 971 τῶν
619 945 690 972 κατὰ
702 945 753 981 τὴν
771 944 901 979 σύγχυσιν

101 992 162 1019 τῶν
179 991 337 1023 διαλέκτων,
351 991 380 1017 ὲν
435 991 580 1026 γεγένηται
598 992 612 1017 ὁ
630 990 763 1027 μερισμὸς
783 991 838 1018 τῶν
854 991 902 1018 ἐπὶ

101 1038 157 1073 τῆς
169 1038 230 1073 γῆς,
241 1036 352 1064 τοιαῦτα
365 1038 429 1072 περὶ
442 1037 491 1072 τῆς
500 1037 598 1071 Σοφίας
606 1036 724 1072 ενρηταν
742 1046 751 1062 ‹
762 1036 837 1072 Αὕτη
854 1037 901 1064 καὶ

102 1084 137 1110 ἐν
153 1083 263 1119 ὁμονοίᾳ
284 1083 416 1118 πονηρίας
436 1082 520 1109 ἐθνῶν
549 1083 737 1118 συγχυθέντων
757 1082 828 1117 ἔγνω
853 1082 900 1110 τὸν

102 1129 222 1161 δίκαιον,
242 1129 290 1156 καὶ
306 1128 438 1164 ἐφύλαξεν
455 1128 536 1155 αὑτὸν
555 1128 697 1164 ἄμεμπτον
711 1127 751 1164 τῷ
768 1128 837 1164 Θεῷ,
853 1129 901 1156 καὶ

103 1176 156 1202 ὲπὶ
173 1175 268 1202 τέκνου
289 1175 453 1211 σπλάγχνοις
469 1175 577 1210 ίσχυρδν
594 1174 720 1209 ἐφύλαξε.
743 1184 752 1200 ι
777 1175 863 1206 Πολὺς
878 1175 900 1202 δ’

102 1222 119 1249 ὁ
136 1221 216 1256 λόγος
235 1222 283 1248 καὶ
301 1223 431 1257 μυστικὸς
446 1223 460 1248 ό
483 1221 548 1257 περὶ
562 1221 676 1253 τούτων,
690 1218 712 1256 ᾧ
728 1221 843 1256 ἁρμόζει
858 1221 899 1254 τὸ,

105 1278 116 1294 ι
141 1268 301 1303 Μυστήριον
322 1267 454 1302 βασιλέως
471 1267 602 1303 κρύπτειν
615 1267 707 1299 καλόν,
725 1276 734 1292 ι
753 1267 797 1294 ἵνα
813 1266 850 1302 μὴ
861 1267 901 1298 εἰς

103 1313 158 1345 τὰς
171 1314 305 1349 τυχούσας
319 1314 404 1345 ἀκοὰς
414 1314 427 1340 ὁ
442 1314 507 1349 περὶ
517 1313 610 1348 ψυχῶν
625 1312 680 1348 (il)
695 1312 745 1339 οὐκ
762 1313 794 1338 ἐκ
809 1320 900 1347 μετεν-

104 1359 298 1395 σωματὼσεως
312 1361 351 1392 είς
369 1359 448 1395 σῶμα
461 1359 628 1393 ὲνδυομὲνων
645 1358 701 1394 (12)
715 1358 793 1393 λόγος
805 1357 901 1394 ριπτῆ-

102 1415 164 1439 ται,
183 1406 250 1442 μηδὲ
259 1406 292 1433 τὰ
304 1407 369 1441 ἅγια
382 1406 490 1433 διδῶται
503 1406 558 1437 τοῖς
570 1405 644 1436 κυσὶ,
659 1404 720 1440 μηδ’
732 1404 756 1431 οἱ
769 1405 901 1440 μαργαρῖ‹

103 1460 152 1478 ται
165 1450 392 1487 παραϐάλλωνται
403 1451 513 1487 χοίροις.
536 1450 645 1482 Ἀσεὸὲς
657 1450 711 1486 γὰρ
727 1450 758 1477 τὸ
771 1450 899 1482 τοιοῦτον,

104 1497 254 1533 προδοσίαν
268 1497 393 1532 περιέχον
406 1496 460 1523 τῶν
474 1496 637 1532 ἀπορρήτων
650 1496 700 1530 τῆς
712 1495 759 1522 τοῦ
774 1495 841 1522 Θεοῦ
858 1504 901 1522 σο-

104 1543 173 1577 φίας
185 1542 292 1578 λογίων,
308 1543 373 1578 περὶ
389 1540 422 1578 ἧς
439 1542 529 1574 καλῶς
543 1542 711 1577 γέγραπται⁵
729 1551 738 1567 ι
760 1542 807 1573 Εἰς
823 1540 902 1568 κακό-

104 1597 203 1624 τεχνον
224 1588 313 1624 ψυχὴν
333 1588 383 1615 οὐκ
403 1588 587 1615 εἰσελεύσεται
612 1588 707 1623 σοφία,
727 1588 787 1615 οὐδὲ
809 1596 899 1615 κατοι-

104 1635 189 1669 κήσει
206 1634 235 1660 ἐν
253 1633 358 1669 σώματι
372 1633 516 1669 κατάχρεῳ
530 1633 678 1669 ἁμαρτίας.
694 1643 703 1659 ι
725 1634 818 1670 Ἀρκεῖ
829 1633 856 1660 δὲ
865 1634 899 1661 τὰ

104 1680 308 1716 κεκρυμμένως
329 1679 367 1711 ὡς
380 1681 408 1706 ὲν
426 1679 547 1714 ἱστορίας
567 1680 659 1716 τρόπῳ
676 1679 809 1715 εἰρημένα
829 1679 900 1706 κατὰ

103 1726 153 1752 τὸν
166 1726 218 1761 τῆς
235 1726 355 1761 ἱστορίας
368 1727 540 1761 παραστῆσαι
553 1725 654 1761 τρόπον
671 1725 704 1752 ἵν’
717 1726 742 1751 οἰ
756 1725 899 1760 δυνάμενοι

104 1772 216 1803 ἑαυτοῖς
232 1771 468 1807 ἐπεξεργάσωνται
483 1771 517 1798 τὰ.
529 1771 599 1798 κατὰ
610 1771 656 1797 τὸν
670 1771 762 1798 τόπον.

142 1817 318 1844 Νοείσθωσαν
343 1817 431 1844 τοίνυν
453 1817 553 1848 πάντες
575 1817 600 1843 οί
625 1816 672 1842 ἐπὶ
692 1816 743 1851 γῆς
774 1817 822 1851 μιᾷ
849 1824 900 1842 τινι

103 1863 241 1897 διαλέκτῳ
266 1862 327 1898 θείᾳ
354 1863 502 1899 χρώμενοι,
533 1863 580 1889 καὶ
606 1863 701 1896 ὅσονγε
725 1861 900 1896 συμφωνοῦσι

103 1909 178 1945 πρὸς
198 1908 339 1944 ἀλλήλους,
365 1908 551 1944 τηρείσθωσαν
571 1909 599 1934 ὲν
620 1909 654 1943 τῇ
672 1907 732 1943 θείᾳ
750 1907 898 1942 διαλέκτῳ·

105 1955 157 1981 καὶ
174 1954 296 1981 ἔστωσαν
308 1954 431 1990 ἀκίνητοι
447 1955 501 1982 τῶν
517 1954 663 1987 ἀνατολῶν,
680 1954 709 1986 ἐς
723 1954 784 1980 ὅσον
799 1954 852 1980 είσὶ
867 1954 901 1981 τὰ

104 1999 158 2027 τοῦ
175 2000 263 2034 φωτὸς
279 2000 326 2027 καὶ
341 1999 389 2026 τοῦ
406 2000 460 2028 ἀπὸ
477 2000 566 2035 φωτὸς
583 2000 669 2027 ἀϊδίου
686 1999 902 2035 ἀπαυγάσματος

105 2045 282 2082 φρονοῦντες.
297 2047 352 2073 Καὶ
368 2043 450 2078 οῦτοι,
465 2046 533 2073 ὲπάν
546 2047 694 2082 κινήσωσιν
705 2046 758 2073 ἀπὸ
772 2046 825 2073 τῶν
837 2047 901 2073 ἁνα-

104 2092 195 2120 τολῶν
210 2093 334 2124 ἑαυτοὺς,
358 2092 485 2128 ἀλλότρια
508 2092 644 2119 ἀνατολῶν
667 2092 844 2128 φρονοῦντες,
862 2092 902 2118 εύ-

106 2138 280 2174 ρισκέτωσαν
290 2139 381 2165 πεδίον
396 2140 425 2165 ὲν
440 2139 475 2174 γῇ
489 2138 609 2174 Σενναὰρ
629 2138 709 2174 (ὅπερ
723 2137 903 2173 ἑρμηνεύεται

105 2184 243 2211 ὀδόντων
254 2184 441 2219 ὲκτινιιγιμὸς,
458 2184 528 2210 κατὰ
540 2183 674 2219 σύμϐολον
692 2183 739 2211 τοῦ
756 2183 902 2210 ἀπολλύναι

105 2230 211 2261 αὐτοὺς
232 2230 266 2256 τὰ
292 2230 325 2256 δι’
350 2227 388 2257 ὦν
415 2229 589 2265 τρέφονται),
620 2229 668 2256 καὶ
693 2229 903 2256 κατοικείτωσαν

106 2277 180 2303 ἐκεῖ.
207 2274 275 2303 Εἶτα
295 2276 329 2303 τὰ
350 2276 401 2311 τῆς
425 2276 491 2312 ὕλης
515 2277 676 2310 συναγαγεῖν
698 2275 830 2308 θέλοντες,
855 2275 902 2302 καὶ

107 2321 210 2349 κολλᾶν
227 2321 260 2348 τὰ
281 2322 319 2358 μὴ
342 2323 481 2357 πεφυκότα
498 2322 643 2349 κολλᾶσθαι
657 2321 774 2357 οὐρανῷ,
795 2321 840 2348 ἴνα
859 2321 903 2348 διὰ

107 2368 168 2395 τῶν
183 2367 283 2395 ὑλικῶν
304 2368 518 2395 ὲπιὸουλεύσωσι
537 2369 592 2400 τοῖς
609 2368 710 2400 ἀΰλοις,
733 2367 900 2402 λεγέτωσαν*

111 2424 122 2440 ί
145 2413 238 2445 Δεῦτε,
255 2413 458 2450 πλινθεύσωμεν
472 2413 607 2447 πλίνθους,
623 2414 671 2440 καὶ
681 2414 845 2450 ὀπτήσωμεν
859 2413 906 2440 αὐ-

107 2458 164 2489 τὰς
177 2458 233 2494 (15)
251 2458 326 2494 πυρί.
346 2468 355 2484 ι
378 2459 420 2490 Ὠς
432 2456 478 2485 οὖν
495 2458 674 2494 κρατύνοντες
689 2459 736 2485 καὶ
752 2459 906 2494 πηγνυντες

107 2504 148 2531 τὰ
173 2503 273 2540 πήλινα
289 2505 335 2531 καὶ
358 2505 449 2537 ὑλικὰ,
467 2504 512 2531 καὶ
529 2504 578 2541 τὴν
597 2504 706 2532 πλίνθον
729 2504 801 2531 λίθον
819 2505 906 2530 ποιεῖν

149 2562 174 2578 ³⁵
191 2560 259 2589 Gen.
278 2570 317 2595 χι,
341 2563 368 2595 1,
383 2563 412 2590 2.
459 2562 481 2579 ³⁸
503 2562 587 2596 lbid.,
610 2562 671 2590 5-9.

109 2598 137 2614 “
152 2596 221 2625 Gen.
237 2605 276 2628 XI.
287 2598 314 2625 5.

109 2679 135 2707 Θ
153 2643 201 2706 (68)
230 2643 378 2671 Philocalia
410 2648 470 2679 post
501 2651 614 2676 vocem,
642 2642 761 2679 Κύριος,
791 2642 866 2670 addit
889 2643 903 2669 ό

138 2687 151 2705 ε
169 2687 194 2707 ς.

138 2687 194 2710 εος.

152 2714 191 2748 (9)
212 2712 370 2749 Philocalia,
385 2713 543 2749 συγχέωμεν
558 2713 701 2745 αὺτῶντὰς
715 2712 850 2747 γλώσσας,
860 2712 903 2739 ἵνα

113 2749 156 2786 μὴ
169 2748 318 2786 βίκοιέευσιντ

153 2782 209 2818 (i0)
231 2783 400 2819 limsrhelius
424 2788 451 2811 et
477 2784 640 2819 Spencerus,
660 2782 755 2819 αὐτοῦ,
777 2782 904 2819 Philaen-

113 2816 162 2849 Ιὶτιξ
185 2816 281 2853 α’ὑτῆς.
299 2819 381 2846 Paulo
398 2824 459 2852 post
479 2816 572 2846 eadem
594 2818 756 2849 Philocalia,
778 2816 904 2853 κάκεῖθεν

112 2851 280 2890 διέσπειρεν.
302 2851 472 2882 [hic-schelius
493 2859 520 2882 et
546 2854 714 2890 Spcncerus,
737 2852 818 2880 κάκεῖ
849 2851 904 2878 διέ-

115 2897 238 2925 σπειρεν.

280 2937 417 2967 Ριιτῐιοι.
436 2935 494 2966 Gn.
515 2935 571 2965 ΧΙ.

722 2562 745 2578 ³⁸
769 2561 832 2596 Sap.
854 2568 882 2594 ι,
907 2560 935 2588 5.

954 937 1065 978 quoque
1089 943 1118 970 fit
1131 944 1165 971 de
1179 943 1223 971 illa
1242 944 1396 979 linguarum
1422 945 1585 974 confusione
1598 955 1679 982 quam
1696 956 1740 976 εο-

952 993 1013 1016 cuta
1031 993 1073 1016 est
1087 989 1207 1024 gentium
1224 990 1331 1018 divisio.
1359 991 1405 1018 Sic
1422 992 1495 1019 enim
1513 993 1547 1020 ibi
1563 993 1596 1021 de
1622 993 1739 1029 Sapien-

953 1034 988 1061 tia
1005 1043 1012 1061 :
1031 1043 1040 1060 ι
1059 1034 1122 1062 [hcc
1139 1039 1166 1063 et
1188 1035 1214 1063 in
1240 1043 1374 1064 consensu
1401 1038 1528 1073 nequitia:
1554 1047 1615 1066 cum
1636 1045 1741 1078 gentes

952 1079 1071 1108 canfusat
1083 1080 1207 1113 fuissent,
1225 1081 1304 1109 scivit
1319 1082 1432 1116 justum,
1448 1088 1475 1112 et
1488 1087 1659 1114 conservavit
1680 1088 1740 1115 sine

951 1126 1061 1160 querela
1073 1125 1141 1158 Deo,
1160 1131 1188 1154 et
1213 1127 1238 1154 in
1257 1127 1303 1154 filii
1327 1129 1514 1157 misericordia
1534 1131 1633 1158 fortem
1648 1138 1738 1160 custo-

952 1171 1021 1198 divit
1034 1171 1067 1199 “.
1082 1181 1092 1198 ι
1115 1172 1152 1200 De
1170 1173 1270 1208 quibus
1290 1174 1372 1210 longa
1391 1179 1418 1202 ct
1435 1183 1532 1203 arcana
1548 1177 1631 1205 fuerit
1646 1179 1738 1213 dispu-

952 1217 1028 1244 tatio.
1044 1216 1098 1245 Sed
1111 1225 1154 1245 me
1167 1218 1289 1246 deterret
1306 1219 1396 1247 istud:
1415 1229 1424 1245 σ
1442 1219 1649 1249 Sacramentnm
1666 1223 1739 1257 regis

952 1262 1119 1291 abscondere
1126 1264 1225 1292 bonum
1240 1264 1339 1298 est",)
1351 1273 1384 1292 ne
1395 1266 1546 1293 doctrinam
1555 1267 1586 1294 de
1596 1267 1739 1296 animabus

952 1316 1014 1343 qum
1040 1309 1066 1342 in
1091 1316 1216 1344 corpora,
1236 1310 1283 1338 sed
1300 1318 1352 1337 non
1369 1319 1402 1338 ex
1424 1312 1585 1346 corporibus
1609 1313 1738 1348 migrant.

952 1354 1074 1389 profanis
1085 1356 1196 1382 auribus
1213 1356 1381 1390 instillando,
1395 1363 1487 1384 sancta
1503 1358 1615 1386 canibus
1629 1359 1695 1386 dare
1711 1365 1737 1386 ct

952 1401 1116 1436 margaritas
1129 1407 1192 1428 ante
1204 1409 1301 1436 porcos
1312 1403 1445 1437 projicere
1465 1403 1561 1431 videar
1572 1404 1606 1431 ³⁸.
1624 1404 1737 1439 lmpium

951 1447 1024 1475 enim
1039 1447 1075 1474 sit
1089 1448 1205 1482 prodere
1224 1456 1324 1475 arcana
1345 1449 1445 1476 divina:
1470 1450 1621 1485 sapientiae,
1638 1452 1670 1479 de
1685 1459 1737 1488 qua

952 1493 1065 1528 pulchre
1082 1494 1212 1528 scriptum
1228 1500 1290 1522 est:
1308 1504 1317 1520 ι
1333 1495 1360 1522 In
1374 1492 1534 1523 malevolam
1548 1497 1667 1527 animam
1684 1505 1737 1526 non

953 1540 1076 1568 introibit
1092 1540 1235 1575 sapientia,
1248 1549 1298 1568 nec
1314 1541 1448 1569 habitabit
1460 1542 1486 1568 in
1503 1549 1619 1578 corpore
1632 1544 1740 1571 subdito

953 1587 1071 1621 peccatis
1089 1587 1122 1614 ³³.
1137 1597 1146 1614 ι
1168 1586 1240 1615 Satis
1255 1594 1320 1622 erg)
1342 1587 1424 1615 fuerit
1446 1587 1578 1616 historico
1598 1596 1673 1616 more
1689 1597 1737 1616 ex-

954 1633 1047 1660 hibere
1065 1640 1127 1668 quae
1146 1633 1253 1660 occulte
1267 1634 1343 1667 quasi
1359 1633 1472 1661 histeria
1489 1635 1588 1662 tradita
1609 1639 1686 1668 sunt,
1710 1639 1739 1662 ut

953 1679 998 1714 qui
1015 1683 1138 1713 possunt,
1155 1680 1205 1706 sibi
1231 1679 1281 1713 ipsi
1306 1679 1356 1706 loci
1382 1679 1461 1714 hujus
1478 1680 1646 1708 intellectual
1664 1689 1738 1716 quae-

954 1733 1001 1752 ratt
1006 1729 1024 1752 t.

989 1814 1035 1842 ΞΟ.
1053 1813 1098 1841 Sic
1110 1814 1193 1847 igitur
1207 1813 1380 1849 intelligenda
1395 1821 1438 1841 res
1453 1818 1494 1840 est
1513 1823 1519 1841 :
1538 1814 1586 1846 Qui
1602 1822 1698 1842 omnes
1712 1815 1739 1842 in

956 1864 1027 1886 terra
1041 1860 1187 1886 utebantur
1200 1866 1250 1885 una
1266 1859 1383 1892 quadam
1406 1858 1497 1885 divina
1521 1859 1610 1892 lingua
1621 1879 1628 1891 ,
1654 1859 1680 1886 in
1693 1859 1739 1886 illa

955 1904 1054 1931 utenda
1071 1904 1227 1938 perstitere,
1244 1904 1364 1938 quandiu
1383 1903 1454 1930 inter
1469 1910 1500 1930 se
1521 1908 1739 1938 consenserunt;

956 1957 1006 1978 nec
1019 1957 1049 1978 se
1065 1950 1204 1978 dimovent
1219 1950 1253 1977 ab
1268 1949 1379 1977 Oriente
1392 1969 1400 1982 ,
1421 1949 1506 1978 donec
1533 1949 1586 1977 illis
1608 1949 1699 1977 lumen
1713 1955 1741 1978 et

955 1995 1067 2022 luminis
1081 1995 1177 2022 aeterni
1194 1994 1323 2029 splendor
1333 1995 1416 2029 sapit.
1430 1994 1511 2022 Iidem
1529 1994 1569 2021 illi
1580 1990 1613 2022 ab
1630 1995 1740 2022 Oriente

957 2041 1099 2074 recedunt,
1125 2041 1208 2076 600
1232 2048 1293 2068 cum
1310 2048 1353 2068 res
1379 2041 1432 2069 illis
1457 2042 1491 2069 ab
1508 2041 1619 2068 Oriente
1643 2041 1740 2069 alienm

956 2087 1082 2122 placent;
1106 2091 1219 2121 tumque
1232 2093 1357 2121 campum
1375 2087 1515 2114 inveniunt
1536 2087 1562 2114 in
1582 2092 1655 2115 terra
1673 2087 1742 2114 Sen-

956 2141 1023 2162 naar
1037 2134 1109 2168 (quae
1121 2140 1172 2160 vox
1185 2133 1256 2160 idem
1267 2138 1388 2160 sonatac
1402 2133 1519 2160 dentium
1530 2135 1661 2167 excussio,
1673 2141 1743 2168 qua-

956 2187 1010 2214 que
1024 2179 1194 2214 significatur
1209 2186 1255 2206 eos
1277 2179 1404 2206 amisisse
1429 2187 1461 2207 ea
1491 2180 1590 2215 quibus
1610 2180 1741 2216 aluntur),

957 2226 1047 2261 ibique
1061 2225 1196 2252 habitant.
1216 2224 1282 2252 Cum
1297 2229 1389 2251 autem
1405 2225 1534 2261 colligere
1550 2226 1680 2254 materias
1690 2233 1742 2253 vo-

955 2273 1024 2305 lunt,
1040 2277 1068 2299 et
1078 2271 1149 2300 cmlo
1159 2279 1203 2299 res
1215 2271 1382 2307 conjungere
1396 2279 1457 2306 quae
1471 2272 1598 2308 conjungi
1613 2280 1666 2300 non
1679 2278 1744 2301 sunt

957 2317 1072 2349 idoneae.
1085 2321 1115 2344 ut
1127 2323 1175 2351 per
1188 2322 1231 2343 res
1241 2315 1356 2342 materia
1369 2319 1511 2343 concretas
1522 2316 1557 2343 ad
1573 2325 1616 2345 res
1628 2319 1743 2346 materia

959 2362 1063 2390 solutas
1076 2360 1205 2388 affectent
1217 2361 1306 2393 viam;
1325 2364 1381 2387 tum
1399 2360 1492 2387 dicunt
1507 2369 1513 2387 :
1531 2369 1541 2386 ‹
1558 2353 1675 2394 Venite.
1699 2362 1741 2389 fa-

958 2408 1062 2436 ciamus
1073 2407 1174 2435 lateres
1189 2411 1218 2434 et
1232 2412 1380 2440 coquamus
1391 2412 1438 2432 eos
1452 2405 1512 2440 igne
1521 2406 1555 2432 ⁸ο.
1576 2415 1586 2432 ι
1604 2406 1659 2434 Sed
1674 2411 1746 2442 post-

958 2460 1058 2489 quam,
1082 2452 1197 2480 iirmatis
1211 2450 1411 2487 contpactisque
1428 2451 1483 2478 luto
1499 2456 1525 2478 et
1549 2452 1669 2479 materiis
1681 2472 1688 2485 ,
1710 2461 1744 2481 ex

959 2499 1093 2527 lateribus
1105 2497 1209 2533 lapides
1223 2501 1251 2524 et
1263 2503 1297 2524 ex
1311 2495 1368 2522 luto
1382 2495 1504 2523 bitumen
1525 2494 1636 2524 efﬁcere
1651 2503 1744 2525 tenta-

986 2558 1008 2575 "
1023 2556 1154 2589 Tob.xn,
1168 2555 1194 2582 7.
1248 2554 1272 2571 ⁸⁸
1297 2553 1391 2581 Matth.
1413 2560 1461 2586 vn,
1479 2551 1506 2580 6.

1554 2553 1577 2570 "
1592 2553 1655 2590 Sap.
1677 2562 1697 2587 ι,
1714 2555 1744 2583 4.

996 2637 1143 2678 (Ηλμςιρ
1163 2635 1283 2671 ψυχῶν.
1305 2636 1373 2664 Vide
1394 2635 1582 2662 adnotationcs
1604 2636 1637 2678 ad
1656 2637 1703 2664 lib.
1720 2647 1744 2669 r,

957 2673 1033 2703 num.
1047 2673 1091 2703 32.
1106 2673 1150 2700 '55.
1614 2676 1616 2678 '

992 2709 1048 2743 (l2)
1076 2708 1160 2734 Recte
1184 2705 1352 2743 i’hjlocalia,
1376 2704 1553 2743 ἐνδεδομένων.
1572 2705 1744 2743 >Hcetchclius

956 2750 983 2772 et
1005 2740 1168 2778 Sp’encerus,
1185 2740 1365 2778 >év§oupévuwf
1385 2742 1443 2768 Mox
1459 2740 1601 2778 Philocah,
1614 2741 1656 2778 "ad:
1679 2742 1744 2775 ᾰγισ

956 2775 1074 2820 ξῴὦται.
1099 2775 1272 2804 llmschelius
1292 2781 1320 2804 et
1349 2777 1522 2812 Spencerns,
1549 2776 1583 2803 τὰ
1611 2777 1678 2812 ἆγια
1704 2778 1743 2804 δι-

957 2815 1193 2892 8uariae“;[’ltiloc.,
1218 2845 1318 2878 αὑτάς,
1349 2845 1484 2875 llmscltel.
1510 2853 1536 2875 et
1561 2848 1672 2882 Spcnc.,
1696 2847 1744 2873 αὑι

959 2893 1031 2916 τους.

1567 2928 1606 2958 39
