1877 3100
70 141 144 170 1217

693 145 832 173 CONTRA
848 144 987 173 CELSUM
1004 143 1068 171 LIB.
1085 144 1118 172 ν.

1632 143 1700 173 1213

70 199 203 236 βούλησιν
215 200 298 227 αὐτοῦ
312 199 441 235 γινόμενα
455 200 611 235 ἀναγκαίως
627 201 731 233 εὐθέως
744 201 814 228 εἶναι
829 211 845 237 μ

919 200 1031 229 consilio
1042 200 1090 227 Dei
1105 203 1133 227 et
1143 199 1283 226 voluntate
1302 199 1341 232 tit,
1357 199 1383 226 id
1396 199 1550 227 necessario
1566 201 1700 228 confiten—

70 244 148 280 παρὰ
162 244 253 280 φύσιν,
267 246 297 272 οὐ
315 245 390 280 παρὰ
407 245 486 280 φύσιν
502 245 535 272 τὰ
558 246 732 281 πραττόμενα
747 247 798 273 ὑπὸ
816 247 863 273 τοῦ

69 285 151 323 Θεοῦ,
173 290 226 318 κᾶν
244 290 384 326 παράδοξα
398 289 427 327 ᾖ,
450 291 467 326 ἣ
485 291 615 318 δοκοῦντὰ
637 300 691 318 τισι
713 292 862 328 παράδοξα.

68 335 103 363 Et
122 336 152 362 δὲ
168 335 221 372 χρὴ
248 335 434 371 βεϐιασμένως
451 336 594 372 ὀνομάσαι,
613 337 739 373 ἐροῦμεν,
764 338 804 365 ὅτι
827 339 864 370 ὡς

69 381 142 418 πρὸς
159 381 209 417 τὴν
222 382 376 417 κοινοτέραν
391 383 539 417 νοουμένην
554 382 634 417 φύσιν
647 383 705 409 ὲστί
716 392 777 410 τινα
793 384 863 420 ὑπὲρ

68 427 122 463 τὴν
137 427 218 462 φύσιν
228 427 247 454 ἃ
260 428 372 463 ποιήσαι
384 427 417 454 ἄν
431 436 496 454 ποτε
515 428 591 461 Θεὸς,
610 428 681 465 ὑπὲρ
693 429 743 464 τὴν
759 429 864 465 ἀνθρω-

69 473 154 510 πίνην
176 473 256 508 φύσιν
280 473 450 506 ἀναϐιϐάζων
473 474 520 500 τὸν
541 473 697 509 ἄνθρωπον,
715 475 762 501 καὶ
779 475 863 501 ποιῶν

68 519 155 546 αὑτὸν
174 520 348 555 μεταόάλλειν
365 519 411 545 ὲπὶ
432 519 511 554 φύσιν
535 519 676 555 κρείττονα
696 519 744 546 καὶ
761 519 862 546 θειοτέ-

71 573 133 601 ραν-
146 566 193 592 καὶ
204 565 295 601 τηρῶν
313 564 444 597 τοιοῦτον,
457 565 518 591 ὅσον
536 565 591 600 (82)
607 565 654 591 καὶ
667 566 682 591 6
696 564 862 600 τηρούμενος

68 611 106 638 δι’
121 608 161 639 ὧν
176 612 291 648 πράττει
307 611 482 646 παρίστησιν,
497 611 538 637 ὅτι
553 611 686 646 βούλεται.

107 700 202 732 ’Λπαξ
216 700 238 726 δ’
258 699 390 731 είπόντες,
408 699 448 726 ὅτι
468 698 544 725 οὐδὲν
567 698 604 734 μὴ
620 698 723 733 πρέπον
743 697 832 733 ἐαυτῷ
847 699 862 726 6

68 745 138 778 Θεὸς
150 744 284 780 βούλεται,
305 743 475 779 ἀναιρετικὸν
488 743 621 778 τυγχάνον
638 741 685 769 τοῦ
698 739 766 769 εῖναι
780 743 862 770 αὑτὸν

67 791 150 824 Θεὸν,
163 792 296 827 φήσομεν,
312 791 363 823 ὅτι,
379 790 426 817 ὲάν
441 799 467 816 τι
483 791 553 817 κατὰ
565 790 615 825 τὴν
633 789 783 826 μοχθηρίαν
798 790 862 816 ἑαυ-

67 838 118 864 τοῦ
131 838 180 866 ἄνθ
186 846 275 873 ρωπος
290 837 415 873 βδελυρὸν
435 836 572 872 βούληται,
586 836 658 863 τοῦτ’
672 836 703 862 οὐ
718 836 860 872 δυνήσεται

918 247 981 274 dum
993 251 1035 274 est
1048 253 1100 272 non
1114 244 1171 271 ticri
1185 249 1278 271 contra
1290 249 1415 271 naturam
1426 265 1434 278 ,
1447 252 1614 280 quaecunque
1629 245 1700 274 Deus

918 292 992 325 facit‘,
1007 291 1065 318 haec
1078 291 1142 317 licet
1157 289 1326 317 incredibilia
1343 289 1398 316 sint
1417 294 1463 317 aut
1478 291 1640 325 quibusdam
1654 291 1697 318 itt-

917 336 1057 364 credibilia
1077 335 1230 367 videanlur,
1245 342 1298 361 non
1313 338 1376 361 sunt
1393 339 1484 363 tamen
1503 341 1597 363 contra
1618 341 1700 363 natu-

918 389 986 409 ram.
1003 379 1079 414 Quod
1094 379 1117 406 si
1143 377 1223 406 verba
1238 386 1333 414 urgere
1348 385 1467 413 oportet,
1493 380 1615 408 dicemus
1630 389 1701 416 quae-

917 426 977 452 dam
991 432 1051 452 esse
1060 430 1141 458 supra
1154 427 1288 454 naturam,
1303 429 1380 457 prout
1393 425 1461 452 hanc
1472 431 1565 452 vocem
1579 425 1702 459 plerique

916 469 1081 503 intelligunt,
1104 474 1164 502 quae
1180 466 1252 494 Deus
1272 467 1381 495 clllcere
1400 469 1487 502 possit
1505 477 1512 495 :
1531 474 1560 496 ut
1574 477 1635 497 cum
1652 471 1698 497 ho-

916 514 1015 542 minem
1031 520 1113 548 supra
1127 518 1253 540 naturam
1269 513 1416 540 humanam
1437 512 1565 547 eﬂ‘erens,
1589 515 1701 548 partici-

915 567 975 594 petn
1000 559 1064 586 facit
1087 558 1207 586 melioris
1230 557 1427 592 diviniorisque
1454 564 1569 592 naturae,
1584 567 1700 595 eumque

916 604 952 631 ita
968 608 1124 636 conservat,
1144 603 1262 638 quanditt
1284 602 1318 635 is,
1338 602 1385 636 qui
1401 607 1588 636 conservatur,
1603 611 1653 638 per
1666 612 1698 633 ea

915 657 975 684 quae
992 649 1069 682 facit,
1081 649 1118 676 ita
1133 656 1163 676 se
1178 648 1246 675 velle
1263 648 1371 683 probat.

949 694 995 721 24.
1009 693 1068 721 Jam
1083 701 1145 720 cttm
1157 692 1375 720 concesserimus
1388 693 1472 720 Deum
1487 693 1553 721 nihil
1573 693 1643 721 velle
1659 695 1700 722 in-

915 740 1043 767 decorum
1059 739 1120 773 sibi,
1140 741 1233 773 utpote
1244 745 1299 772 quo
1310 738 1401 766 divina
1418 746 1469 766 sua
1483 744 1576 766 natura
1593 740 1700 768 tollere-

916 789 970 818 tur,
985 793 1038 812 non
1055 785 1229 818 gravabimur
1247 784 1337 817 fateri,
1356 785 1445 819 siquid
1459 790 1537 820 turpe
1550 785 1631 813 homo
1650 793 1699 820 pro

914 836 963 857 sua
976 830 1111 865 pravitate
1127 828 1253 862 voluerit,
1277 829 1360 856 Deum
1382 829 1409 856 id
1428 829 1518 857 facere
1534 838 1587 858 non
1607 838 1697 866 posse.

68 884 84 910 6
102 883 180 914 Θεὸς.
198 882 276 910 Οὕτω
290 882 318 909 δὲ
334 882 384 909 οὒκ
408 883 491 918 ὲσμεν
507 882 653 916 φιλόνεικοι
666 881 734 917 πρὸς
754 881 790 908 τὰ
809 881 845 908 ὑπ

918 875 969 902 Nec
984 883 1047 903 vero
1063 883 1121 908 nos,
1138 875 1185 910 qtti
1198 874 1321 901 veritatis
1336 882 1428 902 amore
1441 875 1510 902 Celsi
1524 875 1620 910 placita
1637 884 1700 911 pcr-

67 930 177 957 Κέλσου
191 929 323 965 λεγόμενα
332 937 338 944 ·
349 928 417 955 ἀλλὰ
429 927 583 966 φιλαλήθως
595 927 665 955 αὐτὰ
675 927 858 961 ἐξετάζοντες,

68 976 261 1011 συμφήσομεν,
277 975 319 1001 ὃτι
341 974 392 1001 οὐκ
409 973 466 1000 ἔστι
481 973 532 1009 τῆς
555 972 731 1009 πλημμελοῦς
747 973 861 1009 ὀρέξεως

67 1021 131 1048 οὐδὲ
149 1021 199 1056 τῆς
221 1019 432 1055 πεπλανημένης
452 1019 596 1054 ἀκοσμίας,
617 1019 685 1045 ἀλλὰ
705 1019 756 1054 τῆς
777 1019 860 1054 ὀρθῆς

67 1067 118 1092 καὶ
127 1065 234 1097 δικαίας
250 1064 357 1098 φύσεως
370 1064 426 1099 (83)
442 1065 456 1091 6
471 1063 547 1096 Θεὸς,
568 1064 616 1090 ἇτε
632 1064 786 1098 ἀρχηγέτης
799 1071 861 1097 τυγ-

68 1110 161 1145 χάνων
178 1109 282 1140 παντὸς
298 1109 391 1136 καλοῦ.
409 1109 463 1136 Καὶ
477 1109 517 1135 ὅτι
537 1109 626 1144 ψυχῆς
643 1109 752 1136 αἰώνιον
767 1108 860 1144 βιοτὴν

65 1155 181 1181 δύναται
197 1155 358 1189 παρασχεῖν,
381 1153 566 1190 ὁμολογοῦμεν
578 1163 584 1169 ·
603 1155 651 1181 καὶ
669 1155 699 1181 οὐ
719 1154 798 1190 μόνον
814 1154 859 1181 δύ-

65 1205 158 1230 ναται,
177 1196 245 1224 ἀλλὰ
260 1198 308 1224 καὶ
326 1198 450 1233 παρέχει.
471 1198 553 1225 Οὐδὲν
573 1198 602 1224 δὲ
625 1199 741 1233 μάλιστα
760 1199 805 1226 διὰ
823 1199 858 1226 τὰ

65 1241 255 1277 προειρημένα
272 1241 351 1268 λυπεῖ
373 1241 447 1277 ἡμᾶς
471 1241 531 1268 οὐδὲ
552 1241 583 1268 τὸ
603 1241 656 1269 ὑπὸ
679 1242 857 1278 Ἡρακλείτου

65 1287 224 1324 λεγόμενον,
250 1288 318 1323 ὅπερ
337 1287 441 1320 Κέλσος
459 1288 638 1324 παρείληφεν,
660 1289 701 1316 ὅτι
725 1298 734 1315 ι
762 1289 858 1322 νέκυὲς

64 1334 122 1360 εἰσι
142 1334 262 1370 κοπρίων
283 1333 488 1370 ἐκϐλητότεροι·
511 1344 521 1360 ι
539 1334 660 1369 καίτοιγε
677 1334 749 1361 εῐποι
765 1343 807 1367 τις
823 1335 857 1363 ἂν

65 1379 116 1406 καὶ
133 1379 198 1414 περὶ
210 1379 316 1409 τούτου,
328 1379 370 1406 ὅτι
380 1379 414 1405 τὰ
425 1379 475 1414 μὲν
489 1379 592 1414 κόπρια
604 1380 722 1415 ἔκϐλητά
736 1381 820 1412 ἐστιν,
831 1381 856 1407 0i

64 1424 89 1450 δ’
106 1423 138 1457 ἐξ
152 1423 296 1460 ἀνθρώπου
317 1425 411 1456 νέκυες
431 1423 475 1450 διὰ
493 1424 541 1459 τὴν
560 1425 740 1460 ἐνοικήσασαν
756 1425 855 1461 ψυχὴν,

65 1469 117 1496 καὶ
141 1469 258 1497 μάλιστα
272 1470 320 1497 ἐὰν
373 1469 544 1505 ἀστειοτέρα,
559 1471 610 1497 οὐκ
626 1470 759 1505 ὲκΰλητοί.
778 1471 856 1499 Κατὰ

64 1515 124 1550 γὰρ
136 1515 200 1547 τοὺς
213 1512 400 1551 ἀπειοτέρους
413 1514 468 1542 τῶν
483 1515 582 1550 νόμων,
600 1516 668 1551 μετὰ
682 1516 731 1551 τῆς
753 1517 857 1552 ἐνδεχο-

913 920 1066 956 pendimus,
1078 921 1116 948 ita
1125 920 1294 947 contentiosc
1309 919 1367 954 ejus
1382 919 1460 947 dictis
1474 921 1695 956 repugnabimns,

914 971 943 994 ..ι
960 966 996 994 illi
1013 975 1064 994 non
1083 966 1263 994 assentiamur
1277 965 1407 993 asserenti
1424 965 1507 993 Deum
1520 967 1684 995 necvitioso

913 1021 972 1040 rum
987 1012 1181 1040 desideriorum
1196 1020 1247 1040 nec
1260 1012 1633 1045 inordittatarumlibidinum,
1648 1014 1696 1040 sed

913 1059 1129 1094 rectaajnstaeque
1136 1064 1240 1086 natura:
1252 1058 1337 1085 Deum
1350 1065 1422 1090 esse,
1442 1058 1541 1093 quippe
1551 1059 1694 1092 quiomnis

912 1102 1019 1133 honesti
1030 1104 1090 1132 fons
1098 1109 1172 1132 estet
1181 1103 1604 1139 principium.Fatemurquoque
1611 1104 1694 1132 Deum

911 1156 992 1184 posse
1007 1149 1089 1177 vitam
1103 1149 1202 1176 animae
1218 1149 1312 1184 largiri
1325 1149 1529 1184 sempiternam,
1541 1157 1591 1178 nec
1606 1151 1693 1178 solum

911 1202 1000 1229 posse,
1016 1195 1149 1223 sedetiam
1158 1195 1246 1230 reipsa
1253 1194 1359 1230 largiri.
1367 1195 1455 1230 Atque
1464 1202 1496 1222 ex
1506 1195 1614 1231 hisqnte
1622 1197 1694 1224 dicta

911 1245 975 1267 sunt
985 1241 1128 1270 hactenus,
1141 1240 1295 1274 intelligere
1312 1239 1376 1268 licet
1388 1240 1467 1268 nobis
1479 1241 1623 1268 molestum
1638 1249 1693 1269 non

910 1293 971 1314 esse
984 1286 1010 1313 id
1025 1287 1096 1321 quod
1110 1286 1205 1314 Celsus
1217 1285 1311 1320 objicit
1328 1293 1363 1314 ex
1378 1285 1525 1320 Heraclito,
1541 1295 1551 1311 σ
1561 1286 1693 1314 cadavera

909 1330 952 1358 vel
968 1331 1131 1358 stercoribus
1141 1338 1203 1358 esse
1218 1331 1327 1363 viliora;
1346 1339 1356 1356 ι
1372 1337 1525 1365 quanquam
1545 1330 1595 1358 hac
1608 1330 1642 1358 de
1664 1337 1694 1358 re

909 1377 1000 1405 dicere
1015 1377 1076 1411 quis
1089 1380 1178 1412 potest
1191 1376 1255 1403 vilia
1273 1377 1380 1412 quidem
1400 1383 1461 1404 esse
1474 1380 1611 1410 stercora,
1638 1384 1692 1405 non

910 1426 999 1449 autem
1015 1421 1161 1449 humanunt
1175 1421 1304 1454 cadaver,
1324 1421 1396 1456 quod
1421 1421 1512 1448 anima
1526 1421 1648 1454 incoluit,
1664 1426 1694 1450 et

910 1469 1058 1504 praesertim
1089 1467 1112 1495 si
1145 1467 1226 1495 fuerit
1250 1468 1372 1495 studiosa
1397 1467 1515 1495 virtutis.
1546 1467 1602 1495 lloe
1618 1468 1691 1496 enim

910 1513 1045 1548 aequiores
1059 1513 1132 1548 leges
1147 1513 1241 1540 donari
1256 1513 1395 1548 sepultura
1415 1513 1518 1545 volunt,
1540 1513 1621 1547 idque
1642 1513 1692 1542 ho-

67 1560 154 1596 μένης
163 1560 201 1592 ὡς
213 1561 281 1596 πρὸς
288 1561 321 1587 τὰ
328 1560 439 1587 τοιαῦτα
448 1560 531 1596 τιμῆς
542 1561 631 1596 ταφῆς
639 1561 776 1594 ἀξιοῦνται
786 1562 842 1598 (84)

918 1559 1024 1587 toriiico
1037 1560 1090 1587 ritu
1105 1559 1151 1595 qui
1174 1564 1229 1587 tum
1252 1559 1376 1586 adhiberi
1399 1559 1468 1587 solet
1485 1569 1492 1587 :
1511 1567 1546 1587 ne
1565 1560 1691 1588 videlicet

65 1606 111 1632 ἴνα
130 1605 167 1641 μὴ
189 1605 342 1641 ὑϐρίζωμεν
355 1607 388 1641 τῇ
411 1606 524 1641 δυνάμει
537 1606 586 1641 τὴν
605 1607 784 1643 ἐνοικήσασαν
804 1608 855 1643 ψυ-

63 1650 129 1686 χὴν,
151 1650 383 1686 ἀπορριπτοῦντες
408 1651 478 1686 μετὰ
502 1650 533 1677 τὸ
555 1650 672 1683 ἐξελθεῖν
692 1652 799 1687 εκείνην
822 1653 855 1679 τὸ

64 1696 158 1732 σῶμα,
170 1696 209 1728 ὡς
222 1696 269 1722 καὶ
284 1695 318 1722 τὰ
332 1695 387 1722 τῶν
401 1696 507 1732 κτηνῶν
522 1696 643 1732 σώματα.
658 1697 703 1725 Μὴ
718 1696 853 1732 βουλέσθω

61 1739 113 1768 οὖν
135 1741 149 1767 6
165 1741 232 1773 Θεὸς
251 1741 414 1776 παραλόγως
433 1742 540 1768 αἰώνιον
561 1743 697 1777 ἀποφῆναι
718 1743 786 1778 μήτε
807 1743 852 1769 τὸν

60 1785 113 1812 τοῦ
131 1786 204 1812 σίτου
218 1786 328 1818 κόκκον,
343 1786 400 1813 ἀλλ’
418 1786 434 1822 ἢ
454 1786 507 1821 ἄρα
521 1786 576 1822 (85)
589 1787 635 1813 τὸν
649 1787 677 1820 ἐξ
692 1786 774 1813 αὐτοῦ
790 1787 853 1813 στόι-

62 1840 126 1867 χυν,
146 1831 213 1867 μηδὲ
229 1831 260 1858 τὸ
276 1831 453 1867 σπειρόμενον
469 1832 498 1858 ὲν
514 1830 601 1867 φθορᾷ
612 1831 680 1858 ἀλλὰ
693 1831 723 1857 τὸ
737 1831 784 1857 ἀπ’
802 1832 852 1857 αὺ-

59 1876 113 1903 τοῦ
130 1876 302 1912 ἐγειρόμενον
315 1878 344 1904 ὲν
360 1876 507 1912 ἀφθαρσίᾳ.
527 1877 606 1903 Ἀλλὰ
624 1877 671 1903 καὶ
686 1877 700 1903 ὁ
714 1876 768 1903 τῶν
784 1876 852 1902 πάνυ

58 1931 119 1949 των
130 1922 208 1956 λόγος
223 1922 282 1949 ἐστὶ
299 1922 369 1949 κατὰ
387 1922 436 1958 μὲν
450 1922 552 1949 Κέλσον
565 1922 646 1954 αὐτὸς
661 1923 675 1948 6
689 1922 764 1954 Θεὸς,
781 1921 852 1948 κατὰ

57 1966 92 1993 δὲ
107 1966 181 2002 ἡμᾶς
193 1967 208 1993 ὁ
224 1967 288 1999 Υἱὸς
306 1966 404 1994 αὑτοῦ·
425 1967 489 2002 περὶ
505 1963 537 1994 οὗ
551 1966 757 2001 φιλοσοφοῦντες
775 1967 851 2003 λέγο-

61 2021 116 2048 μεν
130 2012 170 2039 τό·
188 2021 198 2038 ι
226 2012 271 2039 Ἐν
284 2012 355 2048 ἀρχῇ
367 2010 400 2048 ἦν
412 2012 426 2039 ό
438 2012 533 2047 Λόγος,
547 2013 594 2039 καὶ
607 2015 620 2040 ὀ
636 2013 721 2048 Λόγος
731 2012 765 2050 ἦν
782 2017 850 2054 πρὸς

56 2059 107 2085 τὸν
130 2058 206 2090 Θεὸν,
228 2059 275 2085 καὶ
299 2058 366 2090 Θεὸς
383 2056 417 2094 ἦν
435 2059 449 2084 6
471 2058 564 2093 Λόγος.
586 2068 594 2084 ι
621 2059 700 2086 Ἀλλὰ
721 2062 768 2088 καὶ
790 2063 849 2090 καθ’

55 2103 135 2137 ἡμᾶς
146 2102 223 2129 οὐδὲν
234 2100 289 2134 οἷός
299 2111 329 2129 τε
342 2103 495 2138 παράλογον
509 2102 570 2130 οὔτε
584 2105 648 2138 παρ’
663 2104 756 2132 ἑαυτὸν
768 2106 849 2141 ἐργά-

56 2147 161 2174 σασθαί
177 2148 252 2174 ἐστιν
267 2149 281 2174 ὁ
297 2148 373 2180 Θεός.

98 2193 213 2228 Ὶδωμεν
232 2193 260 2220 δὲ
281 2194 329 2220 καὶ
343 2193 393 2229 τὴν
411 2193 475 2229 ἐξῆς
493 2194 541 2221 τοῦ
555 2194 658 2222 Κέλσου
668 2195 750 2228 λέξιν,
762 2195 848 2229 οὕτως

52 2237 191 2273 ἔχουσαν·
211 2248 221 2265 ι
247 2239 365 2266 Ἰουδαῖοι
382 2239 432 2274 μὲν
447 2237 504 2273 οὖν,
523 2240 598 2272 ἔθνος
612 2240 676 2267 [διον
698 2241 849 2277 γενόμενοι,

53 2283 106 2311 καὶ
125 2283 198 2311 κατὰ
213 2284 242 2311 τὸ
261 2283 406 2320 ἐπιχώριον
423 2286 523 2321 νόμους
543 2285 661 2321 θέμενοι,
679 2287 726 2313 καὶ
740 2287 852 2319 τούτους

53 2330 85 2356 ἐν
114 2329 208 2364 σφίσιν
232 2329 272 2356 ἔτι
299 2330 347 2357 νῦν
373 2330 602 2366 περιστέλλοντες,
630 2332 677 2358 καὶ
702 2331 851 2368 θρησκείαν

53 2374 155 2400 ὁποίαν
174 2373 217 2410 δὴ,
234 2374 348 2410 πάτριον
365 2375 388 2401 δ’
407 2373 464 2409 οὖν,
482 2375 673 2410 φυλάσσοντες,
694 2377 774 2412 ὅμοια
793 2378 849 2409 τοῖς

51 2419 148 2451 ἄλλοις
171 2419 325 2455 ἀνθρώποις
347 2420 462 2456 δρῶσιν·
486 2421 526 2448 ὅτι
547 2421 656 2448 ἕκαστοι
676 2423 710 2449 τὰ
735 2422 849 2458 πάτρια,

50 2465 136 2492 ὁποῖά
153 2465 214 2491 ποτ’
225 2464 259 2491 ἂν
271 2465 340 2502 τύχῃ
350 2466 536 2501 καθεστηκότα
545 2468 704 2503 περιέπουσι
718 2467 784 2504 (86).
799 2469 849 2495 Ao-

88 2511 114 2527 ⁸¹
130 2510 212 2538 Joan.
239 2519 259 2544 ι,
281 2511 306 2538 l.

87 2555 149 2596 (εξ)
171 2555 319 2596 Τοιοᾷτρν,
332 2557 417 2596 ὅσον.
427 2558 481 2596 _SEc
495 2566 560 2596 mss.
574 2558 642 2596 Quid
655 2561 677 2596 si
692 2559 840 2596 scribatur,

47 2591 198 2630 103061ov,_
207 2591 249 2626 ἐφ’
270 2591 331 2630 ὅσον
354 2593 402 2630 καί
421 2594 436 2619 6
458 2591 642 2630 τηρούμενοςῖ
659 2595 736 2622 Lihb.
758 2591 842 2627 editi,

48 2625 167 2657 τοῦτον,
181 2625 256 2665 βσον.
279 2625 339 2654 Mox
364 2628 446 2655 iidem
468 2625 500 2656 iti'
513 2625 650 2663 margine,
670 2625 841 2665 περιίστησιν

48 2668 100 2696 pro
115 2661 292 2697 παρίστησιν.

85 2696 148 2734 (85)
168 2696 247 2734 Libb.
268 2696 348 2734 editi_,
368 2697 483 2733 φύσεως.
500 2698 584 2726 Codd.
603 2699 703 2734 Regius
723 2704 750 2726 et
766 2699 840 2726 Basi-

48 2731 165 2766 leettsis,
181 2731 309 2766 κρίσεως.
328 2731 412 2761 Paulo
427 2739 487 2766 post
509 2735 588 2760 iidem
605 2731 669 2760 libb.
682 2734 764 2766 editi,
784 2734 839 2761 Kal.

49 2742 165 2764 ieettsts,
181 2742 309 2766 κρισεως.
329 2742 412 2761 ratuo
444 2742 487 2760 ost
509 2742 588 2760 nucm
605 2742 669 2760 uno.
682 2742 764 2766 eant,
784 2742 836 2761 nat

47 2765 115 2804 ᾀλλο
132 2774 160 2791 τι
182 2766 281 2804 ψυχῆς.
297 2767 404 2795 αἰώνιον
421 2742 513 2803 [ξιοτὴν
532 2768 676 2804 δύνασθαι,
695 2770 740 2795 sed
751 2770 836 2804 rcodrd.

50 2801 155 2838 liegius
167 2807 195 2827 et
211 2802 383 2838 Dasileettsis,
397 2801 452 2829 Kal.
467 2801 507 2829 ὃτι
519 2803 607 2838 ψυχῆς
622 2803 730 2831 αἰώνιον
746 2803 836 2838 βιοτὴν

47 2835 179 2873 δύναται,
191 2836 234 2873 ulti
254 2843 301 2873 pro
316 2836 414 2872 ψυχῆς,
435 2835 539 2864 mallem
557 2835 640 2873 item.

85 2870 114 2904 (8
122 2870 145 2905 ι)
173 2870 343 2902 Ἀξιοῖυ·ται.
355 2870 442 2899 Ἄιδι-ιε
458 2874 535 2900 codd.
551 2870 648 2907 lit-gitis
662 2877 687 2900 el
703 2872 835 2900 Basilectt-

907 1606 1055 1632 humanum
1069 1612 1180 1638 corpus,
1202 1608 1340 1632 utetetera
1361 1605 1522 1638 bestiarum,
1546 1605 1690 1641 projicien-

907 1654 959 1684 tes,
974 1650 1092 1677 animam
1108 1656 1123 1677 e
1134 1657 1248 1685 corpore
1262 1657 1400 1686 egressam
1417 1655 1545 1685 quantum
1561 1652 1587 1678 in
1611 1651 1690 1680 nobis

905 1701 948 1724 est
967 1696 1114 1723 alliciamus
1126 1696 1301 1723 contumelia.
1328 1695 1370 1722 Sit
1386 1697 1467 1730 igitur
1481 1697 1627 1724 absurdum
1642 1697 1679 1725 int

906 1741 1098 1768 mortalitatem
1114 1748 1128 1768 a
1144 1741 1199 1769 Deo
1225 1741 1282 1769 dari
1305 1749 1391 1776 grano
1406 1741 1501 1774 tritici,
1517 1746 1564 1769 aut
1579 1743 1617 1769 rei
1629 1750 1689 1777 quae

905 1788 1055 1814 seminatur
1071 1787 1096 1814 in
1114 1788 1289 1822 corruptione
1300 1788 1365 1822 ;sed
1379 1787 1481 1822 spicam
1493 1795 1525 1815 ex
1540 1795 1624 1821 grano
1639 1796 1689 1816 na-

907 1837 960 1860 tam
979 1840 1025 1860 seu
1041 1833 1066 1860 id
1084 1834 1155 1868 quod
1169 1834 1255 1868 surgit
1267 1834 1293 1860 in
1307 1833 1519 1868 incorruptione,
1537 1834 1690 1861 immortale

905 1878 965 1906 ﬁeri
983 1886 1035 1906 non
1053 1883 1095 1906 est
1107 1879 1265 1906 absurdum.
1284 1878 1415 1913 Denique,
1433 1878 1515 1914 596
1533 1878 1555 1906 si
1579 1878 1687 1906 Celsum

905 1924 1011 1958 audias,
1026 1924 1096 1952 Deus
1109 1925 1167 1960 ipse
1180 1932 1272 1953 rerum
1291 1926 1411 1953 omniutu
1429 1926 1497 1952 ratio
1510 1929 1568 1957 est;
1590 1924 1636 1951 sed
1652 1931 1686 1951 ex

903 1970 992 2002 nobis,
1011 1969 1070 2003 ejus
1084 1975 1127 1997 est
1142 1970 1246 2004 Filius;
1265 1972 1298 1999 de
1312 1978 1368 2005 quo
1381 1970 1603 2006 philosophantes
1614 1969 1685 1997 dici-

903 2022 964 2043 mus
980 2024 987 2042 :
1003 2024 1013 2041 ι
1031 2014 1061 2042 1η
1078 2015 1213 2051 principio
1226 2020 1284 2044 erat
1296 2016 1432 2048 Verbum,
1454 2020 1482 2042 ct
1496 2014 1613 2042 Verbum
1628 2009 1686 2041 erat

903 2059 972 2095 apud
990 2060 1085 2094 Deum,
1107 2064 1136 2088 et
1150 2061 1222 2088 Deus
1244 2066 1303 2088 erat
1319 2060 1436 2088 Verbum
1451 2060 1484 2087 ³¹.
1505 2069 1515 2087 ι
1534 2059 1586 2087 Sed
1600 2063 1628 2087 et
1644 2058 1686 2087 fa-

904 2110 992 2133 tentur
1006 2106 1090 2133 Deum
1117 2105 1184 2133 nihil
1209 2110 1304 2134 contra
1328 2107 1472 2138 rationem,
1499 2105 1566 2133 nihil
1589 2109 1685 2133 contra

901 2151 1019 2186 seipsum
1036 2159 1115 2186 posse
1128 2152 1228 2179 facere.

937 2196 982 2224 25.
995 2196 1054 2224 Jam
1069 2197 1210 2225 videamus
1224 2204 1285 2232 quae
1305 2202 1457 2232 sequuntur
1471 2197 1542 2232 apud
1563 2196 1683 2225 Celsum.

901 2241 949 2271 Sic
971 2243 1039 2270 ille:
1058 2251 1068 2269 ι
1091 2242 1158 2270 Cum
1185 2242 1266 2278 igitur
1293 2241 1378 2270 Jndzei
1406 2242 1535 2277 peculiari
1564 2242 1681 2277 quadam

899 2293 979 2323 gente
1002 2289 1148 2316 constituta
1161 2287 1231 2317 latas
1247 2295 1296 2323 pro
1317 2295 1367 2315 suo
1389 2287 1498 2321 ingenio
1513 2287 1586 2322 leges
1599 2288 1681 2315 etiatu

899 2341 971 2361 nunc
992 2334 1152 2367 observant,
1169 2337 1196 2361 et
1212 2333 1369 2368 religionem
1395 2340 1455 2368 qua:
1479 2334 1676 2368 qualiscunque

897 2379 943 2411 sit,
960 2380 1046 2413 patria
1063 2385 1103 2407 est
1119 2385 1221 2412 tamen,
1236 2383 1416 2409 conservant;
1447 2377 1549 2404 faciunt
1565 2378 1680 2412 perinde

898 2431 931 2451 ac
944 2425 1036 2452 cit-teri
1050 2425 1183 2460 homines,
1199 2425 1245 2460 qui
1264 2424 1351 2459 patria
1368 2423 1491 2450 instituta
1517 2428 1679 2458 sequuntur,

898 2469 1098 2506 qualiacunque
1111 2471 1176 2500 sint.
1189 2472 1276 2506 Atque
1291 2471 1327 2497 ita
1350 2469 1408 2497 fieri
1424 2468 1594 2496 conducibile
1608 2469 1682 2496 vide-

895 2561 944 2592 sis,
957 2560 1072 2588 refertur
1094 2561 1167 2588 enim
1189 2561 1222 2588 ad
1242 2561 1376 2594 superius,
1398 2560 1423 2586 οὶ
1441 2559 1463 2586 δ’
1478 2558 1510 2591 ἐξ
1530 2556 1675 2593 ἀνθρώπου

894 2595 999 2633 νέκρες.
1106 2596 1181 2633 editi,
1193 2595 1325 2633 ἀξιοῦται.
1383 2630 1392 2633 _
1405 2629 1421 2633 η
1434 2630 1439 2633 _
1617 2627 1632 2633 η

929 2631 986 2665 (85)
1013 2631 1088 2657 Ἀλλ’
1104 2630 1123 2664 ἣ
1142 2629 1207 2664 ἄρα.
1233 2632 1279 2658 Sic
1301 2637 1365 2658 mss.
1382 2629 1459 2657 Libb.
1483 2633 1572 2656 autem
1591 2628 1672 2662 editi,

892 2664 948 2692 ἀλλ’
964 2666 988 2691 εί
1004 2665 1068 2692 ἄρα.

942 2665 948 2675 ¹
964 2666 988 2691 εί
1004 2665 1068 2691 ἄρα.

928 2673 988 2735 ίὸἕί
1004 2673 1210 2735 ᾔῗέέειιοῐῑμεςι
1226 2699 1388 2732 Speucerus,
1404 2700 1457 2735 ὅπη
1475 2698 1533 2725 ποτ’
1545 2698 1578 2725 ἂν
1590 2697 1672 2735 τύχῃ,

891 2733 1061 2766 περιέπουσι,
1074 2734 1120 2761 sed
1137 2733 1281 2761 Philocalia
1294 2740 1324 2761 ut
1339 2735 1364 2762 in
1382 2733 1473 2762 nostro
1489 2738 1573 2761 textu.
1589 2733 1673 2760 Paulo

892 2768 962 2797 iner
980 2770 1073 2797 eadem
1089 2768 1244 2799 Philocalia,
1261 2769 1307 2794 καὶ
1318 2769 1358 2795 δεῖ
1373 2769 1526 2803 φυλάττειν.
1543 2768 1672 2795 Htesclte-

891 2805 942 2832 lius
961 2809 989 2831 et
1013 2805 1176 2838 Spencerus,
1199 2803 1246 2830 καὶ
1261 2803 1315 2829 δεῖν
1333 2804 1484 2838 φυλάττειν.
1503 2804 1536 2832 Et
1560 2811 1622 2831 mox
1644 2804 1670 2830 itt

890 2840 1024 2874 margine,
1034 2837 1101 2865 ἀλλὰ
1117 2837 1164 2865 κα)⁵
1181 2838 1254 2869 ὅπως
1267 2837 1351 2870 stari:
