1877 3100
220 125 289 154 1219

934 124 1096 156 ORIGENIS

1781 125 1840 154 19.9.0

217 189 262 212 tur
278 192 284 210 :
300 186 355 210 tum
371 181 435 218 quia
457 181 517 210 aliae
539 181 600 210 aliis
615 181 690 218 leges
707 182 735 211 in
753 186 873 210 mentem
890 191 990 212 venere

1088 184 1098 210 ῖ
1111 182 1134 209 δ’
1144 182 1215 210 οὕτω
1229 183 1277 209 καὶ
1293 182 1453 218 συμφέρειν,
1468 183 1499 210 οὺ
1516 182 1598 219 μόνον
1613 181 1711 209 καθότι
1728 182 1774 209 ἐπὶ
1792 183 1841 210 δοῦν

218 234 245 258 et
254 228 356 257 servari
374 232 482 262 oportet
497 236 529 256 ea
545 235 606 263 qme
628 228 735 264 publice
751 230 901 256 constituta
917 235 1002 264 sunt;

216 279 274 303 tum
284 266 355 309 quod
366 273 506 309 probabile
517 278 558 302 est
566 273 689 301 diversas
698 277 776 301 terra:
787 279 879 309 partes
889 266 1004 302 diversis

216 321 406 357 poteStatibus,
422 319 502 355 quasi
519 319 651 355 quasdam
668 320 863 354 praefecturas,
877 320 1004 349 commis<

217 373 261 394 sas
275 366 309 393 ab
335 365 425 398 initio,
449 364 544 392 eodem
569 372 642 392 nunc
657 365 736 392 modo
754 365 952 393 administrari.
968 365 1004 393 Et

216 415 290 438 recte
303 417 364 438 cum
376 409 490 445 singulis
505 409 605 443 agitat,
621 417 681 437 cum
695 415 828 444 reguntur
841 417 872 437 ea
886 410 1003 443 ratione,

215 463 276 485 aute
293 456 346 483 illis
357 455 538 490 potestatibus
553 455 660 490 placet;
677 463 729 484 nec
745 456 786 483 fas
798 460 839 483 est
855 457 1004 484 dissolvere

216 510 276 538 quae
290 510 338 537 pro
352 502 409 529 suis
425 508 537 535 quaeque
554 501 621 529 locis
642 502 696 536 jam
713 507 769 529 tum
781 503 815 530 ab
828 502 906 530 initio
924 503 1004 530 insti-

218 553 273 576 tuta
286 552 359 575 sunt.
375 558 386 574 ι
408 546 457 574 llic
468 546 562 574 Celsus
576 547 679 575 indicat
693 547 802 587 Iudaeos
818 549 852 576 ab
869 548 1004 584 Egyptiis

216 593 346 621 oriundos
359 593 523 628 peculiarem
540 598 632 629 postea
646 594 819 622 constituisse
830 599 948 629 gentem,
965 594 1004 623 lc-

217 646 265 674 ges
285 639 392 672 tulisse,
404 646 505 675 easque
525 639 684 667 observare.
706 639 805 675 Atque,
827 645 857 667 ut
871 647 905 668 ne
921 641 1004 669 verba

217 685 276 719 ejus
293 686 433 718 iteremus,
447 685 584 719 signiﬁcat
595 693 610 713 e
627 692 657 713 re
671 685 770 720 fuisse,
785 690 815 712 ut
827 686 944 720 patriam
961 693 1005 714 re-

216 730 343 766 ligionem
360 735 515 763 tuerentur,
539 730 766 765 quemadmodum
780 736 885 759 caetera:
909 735 1003 766 gentes

216 776 327 811 propria
342 784 391 803 sua
405 776 528 804 instituta
548 777 674 804 retinent.
689 777 759 810 Quin
782 781 809 804 et
824 777 1004 810 arcaniorem,

217 829 266 849 cur
286 821 312 848 id
327 821 394 848 utile
410 821 511 854 fuerit,
531 829 641 849 causam
658 821 750 855 aﬂ'ert,
773 830 835 849 cum
853 822 1006 849 subindicat

1054 226 1136 263 ἦλθεν
1151 227 1241 259 ἄλλοις
1255 227 1342 260 ἄλλως
1356 227 1477 263 νομίσαι,
1490 229 1537 255 καὶ
1554 228 1597 255 δεῖ
1612 228 1759 262 φυλάττειν
1770 228 1802 255 τὰ
1819 229 1841 260 ἐς

1055 273 1143 300 κοινὸν
1159 273 1347 308 κεκυρωμένα,
1364 273 1432 300 ἀλλὰ
1449 273 1496 300 καὶ
1507 273 1559 305 eu,
1570 273 1610 305 ὡς
1628 273 1714 305 εἰκὸς,
1731 273 1766 299 τὰ
1779 274 1841 309 μέρη

1053 318 1102 354 τῆς
1118 318 1169 353 γῆς
1181 317 1211 349 ἐξ
1225 318 1313 353 ἀρχῆς
1327 318 1394 345 ἄλλα
1406 319 1496 350 ἄλλοις
1515 319 1651 350 ἐπόπταις
1665 319 1840 354 νενεμημένα,

1054 363 1102 390 καὶ
1116 363 1187 390 κατά
1203 372 1277 395 τινας
1292 363 1468 399 ἐπικρατείας
1487 364 1685 399 διειλημμένα,
1701 364 1787 400 ταύτῃ
1802 366 1841 391 καὶ

1053 409 1204 435 διοικεῖται.
1220 409 1275 435 Kal
1291 408 1322 444 δὴ
1336 408 1371 436 τὰ
1387 410 1452 444 παρ’
1464 409 1591 440 ἑκάστοις
1605 409 1697 444 ὀρθῶς
1715 409 1749 436 ἂν
1764 409 1841 444 πράτ-

1053 461 1125 480 τοιτο
1138 453 1224 489 ταύτῃ
1239 453 1377 488 δρώμενα,
1393 453 1446 489 ὅπη
1460 454 1576 485 ἐκείνοις
1589 453 1681 487 φίλον·
1703 455 1839 489 παραλύειν

1053 498 1082 525 δὲ
1095 498 1142 533 οὐχ
1159 498 1232 525 ὅσιον
1250 496 1319 525 εἶναι
1342 498 1377 525 τὰ
1404 498 1434 530 ἐξ
1455 499 1543 534 ἀρχῆς
1562 500 1634 525 κατὰ
1658 499 1758 531 τόπους
1777 508 1839 526 vste-

1056 543 1193 578 μισμένα·
1215 552 1224 568 ι
1247 544 1276 570 ἐν
1287 543 1392 575 τούτοις
1407 543 1439 578 δὴ
1458 544 1472 569 ὁ
1489 543 1594 576 Κέλσος
1611 544 1753 579 ἐμφαίνει,
1773 545 1839 571 atto!

1054 588 1138 615 πάλαι
1154 588 1298 623 Αἰγύπτιοι
1314 589 1433 616 Ἰουδαῖοι
1445 589 1558 625 ὕστερον
1568 590 1644 622 ἔθνος
1655 591 1781 625 ἐγένοντο
1791 592 1839 627 (Si)

1055 633 1130 666 ἴδιον,
1154 634 1201 661 καὶ
1222 635 1321 669 νόμους
1341 635 1467 670 θέμενοι,
1490 636 1604 668 τούτους
1630 637 1839 671 περιστέλλουσι.

1054 680 1110 706 Καὶ
1125 680 1168 707 ἵνα
1190 679 1227 716 μὴ
1242 680 1455 716 ἐπαναλάὸωμεν
1470 681 1520 712 τὰς
1531 681 1697 716 ἐκκειμένας
1717 682 1765 708 τοῦ
1780 683 1841 708 Kei—

1055 731 1102 749 σου
1124 723 1222 756 λέξεις,
1240 724 1307 759 φησὶ
1321 724 1368 750 καὶ
1387 724 1536 760 συμφέρειν
1554 725 1609 760 (88)
1624 725 1731 757 τούτοις
1750 725 1784 752 τὰ
1797 727 1841 752 πᾶ.-

1054 776 1119 803 τρισ.
1139 767 1310 804 θρησκεύειν,
1331 769 1431 804 ὁμοίως
1452 771 1508 801 τοῖς
1526 769 1618 802 ἄλλοις
1639 770 1734 797 ἔθνεσι
1746 770 1781 797 τὰ
1795 772 1839 798 ἴδια

1056 815 1230 849 περιέπουσι.
1244 815 1300 841 Καὶ
1316 815 1466 851 βαθυτέραν
1481 817 1543 843 τινὰ
1558 817 1698 844 ἐκτὲθεται
1723 818 1787 853 περὶ
1801 818 1837 844 τιῡ

217 873 276 898 eos,
293 865 394 900 quibus
410 866 508 893 sortito
521 865 620 900 obtigit
634 866 799 900 quibusdam
818 870 899 893 terra;
917 865 993 901 partit

1093 860 1206 895 μφέρειν
1233 860 1368 893 Ἰουδαίοις
1392 861 1534 896 περιέπειν
1559 861 1594 888 τὰ
1615 862 1723 898 πάτρια
1751 863 1837 893 αἰτίαν,

217 913 268 940 bus
282 919 415 946 prmesse,
435 919 512 940 suam
527 913 562 939 ad
576 911 734 940 condendas
749 911 823 946 leges
841 919 951 947 operam
967 912 1006 940 le-

216 957 392 993 gislatoribus
407 957 611 985 commodasse.
637 957 739 985 Statuit
750 957 832 992 igitur
849 955 1005 985 Iudaeorum

216 1003 320 1037 regioni
332 1003 459 1038 gentique
475 1003 548 1030 illam
565 1002 694 1030 incolenti
711 1000 829 1038 aliquem
837 1008 885 1030 aut
900 1003 1006 1038 aliquos

217 1049 386 1084 invigilasse,
404 1057 459 1084 quo
477 1049 518 1076 vel
531 1050 628 1084 quibus
650 1049 840 1077 collaborante
861 1050 903 1077 vel
922 1050 1006 1078 co!la-

216 1091 375 1121 borantibus
393 1093 478 1128 Moysi
494 1093 568 1129 leges
582 1093 704 1122 Judaicae
717 1095 830 1123 sancite
845 1099 921 1123 sunt.
974 1114 977 1117 -

254 1234 300 1262 26.
318 1243 328 1261 ι
345 1234 435 1271 Atque
449 1239 566 1274 oportet,
583 1235 681 1272 inquit,
706 1244 818 1265 servare
843 1237 928 1274 leges,
949 1243 1003 1266 tum

218 1281 280 1315 quia
295 1280 363 1308 alias
374 1281 436 1309 aliis
451 1282 622 1310 constituere
640 1282 714 1318 leges
730 1283 842 1318 placuit,
858 1289 886 1311 et
899 1285 1004 1311 servari

216 1331 325 1360 oportet
337 1334 368 1354 ea
386 1335 446 1362 qua:
469 1327 578 1362 publice
595 1329 742 1356 constituta
767 1333 851 1363 sunt;
869 1334 924 1356 tum
942 1330 1004 1365 quia

217 1371 364 1407 probabile
393 1377 437 1400 est
460 1373 581 1400 diversas
593 1377 675 1400 terra:
686 1379 778 1408 partes
794 1374 909 1402 diversis
927 1380 1004 1409 pote-

217 1418 344 1453 statibus,
352 1418 433 1453 quasi
446 1419 578 1453 quasdam
592 1419 783 1454 praefecturas,
799 1422 959 1449 commissas
971 1420 1005 1449 ab

217 1464 306 1497 initio,
331 1464 428 1492 eodem
455 1472 528 1492 nunc
551 1464 632 1492 modo
656 1465 854 1493 administrari.
877 1476 887 1493 ι
902 1467 1004 1496 Deinde

216 1511 313 1538 Celsus
323 1511 400 1545 quasi
410 1517 504 1538 eorum
519 1510 686 1546 oblitusque:
699 1517 794 1540 contra
804 1512 911 1541 Iudaeos
924 1514 1004 1547 dixit,
1018 1531 1039 1560 ο

217 1563 289 1582 nunc
308 1555 382 1589 ipsos
397 1555 516 1590 generali
528 1555 618 1590 laude,
631 1564 713 1592 quam
728 1558 880 1593 patriorum
893 1558 1004 1587 institu-

218 1605 306 1627 torum
319 1601 499 1629 retinentibus
512 1601 644 1637 impertit,
655 1602 856 1638 complectitur,
869 1611 931 1632 cum
943 1605 981 1632 ait
995 1614 1002 1633 :

220 1654 230 1671 ι
249 1645 382 1672 Praeclare
397 1653 458 1673 cum
474 1647 592 1679 singulis
606 1648 711 1682 agitur,
723 1649 746 1676 si
765 1654 897 1684 reguntur
911 1657 942 1677 ea
960 1658 1003 1677 ra-

217 1690 303 1723 tione,
314 1698 374 1726 que:
385 1692 564 1726 potestatibus
577 1691 630 1720 illis
641 1692 740 1727 placet.
756 1702 766 1720 ι
777 1694 816 1722 Ac
830 1694 890 1722 vide
902 1702 1001 1729 annon,

216 1740 348 1771 quantum
364 1736 390 1764 in
406 1743 435 1764 se
446 1742 500 1770 est,
518 1737 641 1765 Judaeum
664 1739 731 1769 velit
746 1739 775 1767 in
789 1747 900 1768 suarum
915 1740 1003 1777 legum

215 1782 411 1811 observatione
427 1790 619 1818 perseverare,
638 1786 717 1820 quasi
741 1785 854 1820 impium
879 1786 1002 1815 futurum

215 1825 288 1853 si‘ab
304 1826 358 1854 illis
371 1827 542 1856 abscederet.
559 1828 603 1855 Ait
617 1830 690 1857 enini
708 1839 716 1858 :
732 1839 741 1856 ι
759 1829 816 1858 Nec
833 1831 875 1860 fas
889 1836 932 1859 est
947 1833 1003 1859 dis-

216 1873 322 1900 solvere
333 1881 392 1908 quue
405 1882 455 1909 pro
466 1875 524 1903 suis
535 1883 650 1911 quaeque
664 1876 731 1904 locis
741 1876 798 1912 jam
811 1882 866 1904 tum
878 1878 912 1906 ab
926 1877 1003 1906 initio

216 1917 297 1953 597
309 1918 433 1947 instituta
446 1925 521 1948 sunt.
535 1930 545 1946 ι
562 1921 613 1949 Hic
623 1921 698 1949 illum
711 1921 864 1958 eademque
877 1931 938 1950 cum
956 1923 1003 1951 illo

216 1965 365 1993 sentientes
389 1965 614 2001 iuterrogaverim
630 1967 726 1995 lubens
740 1976 748 1995 :
765 1969 862 2003 ecquis
877 1969 923 1997 ille
940 1969 1002 2003 fuit,

215 2010 261 2045 qui
276 2014 356 2038 terra:
368 2016 461 2045 partes
475 2013 508 2039 ab
525 2012 603 2040 initio
615 2013 684 2041 alias
699 2013 760 2042 aliis
773 2014 945 2042 distribuerit
957 2015 1001 2043 in-

215 2056 515 2092 spectoribus?Ecquis
531 2056 686 2085 Judazorum
698 2059 835 2093 regionem
850 2064 878 2088 et
893 2059 1002 2088 Iudaeos

215 2099 288 2135 ipsos
304 2102 444 2129 commisit
461 2102 500 2129 illi
527 2101 572 2129 vel
595 2102 649 2130 illis
677 2103 839 2138 praesidibus
856 2104 903 2139 qui
928 2104 1000 2132 illam

215 2147 305 2174 sortiti
319 2146 400 2174 sunt?
416 2146 584 2182 AnJupiter,
606 2153 635 2176 ut
649 2148 726 2184 loqui
743 2154 817 2177 amat
831 2149 937 2183 Celsus,
956 2150 1002 2177 .lu-

1056 905 1253 940 αίνισσόμενος,
1274 906 1315 932 ὅτι
1331 907 1393 938 τοὺς
1415 907 1538 934 ἑκάστων
1554 907 1656 942 νόμους
1674 908 1702 934 οἱ
1722 908 1839 943 λαχόντες

1056 950 1173 977 ἐπόπται
1193 949 1262 978 εἶναι
1283 952 1332 987 τῆς
1352 952 1403 987 γῆς
1417 952 1470 979 τῶν
1486 952 1739 988 νομοθετουμένων,
1756 962 1841 990 συνερ-

1055 996 1166 1030 γοῦντες
1179 998 1235 1030 τοῖς
1250 997 1408 1032 νομοθέταις
1422 997 1477 1033 (89)
1496 998 1596 1025 ἔθεντο.
1616 999 1729 1026 Ἔοικεν
1746 997 1790 1026 οὖν
1802 1000 1843 1035 δη-

1055 1042 1128 1074 λοῦν,
1145 1043 1186 1069 ὅτι
1206 1043 1253 1070 καὶ
1268 1042 1317 1078 τὴν
1339 1042 1472 1070 Ἰουδαίων
1486 1043 1578 1080 χώραν
1594 1044 1642 1070 καὶ
1657 1044 1688 1071 τὸ
1706 1045 1750 1071 ἐπ’
1767 1045 1843 1079 air-.2;

1056 1086 1131 1119 ἔθνος
1145 1087 1290 1114 ἐποπτεύει
1303 1096 1345 1120 τις
1360 1089 1377 1123 ἥ
1391 1096 1472 1120 τινες,
1489 1086 1534 1123 ὕφ’
1549 1085 1579 1115 οὗ
1592 1089 1609 1124 ἢ
1626 1089 1672 1123 ὑφ’
1689 1086 1729 1117 ὧν
1742 1091 1766 1116 οί
1787 1091 1841 1117 Ἰου-

1055 1131 1137 1159 δαίων
1160 1132 1236 1168 νόμοι
1260 1132 1453 1168 συνεργοῦντος
1474 1133 1492 1168 ἢ
1516 1134 1725 1170 συνεργούντων
1740 1135 1842 1162 Metium

1055 1177 1197 1213 ἐτέθησαν.

1093 1243 1102 1260 ι
1122 1234 1176 1261 Καὶ
1195 1234 1258 1270 χρὴ,
1284 1234 1360 1271 φησὶ,
1377 1235 1440 1267 τοὺς
1458 1235 1558 1271 νόμους
1580 1236 1696 1272 τηρεῐν,
1715 1237 1749 1263 οὗ
1773 1237 1844 1272 μόνον

1055 1280 1149 1308 καθότι
1164 1282 1210 1308 ἐπὶ
1226 1281 1288 1308 νοῦν
1302 1279 1382 1317 ἦλθεν
1398 1281 1487 1313 ἄλλοις
1501 1281 1589 1314 ἄλλως
1602 1283 1729 1317 νομίσαι,
1747 1283 1794 1310 καὶ
1809 1284 1845 1309 ὃτι

1054 1326 1096 1353 δεῖ
1115 1326 1261 1361 φυλάσσειν
1279 1326 1314 1353 τὰ
1333 1327 1363 1358 ἐς
1384 1326 1473 1354 κοινὸν
1495 1329 1690 1363 κεκυρωμένα,
1711 1328 1781 1355 ἀλλὰ
1805 1329 1845 1355 καὶ

1055 1372 1106 1404 ὅτι,
1122 1372 1160 1404 ὡς
1183 1372 1266 1405 εἰκὸς,
1286 1372 1321 1399 τὰ
1338 1373 1407 1409 μέρη
1426 1373 1477 1408 τῆς
1492 1373 1544 1408 γῆς
1563 1374 1594 1407 ἐξ
1610 1375 1701 1410 ἀρχῆς
1717 1375 1785 1402 ἅλλα
1803 1375 1843 1402 ἆλ-

1054 1416 1111 1449 λοις
1126 1417 1257 1450 ἐπόπταις
1272 1419 1458 1454 νενεμημένα,
1476 1419 1524 1445 καὶ
1545 1420 1617 1446 κατά
1632 1429 1712 1452 τινας
1734 1421 1843 1456 ἐπικρι-

1055 1463 1130 1494 τείας
1149 1463 1345 1499 διειλημμένα,
1360 1463 1446 1499 ταύτῃ
1460 1465 1508 1491 καὶ
1518 1464 1670 1492 διοικεῖται.
1691 1475 1702 1491 ι
1718 1465 1788 1498 Εἶθ’,
1799 1466 1846 1492 ὡσ-

1056 1508 1133 1544 περεὶ
1143 1508 1335 1544 ἐπιλαθόμενος
1346 1509 1360 1536 ό
1371 1509 1473 1541 Κέλσος
1487 1506 1525 1536 ὦν
1535 1507 1596 1537 εἶπε
1609 1511 1682 1538 κατὰ
1705 1511 1844 1542 Ἰουδαίων,

1056 1553 1103 1580 νῦν
1120 1554 1148 1580 ἐν
1161 1554 1201 1589 τῷ
1216 1554 1351 1589 καθολικῷ
1366 1555 1430 1590 περὶ
1446 1554 1555 1582 πάντων
1569 1555 1624 1582 τῶν
1640 1555 1678 1582 τὰ
1691 1557 1798 1592 πάτρια
1808 1565 1847 1591 τη-

1057 1599 1175 1636 ρούντων
1198 1600 1301 1636 ἐπαίνῳ
1320 1601 1369 1627 καὶ
1389 1601 1502 1633 τούτους
1524 1602 1728 1638 περιλαμϐάνει
1750 1604 1845 1637 λέγων·

1059 1654 1068 1670 ι
1099 1645 1154 1671 Καὶ
1180 1644 1212 1680 δὴ
1238 1644 1272 1671 τὰ
1298 1645 1362 1681 παρ’
1392 1646 1517 1678 ἑκάστοις
1536 1647 1624 1682 ὀρθῶς
1648 1648 1683 1674 ἂν
1706 1649 1847 1683 πράττοιτο

1055 1689 1141 1726 ταύτῃ
1157 1689 1293 1725 δρώμενα,
1310 1690 1363 1726 ὅπη
1375 1691 1494 1723 ἐκείνοις
1510 1683 1596 1726 φίλονξ
1615 1701 1624 1717 ι
1641 1692 1700 1719 Καὶ
1711 1694 1766 1729 ὅρα.
1780 1694 1802 1720 εξ
1815 1694 1845 1728 μὴ

1055 1735 1196 1772 ἄντικρυς,
1214 1736 1245 1762 τὺ
1261 1737 1323 1763 ὅσον
1341 1737 1383 1771 ἐφ’
1401 1737 1499 1772 ἐαυτῷ,
1523 1738 1570 1764 τὸν
1596 1737 1730 1766 Ἰουδαῖον
1747 1741 1777 1766 ἐν
1799 1742 1844 1770 τοῖς

1057 1782 1131 1814 ἰδίοις
1154 1782 1246 1818 νόμοις
1272 1781 1394 1817 βούλεται
1419 1782 1528 1818 βιοῦντα
1550 1783 1586 1818 μὴ
1610 1783 1784 1818 ἀφίστασθαι
1806 1786 1843 1812 αὖ·

1055 1828 1108 1855 τῶν
1126 1828 1191 1864 (90),
1206 1828 1244 1860 ὡς
1260 1829 1309 1864 οὺχ
1324 1828 1397 1855 ὅσιον
1416 1829 1580 1863 πράττοντα,
1596 1829 1645 1856 ἐὰν
1662 1829 1777 1867 ἀποστῇ
1787 1840 1794 1847 ι
1810 1832 1845 1858 λέ-

1055 1882 1099 1908 γει
1117 1874 1181 1910 γὰρ,
1197 1874 1238 1901 ὅτι
1256 1884 1265 1900 ι
1289 1873 1438 1910 παραλύειν
1462 1875 1511 1909 οὺχ
1530 1875 1603 1901 ὅσιον
1620 1872 1694 1903 εἶναι
1712 1876 1748 1903 τὰ
1763 1877 1793 1909 ἐξ
1807 1878 1847 1912 ἁρ-

1055 1920 1105 1956 χῆς
1120 1919 1191 1946 κατὰ
1204 1919 1301 1951 τόπους
1313 1919 1503 1955 νενομισμένα.
1524 1929 1534 1946 ι
1557 1920 1732 1958 Ἐϐουλόμην
1744 1923 1773 1949 δὲ
1788 1923 1847 1958 :95;

1054 1966 1141 1992 ταῦτα
1156 1964 1239 1993 αὑτοῦ
1255 1965 1273 2000 ἦ
1289 1965 1345 1992 τῶν
1360 1966 1586 2001 συμφρονούντων
1602 1967 1681 2002 αὐτῷ
1708 1969 1847 1999 πυθέσθαι,

1054 2011 1096 2043 τίς
1108 2012 1161 2047 ἄρα
1175 2011 1218 2047 εἴη
1231 2011 1246 2038 ὁ
1261 2011 1295 2038 τὰ
1313 2011 1383 2047 μέρη
1397 2011 1447 2046 τῆς
1460 2011 1511 2047 γῆς
1524 2011 1554 2044 ἐξ
1566 2012 1658 2048 ἀρχῆς
1675 2014 1749 2041 ἄλλα
1767 2015 1847 2044 ωλοις

1055 2057 1186 2089 ἐπόπταις
1201 2057 1356 2092 διανείμας;
1372 2057 1427 2083 Καὶ
1443 2057 1562 2092 δηλονότι
1578 2058 1635 2094 (91)
1648 2059 1702 2094 τὴν
1720 2061 1846 2087 Ἰουδαὲων

1054 2103 1146 2139 χώραν
1162 2103 1209 2130 καὶ
1223 2103 1286 2134 τοὺς
1306 2102 1447 2135 Ἰουδαίους
1463 2103 1501 2138 τῷ
1516 2103 1627 2138 λαχόντι
1645 2106 1663 2140 ἢ
1681 2107 1743 2137 τοῖς
1758 2106 1845 2141 λαχοῦ-

1055 2157 1096 2175 σιν
1118 2149 1219 2184 αὑτήν;
1237 2146 1310 2183 Ἀρα
1329 2149 1393 2184 γὰρ,
1410 2148 1447 2181 ὡς
1463 2149 1596 2184 ὀνομάσαι
1612 2150 1648 2177 ἂν
1667 2152 1684 2178 ὁ
1706 2152 1845 2183 Κέλσκνὸ

216 2192 335 2219 diuorum
351 2196 459 2227 gentem
484 2193 679 2230 regionemque
698 2194 806 2222 cuidam
824 2199 871 2221 aut
889 2195 993 2229 quibus-

1091 2195 1121 2226 ὺς
1135 2194 1188 2221 τίνι
1201 2195 1218 2230 ἢ
1235 2195 1290 2221 τίσι
1307 2194 1422 2229 διένειμε
1437 2194 1468 2221 τὸ
1492 2195 1627 2222 Ἰουδαίων
1645 2196 1729 2229 ἔθνος
1744 2198 1792 2223 καὶ

215 2237 277 2265 dam
294 2238 419 2271 credidit,
433 2238 571 2274 voluitque
590 2244 630 2272 ut,
646 2239 690 2268 cui
708 2240 875 2274 obtingeret,
893 2241 916 2268 is
932 2241 1001 2269 tales

214 2282 315 2311 Judazis
337 2282 409 2318 leges
432 2284 602 2319 imponeret?
619 2285 661 2312 An
679 2285 705 2312 id
721 2285 821 2312 factum
844 2289 886 2312 est
900 2291 1000 2320 prmter

213 2329 288 2358 Jovis
302 2330 487 2358 voluntatem?
515 2330 655 2359 Utrumvis
675 2331 846 2365 respondeat,
860 2332 936 2359 vides
950 2340 1000 2359 an-

215 2375 319 2410 gustias
326 2382 396 2403 esse.
407 2375 464 2404 Nisi
474 2381 564 2403 autem
575 2377 608 2404 ab
618 2383 670 2404 uno
679 2376 806 2411 quopiam
818 2381 909 2411 partes
921 2381 1001 2404 terra

214 2421 374 2455 pnesidibus
399 2423 551 2450 distributae
564 2421 684 2455 fuerint,
710 2429 774 2457 ergo
787 2422 884 2458 singuli
899 2423 1000 2458 quique

215 2467 326 2495 fortuito
339 2473 366 2496 et
381 2469 439 2495 sine
447 2468 594 2503 superioris
609 2473 677 2495 nutu
693 2472 793 2495 terram
810 2468 902 2503 partiti
916 2474 998 2496 sunt:

249 2591 304 2626 (87)
324 2588 585 2623 Ριιίἰοο.,ἐγένοντο.
604 2589 773 2617 llocscl.clius
789 2594 815 2616 et
834 2589 996 2624 Speneerus,

213 2626 359 2652 ἐγίγνοντο.

229 2634 495 2696 Ygiae;l(l)t.1:scltelitts
514 2660 541 2688 iu
558 2665 643 2692 textu,
664 2659 826 2695 θρησκεύειν
845 2658 950 2690 τούτοις
964 2658 999 2685 τὰ

213 2695 316 2734 πάτριε
328 2695 469 2734 ςτψμφέρει-
582 2730 586 2734 .
679 2730 695 2734 _
735 2729 741 2734 .
941 2729 985 2734 η..

251 2729 316 2764 ;89)'
327 2730 396 2756 Idem
413 2729 439 2756 i'u
458 2734 541 2760 textu.
559 2730 662 2765 νόμοις.
679 2729 761 2756 Paulo
775 2733 837 2763 post
854 2734 927 2765 recte
939 2729 998 2755 Plii-

215 2764 308 2791 localia
319 2785 325 2795 ,
340 2764 370 2789 τὺ
385 2764 427 2790 ἐπ’
442 2765 527 2799 αὑτῆς
547 2764 631 2795 ἔθνος.
651 2765 820 2791 Hmschelius
835 2769 860 2790 cl
879 2764 998 2797 Spem-c-

216 2805 272 2832 rus,
288 2799 318 2824 τὸ
344 2799 385 2824 ἐπ’
403 2799 493 2829 αὐτοῖς
513 2799 596 2831 ἔθνος.
623 2800 705 2826 Paulo
735 2799 805 2826 infra
831 2799 996 2832 l’ltilocalia,

215 2831 318 2866 Μωῦσῇ
332 2833 471 2868 ἐτέθησαν.

1052 2240 1144 2276 χώραν
1155 2239 1259 2272 αὑτῶν;
1272 2241 1318 2267 καὶ
1331 2240 1455 2267 ἐϐούλετο
1465 2240 1511 2267 τὸν
1522 2240 1641 2276 λαχόντα
1652 2242 1706 2278 τὴν
1725 2243 1846 2269 Ἰουδαεαν

1052 2285 1190 2317 τοιούτους
1207 2285 1300 2312 θέσθαι
1323 2286 1353 2312 ἐν
1374 2286 1510 2317 Ἰουδαίοις
1532 2287 1654 2321 νόμους;
1676 2288 1696 2323 ἢ
1725 2288 1800 2324 παρὰ
1822 2287 1845 2312 τέ

1054 2331 1177 2366 βούλημα
1188 2331 1270 2357 αὐτοῦ
1284 2330 1363 2357 τοῦτο
1378 2331 1432 2367 (92)
1448 2331 1611 2366 γεγένηται;
1634 2332 1682 2364 Ὦς
1698 2332 1723 2359 δ’
1741 2333 1775 2360 ἂν
1788 2333 1844 2358 in

1053 2376 1187 2412 κρίνηται,
1202 2376 1279 2411 ὁρᾷς,
1296 2376 1336 2402 ὄτι
1352 2377 1366 2402 ὁ
1380 2375 1457 2410 λόγος
1476 2376 1766 2412 στενοχωρηθὴσεται.
1784 2377 1812 2402 Εἰ

1056 2423 1094 2458 μὴ
1105 2422 1158 2448 ἀπό
1168 2430 1240 2453 τινος
1252 2421 1310 2453 ἐνὸς
1325 2421 1514 2456 διανενέμηται
1528 2420 1562 2446 τὰ
1576 2421 1652 2457 μέρη
1666 2422 1720 2456 τῆς
1736 2422 1788 2457 γῆς
1799 2422 1842 2451 ἐἰς

1053 2469 1185 2500 ἐπόπταις
1197 2468 1295 2501 αὐτῶν,
1312 2468 1366 2504 ἄρα
1381 2467 1435 2510 (95)
1451 2467 1691 2502 ἁποκληρωτικῶς
1709 2469 1757 2495 καὶ
1773 2467 1842 2504 χωρὶς

1086 2589 1142 2624 (90)
1162 2587 1278 2616 Αὔτων.
1299 2586 1382 2624 [lecte
1403 2585 1578 2624 ‘I‘liilocalia;
1599 2587 1780 2616 llmsehelius
1801 2596 1841 2614 au-

1051 2622 1104 2651 tem
1118 2622 1144 2651 ct
1161 2624 1328 2657 Speucerus,
1344 2622 1434 2648 αὐτόν.
1452 2622 1534 2658 i’aulo
1550 2629 1613 2658 post
1624 2643 1632 2656 ,
1651 2632 1703 2658 pro
1719 2625 1768 2658 οὐχ
1781 2625 1840 2651 ὅπου

1050 2658 1129 2690 εἶναι,
1147 2660 1289 2692 legendum
1307 2658 1422 2689 videtur,
1436 2657 1484 2691 οὐχ
1499 2657 1571 2682 ὅσιόν
1588 2658 1662 2685 ἐστι.

1086 2695 1143 2729 \Ul)
1165 2692 1375 2729 lltnselieliuset
1391 2692 1559 2729 Speucerus,
1570 2692 1656 2727 δῆλον
1671 2694 1728 2720 ὅτι.

1087 2727 1288 2764 (92)]ἰιὶιοιλ⁷
1306 2727 1396 2753 τοῦτο.
1423 2727 1598 2755 stchelius
1618 2733 1650 2755 et
1684 2729 1838 2764 Spenceius,

1051 2765 1081 2791 τὸ
1097 2763 1226 2790 τοιοῦτον.

1090 2799 1144 2835 (95)
1166 2798 1331 2826 lloesclwlius
1347 2797 1373 2824 in
1388 2801 1473 2828 textu,
1485 2796 1604 2828 ἑαυτῶν,
1621 2795 1691 2833 ἆρα.
